3928 6322
487 280 596 342 287

1849 281 2118 342 EUSEBII
2154 281 2536 342 lllEllONYMl

3671 284 3769 346 238

489 399 634 456 Deus
655 417 674 456 :
705 399 772 456 Et
802 408 1046 456 corruent
1071 397 1350 472 fulcientes
1371 397 1687 474 ngyptum,
1719 407 1768 454 et
1798 399 2091 456 destruetur
2113 401 2168 466 Α
2192 399 2308 458 ecce
2343 401 2528 456 veniet.
2561 399 2694 456 Haec
2731 399 2856 456 dicit
2887 399 3144 456 Dominus
3175 397 3344 456 Deus.
3385 399 3453 458 Et
3491 402 3768 474 disperdam

492 493 734 562 superbia
773 493 981 566 imperii
1021 495 1158 566 ejus,
1203 509 1236 546 a
1277 501 1418 548 turre
1465 491 1660 564 Syenes
1705 489 1818 566 [AL
1873 491 2090 566 Soenes]

493 583 670 656 gladio
715 583 900 638 cadent
945 583 1002 638 in
1054 601 1135 650 ea,
1165 585 1240 638 ait
1267 583 1524 640 Dominus
1571 593 1598 623 ἰ
1637 585 1970 640 exercituum.
2017 583 2090 640 Et

493 677 887 748 dissipabuntur
913 679 968 734 in
995 679 1164 734 medio
1193 690 1448 734 terrarum
1471 678 1846 746 desolatarum,
1869 689 1918 736 et
1944 679 2092 736 urbes

491 771 604 844 ejus
635 773 688 826 in
717 771 888 828 medio
937 771 1206 828 ciuitatum
1251 773 1568 828 desertarum
1615 783 1784 830 erunt.
1823 773 1892 828 Et
1929 775 2092 830 scient

491 867 734 938 quoniam
760 885 854 940 ego
879 863 1160 936 Dominus,
1189 883 1310 920 cum
1339 865 1528 922 dedero
1553 867 1724 940 ignem
1749 869 1804 922 in
1831 866 2090 940 ngypto,

493 969 542 1014 et
581 959 746 1012 attriti
797 959 988 1030 fuerint
1029 975 1204 1014 omnes
1246 959 1580 1015 auxiliatores
1615 963 1752 1034 ejus.
1785 957 1854 1014 In
1883 961 1966 1014 die
1997 959 2094 1016 illa

491 1051 820 1126 egredientur
861 1053 1032 1108 nuntii
1053 1071 1086 1106 a
1117 1053 1250 1126 facie
1293 1069 1410 1108 mea
1435 1053 1488 1109 in
1520 1053 1760 1110 trieribns
1799 1055 1868 1108 ad
1913 1065 2090 1110 conte-

491 1145 708 1200 rendam
737 1143 1029 1220 EthiOpia:
1055 1145 1448 1216 conﬁdentiam,
1477 1157 1526 1202 et
1551 1147 1650 1202 erit
1675 1163 1834 1218 pauor
1861 1147 1916 1200 in
1941 1147 2012 1200 eis
2039 1147 2092 1202 in

497 1238 581 1292 die
615 1237 858 1310 Egypti,
890 1237 1012 1308 quia
1043 1239 1234 1310 absque
1265 1237 1420 1292 dubio
1447 1239 1632 1294 ueniet.
1664 1237 1716 1292 Η
1725 1255 1797 1294 αξε
1823 1237 1946 1294 dicit
1981 1237 2092 1292 Do-

499 1331 669 1382 minus
697 1327 840 1384 Deus
864 1345 884 1384 :
915 1327 984 1382 Et
1011 1346 1211 1384 cessare
1235 1331 1428 1400 faciam
1457 1329 1844 1384 multitudinem
1875 1329 2096 1404 .IEgypti

494 1419 552 1474 in
595 1436 754 1474 manu
805 1419 1292 1476 Nabuchodonosor
1329 1421 1466 1495 regis
1501 1417 1784 1492 Babylonis
1825 1437 1845 1476 :
1891 1421 2000 1492 ipse
2047 1431 2094 1476 et

499 1513 721 1586 papulas
747 1519 858 1590 ejus
887 1531 1005 1570 cum
1034 1531 1094 1570 eo
1122 1515 1394 1588 fortissimi
1417 1517 1650 1592 gentium
1679 1515 2005 1571 adducentur
2027 1517 2096 1570 ad

499 1607 905 1680 disperdendam
955 1619 1164 1664 terram.
1221 1609 1292 1662 Et
1343 1611 1686 1682 evaginabunt
1729 1609 1932 1680 gladios
1975 1626 2096 1664 suos

495 1719 658 1774 super
687 1701 1002 1777 rEgyptum,
1046 1715 1094 1758 et
1133 1703 1418 1774 implebunt
1467 1713 1659 1758 terram
1691 1703 1992 1774 interfectis.
2027 1701 2094 1756 Et

2191 495 2578 550 multitudinem
2623 493 3000 568 .Egyptiorum
3045 511 3138 566 per
3181 511 3395 550 manum
3439 495 3776 554 Nabuchodo-

2191 603 2349 640 nosor
2389 587 2526 660 regis
2553 585 2838 658 Babylonis
2869 589 3052 660 ipsius.
3083 595 3132 642 et
3155 589 3340 662 populi
3381 590 3493 660 ejus
3535 607 3648 644 cum
3683 607 3770 664 eo,

2191 681 2486 754 pestilentes
2509 683 2598 753 qui
2633 682 2696 736 de
2729 682 2964 756 gentibus
3013 681 3153 736 missi
3197 693 3316 738 sunt
3357 683 3428 738 ad
3477 685 3776 754 perdendam

2193 785 2404 832 terram.
2453 776 2522 830 Et
2575 777 2914 848 imaginabunt
2967 793 3140 832 omnes
3199 778 3408 852 gladios
3461 797 3580 836 suos
3637 799 3778 856 super

2197 869 2512 940 gyptum,
2538 879 2586 924 et
2617 869 2902 944 replebitur
2925 879 3064 926 terra
3093 871 3502 928 vulneratorum.
3551 871 3619 928 Et
3657 875 3778 930 dabo

2191 965 2381 1034 ﬂuuios
2415 981 2594 1018 eorum
2641 965 2905 1032 desertos,
2953 973 3000 1020 et
3047 963 3252 1018 tradam
3299 975 3492 1018 terram
3537 965 3592 1020 in
3635 983 3776 1022 manu

2193 1059 2556 1130 pessimorum,
2576 1069 2624 1114 et
2647 1059 2948 1132 disperdam
2977 1069 3188 1124 terram,
3213 1067 3262 1112 et
3287 1059 3658 1130 plenitudinem
3677 1065 3780 1136 ejus

2195 1153 2248 1206 in
2275 1153 2516 1208 manibus
2541 1151 2990 1226 alienigenarum:
3023 1169 3118 1224 ego
3143 1151 3410 1208 Dominus
3437 1155 3634 1208 locutus
3653 1173 3775 1210 sunt.

2199 1243 2336 1310 Quia
2363 1243 2472 1298 hate
2501 1243 2630 1298 dicit
2653 1243 2910 1298 Dominus
2935 1242 3078 1298 Deus
3115 1261 3131 1298 :
3159 1241 3228 1298 Et
3263 1245 3482 1316 perdam
3527 1247 3782 1303 abomina-

2197 1339 2391 1404 tiones,
2423 1349 2471 1392 et
2511 1339 2726 1408 deficere
2751 1339 2942 1410 faciam
2971 1337 3244 1404 optimates
3295 1341 3358 1392 de
3403 1337 3694 1408 Memphis,
3733 1349 3780 1396 et

2197 1429 2454 1500 principes
2481 1429 2545 1484 de
2567 1439 2706 1484 terra
2731 1427 2974 1502 /Egypti,
2999 1437 3047 1484 et
3073 1445 3178 1484 non
3197 1439 3350 1486 erunt
3379 1428 3540 1486 ultra.
3575 1428 3638 1484 Et
3659 1431 3778 1486 dabo

2199 1531 2446 1576 terrorem
2481 1521 2536 1576 iu
2573 1531 2710 1576 terra
2743 1520 2982 1594 .Egypti,
3025 1531 3072 1574 et
3119 1521 3420 1592 disperdam
3453 1533 3633 1578 terram
3651 1521 3782 1580 Pha-

2197 1623 2354 1678 tures,
2385 1623 2434 1668 et
2463 1615 2594 1668 dabo
2627 1615 2798 1686 ignem
2829 1631 2985 1684 super
3013 1613 3312 1686 Taphnimj,
3343 1625 3392 1670 et
3437 1615 3622 1680 faciam
3643 1615 3780 1672 ultio-

2198 1723 2314 1762 nem
2359 1707 2412 1760 in
2459 1704 2721 1780 Diospoli,
2771 1716 2820 1760 et
2853 1707 3124 1776 effundam
3167 1709 3398 1778 furorem
3441 1725 3608 1762 meum
3645 1725 3780 1780 super

499 1797 696 1870 faciant
723 1797 898 1852 alveos
935 1797 1214 1868 fluminum
1257 1797 1452 1863 aridos,
1485 1805 1534 1851 et
1573 1797 1776 1850 tradam
1821 1803 2008 1850 terram
2043 1795 2096 1850 in
2125 1801 2174 1862 Β
2203 1801 2332 1856 Sain
2359 1843 2376 1868 ,
2439 1801 2599 1856 robur
2649 1800 2910 1874 ίΕρυριί,
2965 1811 3010 1856 et
3063 1803 3372 1874 dispar-dam
3423 1803 3778 1860 ntultitudiuem

497 1907 656 1944 manu
677 1891 1048 1963 pessimorum,
1069 1899 1118 1944 et
1143 1889 1406 1962 dissipabo
1433 1899 1620 1944 terram
1650 1897 1697 1944 et
1723 1889 2094 1962 plenitudinem

495 1985 608 2056 ejus
635 1983 690 2038 in
717 2000 876 2038 manu
914 1982 1248 2038 alienorum:
1279 1999 1372 2057 ego
1417 1983 1670 2038 Dominus
1713 1983 1915 2038 locutus
1955 1997 2092 2036 sum.

501 2077 630 2134 Htec
656 2079 780 2134 dicit
809 2079 1062 2134 Dominus
1089 2077 1232 2134 Deus
1253 2097 1272 2134 :
1303 2079 1372 2134 Et
1399 2079 1694 2154 disperdam
1717 2077 2022 2146 simulacra,
2047 2089 2094 2132 et

496 2189 700 2228 cessare
747 2173 940 2247 faciam
973 2173 1120 2230 idola
1169 2175 1234 2228 de
1281 2175 1563 2246 Memphis,
1601 2185 1650 2230 et
1687 2173 1793 2228 dua:
1819 2171 1930 2228 1tiu
1959 2183 2096 2228 terra

501 2267 721 2340 .digypti
747 2285 851 2322 non
885 2269 986 2324 erit
1023 2267 1268 2340 amplius,
1313 2277 1364 2324 et
1396 2267 1528 2324 dabo
1573 2275 1819 2322 terrorem
1861 2267 1916 2322 in
1961 2275 2096 2320 terra

503 2363 742 2438 lEgypti.
771 2361 842 2418 Et
863 2363 1160 2434 disperdam
1183 2371 1370 2418 terram
1395 2363 1670 2430 Phatures,
1699 2371 1746 2416 et
1771 2361 1903 2416 dabo
1925 2361 2098 2433 ignem

497 2459 553 2512 iu
581 2455 836 2526 Taphnis.
868 2467 919 2512 et
945 2457 1138 2529 faciam
1157 2457 1366 2528 judicia
1393 2457 1450 2512 in
1477 2455 1820 2522 Alexandria,
1857 2467 1902 2510 et
1929 2453 2098 2524 effun-

501 2551 619 2608 dam
633 2553 1036 2626 indignationem
1051 2569 1214 2608 meam
1231 2569 1388 2624 super
1401 2549 1674 2607 Pelusium
1685 2553 1840 2607 robur
1855 2551 2092 2624 Egypti,

500 2657 548 2704 ct
565 2649 875 2720 interﬁciam
897 2649 1282 2704 multitudinem
1300 2649 1658 2716 Alexandria,
1683 2657 1734 2704 et
1763 2647 1898 2702 dabo
1923 2650 2096 2718 ignem

495 2743 550 2796 in
594 2739 849 2816 lEgypto.
904 2741 1065 2808 Quasi
1109 2743 1402 2814 parturiens
1453 2741 1646 2796 dolebit
1699 2739 1994 2808 Pelusium,
2049 2752 2099 2796 et

501 2835 816 2892 Alexandria
871 2837 968 2892 erit
1016 2835 1294 2906 dissipata,
1343 2847 1390 2890 et
1439 2837 1492 2892 in
1533 2835 1790 2909 Memphis
1845 2837 2098 2910 angustia:

499 2929 834 3002 quotidianus.
869 2927 1092 2984 Iuvenes
1123 2929 1462 3001 HeliOpoleos
1492 2941 1536 2984 et
1589 2927 1802 2984 Bubasti
1829 2929 1942 3002 [AL
1987 2927 2096 2984 Bu-

495 3021 654 3096 gasti]
681 3021 860 3096 gladio
889 3023 1100 3088 cadent,
1127 3031 1174 3078 et
1197 3023 1324 3096 ipsa:
1349 3023 1565 3096 captiva:
1605 3023 1884 3078 ducentur.
1931 3019 2000 3076 Et
2041 3023 2096 3076 in

500 3115 728 3188 Taphnis
781 3115 1036 3188 nigrescet
1091 3115 1226 3184 dies,
1279 3133 1396 3170 cum
1447 3115 1738 3168 contrivero
1781 3113 1851 3168 ibi
1897 3125 2094 3184 sceptra

2201 1893 2258 1948 Μ
2265 1891 2524 1966 empheos.
2551 1893 2622 1948 Et
2639 1894 2772 1950 dabo
2797 1897 2968 1968 ignem
2987 1913 3146 1970 super
3167 1895 3488 1968 .lz‘gyptum,
3513 1907 3560 1952 et
3585 1907 3780 1952 contur-

2201 1988 2402 2042 batione
2431 1987 2820 2042 conturbabitur
2841 1987 2984 2056 Sais,
3005 1997 3050 2042 et
3077 1989 3132 2042 in
3153 1986 3401 2060 Diospoli
3429 1989 3524 2042 erit
3553 1989 3778 2054 scissura,

2197 2091 2248 2137 et
2268 2081 2632 2150 diffundentur
2655 2097 2822 2152 aquae.
2857 2081 3084 2136 Juveues
3119 2079 3466 2150 Heliopoleos
3503 2091 3550 2134 et
3587 2079 3780 2134 Bubasti

2197 2177 2376 2250 gladio
2427 2175 2644 2244 cadent,
2695 2185 2746 2230 et
2792 2173 3036 2230 mulieres
3083 2175 3308 2246 captiva:
3347 2175 3616 2242 ducentur,
3663 2175 3780 2230 etin

2203 2271 2434 2340 Taphnis
2469 2271 2780 2326 tenebrescet
2810 2269 2920 2324 dies
2939 2311 2956 2338 ,
2985 2269 3198 2340 quando
3223 2269 3398 2342 356
3425 2270 3698 2324 contrivero
3719 2269 3778 2322 ibi

2197 2373 2396 2436 sceptra
2441 2361 2684 2436 -Egypti,
2721 2373 2768 2418 et
2791 2363 2984 2434 peribit
3009 2363 3084 2416 ibi
3113 2361 3441 2418 contumelia
3485 2363 3776 2434 fortitudinis

2201 2461 2335 2530 ejus,
2363 2465 2412 2511 et
2447 2457 2618 2524 ipsam
2643 2455 2800 2510 nubes
2829 2455 3022 2528 aperiet
3043 2497 3058 2520 ,
3087 2465 3134 2510 et
3157 2453 3294 2524 ﬁlia:
3317 2457 3429 2528 ejus
3453 2455 3707 2518 ducentur,
3733 2463 3772 2508 et

2199 2555 2393 2628 faciam
2413 2554 2622 2628 judicia
2655 2559 2710 2608 in
2739 2553 2996 2626 zEgypto,
3025 2561 3076 2608 et
3099 2553 3260 2608 scient
3297 2551 3544 2624 quoniam
3573 2565 3660 2622 ego
3677 2563 3770 2602 sum

2201 2647 2474 2702 Dominus.
2503 2647 2634 2702 Post
2653 2645 2972 2702 vicesimum
2999 2655 3054 2700 et
3073 2645 3382 2716 septimum
3403 2659 3598 2702 annum
3619 2641 3763 2712 capti-

2201 2739 2382 2794 vitatis
2413 2739 2556 2810 regis
2575 2737 2814 2804 Joacim,
2853 2737 3150 2794 revertitur
3177 2737 3246 2792 ad
3271 2752 3524 2809 praesens
3553 2745 3760 2804 tempus,

2199 2833 2416 2906 quando
2441 2841 2630 2888 contra
2655 2831 2946 2904 .‘Egyptum
2973 2839 3212 2902 cmperat
3235 2831 3598 2904 prophetare,
3615 2829 3660 2884 id
3681 2835 3764 2892 est,

2199 2927 2268 2980 ad
2287 2941 2486 2980 annum
2510 2925 2806 2992 decimum,
2829 2935 2880 2980 et
2908 2923 3182 2980 decimum
3207 2938 3480 2992 mensem,
3515 2921 3764 2978 undecima

2199 3019 2408 3074 mensis
2431 3017 2545 3084 die,
2593 3027 2652 3074 et
2695 3017 2828 3072 dicit
2859 3015 2966 3072 sibi
2998 3028 3342 3088 praeceptum
3377 3033 3408 3072 a
3439 3017 3676 3082 Domino,
3721 3023 3766 3066 ut

2201 3111 2452 3182 loquatur
2472 3109 2540 3164 ad
2565 3125 2758 3164 omnes
2781 3109 3060 3178 nationes,
3089 3117 3146 3166 et
3167 3125 3296 3164 cum
3321 3108 3570 3164 omnibus
3587 3105 3766 3178 specia-

501 3207 745 3280 ngypti,
760 3217 810 3262 et
829 3207 1073 3280 defecerit
1099 3211 1152 3262 in
1183 3225 1242 3264 ea
1259 3208 1498 3280 superbia
1518 3209 1762 3278 potentiae
1777 3207 2098 3282 eius:355
2125 3199 2172 3264 C
2201 3203 2330 3260 liter
2377 3203 2446 3259 ad
2493 3203 2812 3276 Egyptum.
2855 3203 2987 3270 Quae
3037 3211 3164 3258 sunt
3207 3217 3346 3274 ergo
3377 3217 3494 3272 quae
3525 3195 3766 3272 loquitur?

497 3303 664 3374 ipsum
703 3299 860 3355 nubes
904 3303 1116 3374 aperiet,
1161 3301 1286 3372 ﬁlim
1329 3313 1500 3358 autem
1527 3305 1639 3376 ejus
1665 3303 1716 3357 in
1745 3303 2096 3374 captivitatem

497 3391 771 3448 ducentur.
801 3389 872 3446 Et
901 3393 1094 3466 faciam
1111 3394 1322 3466 judicia
1345 3393 1399 3448 in
1425 3392 1680 3466 [Egypto,
1715 3403 1764 3448 et
1795 3395 1954 3448 scient
1977 3395 2096 3464 quia

497 3505 592 3560 ego
623 3485 898 3542 Dominus.
939 3486 1121 3544 LXX:
1155 3485 1223 3544 Et
1253 3493 1422 3561 factus
1469 3497 1544 3544 est
1593 3505 1759 3544 sermo
1789 3487 2004 3543 Domini
2029 3491 2094 3544 ad

499 3597 600 3648 me,
647 3581 824 3636 dicens
863 3597 884 3636 :
924 3579 1036 3636 Fili
1065 3581 1312 3646 hominis,
1345 3579 1653 3650 uaticinare,
1703 3591 1750 3636 et
1793 3583 1874 3636 dic
1905 3599 1924 3636 :
1967 3581 2097 3638 Ila'c

499 3675 624 3728 dicit
653 3675 858 3728 Λαονιαὶ
885 3673 1144 3730 Dominus
1185 3691 1202 3728 :
1239 3675 1284 3729 Ο
1313 3693 1343 3730 ο
1384 3677 1496 3730 dies
1517 3693 1536 3730 :
1567 3677 1814 3746 quoniam
1835 3679 1994 3748 juxta
2023 3685 2098 3730 est

499 3773 630 3838 dies,
663 3781 710 3828 et
751 3773 902 3840 juxta
951 3773 1034 3826 ria
1079 3769 1337 3826 Domini:
1369 3773 1481 3826 dies
1511 3771 1686 3838 nubis,
1719 3771 1838 3842 finis
1867 3771 2098 3846 gentium

501 3865 620 3920 erit.
658 3863 722 3920 Et
751 3867 916 3918 reniet
949 3863 1156 3936 gladius
1183 3881 1336 3936 super
1360 3863 1664 3938 .Jfgyptios,
1691 3873 1740 3918 et
1767 3867 1864 3920 erit
1891 3874 2100 3918 contur-

503 3961 642 4014 batio
667 3961 722 4014 in
749 3957 1046 4032 ίΕιΙιίορὶα.
1083 3959 1152 4014 Et
1193 3959 1378 4014 cadent
1399 3959 1658 4014 uulnerati
1681 3963 1740 4014 in
1767 3959 2018 4032 /Egypto,
2053 3971 2100 4014 et

497 4055 731 4126 auferent
757 4053 1145 4108 multitudinem
1175 4055 1310 4125 ejus,
1327 4065 1376 4108 et
1393 4053 1732 4108 concidantur
1761 4055 2100 4124 fundamenta

501 4149 664 4202 illius.
697 4147 896 4216 Perseu,
920 4157 966 4202 et
997 4145 1284 4216 Cretenses,
1315 4157 1362 4202 et
1383 4147 1542 4218 Lydi,
1573 4157 1622 4203 et
1637 4147 1822 4222 Libyes
1851 4160 1900 4202 et
1927 4165 2100 4204 omnes

499 4241 786 4310 commixti,
827 4251 874 4296 et
917 4241 982 4294 de
1011 4241 1136 4312 ﬁliis
1171 4239 1484 4296 Testamenti
1527 4241 1628 4296 mei
1665 4241 1846 4314 gladio
1891 4245 2096 4298 cadent.

509 4337 633 4392 llaec
655 4337 782 4392 dicit
811 4335 1016 4390 Adonai
1049 4335 1322 4392 Dominus.
1349 4333 1418 4390 Et
1447 4337 1721 4392 concident
1745 4337 2102 4394 sustentacula

501 4429 574 4484 .15
579 4431 745 4502 gypti,
777 4439 826 4486 et
854 4429 1162 4484 descendent
1203 4431 1516 4486 contumelia
1559 4431 1888 4502 fortitudinis
1925 4435 2038 4504 ejus
2069 4450 2102 4486 α

506 4521 754 4594 Magdalo
783 4539 946 4594 usque
985 4523 1054 4578 ad
1095 4523 1319 4594 Syenen:
1358 4523 1538 4595 gladio
1587 4525 1772 4578 cadent
1799 4525 1856 4580 in
1885 4543 1944 4580 ea
1973 4527 2100 4580 dicit

505 4615 712 4670 Adonai
741 4613 1016 4672 Dominus.
1069 4615 1133 4670 Et
1181 4617 1500 4672 desolabitur
1541 4619 1599 4672 in
1631 4617 1801 4672 medio
1828 4619 2100 4692 regionum

501 4708 870 4774 desolatarum,
905 4717 954 4762 et
981 4708 1212 4764 civitates
1241 4713 1353 4781 ejus
1379 4709 1434 4764 in
1471 4707 1642 4764 medio
1681 4709 1888 4765 urbium
1925 4712 2100 4768 deser-

503 4813 674 4858 tarum
705 4811 875 4870 erunt,
913 4809 958 4854 et
1005 4801 1172 4856 scient
1215 4803 1460 4872 quoniam
1503 4817 1597 4874 ego
1647 4819 1761 4858 sum
1805 4801 2094 4875 Dominus,

501 4897 708 4970 quando
740 4893 932 4950 dedero
957 4895 1136 4966 ignem
1164 4911 1318 4968 super
1343 4893 1655 4968 ngyptum,
1679 4905 1726 4950 et
1753 4897 1958 4952 contriti
1985 4899 2096 4970 fue-

501 4995 605 5048 rint
633 5007 808 5046 omnes
835 4991 926 5061 qui
949 4989 1276 5044 auxiliantur
1317 4991 1386 5045 ei.
1433 4988 1500 5044 In
1541 4992 1624 5046 die
1651 4989 1746 5044 illa
1775 4991 2098 5064 egredientur

503 5085 672 5140 nuntii
700 5101 731 5138 a
761 5083 896 5152 facie
935 5099 1072 5148 mea,
1119 5081 1423 5154 festinantes
1473 5083 1773 5154 disperdere
1808 5081 2098 5156 xEthiOpite

501 5195 664 5252 spem,
708 5189 756 5234 et
806 5177 904 5232 erit
943 5175 1263 5232 conturbatio
1295 5177 1350 5231 in
1377 5178 1451 5232 eis
1481 5177 1533 5231 in
1565 5177 1648 5232 die
1681 5175 1928 5250 .Egypti,
1973 5179 2097 5248 quia

577 5391 604 5420 ι
634 5377 1012 5450 νίοιοιικυειιε
1041 5391 1139 5448 pro
1169 5378 1489 5450 exercituum
1523 5377 1678 5450 legit,
1721 5393 1790 5450 ex
1827 5377 2096 5442 Hebrteo,

505 5463 626 5516 rem
657 5461 801 5515 ﬁrm.
847 5449 970 5522 Ipsa
1013 5447 1196 5522 autem
1227 5447 1540 5522 Hieronymi
1582 5447 1773 5506 'versio
1811 5457 2098 5518 utrumque

509 5525 736 5598 praefert
763 5521 908 5598 Deus
939 5521 1280 5598 exercituum.

579 5597 608 5636 ιι
635 5597 808 5682 Idem.
853 5595 922 5682 de
965 5595 1422 5682 terrg,_es‘ﬂehr.
1467 5601 1668 5682 vim,
1719 5593 2101 5652 consentiente

509 5669 708 5728 Graeco
731 5670 786 5724 ix
811 5675 930 5740 τῆς,
959 5677 1014 5724 et
1043 5665 1302 5738 Vulgata.

587 5775 610 5802 π
639 5761 778 5818 Sunt
815 5759 1122 5834 qui-ipsum
1159 5759 1256 5834 _hic
1291 5759 1412 5834 falli
1457 5759 1846 5834 Hieronymum
1875 5769 2102 5834 putent,

509 5851 635 5896 cum
662 5827 854 5890 vocem
887 5827 1032 5884 Chiib
1063 5829 1198 5887 dicit
1227 5845 1257 5886 a
1285 5831 1614 5904 Symmacho
1643 5827 1860 5890 uersam
1879 5827 1940 5890 in
1969 5835 2104 5888 Ara-

2207 3297 2438 3366 Ululate,
2461 3315 2560 3366 cur,
2591 3313 2664 3354 rte
2689 3299 2822 3368 diei,
2849 3299 2974 3370 quia
2995 3299 3152 3370 juxta
3175 3307 3249 3352 est
3291 3299 3420 3362 dies,
3441 3307 3488 3352 et
3515 3291 3770 3368 appropin-

2197 3401 2324 3464 quat
2355 3391 2464 3446 dies
2489 3391 2702 3446 Domini
2725 3407 2742 3444 :
2767 3407 2876 3446 non
2903 3391 3056 3446 claro
3077 3391 3192 3446 sole
3215 3407 3280 3446 ru
3295 3391 3472 3456 tilans,
3495 3390 3586 3446 sed
3607 3397 3767 3458 operta

2199 3487 2454 3552 nubibus,
2479 3497 2534 3540 et
2557 3485 2916 3558 Babyloniam
2937 3485 3172 3540 offerens
3204 3493 3606 3556 tempestatem.
3629 3479 3768 3536 Cum.

2199 3603 2306 3658 quo
2335 3585 2562 3656 casperit
2589 3585 2804 3658 gladius
2835 3593 3050 3638 vastare
3063 3581 3382 3656 zEgypwm,
3415 3595 3582 3652 pavor
3607 3577 3700 3634 erit
3725 3575 3766 3628 in

2201 3681 2504 3750 EthEOpia,
2537 3695 2656 3752 quae
2681 3679 2858 3734 vicina
2883 3675 3258 3750 est/Egypto,
3307 3693 3379 3732 ne
3423 3677 3488 3730 ad
3527 3691 3584 3730 se
3625 3681 3766 3740 usque

2201 3773 2536 3846 Babylonius
2563 3787 2750 3826 mucro
2773 3769 3080 3842 perveniat.
3096 3769 3304 3826 Cadent
3329 3769 3475 3824 enim
3493 3768 3544 3822 in
3561 3765 3766 3836 Egypto

2201 3868 2502 3934 vulnerati,
2535 3877 2590 3922 et
2621 3865 2900 3920 auferetur
2925 3861 3220 3918 multitudo
3251 3863 3420 3928 illius,
3455 3873 3512 3918 et
3537 3873 3694 3928 usque
3709 3851 3766 3910 ad

2201 3961 2552 4018 fundamenta
2597 3959 2780 4012 omnia
2829 3957 3224 4014 destruantur:
3257 3957 3332 4012 ita
3379 3965 3440 4011 ut
3485 3955 3530 4009 si
3573 3951 3686 4022 quis
3723 3947 3766 4002 in

2203 4055 2440 4128 rEgypto
2469 4055 2776 4124 reperiatur
2801 4051 2870 4108 de
2893 4051 3198 4122 Ethioiiia,
3221 4061 3278 4108 et
3307 4051 3498 4122 Libya,
3523 4057 3578 4104 et
3597 4041 3764 4118 Lydia.

2201 4161 2258 4208 et
2309 4153 2361 4206 in
2411 4164 2702 4206 commune
2747 4147 2816 4204 de
2865 4147 3034 4202 variis
3083 4146 3298 4216 populis
3347 4155 3406 4202 et
3441 4141 3598 4206 Chub,
3645 4133 3766 4210 (ιιιίιιι

2207 4257 2228 4285 ο
2263 4243 2620 4318 Symmachus
2673 4241 2920 4318 vertitlin
2951 4239 3220 4306 Arabiam,
3269 4249 3326 4294 et
3367 4237 3436 4292 de
3477 4237 3598 4290 iiliis
3627 4243 3766 4286 terra:

2201 4337 2462 4406 hederis,
2509 4335 2617 4392 hoc
2666 4343 2772 4402 est,
2817 4333 2888 4390 de
2931 4333 3130 4404 populo
3161 4331 3504 4396 Judzeorum,
3535 4339 3650 4382 cum
3677 4319 3768 4376 illis

2203 4431 2386 4502 gladio
2409 4429 2590 4486 cadat.
2621 4429 2728 4484 Pro
2753 4427 2954 4498 quibus
2983 4427 3236 4498 gentibus
3275 4422 3420 4480 LXX
3465 4423 3766 4494 posuerunt,

2205 4523 2402 4590 Persa',
2431 4535 2478 4578 et
2506 4523 2790 4590 Cretenses,
2817 4531 2864 4576 et
2889 4519 3050 4592 Lydi,
3073 4531 3120 4576 et
3147 4515 3356 4592 Libyes,
3381 4529 3428 4574 et
3455 4529 3628 4574 omnes
3651 4525 3770 4566 com-

2123 4603 2180 4664 D
2203 4617 2378 4686 mixti,
2411 4625 2454 4670 et
2489 4615 2588 4686 filii
2617 4614 2936 4670 Testamenti
2961 4613 3059 4670 mei
3087 4612 3266 4688 gladio
3311 4629 3428 4667 cum
3457 4610 3566 4682 ipsa
3591 4605 3770 4659 cadent.

2205 4709 2276 4766 Et
2301 4719 2358 4764 ut
2383 4709 2648 4764 sciremus
2689 4707 2790 4764 has
2835 4721 3030 4764 omnes
3067 4715 3258 4778 gentes
3295 4705 3466 4760 fuisse
3505 4701 3558 4756 in
3595 4692 3772 4752 auxilio

2204 4801 2422 4875 ίΕῧΥρῑί
2449 4845 2464 4868 ς
2511 4817 2746 4872 δθῑιιιθηε
2791 4815 2979 4858 sermo
3029 4801 3408 4856 demonSIrat:
3443 4793 3768 4850 Etcorruent

2204 4899 2498 4956 fulcientes
2525 4897 2840 4970 Egyptum,
2875 4896 2992 4952 sive
3025 4893 3396 4950 sustentacula
3449 4883 3680 4960 Egypti,
3725 4877 3770 4934 id

2203 5001 2312 5058 est,
2335 4991 2492 5056 socii,
2535 4999 2592 5046 et
2617 4991 2796 5044 omnis
2825 4987 3080 5060 superbia
3116 4987 3352 5058 imperii,
3379 4985 3492 5040 sive
3511 4987 3772 5036 contume-

2203 5083 2272 5140 lia
2298 5081 2631 5140 fortitudinis
2659 5082 2804 5138 illius
2829 5081 3143 5138 destruetur
3173 5095 3238 5134 ac
3266 5079 3566 5148 deponetur
3589 5085 3618 5124 a
3641 5077 3768 5164 lttl‘tc

2202 5179 2406 5252 Syene,
2439 5193 2600 5250 quam
2633 5177 2688 5234 in
2717 5177 2980 5234 extremis
3011 5173 3208 5232 ﬁnibus
3229 5171 3444 5244 Egypti
3473 5165 3626 5224 sitam
3645 5159 3768 5212 disi—

2205 5379 2362 5446 biam,
2391 5393 2516 5434 cum
2547 5381 2710 5452 longe
2735 5379 3056 5452 credibilius
3083 5379 3190 5448 sit,
3235 5377 3356 5448 ejus
3389 5361 3764 5452 interpremfﬁlf

2206 5445 2362 5518 nem,
2392 5455 2482 5508 καὶ
2517 5445 2670 5510 ποῖσᾶ
2707 5455 2738 5512 ἡ
2777 5451 3018 5530 Ἀραϐία,
3067 5445 3342 5522 respicere
3395 5447 3498 5502 duo
3539 5445 3762 5512 proxime

2208 5545 2566 5620 praecedentia
2597 5545 2782 5611 verba,
2811 5529 2966 5612 ξιξ-ωτι
2987 5529 3277 5620 luxuque:
3324 5535 3534 5620 proprie
3561 5536 3760 5620 ejﬂ'fff

2421 5599 3296 5691 interpretantur,'sedwra'diéem
3313 5599 3540 5691 dominis

2209 5675 2323 5748 noti
2357 5675 2590 5758 spectat:
2617 5675 2982 5760 Nihilominus
3013 5697 3068 5746 et
3095 5689 3257 5760 paulo
3283 5682 3502 5742 inferius
3523 5675 3654 5734 idem
3675 5679 3754 5722 re-

2209 5763 2348 5836 petit
2377 5757 2624 5828 Hieron.,
2651 5769 2702 5814 et
2727 5757 2898 5824 Chub,
2927 5761 2982 5815 id
3005 5757 3113 5826 est,
3131 5758 3342 5814 Arabes.
