4038 6328
302 187 404 246 289

962 178 1612 241 COMMENTARIORUM
1653 178 1720 236 IN
1760 172 2201 234 EZECHIELEM
2242 172 2371 230 LIB.
2417 172 2512 231 1X.
2553 170 2711 231 CAP.
2751 171 2923 231 XXX.

3485 176 3594 238 290

302 320 435 367 mus,
469 304 600 359 sive
631 301 881 374 Magdalo
914 317 1084 373 usque
1129 300 1197 356 ad
1238 298 1473 370 Syenem
1500 340 1514 363 ,
1568 298 1715 351 sicut
1755 292 1901 348 LXX
1927 300 1984 363 Α
2008 291 2416 346 transtulerunt.
2440 290 2602 346 Moris
2632 300 2813 347 autem
2836 290 3217 363 IEgyptiorum
3239 298 3346 359 est,
3372 300 3593 362 prOpIer

303 399 733 453 transtulerunt:
752 412 952 453 omnes
968 396 1218 452 civitates
1230 393 1449 465 (Egypti
1467 392 1703 447 deserta:
1720 397 1899 458 erunt,

303 500 359 546 ut
383 502 728 562 cognoscant
756 491 1071 555 Dominum,
1097 487 1316 560 quando
1348 485 1490 558 ignis
1517 484 1899 540 Chaldaeorum

302 585 558 640 universa
589 583 917 650 vastaverit,
940 591 997 639 et
1020 580 1196 637 attriti
1226 580 1428 636 fuerint
1465 578 1705 635 universi
1745 575 1902 632 auxi-

298 676 530 733 liatores
555 678 699 748 ejus,
733 687 789 734 et
810 676 1167 748 pervenerint
1192 674 1368 730 nuntii
1390 674 1544 746 juxta
1568 673 1817 745 Aquilam
1848 679 1906 728 et

299 768 745 826 Theodotionem
774 786 885 826 sunt
912 767 1112 841 (una),
1145 784 1283 839 quos
1325 766 1688 840 Symmachus
1724 776 1902 820 trans-

299 863 441 929 tulit,
476 865 790 934 festinantes
836 880 855 917 :
897 880 999 920 nos
1030 864 1085 919 in
1112 866 1287 919 trieres
1316 863 1609 927 vertimus;
1643 862 1715 917 ita
1757 859 1904 917 enim

301 959 363 1014 ab
389 958 651 1015 Hebraeis
680 960 997 1031 accepimus
1021 977 1033 1014 :
1063 968 1123 1015 ut
1150 959 1330 1016 omnis
1362 957 1662 1027 jEthiopite
1705 956 1904 1011 ﬁducia

301 1061 643 1121 conteratur,
683 1063 739 1109 et
773 1054 993 1124 quando
1038 1054 1206 1108 fuerit
1229 1054 1407 1109 vicina
1434 1052 1714 1125 provincia
1741 1051 1901 1123 357

300 1145 575 1215 desolata,
625 1161 799 1217 pavor
847 1159 1030 1203 teneat
1076 1147 1399 1217 proximam.
1431 1144 1503 1202 Ut
1525 1155 1708 1200 autem
1735 1145 1908 1199 scire-

296 1253 410 1292 mus
440 1239 578 1308 quis
598 1247 753 1295 esset
780 1240 882 1295 iste
908 1238 1140 1310 gladius,
1180 1239 1273 1310 qui
1321 1248 1563 1293 vastaret
1607 1235 1903 1307 {Egyptum

293 1340 341 1387 et
390 1342 645 1387 terreret
694 1330 1071 1402 Ethiopiam,
1113 1333 1359 1403 sequitur
1415 1330 1807 1385 manifestius:
1840 1329 1907 1383 Et
1954 1338 1961 1343 ‘

291 1440 517 1485 cessare
544 1426 748 1481 faciam
774 1426 1178 1481 multitudinem
1209 1424 1427 1497 ,Ἐπριί
1457 1425 1512 1479 in
1543 1422 1906 1478 manttNahu—

288 1519 656 1576 cbodonosor
684 1521 829 1592 regis
856 1521 1167 1593 Babylonis,
1203 1520 1294 1592 qui
1340 1535 1446 1575 non
1474 1520 1649 1575 solum
1696 1519 1901 1583 veniet,

284 1612 369 1667 sed
402 1614 608 1669 veniet
641 1614 829 1669 multis
858 1616 1151 1670 comitatus
1177 1613 1509 1680 nationibus,
1544 1613 1618 1668 ita
1647 1623 1703 1667 ut
1728 1613 1906 1667 omnis

2004 385 2412 441 inundationem
2433 384 2558 451 Nili,
2583 387 2830 441 excelsos
2854 401 3079 457 aggeres
3095 395 3414 443 construere
3433 386 3499 442 ad
3522 388 3598 442 ri-

2005 493 2102 550 pas
2113 479 2245 535 Nili.
2263 480 2368 549 Qui
2387 480 2433 536 si
2457 485 2743 539 custodum
2776 484 3121 555 negligentia,
3140 487 3225 543 vel
3248 485 3414 541 nimia
3433 500 3600 558 aqua-

2002 586 2124 627 rum
2150 573 2524 644 magnitudine
2567 575 2716 646 rupti
2746 574 2969 642 fuerint,
3002 577 3343 648 subiacentes
3371 592 3593 649 campos

2002 679 2342 738 nequaquam
2364 667 2543 739 rigant
2569 684 2747 739 aqua},
2776 668 2872 725 sed
2895 668 3207 741 opprimunt
3240 682 3401 744 atque
3424 686 3595 743 popu-

2002 756 2204 814 lantur.
2239 760 2342 817 Per
2362 760 2511 831 quod
2537 760 2895 832 significatur,
2924 762 3005 817 sic
3027 761 3401 819 Chaldaeorum
3429 780 3591 822 exer-

2003 855 2114 911 citu
2156 858 2530 929 occupandam
2556 857 2873 931 Egyptum,
2900 858 3176 930 quomodo
3207 859 3593 917 inundantibus

2001 949 2108 1007 Nili
2138 953 2315 1023 aquis,
2345 962 2401 1008 et
2423 970 2590 1024 super
2615 954 2839 1010 modum
2868 955 3246 1012 crescentibus
3271 956 3475 1027 operiri
3500 973 3595 1014 so-

2004 1043 2081 1099 let
2129 1052 2291 1116 atque
2334 1049 2629 1120 corrumpi.
2674 1049 2781 1104 Pro
2834 1048 3194 1106 inundatione
3224 1066 3508 1122 aquarum,
3537 1061 3595 1108 et

2004 1137 2306 1209 irruptione
2332 1126 2495 1212 atque
2534 1143 2741 1197 scisura
2772 1156 3051 1214 aggerum,
3085 1143 3140 1197 in
3185 1142 3414 1199 Hebraao
3442 1146 3592 1215 posi-

2008 1240 2118 1288 tum
2139 1242 2226 1289 est
2254 1232 2349 1288 :Et
2365 1246 2515 1297 erunt
2537 1236 2590 1290 in
2610 1235 2871 1308 Memphis
2896 1239 3153 1311 angustia:
3172 1238 3511 1310 quotidiana,
3534 1248 3595 1294 ut

2007 1326 2150 1383 unde
2196 1326 2348 1382 Nilus
2389 1326 2664 1399 dividitur,
2690 1340 2745 1385 et
2790 1329 2883 1385 ubi
2929 1330 3062 1400 Apis
3113 1330 3373 1400 templum
3405 1339 3507 1396 est,
3539 1339 3595 1387 et

2005 1420 2253 1476 consulta
2292 1421 2625 1492 respondent
2656 1423 2896 1491 oracula,
2937 1424 3011 1479 ibi
3053 1424 3386 1496 quotidianae
3426 1441 3596 1495 angu-

2006 1514 2124 1567 stia:
2142 1512 2293 1570 ﬁant.
2312 1514 2554 1571 Juvenes
2575 1529 2789 1586 quoque
2809 1516 3171 1586 lleliopoleos.
3188 1532 3310 1587 qua
3330 1516 3596 1574 Hebraice

2007 1607 2356 1676 appellantur
2384 1625 2451 1665 ou
2481 1609 2611 1699 (rat)
2641 1610 2749 1681 [Αι.
2777 1608 3002 1683 Aven.],
3034 1619 3092 1666 et
3113 1610 3336 1667 BubaSti
3368 1611 3599 1668 alterius

280 1706 564 1778 .ﬁgyptus
597 1707 1019 1764 interfectorum
1043 1710 1303 1779 sanguine
1324 1708 1666 1778 compleatur
1684 1748 1700 1773 ,
1724 1714 1901 1760 tanta-
1934 1708 1982 1769 B
2008 1704 2264 1775 civitatis,
2284 1706 2463 1777 gladio
2483 1716 2744 1763 corruent
2774 1728 2787 1763 :
2812 1709 2887 1764 ita
2919 1717 2979 1763 ut
3005 1710 3138 1781 ipsa:
3159 1710 3340 1775 urbes,
3360 1710 3467 1766 hoc
3486 1720 3593 1776 est,

278 1816 379 1869 que
432 1801 555 1855 erit
612 1800 700 1855 ira
750 1802 986 1871 Domini,
1016 1811 1076 1857 ut
1104 1801 1379 1856 siccentur
1406 1801 1549 1855 alvei
1576 1799 1899 1865 ﬂuminum,

284 1892 383 1947 hoc
414 1904 533 1955 est,
566 1893 686 1947 Nili
718 1893 1005 1968 διώρυχες,
1039 1909 1214 1965 usque
1245 1895 1313 1950 ad
1344 1895 1536 1961 solum,
1572 1907 1627 1949 et
1657 1892 1713 1948 in
1742 1908 1904 1947 manu

290 1989 713 2057 pestilentium,
745 1990 860 2044 sive
890 1989 1167 2044 hominum
1212 1988 1579 2059 pessimorum
1623 1985 1907 2058 plenitudo

305 2078 512 2151 Egypti
547 2079 871 2136 desoletur.
919 2081 1037 2137 Mea
1080 2082 1225 2136 enim
1256 2080 1420 2137 verba
1454 2078 1606 2134 irrita
1644 2094 1768 2135 esse
1797 2093 1905 2133 non

307 2185 543 2245 possunt,
589 2177 840 2247 illucque
879 2176 1133 2248 proficiet
1179 2176 1505 2247 indignatio,
1534 2184 1591 2229 ut
1617 2173 1908 2228 simulacra

297 2268 509 2340 £gypti
544 2270 979 2341 disperdantur,
1007 2281 1062 2327 et
1087 2280 1306 2327 cessent
1335 2269 1476 2325 idola
1507 2269 1573 2325 de
1608 2267 1903 2337 Memphis,

288 2379 397 2432 qua
424 2380 625 2435 usque
653 2364 814 2422 hodie
834 2364 1156 2435 metrOpolis
1182 2373 1266 2420 est
1301 2362 1707 2434 superstitionis
1745 2360 1912 2432 XEgy-

288 2458 433 2528 ptiaz,
472 2461 604 2515 sive
652 2460 944 2530 optimates
972 2468 1026 2514 et
1056 2460 1327 2530 principes
1352 2457 1421 2513 de
1444 2456 1733 2527 Memphis,
1764 2465 1821 2511 et
1842 2455 1912 2511 de

289 2559 433 2606 terra
485 2552 753 2624 Egypti.
780 2554 989 2609 Tantus
1019 2562 1198 2608 autem
1232 2560 1407 2607 terror
1450 2562 1699 2606 cunctam
1741 2548 1910 2621 ngy-

287 2658 441 2716 ptum
478 2646 816 2716 possidebit,
844 2657 905 2702 ut
935 2658 1082 2704 terra
1118 2646 1385 2701 Phatures
1412 2645 1590 2700 omnis
1616 2654 1827 2714 pereat,
1859 2653 1915 2699 et

291 2739 435 2810 ignis
467 2750 660 2795 vastet
689 2739 959 2809 Taphnis,
989 2739 1107 2795 sive
1144 2749 1204 2794 ut
1241 2737 1595 2809 Septuaginta
1625 2735 1917 2791 transtule-

294 2842 446 2900 runt,
478 2831 686 2889 Tanin.
716 2832 1067 2903 Faciamque,
1093 2832 1203 2899 ait,
1228 2831 1433 2901 judicia
1463 2830 1520 2885 in
1548 2828 1875 2885 Alexandria
1896 2868 1914 2895 ,

301 2939 441 2994 qute-
462 2925 639 2981 hodie
678 2925 758 2982 sic
799 2936 1049 2981 vocatur.
1080 2924 1348 2981 Caeterum
1397 2924 1686 2994 pristinum
1716 2937 1918 2978 nomen

306 3020 475 3077 habet
502 3037 597 3087 χο,
629 3022 773 3093 quod
801 3022 1024 3092 Aquila,
1056 3021 1419 3093 Symmachus
1439 3062 1455 3088 ,
1500 3029 1557 3076 et
1591 3019 1915 3087 Theodotio,

2008 1795 2360 1866 habitatores,
2390 1802 2502 1854 sive
2535 1801 2787 1857 mulieres
2815 1816 3001 1856 earum
3037 1802 3309 1859 ducantur
3337 1804 3391 1860 in
3417 1805 3594 1875 capti-

2005 1886 2249 1957 vitatem,
2285 1890 2377 1961 qui
2406 1906 2567 1948 sexus
2599 1894 2813 1964 injuria:
2848 1894 3120 1966 subjacet.
3152 1895 3211 1952 in
3244 1897 3485 1968 Tapbnis
3504 1914 3597 1954 ve-

2006 1996 2069 2036 ro
2097 1998 2216 2053 qua?
2248 1993 2335 2040 est
2362 1987 2509 2056 regia
2540 1986 2754 2054 civitas,
2782 1997 3140 2045 conterentur
3168 1999 3384 2061 sceptra
3427 1990 3597 2064 Egy-

2008 2077 2112 2146 pti,
2145 2077 2197 2130 id
2237 2087 2342 2145 est,
2386 2096 2547 2136 omne
2577 2081 2786 2152 regium
2834 2099 3027 2154 genus.
3073 2086 3315 2158 Cumque
3354 2088 3597 2157 potentia

2008 2172 2146 2241 ejus,
2180 2173 2484 2229 interfectis
2513 2176 2877 2247 principibus,
2910 2179 3208 2247 defecerit,
3236 2190 3364 2238 tunc
3394 2183 3601 2254 nigres-

2009 2275 2098 2320 cet
2118 2265 2257 2333 dies,
2278 2276 2331 2321 et
2349 2267 2579 2338 caligine
2604 2283 2667 2324 ac
2690 2271 2932 2327 tenebris
2953 2272 3134 2328 omnia
3159 2275 3598 2365 complebuntur,

2010 2357 2084 2412 ita
2109 2368 2167 2413 ut
2192 2359 2310 2431 ipsa
2340 2361 2471 2416 urbs
2501 2363 2784 2432 operiatur
2811 2363 2956 2420 nube
2998 2367 3253 2423 mmroris
3290 2382 3355 2423 ac
3400 2357 3601 2437 luctus,

2012 2465 2069 2509 et
2094 2454 2222 2510 filiae
2247 2456 2388 2527 ejus,
2424 2456 2479 2511 id
2506 2468 2608 2525 est,
2640 2458 2839 2529 oppida
2881 2460 3093 2533 reliqua
3120 2462 3388 2539 ducantur
3412 2464 3469 2519 in
3511 2480 3604 2521 ca-

2013 2548 2351 2618 ptivitatem;
2376 2559 2437 2605 ut
2460 2559 2747 2622 postquam
2771 2553 2953 2609 fecero
2964 2553 3172 2623 judicia
3195 2555 3247 2610 in
3271 2554 3529 2628 1Egypto,
3549 2565 3608 2613 et

2016 2658 2102 2697 me
2153 2643 2363 2698 cunctis
2412 2642 2655 2713 judicem
2706 2644 3199 2715 dentonstravero,
3243 2657 3372 2704 tunc
3430 2651 3610 2705 sciant

2017 2734 2254 2807 [Egyptii
2284 2736 2427 2806 quod
2454 2752 2555 2808 ego
2576 2752 2697 2793 sum
2732 2738 3014 2795 Dominus.
3042 2740 3171 2797 Haec
3190 2742 3346 2813 quasi
3368 2743 3610 2812 parvulis

2018 2832 2284 2886 elementa
2316 2831 2732 2903 descripsimus,
2757 2842 2816 2888 ut
2846 2849 2943 2905 per
2963 2834 3201 2903 litteras,
3232 2836 3491 2908 syllabas,
3511 2852 3613 2893 no-

2018 2923 2185 2992 mina,
2215 2925 2613 2997 verborumque
2658 2937 3005 2995 contextum,
3049 2929 3263 3001 possint
3304 2933 3369 2985 ad
3418 2932 3613 2989 lectio-

2022 3035 2143 3077 nem
2188 3035 2361 3089 prosae
2393 3021 2476 3076 vel
2503 3023 2765 3077 carminis
2795 3023 3102 3094 pervenire.
3144 3024 3296 3081 Nunc
3333 3026 3615 3097 aggredia-

307 3118 460 3172 sicut
488 3117 545 3171 in
578 3115 808 3172 Hebraao
833 3117 1071 3187 positum
1102 3124 1217 3185 est,
1241 3115 1663 3170 transtulerunt.
1690 3114 1793 3167 Pro
1812 3126 1919 3182 quo
1945 3109 1992 3175 C
2024 3128 2147 3169 mur
2172 3113 2557 3185 tropologiam,
2587 3127 2643 3172 et
2676 3115 3005 3173 latissimum
3050 3117 3433 3189 disputationis
3463 3119 3614 3189 pela-

311 3211 509 3266 nescio
539 3209 675 3279 quid
705 3210 955 3266 volentes
980 3209 1337 3281 Septuaginta
1363 3208 1552 3264 dixere
1590 3207 1919 3279 Diospolim,

312 3318 441 3371 quae
471 3301 699 3374 Egypti
731 3316 903 3373 parva
920 3303 1115 3358 civitas
1145 3310 1250 3358 est.
1295 3301 1406 3356 Nos
1455 3310 1636 3356 autem
1669 3315 1769 3369 pro
1800 3298 1852 3353 Ν
1861 3316 1920 3367 o,

315 3397 699 3451 Alexandriam
750 3397 1074 3467 posuimus,
1126 3411 1225 3464 per
1287 3393 1760 3464 anticipationem,
1803 3408 1923 3463 qua:

318 3488 514 3546 Graece
550 3490 802 3568 πρόληψις
832 3490 1157 3563 appellatur,
1187 3492 1342 3560 juxta
1388 3488 1526 3544 illud
1564 3487 1923 3559 Virgilianum

321 3582 571 3647 (.tEneid.
600 3584 696 3641 lib.
724 3585 801 3657 ιγ)
827 3604 838 3639 :

698 3702 711 3715 ,
782 3655 789 3657 ⁷
1231 3655 1516 3719 Lavinaque
1537 3656 1677 3707 venit

580 3718 764 3770 Littora
777 3734 792 3783 ;

332 3884 438 3925 non
472 3883 580 3941 quo
599 3885 666 3927 eo
692 3879 940 3941 tempore
966 3868 1182 3940 quando
1206 3869 1358 3926 venit
1377 3868 1578 3925 {Encas
1604 3870 1658 3924 in
1687 3868 1923 3936 Latium,

334 3964 560 4020 Lavinia
588 3965 935 4032 dicerentur;
970 3965 1065 4021 sed
1089 3980 1214 4035 quae
1242 3975 1431 4036 postea
1461 3963 1683 4019 Lavinia
1713 3978 1927 4019 nuncu-

335 4069 457 4130 pata
478 4069 627 4127 sunt,
658 4070 718 4114 ut
740 4060 1080 4116 manifestior
1112 4060 1265 4116 locus
1291 4061 1452 4116 fieret
1476 4060 1699 4115 lectoris
1728 4058 1931 4114 intelli-

336 4155 556 4225 gentiae.
595 4154 658 4209 Et
706 4152 1003 4219 effundam,
1040 4153 1238 4222 inquit,
1267 4152 1696 4223 indignationem
1752 4166 1927 4206 meam

337 4262 500 4317 super
526 4246 859 4318 Saiu,quam
890 4262 989 4302 nos
1021 4244 1079 4300 in
1100 4245 1369 4302 Pelusium
1390 4247 1671 4314 vertimus,
1690 4253 1743 4301 et
1762 4245 1932 4300 robur

335 4338 641 4409 appellatur
669 4336 910 4412 Egypti,
940 4354 1007 4395 eo
1039 4338 1182 4410 quod
1223 4350 1439 4409 portum
1488 4338 1691 4395 haheat
1721 4337 1931 4393 tutissi-

337 4441 578 4498 mum,et
590 4433 988 4503 negotiationes
1003 4433 1165 4487 maris
1179 4431 1251 4486 ibi
1275 4431 1362 4487 vel
1386 4431 1623 4487 maxime
1640 4445 1935 4487 exercean-

2021 3224 2158 3278 gus,
2190 3208 2342 3264 brevi
2392 3209 2547 3279 quasi
2598 3210 2825 3280 picturae
2880 3213 3094 3281 tabula,
3149 3214 3611 3271 demonstremus.

2024 3301 2218 3358 Sermo
2245 3302 2460 3357 Domini
2491 3304 2583 3374 qui
2619 3314 2737 3360 erat
2773 3320 2989 3377 semper
3016 3307 3067 3361 in
3109 3308 3296 3374 Patre,
3330 3310 3501 3364 factus
3530 3317 3616 3364 est

2022 3394 2090 3448 ad
2130 3394 2482 3465 prophetam,
2515 3405 2571 3452 et
2608 3408 2766 3452 vocat
2809 3414 2934 3454 eum
2998 3414 3340 3470 nequaquam
3392 3400 3615 3456 nomine

2022 3501 2145 3555 suo,
2177 3486 2273 3543 sed
2305 3487 2477 3543 lilium
2507 3488 2765 3545 hominis.
2798 3490 2955 3557 Quod
3000 3491 3056 3545 in
3086 3490 3380 3563 Scripturis
3407 3492 3616 3548 sanctis

2024 3584 2078 3639 in
2106 3584 2303 3640 bonam
2335 3592 2541 3655 partem
2574 3600 2793 3657 semper
2817 3586 3105 3658 accipitur,
3129 3586 3408 3643 dumtaxat
3425 3604 3616 3645 nume-

2024 3693 2088 3734 ro
2115 3678 2396 3750 singulari,
2430 3689 2490 3735 ut
2510 3681 2563 3735 in
2596 3680 2699 3735 hoc
2736 3681 2929 3738 eodem
2960 3682 3241 3753 propheta,
3273 3685 3436 3757 359
3465 3696 3520 3741 et
3547 3686 3603 3743 in

2028 3771 2273 3839 Dauiele,
2304 3781 2360 3827 et
2401 3772 2456 3827 in
2496 3772 2813 3844 Evangelia.
2849 3773 3107 3844 Alioquin
3143 3774 3346 3843 plurali
3386 3793 3616 3834 numero

2028 3867 2082 3921 in
2115 3867 2450 3923 contrarium
2485 3867 2701 3938 legitur,
2735 3877 2795 3923 ut
2830 3877 2915 3924 est
2942 3868 3080 3926 illud
3116 3887 3128 3924 :
3166 3869 3297 3925 Filii
3321 3870 3617 3943 hominum,

2029 3961 2207 4016 dentes
2234 3977 2413 4015 eorum
2439 3978 2585 4015 arma
2617 3973 2667 4016 et
2696 3964 2939 4036 sagittae:
2963 3974 3013 4019 et
3034 3963 3215 4035 lingua
3229 3965 3625 4038 eorum'gladius

2031 4066 2216 4110 acutus
2256 4056 2378 4125 (Ps.
2405 4072 2511 4123 LVI,
2544 4055 2623 4127 5).
2659 4056 2728 4111 Et
2762 4073 2981 4114 rursum
3009 4076 3023 4113 :
3054 4057 3186 4115 Filii
3236 4061 3503 4117 hominum
3534 4080 3623 4119 us-

2030 4164 2228 4219 quequo
2259 4150 2406 4222 gravi
2449 4151 2603 4205 corde
2641 4150 2764 4221 (Ps.
2794 4167 2877 4220 1v,
2908 4151 3005 4226 5)?
3034 4152 3137 4209 Leo
3182 4156 3317 4209 enim
3360 4158 3523 4228 rngiet
3574 4170 3623 4214 et

2030 4244 2145 4313 quis
2181 4260 2283 4298 non
2326 4244 2563 4299 timebit?
2600 4243 2858 4301 Dominus
2899 4246 3104 4303 locutus
3151 4258 3246 4316 est,
3276 4259 3327 4304 et
3368 4252 3482 4321 quis
3520 4269 3624 4308 non

2033 4339 2611 4411 prophetabit?(Amos.
2637 4356 2718 4407 nr,
2743 4338 2820 4411 8).
2851 4340 3031 4410 Ulula,
3060 4342 3258 4415 inquit,
3282 4358 3388 4413 vas,
3410 4360 3492 4401 vae
3518 4345 3628 4403 diei

2033 4432 2159 4501 quia
2180 4432 2333 4501 juxta
2361 4441 2443 4487 est
2470 4431 2611 4499 dies,
2640 4442 2695 4487 et
2725 4430 3148 4504 appropinquat,
3172 4435 3304 4491 dicit
3335 4437 3623 4506 Dominus,

342 4534 446 4581 tur.
463 4524 621 4582 Unde
641 4534 699 4581 et
719 4535 879 4596 poeta
897 4525 1235 4581 Pelusiacam
1257 4523 1934 4598 appellatlentem(Virgil.
1962 4508 2017 4571 D
2042 4523 2158 4578 dies
2188 4524 2367 4588 nubis,
2393 4531 2606 4595 tempus
2652 4523 2768 4579 sive
2810 4523 2933 4579 finis
2972 4526 3214 4595 gentium
3255 4529 3382 4584 erit.
3420 4530 3624 4601 Duplex

339 4618 360 4674 I
386 4619 625 4693 Georg.),
643 4636 753 4676 non
772 4620 915 4692 quod
939 4621 1014 4677 ibi
1033 4637 1203 4692 genus
1228 4621 1329 4677 hoc
1352 4622 1643 4692 leguminis
1664 4621 1935 4693 gignatur,

339 4713 427 4767 vel
468 4713 742 4780 maxime;
770 4713 866 4769 sed
895 4713 1042 4784 quod
1074 4729 1105 4769 e
1134 4713 1413 4770 Thebaida
1438 4724 1494 4770 et
1523 4714 1673 4770 omni
1700 4712 1938 4785 Egypto

340 4819 445 4875 per
480 4804 655 4860 rivum
701 4805 808 4860 Nili
850 4805 984 4861 illuc
1013 4806 1307 4877 plurimum
1337 4806 1639 4863 deferatur.
1673 4807 1740 4862 Et
1772 4808 1941 4862 inter-

339 4899 547 4968 ficiam,
561 4898 665 4965 ait,
682 4899 1087 4956 multitudinem
1107 4899 1474 4967 Alexandriae,
1504 4915 1626 4972 quae
1647 4914 1862 4955 rursum
1883 4899 1939 4954 in

342 4993 582 5050 Hebraeo
603 4992 781 5063 posita
811 5000 896 5048 est
921 5007 1010 5061 Νο,
1032 5009 1127 5064 pro
1139 5009 1247 5064 qua
1262 5009 1602 5065 nequaquam
1623 4992 1937 5066 Diospotim,

342 5099 404 5144 ut
432 5103 616 5159 supra,
637 5087 734 5144 sed
750 5086 1033 5161 Memwtim
1060 5088 1207 5144 LXX
1232 5089 1645 5146 transtulerunt.
1679 5089 1750 5144 Et
1773 5097 1835 5144 ut
1854 5102 1943 5145 os—

347 5183 537 5239 tendat
566 5182 881 5252 populosam
900 5182 1012 5252 jam
1046 5184 1140 5239 illo
1178 5192 1425 5255 tempore
1454 5183 1625 5239 fuisse
1669 5184 1834 5256 358
1851 5199 1945 5239 ur-

2039 4615 2440 4671 consummatio
2488 4625 2599 4682 est,
2622 4625 2717 4671 aut
2755 4616 3086 4687 generaliter
3112 4620 3377 4689 omnium,
3410 4623 3629 4694 quando

2041 4708 2164 4764 finis
2205 4708 2509 4775 advenerit,
2533 4719 2626 4765 aut
2665 4709 2980 4781 specialiter
3017 4712 3381 4786 singulorum,
3413 4719 3630 4790 quando

2041 4811 2255 4873 tempus
2295 4804 2489 4859 mortis
2520 4804 2797 4860 institerit.
2838 4805 3001 4863 Juxta
3042 4816 3223 4867 autem
3265 4811 3483 4880 dicitur,
3506 4814 3630 4885 quia

2041 4897 2332 4953 aiternitati
2375 4906 2791 4970 comparatum,
2841 4916 3008 4959 omne
3053 4911 3268 4977 tempus
3312 4907 3476 4965 breve
3524 4919 3628 4965 est.

2047 4990 2202 5047 Unde
2232 5000 2286 5048 et
2312 4992 2484 5049 Jacob
2508 5003 2728 5050 centum
2749 4996 3036 5069 ettriginta
3063 5016 3237 5058 annos
3258 5004 3453 5074 quibus
3477 5004 3634 5062 dixe-

2048 5094 2133 5142 rat
2162 5104 2174 5140 :
2208 5087 2383 5158 pauci,
2414 5088 2615 5160 inquit,
2645 5100 2693 5146 et
2741 5094 2951 5163 pessimi
2999 5106 3121 5150 sunt
3174 5098 3284 5153 dies
3337 5101 3436 5155 mei
3464 5099 3631 5171 (Gen.

2051 5198 2220 5249 van,
2253 5183 2332 5256 9).
2365 5184 2434 5240 Et
2460 5184 2749 5243 Psalmista
2779 5187 2848 5245 de
2884 5190 3124 5247 universi
3161 5193 3379 5263 generis
3410 5193 3634 5253 humani

348 5275 507 5343 hem,
560 5274 810 5343 Perdam,
868 5275 965 5343 ait,
988 5276 1374 5332 multitudinem
1416 5275 1620 5348 δορυ)
1657 5291 1673 5341 ;
1723 5285 1773 5330 et
1810 5275 1944 5331 dabo
2048 5276 2339 5347 fragilitate
2354 5277 2659 5349 disputans,
2687 5280 2793 5338 ait:
2816 5280 2941 5337 Dies
2960 5285 3124 5340 nostri
3148 5287 3297 5356 quasi
3325 5288 3506 5344 umbra
3523 5305 3641 5362 per-

350 5371 540 5443 ignem,
558 5369 663 5426 hoc
683 5379 986 5440 est,regem
1010 5370 1301 5443 Babylonis
1324 5372 1379 5427 in
1398 5370 1650 5443 Egypto,
1667 5371 1757 5441 qui
1780 5372 1949 5427 instar
2053 5370 2368 5425 transierunt
2393 5370 2512 5444 (Ps.
2542 5387 2732 5443 chm,
2757 5373 2839 5445 4).
2865 5376 3022 5444 Quod
3050 5386 3389 5449 reputantes,
3414 5396 3515 5438 nec
3543 5398 3639 5455 po-

352 5464 495 5534 ignis
528 5472 727 5519 cuncta
776 5463 1159 5534 depopuletur.
1217 5466 1380 5533 Quasi
1422 5466 1717 5538 parturiens
1762 5463 1956 5520 dolebit
2055 5464 2223 5518 tentia
2245 5464 2539 5536 erigemur,
2572 5482 2675 5524 nec
2701 5466 2907 5525 divitiis
2953 5469 3351 5541 incubabimus,
3375 5489 3477 5532 nec
3519 5476 3643 5534 feli-

352 5558 510 5629 Sain,
539 5558 595 5615 id
626 5566 735 5629 est,
764 5556 1038 5613 Pelusium
1070 5574 1088 5613 :
1120 5558 1236 5615 sive
1259 5558 1683 5616 conturbatione
1715 5556 1956 5615 turbabi-
2057 5555 2220 5611 citate
2248 5556 2575 5626 laatahimur,
2603 5559 2714 5615 cito
2757 5559 2940 5616 omnia
2981 5559 3276 5619 auferenda
3324 5578 3641 5626 noscentes.

352 5663 442 5708 tur
470 5669 487 5717 °,
515 5663 575 5709 et
606 5653 663 5707 in
688 5651 1045 5719 Alexandria,
1074 5650 1130 5707 id
1171 5661 1278 5720 est,
1304 5653 1359 5708 in
1392 5651 1498 5720 No,
1533 5651 1642 5707 erit
1696 5650 1955 5722 scissura,
2061 5647 2402 5721 Pulchreque
2427 5649 2548 5707 dies
2589 5650 2787 5707 dicitur
2812 5651 3050 5725 Domini,
3075 5657 3290 5726 quando
3320 5661 3499 5718 omnis
3534 5678 3643 5718 sm-

352 5757 409 5803 et
435 5744 806 5803 difiundentur
828 5760 1004 5816 aquae,
1020 5760 1124 5817 pro
1142 5760 1249 5818 qua
1275 5762 1489 5805 rursum
1506 5742 1652 5803 LXX
1672 5744 1961 5816 Diospolim
2064 5742 2176 5800 culi
2223 5742 2571 5801 conversatio
2608 5742 2942 5817 destruetur,
2960 5756 3017 5806 et
3058 5762 3249 5810 errore
3277 5752 3511 5825 sublato,
3540 5769 3648 5813 una
