  <div class='ocr_page' id='page_1' title='image "/cluster/home/n/w/nwhite01/storage/ocr_20150623/25/hvd.32044015471394/155.png"; bbox 0 0 4038 6328; ppageno 0'>
   <div class='ocr_carea' id='block_1_1' title="bbox 377 233 485 295">
    <p class='ocr_par' dir='ltr' id='par_1_1' title="bbox 377 233 485 295">
     <span class='ocr_line' id='line_1_1' title="bbox 377 233 485 295; baseline 0.009 -3"><span class='ocrx_word' id='word_1_1' title='bbox 377 233 485 295; x_wconf 78' lang='lat'><strong>9.95</strong></span> 
     </span>
    </p>
   </div>
   <div class='ocr_carea' id='block_1_2' title="bbox 1594 222 2417 287">
    <p class='ocr_par' dir='ltr' id='par_1_2' title="bbox 1594 222 2417 287">
     <span class='ocr_line' id='line_1_2' title="bbox 1594 222 2417 287; baseline 0.004 -6"><span class='ocrx_word' id='word_1_2' title='bbox 1594 228 1680 286; x_wconf 67' lang='lat' dir='ltr'><strong>TS.</strong></span> <span class='ocrx_word' id='word_1_3' title='bbox 1724 224 2000 287; x_wconf 79' lang='lat' dir='ltr'><strong>EUSEBII</strong></span> <span class='ocrx_word' id='word_1_4' title='bbox 2036 222 2417 285; x_wconf 81' lang='lat' dir='ltr'><strong>HIERONYMI</strong></span> 
     </span>
    </p>
   </div>
   <div class='ocr_carea' id='block_1_3' title="bbox 3555 223 3666 284">
    <p class='ocr_par' dir='ltr' id='par_1_3' title="bbox 3555 223 3666 284">
     <span class='ocr_line' id='line_1_3' title="bbox 3555 223 3666 284; baseline 0 -1"><span class='ocrx_word' id='word_1_5' title='bbox 3555 223 3666 284; x_wconf 74' lang='lat'><strong>296</strong></span> 
     </span>
    </p>
   </div>
   <div class='ocr_carea' id='block_1_4' title="bbox 382 342 3665 419">
    <p class='ocr_par' dir='ltr' id='par_1_4' title="bbox 382 342 3665 419">
     <span class='ocr_line' id='line_1_4' title="bbox 382 342 3665 419; baseline -0.003 -11"><span class='ocrx_word' id='word_1_6' title='bbox 382 367 608 408; x_wconf 89' lang='lat' dir='ltr'><strong>raonem</strong></span> <span class='ocrx_word' id='word_1_7' title='bbox 639 366 784 409; x_wconf 88' lang='lat' dir='ltr'><strong>anno</strong></span> <span class='ocrx_word' id='word_1_8' title='bbox 820 350 1074 409; x_wconf 91' lang='lat' dir='ltr'><strong>decimo:</strong></span> <span class='ocrx_word' id='word_1_9' title='bbox 1109 361 1437 419; x_wconf 81' lang='lat' dir='ltr'><strong>rursumque</strong></span> <span class='ocrx_word' id='word_1_10' title='bbox 1460 346 1618 419; x_wconf 93' lang='lat' dir='ltr'><strong>ponit</strong></span> <span class='ocrx_word' id='word_1_11' title='bbox 1641 346 1967 404; x_wconf 88' lang='lat' dir='ltr'><strong>vicesimum</strong></span> <span class='ocrx_word' id='word_1_12' title='bbox 1996 353 2050 419; x_wconf 73' lang='grc' dir='ltr'>Α</span> <span class='ocrx_word' id='word_1_13' title='bbox 2073 360 2287 417; x_wconf 91' lang='lat' dir='ltr'><strong>quoque</strong></span> <span class='ocrx_word' id='word_1_14' title='bbox 2316 354 2371 402; x_wconf 88' lang='lat' dir='ltr'><strong>et</strong></span> <span class='ocrx_word' id='word_1_15' title='bbox 2401 344 2630 416; x_wconf 89' lang='lat' dir='ltr'><strong>Esther,</strong></span> <span class='ocrx_word' id='word_1_16' title='bbox 2656 347 2877 404; x_wconf 79' lang='lat' dir='ltr'><strong>Samuel</strong></span> <span class='ocrx_word' id='word_1_17' title='bbox 2924 356 2979 402; x_wconf 88' lang='lat' dir='ltr'><strong>et</strong></span> <span class='ocrx_word' id='word_1_18' title='bbox 3030 344 3342 415; x_wconf 84' lang='lat' dir='ltr'><strong>Malachim,</strong></span> <span class='ocrx_word' id='word_1_19' title='bbox 3384 342 3665 415; x_wconf 82' lang='lat' dir='ltr'><strong>Paralipo-</strong></span> 
     </span>
    </p>
   </div>
   <div class='ocr_carea' id='block_1_5' title="bbox 386 438 1969 517">
    <p class='ocr_par' dir='ltr' id='par_1_5' title="bbox 386 438 1969 517">
     <span class='ocr_line' id='line_1_5' title="bbox 386 438 1969 517; baseline -0.006 -15"><span class='ocrx_word' id='word_1_20' title='bbox 386 446 698 517; x_wconf 89' lang='lat' dir='ltr'><strong>septimum,</strong></span> <span class='ocrx_word' id='word_1_21' title='bbox 725 452 782 499; x_wconf 85' lang='lat' dir='ltr'><strong>ut</strong></span> <span class='ocrx_word' id='word_1_22' title='bbox 798 443 1054 511; x_wconf 84' lang='lat' dir='ltr'><strong>diximus,</strong></span> <span class='ocrx_word' id='word_1_23' title='bbox 1070 451 1128 499; x_wconf 89' lang='lat' dir='ltr'><strong>et</strong></span> <span class='ocrx_word' id='word_1_24' title='bbox 1148 456 1291 499; x_wconf 91' lang='lat' dir='ltr'><strong>nunc</strong></span> <span class='ocrx_word' id='word_1_25' title='bbox 1303 440 1669 497; x_wconf 91' lang='lat' dir='ltr'><strong>undecimum.</strong></span> <span class='ocrx_word' id='word_1_26' title='bbox 1691 438 1969 495; x_wconf 82' lang='lat' dir='ltr'><strong>Utcaetera</strong></span> 
     </span>
    </p>
   </div>
   <div class='ocr_carea' id='block_1_6' title="bbox 384 532 1971 609">
    <p class='ocr_par' dir='ltr' id='par_1_6' title="bbox 384 532 1971 609">
     <span class='ocr_line' id='line_1_6' title="bbox 384 532 1971 609; baseline -0.004 -16"><span class='ocrx_word' id='word_1_27' title='bbox 384 537 795 609; x_wconf 63' lang='lat' dir='ltr'><strong>praetermittam</strong></span> <span class='ocrx_word' id='word_1_28' title='bbox 825 551 947 606; x_wconf 81' lang='lat' dir='ltr'><strong>quac</strong></span> <span class='ocrx_word' id='word_1_29' title='bbox 978 534 1032 590; x_wconf 93' lang='lat' dir='ltr'><strong>in</strong></span> <span class='ocrx_word' id='word_1_30' title='bbox 1074 534 1409 605; x_wconf 81' lang='lat' dir='ltr'><strong>psalmorum</strong></span> <span class='ocrx_word' id='word_1_31' title='bbox 1456 532 1650 589; x_wconf 84' lang='lat' dir='ltr'><strong>ordine</strong></span> <span class='ocrx_word' id='word_1_32' title='bbox 1683 532 1971 587; x_wconf 88' lang='lat' dir='ltr'><strong>continen-</strong></span> 
     </span>
    </p>
   </div>
   <div class='ocr_carea' id='block_1_7' title="bbox 382 628 1975 702">
    <p class='ocr_par' dir='ltr' id='par_1_7' title="bbox 382 628 1975 702">
     <span class='ocr_line' id='line_1_7' title="bbox 382 628 1975 702; baseline -0.005 -15"><span class='ocrx_word' id='word_1_33' title='bbox 382 640 474 688; x_wconf 89' lang='lat' dir='ltr'><strong>tur</strong></span> <span class='ocrx_word' id='word_1_34' title='bbox 506 648 521 686; x_wconf 89' lang='lat'><strong>:</strong></span> <span class='ocrx_word' id='word_1_35' title='bbox 552 629 832 702; x_wconf 74' lang='lat' dir='ltr'><strong>quaeritur,</strong></span> <span class='ocrx_word' id='word_1_36' title='bbox 879 629 1156 701; x_wconf 88' lang='lat' dir='ltr'><strong>quomodo</strong></span> <span class='ocrx_word' id='word_1_37' title='bbox 1180 628 1373 685; x_wconf 90' lang='lat' dir='ltr'><strong>tertius</strong></span> <span class='ocrx_word' id='word_1_38' title='bbox 1416 628 1663 699; x_wconf 82' lang='lat' dir='ltr'><strong>psalmus</strong></span> <span class='ocrx_word' id='word_1_39' title='bbox 1691 639 1975 697; x_wconf 63' lang='lat' dir='ltr'><strong>praepona-</strong></span> 
     </span>
    </p>
   </div>
   <div class='ocr_carea' id='block_1_8' title="bbox 384 719 1971 795">
    <p class='ocr_par' dir='ltr' id='par_1_8' title="bbox 384 719 1971 795">
     <span class='ocr_line' id='line_1_8' title="bbox 384 719 1971 795; baseline -0.006 -14"><span class='ocrx_word' id='word_1_40' title='bbox 384 734 474 781; x_wconf 88' lang='lat' dir='ltr'><strong>tur</strong></span> <span class='ocrx_word' id='word_1_41' title='bbox 526 723 615 780; x_wconf 90' lang='lat' dir='ltr'><strong>his</strong></span> <span class='ocrx_word' id='word_1_42' title='bbox 663 723 887 795; x_wconf 85' lang='lat' dir='ltr'><strong>psalmis</strong></span> <span class='ocrx_word' id='word_1_43' title='bbox 936 722 993 778; x_wconf 92' lang='lat' dir='ltr'><strong>in</strong></span> <span class='ocrx_word' id='word_1_44' title='bbox 1031 722 1229 793; x_wconf 85' lang='lat' dir='ltr'><strong>quibus</strong></span> <span class='ocrx_word' id='word_1_45' title='bbox 1276 724 1504 779; x_wconf 75' lang='lat' dir='ltr'><strong>mutavit</strong></span> <span class='ocrx_word' id='word_1_46' title='bbox 1569 719 1759 775; x_wconf 79' lang='lat' dir='ltr'><strong>faciem</strong></span> <span class='ocrx_word' id='word_1_47' title='bbox 1815 733 1971 774; x_wconf 90' lang='lat' dir='ltr'><strong>suam</strong></span> 
     </span>
    </p>
   </div>
   <div class='ocr_carea' id='block_1_9' title="bbox 382 810 1975 880">
    <p class='ocr_par' dir='ltr' id='par_1_9' title="bbox 382 810 1975 880">
     <span class='ocr_line' id='line_1_9' title="bbox 382 810 1975 880; baseline -0.006 -8"><span class='ocrx_word' id='word_1_48' title='bbox 382 815 553 872; x_wconf 90' lang='lat' dir='ltr'><strong>David</strong></span> <span class='ocrx_word' id='word_1_49' title='bbox 589 830 773 871; x_wconf 91' lang='lat' dir='ltr'><strong>coram</strong></span> <span class='ocrx_word' id='word_1_50' title='bbox 818 812 1133 872; x_wconf 82' lang='lat' dir='ltr'><strong>Abimelech</strong></span> <span class='ocrx_word' id='word_1_51' title='bbox 1163 857 1180 880; x_wconf 96' lang='lat'><strong>,</strong></span> <span class='ocrx_word' id='word_1_52' title='bbox 1218 822 1275 870; x_wconf 91' lang='lat' dir='ltr'><strong>et</strong></span> <span class='ocrx_word' id='word_1_53' title='bbox 1313 814 1383 869; x_wconf 91' lang='lat' dir='ltr'><strong>de</strong></span> <span class='ocrx_word' id='word_1_54' title='bbox 1422 813 1569 868; x_wconf 91' lang='lat' dir='ltr'><strong>Doec</strong></span> <span class='ocrx_word' id='word_1_55' title='bbox 1594 810 1867 877; x_wconf 68' lang='lat' dir='ltr'><strong>ldumazo,</strong></span> <span class='ocrx_word' id='word_1_56' title='bbox 1918 817 1975 864; x_wconf 88' lang='lat' dir='ltr'><strong>et</strong></span> 
     </span>
    </p>
   </div>
   <div class='ocr_carea' id='block_1_10' title="bbox 382 900 1972 987">
    <p class='ocr_par' dir='ltr' id='par_1_10' title="bbox 382 900 1972 987">
     <span class='ocr_line' id='line_1_10' title="bbox 382 900 1972 987; baseline -0.006 -22"><span class='ocrx_word' id='word_1_57' title='bbox 382 910 597 980; x_wconf 81' lang='lat' dir='ltr'><strong>quando</strong></span> <span class='ocrx_word' id='word_1_58' title='bbox 639 909 887 964; x_wconf 90' lang='lat' dir='ltr'><strong>inventus</strong></span> <span class='ocrx_word' id='word_1_59' title='bbox 924 917 1007 964; x_wconf 88' lang='lat' dir='ltr'><strong>est</strong></span> <span class='ocrx_word' id='word_1_60' title='bbox 1051 907 1106 963; x_wconf 93' lang='lat' dir='ltr'><strong>in</strong></span> <span class='ocrx_word' id='word_1_61' title='bbox 1145 907 1441 978; x_wconf 85' lang='lat' dir='ltr'><strong>spelunca,</strong></span> <span class='ocrx_word' id='word_1_62' title='bbox 1484 914 1540 961; x_wconf 90' lang='lat' dir='ltr'><strong>et</strong></span> <span class='ocrx_word' id='word_1_63' title='bbox 1588 900 1972 987; x_wconf 82' lang='lat' dir='ltr'><strong>quinquagesi-</strong></span> 
     </span>
    </p>
   </div>
   <div class='ocr_carea' id='block_1_11' title="bbox 383 997 1971 1075">
    <p class='ocr_par' dir='ltr' id='par_1_11' title="bbox 383 997 1971 1075">
     <span class='ocr_line' id='line_1_11' title="bbox 383 997 1971 1075; baseline -0.006 -16"><span class='ocrx_word' id='word_1_64' title='bbox 383 1018 505 1059; x_wconf 87' lang='lat' dir='ltr'><strong>mus</strong></span> <span class='ocrx_word' id='word_1_65' title='bbox 565 1000 934 1075; x_wconf 62' lang='lat' dir='ltr'><strong>panitentite,</strong></span> <span class='ocrx_word' id='word_1_66' title='bbox 1003 999 1060 1056; x_wconf 91' lang='lat' dir='ltr'><strong>in</strong></span> <span class='ocrx_word' id='word_1_67' title='bbox 1121 1001 1277 1072; x_wconf 90' lang='lat' dir='ltr'><strong>cujus</strong></span> <span class='ocrx_word' id='word_1_68' title='bbox 1320 999 1478 1056; x_wconf 84' lang='lat' dir='ltr'><strong>titulo</strong></span> <span class='ocrx_word' id='word_1_69' title='bbox 1535 997 1971 1063; x_wconf 83' lang='lat' dir='ltr'><strong>demonstratur,</strong></span> 
     </span>
    </p>
   </div>
   <div class='ocr_carea' id='block_1_12' title="bbox 379 1088 1972 1167">
    <p class='ocr_par' dir='ltr' id='par_1_12' title="bbox 379 1088 1972 1167">
     <span class='ocr_line' id='line_1_12' title="bbox 379 1088 1972 1167; baseline -0.004 -17"><span class='ocrx_word' id='word_1_70' title='bbox 379 1094 529 1167; x_wconf 88' lang='lat' dir='ltr'><strong>quod</strong></span> <span class='ocrx_word' id='word_1_71' title='bbox 599 1094 871 1151; x_wconf 83' lang='lat' dir='ltr'><strong>introierit</strong></span> <span class='ocrx_word' id='word_1_72' title='bbox 931 1093 1000 1150; x_wconf 89' lang='lat' dir='ltr'><strong>ad</strong></span> <span class='ocrx_word' id='word_1_73' title='bbox 1081 1093 1384 1150; x_wconf 87' lang='lat' dir='ltr'><strong>Bethsabee</strong></span> <span class='ocrx_word' id='word_1_74' title='bbox 1461 1105 1688 1148; x_wconf 89' lang='lat' dir='ltr'><strong>uxorem</strong></span> <span class='ocrx_word' id='word_1_75' title='bbox 1776 1088 1921 1146; x_wconf 76' lang='lat' dir='ltr'><strong>Uria:</strong></span> <span class='ocrx_word' id='word_1_76' title='bbox 1955 1128 1972 1153; x_wconf 92' lang='lat'><strong>,</strong></span> 
     </span>
    </p>
   </div>
   <div class='ocr_carea' id='block_1_13' title="bbox 378 1182 1979 1262">
    <p class='ocr_par' dir='ltr' id='par_1_13' title="bbox 378 1182 1979 1262">
     <span class='ocr_line' id='line_1_13' title="bbox 378 1182 1979 1262; baseline -0.005 -17"><span class='ocrx_word' id='word_1_77' title='bbox 378 1188 542 1262; x_wconf 75' lang='lat'><strong>365</strong></span> <span class='ocrx_word' id='word_1_78' title='bbox 567 1204 690 1244; x_wconf 91' lang='lat' dir='ltr'><strong>cum</strong></span> <span class='ocrx_word' id='word_1_79' title='bbox 730 1188 944 1259; x_wconf 88' lang='lat' dir='ltr'><strong>priores</strong></span> <span class='ocrx_word' id='word_1_80' title='bbox 973 1187 1083 1243; x_wconf 89' lang='lat' dir='ltr'><strong>sint</strong></span> <span class='ocrx_word' id='word_1_81' title='bbox 1109 1187 1203 1243; x_wconf 88' lang='lat' dir='ltr'><strong>isti</strong></span> <span class='ocrx_word' id='word_1_82' title='bbox 1233 1186 1429 1258; x_wconf 86' lang='lat' dir='ltr'><strong>psalmi</strong></span> <span class='ocrx_word' id='word_1_83' title='bbox 1459 1186 1645 1251; x_wconf 89' lang='lat' dir='ltr'><strong>tertio,</strong></span> <span class='ocrx_word' id='word_1_84' title='bbox 1675 1184 1731 1239; x_wconf 90' lang='lat' dir='ltr'><strong>in</strong></span> <span class='ocrx_word' id='word_1_85' title='bbox 1755 1197 1865 1254; x_wconf 93' lang='lat' dir='ltr'><strong>quo</strong></span> <span class='ocrx_word' id='word_1_86' title='bbox 1894 1182 1979 1238; x_wconf 83' lang='lat' dir='ltr'><strong>fu-</strong></span> 
     </span>
    </p>
   </div>
   <div class='ocr_carea' id='block_1_14' title="bbox 382 1276 1976 1353">
    <p class='ocr_par' dir='ltr' id='par_1_14' title="bbox 382 1276 1976 1353">
     <span class='ocr_line' id='line_1_14' title="bbox 382 1276 1976 1353; baseline -0.004 -15"><span class='ocrx_word' id='word_1_87' title='bbox 382 1298 512 1353; x_wconf 91' lang='lat' dir='ltr'><strong>gere</strong></span> <span class='ocrx_word' id='word_1_88' title='bbox 543 1290 761 1337; x_wconf 88' lang='lat' dir='ltr'><strong>notatur</strong></span> <span class='ocrx_word' id='word_1_89' title='bbox 787 1297 818 1337; x_wconf 89' lang='lat' dir='ltr'><strong>a</strong></span> <span class='ocrx_word' id='word_1_90' title='bbox 843 1281 986 1338; x_wconf 89' lang='lat' dir='ltr'><strong>facie</strong></span> <span class='ocrx_word' id='word_1_91' title='bbox 1014 1280 1111 1337; x_wconf 86' lang='lat' dir='ltr'><strong>lilii</strong></span> <span class='ocrx_word' id='word_1_92' title='bbox 1139 1281 1226 1338; x_wconf 88' lang='lat' dir='ltr'><strong>sui</strong></span> <span class='ocrx_word' id='word_1_93' title='bbox 1247 1278 1575 1336; x_wconf 82' lang='lat' dir='ltr'><strong>Abessalon.</strong></span> <span class='ocrx_word' id='word_1_94' title='bbox 1604 1276 1712 1335; x_wconf 89' lang='lat' dir='ltr'><strong>Sed</strong></span> <span class='ocrx_word' id='word_1_95' title='bbox 1739 1277 1793 1333; x_wconf 91' lang='lat' dir='ltr'><strong>in</strong></span> <span class='ocrx_word' id='word_1_96' title='bbox 1825 1276 1976 1332; x_wconf 87' lang='lat' dir='ltr'><strong>Psal-</strong></span> 
     </span>
    </p>
   </div>
   <div class='ocr_carea' id='block_1_15' title="bbox 385 1369 1981 1445">
    <p class='ocr_par' dir='ltr' id='par_1_15' title="bbox 385 1369 1981 1445">
     <span class='ocr_line' id='line_1_15' title="bbox 385 1369 1981 1445; baseline -0.004 -15"><span class='ocrx_word' id='word_1_97' title='bbox 385 1375 490 1430; x_wconf 89' lang='lat' dir='ltr'><strong>mis</strong></span> <span class='ocrx_word' id='word_1_98' title='bbox 517 1373 695 1431; x_wconf 82' lang='lat' dir='ltr'><strong>facilis</strong></span> <span class='ocrx_word' id='word_1_99' title='bbox 723 1373 1013 1445; x_wconf 85' lang='lat' dir='ltr'><strong>responsio</strong></span> <span class='ocrx_word' id='word_1_100' title='bbox 1051 1382 1178 1440; x_wconf 89' lang='lat' dir='ltr'><strong>est,</strong></span> <span class='ocrx_word' id='word_1_101' title='bbox 1208 1387 1433 1429; x_wconf 88' lang='lat' dir='ltr'><strong>carmen</strong></span> <span class='ocrx_word' id='word_1_102' title='bbox 1469 1387 1592 1427; x_wconf 88' lang='lat' dir='ltr'><strong>esse</strong></span> <span class='ocrx_word' id='word_1_103' title='bbox 1630 1369 1892 1442; x_wconf 82' lang='lat' dir='ltr'><strong>lyricum,</strong></span> <span class='ocrx_word' id='word_1_104' title='bbox 1921 1375 1981 1424; x_wconf 90' lang='lat' dir='ltr'><strong>et</strong></span> 
     </span>
    </p>
   </div>
   <div class='ocr_carea' id='block_1_16' title="bbox 384 1464 1974 1539">
    <p class='ocr_par' dir='ltr' id='par_1_16' title="bbox 384 1464 1974 1539">
     <span class='ocr_line' id='line_1_16' title="bbox 384 1464 1974 1539; baseline -0.003 -16"><span class='ocrx_word' id='word_1_105' title='bbox 384 1467 441 1524; x_wconf 91' lang='lat' dir='ltr'><strong>in</strong></span> <span class='ocrx_word' id='word_1_106' title='bbox 471 1468 852 1539; x_wconf 84' lang='lat' dir='ltr'><strong>hujuscemodi</strong></span> <span class='ocrx_word' id='word_1_107' title='bbox 880 1482 1050 1539; x_wconf 90' lang='lat' dir='ltr'><strong>opere</strong></span> <span class='ocrx_word' id='word_1_108' title='bbox 1077 1483 1187 1523; x_wconf 89' lang='lat' dir='ltr'><strong>non</strong></span> <span class='ocrx_word' id='word_1_109' title='bbox 1209 1469 1381 1539; x_wconf 72' lang='lat' dir='ltr'><strong>qumri</strong></span> <span class='ocrx_word' id='word_1_110' title='bbox 1406 1466 1663 1524; x_wconf 91' lang='lat' dir='ltr'><strong>ordinem</strong></span> <span class='ocrx_word' id='word_1_111' title='bbox 1692 1464 1974 1530; x_wconf 70' lang='lat' dir='ltr'><strong>historiae;</strong></span> 
     </span>
    </p>
   </div>
   <div class='ocr_carea' id='block_1_17' title="bbox 380 1560 1978 1634">
    <p class='ocr_par' dir='ltr' id='par_1_17' title="bbox 380 1560 1978 1634">
     <span class='ocr_line' id='line_1_17' title="bbox 380 1560 1978 1634; baseline -0.004 -15"><span class='ocrx_word' id='word_1_112' title='bbox 380 1562 480 1621; x_wconf 89' lang='lat' dir='ltr'><strong>sed</strong></span> <span class='ocrx_word' id='word_1_113' title='bbox 513 1563 779 1621; x_wconf 90' lang='lat' dir='ltr'><strong>factorum</strong></span> <span class='ocrx_word' id='word_1_114' title='bbox 812 1563 1056 1619; x_wconf 86' lang='lat' dir='ltr'><strong>carmina</strong></span> <span class='ocrx_word' id='word_1_115' title='bbox 1084 1562 1448 1634; x_wconf 91' lang='lat' dir='ltr'><strong>singulorum.</strong></span> <span class='ocrx_word' id='word_1_116' title='bbox 1489 1561 1547 1617; x_wconf 84' lang='lat' dir='ltr'><strong>In</strong></span> <span class='ocrx_word' id='word_1_117' title='bbox 1584 1560 1818 1616; x_wconf 91' lang='lat' dir='ltr'><strong>historia</strong></span> <span class='ocrx_word' id='word_1_118' title='bbox 1846 1572 1978 1615; x_wconf 89' lang='lat' dir='ltr'><strong>vero</strong></span> 
     </span>
    </p>
   </div>
   <div class='ocr_carea' id='block_1_18' title="bbox 381 1653 1978 1728">
    <p class='ocr_par' dir='ltr' id='par_1_18' title="bbox 381 1653 1978 1728">
     <span class='ocr_line' id='line_1_18' title="bbox 381 1653 1978 1728; baseline -0.002 -18"><span class='ocrx_word' id='word_1_119' title='bbox 381 1654 513 1712; x_wconf 91' lang='lat' dir='ltr'><strong>illud</strong></span> <span class='ocrx_word' id='word_1_120' title='bbox 540 1656 833 1714; x_wconf 89' lang='lat' dir='ltr'><strong>dicendum</strong></span> <span class='ocrx_word' id='word_1_121' title='bbox 861 1667 946 1713; x_wconf 92' lang='lat' dir='ltr'><strong>est</strong></span> <span class='ocrx_word' id='word_1_122' title='bbox 964 1700 981 1727; x_wconf 95' lang='lat'><strong>,</strong></span> <span class='ocrx_word' id='word_1_123' title='bbox 1011 1672 1075 1713; x_wconf 91' lang='lat' dir='ltr'><strong>ea</strong></span> <span class='ocrx_word' id='word_1_124' title='bbox 1102 1672 1225 1728; x_wconf 59' lang='lat' dir='ltr'><strong>quas</strong></span> <span class='ocrx_word' id='word_1_125' title='bbox 1254 1656 1322 1712; x_wconf 90' lang='lat' dir='ltr'><strong>de</strong></span> <span class='ocrx_word' id='word_1_126' title='bbox 1365 1671 1467 1712; x_wconf 90' lang='lat' dir='ltr'><strong>una</strong></span> <span class='ocrx_word' id='word_1_127' title='bbox 1496 1671 1557 1712; x_wconf 90' lang='lat' dir='ltr'><strong>re</strong></span> <span class='ocrx_word' id='word_1_128' title='bbox 1584 1653 1822 1711; x_wconf 87' lang='lat' dir='ltr'><strong>diversis</strong></span> <span class='ocrx_word' id='word_1_129' title='bbox 1850 1662 1978 1709; x_wconf 90' lang='lat' dir='ltr'><strong>sunt</strong></span> 
     </span>
    </p>
   </div>
   <div class='ocr_carea' id='block_1_19' title="bbox 2073 437 3659 513">
    <p class='ocr_par' dir='ltr' id='par_1_19' title="bbox 2073 437 3659 513">
     <span class='ocr_line' id='line_1_19' title="bbox 2073 437 3659 513; baseline -0.003 -17"><span class='ocrx_word' id='word_1_130' title='bbox 2073 455 2274 498; x_wconf 91' lang='lat' dir='ltr'><strong>menon</strong></span> <span class='ocrx_word' id='word_1_131' title='bbox 2306 441 2443 498; x_wconf 92' lang='lat' dir='ltr'><strong>liber</strong></span> <span class='ocrx_word' id='word_1_132' title='bbox 2468 449 2527 498; x_wconf 90' lang='lat' dir='ltr'><strong>et</strong></span> <span class='ocrx_word' id='word_1_133' title='bbox 2563 441 2738 509; x_wconf 73' lang='lat' dir='ltr'><strong>Ezraa,</strong></span> <span class='ocrx_word' id='word_1_134' title='bbox 2767 441 2959 513; x_wconf 90' lang='lat' dir='ltr'><strong>juncto</strong></span> <span class='ocrx_word' id='word_1_135' title='bbox 2982 440 3086 497; x_wconf 85' lang='lat' dir='ltr'><strong>sibi</strong></span> <span class='ocrx_word' id='word_1_136' title='bbox 3118 440 3325 513; x_wconf 90' lang='lat' dir='ltr'><strong>pariter</strong></span> <span class='ocrx_word' id='word_1_137' title='bbox 3353 437 3612 494; x_wconf 82' lang='lat' dir='ltr'><strong>Nehemia</strong></span> <span class='ocrx_word' id='word_1_138' title='bbox 3643 480 3659 505; x_wconf 95' lang='lat'><strong>,</strong></span> 
     </span>
    </p>
   </div>
   <div class='ocr_carea' id='block_1_20' title="bbox 2075 531 3666 605">
    <p class='ocr_par' dir='ltr' id='par_1_20' title="bbox 2075 531 3666 605">
     <span class='ocr_line' id='line_1_20' title="bbox 2075 531 3666 605; baseline -0.002 -16"><span class='ocrx_word' id='word_1_139' title='bbox 2075 542 2465 603; x_wconf 65' lang='lat' dir='ltr'><strong>praeposteram</strong></span> <span class='ocrx_word' id='word_1_140' title='bbox 2489 534 2857 591; x_wconf 85' lang='lat' dir='ltr'><strong>narrationem</strong></span> <span class='ocrx_word' id='word_1_141' title='bbox 2886 549 3226 605; x_wconf 85' lang='lat' dir='ltr'><strong>nequaquam</strong></span> <span class='ocrx_word' id='word_1_142' title='bbox 3253 532 3510 605; x_wconf 89' lang='lat' dir='ltr'><strong>reperiri.</strong></span> <span class='ocrx_word' id='word_1_143' title='bbox 3537 531 3666 588; x_wconf 72' lang='lat' dir='ltr'><strong>Haac</strong></span> 
     </span>
    </p>
   </div>
   <div class='ocr_carea' id='block_1_21' title="bbox 2074 626 3665 687">
    <p class='ocr_par' dir='ltr' id='par_1_21' title="bbox 2074 626 3665 687">
     <span class='ocr_line' id='line_1_21' title="bbox 2074 626 3665 687; baseline -0.002 -3"><span class='ocrx_word' id='word_1_144' title='bbox 2074 628 2143 684; x_wconf 87' lang='lat' dir='ltr'><strong>de</strong></span> <span class='ocrx_word' id='word_1_145' title='bbox 2168 643 2433 685; x_wconf 88' lang='lat' dir='ltr'><strong>annorum</strong></span> <span class='ocrx_word' id='word_1_146' title='bbox 2460 628 2656 686; x_wconf 89' lang='lat' dir='ltr'><strong>ordine</strong></span> <span class='ocrx_word' id='word_1_147' title='bbox 2678 628 2888 687; x_wconf 80' lang='lat' dir='ltr'><strong>dixisse</strong></span> <span class='ocrx_word' id='word_1_148' title='bbox 2913 628 3172 685; x_wconf 84' lang='lat' dir='ltr'><strong>sufﬁciat.</strong></span> <span class='ocrx_word' id='word_1_149' title='bbox 3201 627 3354 685; x_wconf 84' lang='lat' dir='ltr'><strong>Nunc</strong></span> <span class='ocrx_word' id='word_1_150' title='bbox 3382 626 3665 683; x_wconf 83' lang='lat' dir='ltr'><strong>videamus</strong></span> 
     </span>
    </p>
   </div>
   <div class='ocr_carea' id='block_1_22' title="bbox 2073 718 3667 794">
    <p class='ocr_par' dir='ltr' id='par_1_22' title="bbox 2073 718 3667 794">
     <span class='ocr_line' id='line_1_22' title="bbox 2073 718 3667 794; baseline -0.001 -18"><span class='ocrx_word' id='word_1_151' title='bbox 2073 736 2198 792; x_wconf 69' lang='lat' dir='ltr'><strong>qua:</strong></span> <span class='ocrx_word' id='word_1_152' title='bbox 2225 731 2416 778; x_wconf 91' lang='lat' dir='ltr'><strong>contra</strong></span> <span class='ocrx_word' id='word_1_153' title='bbox 2466 721 2847 791; x_wconf 86' lang='lat' dir='ltr'><strong>Pharaonem,</strong></span> <span class='ocrx_word' id='word_1_154' title='bbox 2872 722 3064 794; x_wconf 63' lang='lat'><strong><em>{366</em></strong></span> <span class='ocrx_word' id='word_1_155' title='bbox 3114 720 3228 777; x_wconf 90' lang='lat' dir='ltr'><strong>sive</strong></span> <span class='ocrx_word' id='word_1_156' title='bbox 3271 720 3341 776; x_wconf 88' lang='lat' dir='ltr'><strong>de</strong></span> <span class='ocrx_word' id='word_1_157' title='bbox 3378 718 3667 776; x_wconf 90' lang='lat' dir='ltr'><strong>Pharaone</strong></span> 
     </span>
    </p>
   </div>
   <div class='ocr_carea' id='block_1_23' title="bbox 2075 814 3667 887">
    <p class='ocr_par' dir='ltr' id='par_1_23' title="bbox 2075 814 3667 887">
     <span class='ocr_line' id='line_1_23' title="bbox 2075 814 3667 887; baseline -0.001 -16"><span class='ocrx_word' id='word_1_158' title='bbox 2075 817 2357 886; x_wconf 88' lang='lat' dir='ltr'><strong>prophetia</strong></span> <span class='ocrx_word' id='word_1_159' title='bbox 2386 816 2481 873; x_wconf 91' lang='lat' dir='ltr'><strong>sit.</strong></span> <span class='ocrx_word' id='word_1_160' title='bbox 2516 816 2809 873; x_wconf 86' lang='lat' dir='ltr'><strong>Bracbium</strong></span> <span class='ocrx_word' id='word_1_161' title='bbox 2849 815 2967 887; x_wconf 86' lang='lat' dir='ltr'><strong>ejus</strong></span> <span class='ocrx_word' id='word_1_162' title='bbox 3013 814 3352 887; x_wconf 87' lang='lat' dir='ltr'><strong>confregisse</strong></span> <span class='ocrx_word' id='word_1_163' title='bbox 3385 830 3449 871; x_wconf 93' lang='lat' dir='ltr'><strong>se</strong></span> <span class='ocrx_word' id='word_1_164' title='bbox 3493 815 3667 880; x_wconf 89' lang='lat' dir='ltr'><strong>dicit,</strong></span> 
     </span>
    </p>
   </div>
   <div class='ocr_carea' id='block_1_24' title="bbox 2076 910 3666 980">
    <p class='ocr_par' dir='ltr' id='par_1_24' title="bbox 2076 910 3666 980">
     <span class='ocr_line' id='line_1_24' title="bbox 2076 910 3666 980; baseline -0.002 -15"><span class='ocrx_word' id='word_1_165' title='bbox 2076 919 2131 965; x_wconf 91' lang='lat' dir='ltr'><strong>et</strong></span> <span class='ocrx_word' id='word_1_166' title='bbox 2160 924 2269 964; x_wconf 92' lang='lat' dir='ltr'><strong>non</strong></span> <span class='ocrx_word' id='word_1_167' title='bbox 2317 924 2441 965; x_wconf 90' lang='lat' dir='ltr'><strong>esse</strong></span> <span class='ocrx_word' id='word_1_168' title='bbox 2469 910 2787 965; x_wconf 81' lang='lat' dir='ltr'><strong>obvolutum</strong></span> <span class='ocrx_word' id='word_1_169' title='bbox 2837 924 3014 976; x_wconf 86' lang='lat' dir='ltr'><strong>neque</strong></span> <span class='ocrx_word' id='word_1_170' title='bbox 3043 910 3295 980; x_wconf 86' lang='lat' dir='ltr'><strong>ligatum,</strong></span> <span class='ocrx_word' id='word_1_171' title='bbox 3331 923 3433 965; x_wconf 89' lang='lat' dir='ltr'><strong>nec</strong></span> <span class='ocrx_word' id='word_1_172' title='bbox 3460 916 3666 964; x_wconf 88' lang='lat' dir='ltr'><strong>sartum</strong></span> 
     </span>
    </p>
   </div>
   <div class='ocr_carea' id='block_1_25' title="bbox 2096 1002 3667 1077">
    <p class='ocr_par' dir='ltr' id='par_1_25' title="bbox 2096 1002 3667 1077">
     <span class='ocr_line' id='line_1_25' title="bbox 2096 1002 3667 1077; baseline 0 -20"><span class='ocrx_word' id='word_1_173' title='bbox 2096 1002 2350 1070; x_wconf 88' lang='lat' dir='ltr'><strong>inteolis,</strong></span> <span class='ocrx_word' id='word_1_174' title='bbox 2383 1019 2488 1060; x_wconf 92' lang='lat' dir='ltr'><strong>nec</strong></span> <span class='ocrx_word' id='word_1_175' title='bbox 2513 1006 2795 1077; x_wconf 88' lang='lat' dir='ltr'><strong>accepisse</strong></span> <span class='ocrx_word' id='word_1_176' title='bbox 2824 1006 3091 1076; x_wconf 82' lang='lat' dir='ltr'><strong>malagma</strong></span> <span class='ocrx_word' id='word_1_177' title='bbox 3110 1044 3126 1071; x_wconf 95' lang='lat'><strong>,</strong></span> <span class='ocrx_word' id='word_1_178' title='bbox 3164 1003 3319 1074; x_wconf 83' lang='lat' dir='ltr'><strong>juxta</strong></span> <span class='ocrx_word' id='word_1_179' title='bbox 3359 1002 3496 1059; x_wconf 89' lang='lat' dir='ltr'><strong>illud</strong></span> <span class='ocrx_word' id='word_1_180' title='bbox 3525 1002 3667 1074; x_wconf 90' lang='lat' dir='ltr'><strong>quod</strong></span> 
     </span>
    </p>
   </div>
   <div class='ocr_carea' id='block_1_26' title="bbox 2075 1099 3667 1174">
    <p class='ocr_par' dir='ltr' id='par_1_26' title="bbox 2075 1099 3667 1174">
     <span class='ocr_line' id='line_1_26' title="bbox 2075 1099 3667 1174; baseline -0.001 -20"><span class='ocrx_word' id='word_1_181' title='bbox 2075 1100 2339 1171; x_wconf 88' lang='lat' dir='ltr'><strong>scriptum</strong></span> <span class='ocrx_word' id='word_1_182' title='bbox 2364 1110 2452 1157; x_wconf 87' lang='lat' dir='ltr'><strong>est</strong></span> <span class='ocrx_word' id='word_1_183' title='bbox 2483 1119 2498 1157; x_wconf 85' lang='lat'><strong>:</strong></span> <span class='ocrx_word' id='word_1_184' title='bbox 2531 1101 2654 1157; x_wconf 87' lang='lat' dir='ltr'><strong>Non</strong></span> <span class='ocrx_word' id='word_1_185' title='bbox 2674 1112 2750 1158; x_wconf 86' lang='lat' dir='ltr'><strong>est</strong></span> <span class='ocrx_word' id='word_1_186' title='bbox 2770 1101 3035 1174; x_wconf 80' lang='lat' dir='ltr'><strong>malagma</strong></span> <span class='ocrx_word' id='word_1_187' title='bbox 3054 1102 3337 1170; x_wconf 82' lang='lat' dir='ltr'><strong>imponere,</strong></span> <span class='ocrx_word' id='word_1_188' title='bbox 3364 1114 3457 1155; x_wconf 75' lang='lat' dir='ltr'><strong>nec</strong></span> <span class='ocrx_word' id='word_1_189' title='bbox 3477 1099 3667 1166; x_wconf 82' lang='lat' dir='ltr'><strong>oleum,</strong></span> 
     </span>
    </p>
   </div>
   <div class='ocr_carea' id='block_1_27' title="bbox 2076 1192 3667 1268">
    <p class='ocr_par' dir='ltr' id='par_1_27' title="bbox 2076 1192 3667 1268">
     <span class='ocr_line' id='line_1_27' title="bbox 2076 1192 3667 1268; baseline -0.002 -19"><span class='ocrx_word' id='word_1_190' title='bbox 2076 1212 2170 1250; x_wconf 86' lang='lat' dir='ltr'><strong>nec</strong></span> <span class='ocrx_word' id='word_1_191' title='bbox 2198 1196 2681 1268; x_wconf 82' lang='lat' dir='ltr'><strong>alligaturas(lsa.</strong></span> <span class='ocrx_word' id='word_1_192' title='bbox 2721 1214 2762 1265; x_wconf 83' lang='grc' dir='ltr'><strong>ι,</strong></span> <span class='ocrx_word' id='word_1_193' title='bbox 2806 1214 2907 1252; x_wconf 84' lang='lat' dir='ltr'><strong>sec.</strong></span> <span class='ocrx_word' id='word_1_194' title='bbox 2950 1194 3151 1267; x_wconf 77' lang='lat' dir='ltr'><strong>LXX).</strong></span> <span class='ocrx_word' id='word_1_195' title='bbox 3184 1194 3341 1264; x_wconf 84' lang='lat' dir='ltr'><strong>Quod</strong></span> <span class='ocrx_word' id='word_1_196' title='bbox 3372 1194 3419 1250; x_wconf 90' lang='lat' dir='ltr'><strong>si</strong></span> <span class='ocrx_word' id='word_1_197' title='bbox 3466 1192 3667 1248; x_wconf 81' lang='lat' dir='ltr'><strong>factum</strong></span> 
     </span>
    </p>
   </div>
   <div class='ocr_carea' id='block_1_28' title="bbox 2078 1288 3671 1362">
    <p class='ocr_par' dir='ltr' id='par_1_28' title="bbox 2078 1288 3671 1362">
     <span class='ocr_line' id='line_1_28' title="bbox 2078 1288 3671 1362; baseline -0.002 -18"><span class='ocrx_word' id='word_1_198' title='bbox 2078 1289 2304 1357; x_wconf 85' lang='lat' dir='ltr'><strong>fuisset,</strong></span> <span class='ocrx_word' id='word_1_199' title='bbox 2354 1292 2541 1361; x_wconf 91' lang='lat' dir='ltr'><strong>utique</strong></span> <span class='ocrx_word' id='word_1_200' title='bbox 2586 1298 2807 1362; x_wconf 88' lang='lat' dir='ltr'><strong>recepta</strong></span> <span class='ocrx_word' id='word_1_201' title='bbox 2855 1288 3200 1356; x_wconf 84' lang='lat' dir='ltr'><strong>fortitudine,</strong></span> <span class='ocrx_word' id='word_1_202' title='bbox 3252 1294 3441 1358; x_wconf 87' lang='lat' dir='ltr'><strong>posset</strong></span> <span class='ocrx_word' id='word_1_203' title='bbox 3482 1294 3671 1341; x_wconf 89' lang='lat' dir='ltr'><strong>tenere</strong></span> 
     </span>
    </p>
   </div>
   <div class='ocr_carea' id='block_1_29' title="bbox 2078 1382 3675 1456">
    <p class='ocr_par' dir='ltr' id='par_1_29' title="bbox 2078 1382 3675 1456">
     <span class='ocr_line' id='line_1_29' title="bbox 2078 1382 3675 1456; baseline -0.005 -15"><span class='ocrx_word' id='word_1_204' title='bbox 2078 1386 2340 1456; x_wconf 81' lang='lat' dir='ltr'><strong>gladium,</strong></span> <span class='ocrx_word' id='word_1_205' title='bbox 2368 1396 2423 1442; x_wconf 92' lang='lat' dir='ltr'><strong>et</strong></span> <span class='ocrx_word' id='word_1_206' title='bbox 2450 1385 2519 1440; x_wconf 89' lang='lat' dir='ltr'><strong>ad</strong></span> <span class='ocrx_word' id='word_1_207' title='bbox 2558 1386 2698 1441; x_wconf 88' lang='lat' dir='ltr'><strong>bella</strong></span> <span class='ocrx_word' id='word_1_208' title='bbox 2738 1384 3057 1456; x_wconf 89' lang='lat' dir='ltr'><strong>procedere.</strong></span> <span class='ocrx_word' id='word_1_209' title='bbox 3089 1382 3303 1439; x_wconf 85' lang='lat' dir='ltr'><strong>Idcirco</strong></span> <span class='ocrx_word' id='word_1_210' title='bbox 3334 1382 3580 1436; x_wconf 86' lang='lat' dir='ltr'><strong>clemens</strong></span> <span class='ocrx_word' id='word_1_211' title='bbox 3618 1385 3675 1435; x_wconf 89' lang='lat' dir='ltr'><strong>et</strong></span> 
     </span>
    </p>
   </div>
   <div class='ocr_carea' id='block_1_30' title="bbox 2080 1473 3669 1545">
    <p class='ocr_par' dir='ltr' id='par_1_30' title="bbox 2080 1473 3669 1545">
     <span class='ocr_line' id='line_1_30' title="bbox 2080 1473 3669 1545; baseline -0.002 -12"><span class='ocrx_word' id='word_1_212' title='bbox 2080 1480 2398 1536; x_wconf 87' lang='lat' dir='ltr'><strong>misericors</strong></span> <span class='ocrx_word' id='word_1_213' title='bbox 2430 1480 2574 1538; x_wconf 90' lang='lat' dir='ltr'><strong>Deus</strong></span> <span class='ocrx_word' id='word_1_214' title='bbox 2603 1494 2823 1536; x_wconf 89' lang='lat' dir='ltr'><strong>rursum</strong></span> <span class='ocrx_word' id='word_1_215' title='bbox 2852 1477 3178 1535; x_wconf 87' lang='lat' dir='ltr'><strong>comminuit</strong></span> <span class='ocrx_word' id='word_1_216' title='bbox 3214 1475 3498 1531; x_wconf 83' lang='lat' dir='ltr'><strong>brachium</strong></span> <span class='ocrx_word' id='word_1_217' title='bbox 3532 1473 3669 1545; x_wconf 83' lang='lat' dir='ltr'><strong>ejus,</strong></span> 
     </span>
    </p>
   </div>
   <div class='ocr_carea' id='block_1_31' title="bbox 2080 1567 3670 1644">
    <p class='ocr_par' dir='ltr' id='par_1_31' title="bbox 2080 1567 3670 1644">
     <span class='ocr_line' id='line_1_31' title="bbox 2080 1567 3670 1644; baseline -0.004 -19"><span class='ocrx_word' id='word_1_218' title='bbox 2080 1571 2197 1627; x_wconf 90' lang='lat' dir='ltr'><strong>sive</strong></span> <span class='ocrx_word' id='word_1_219' title='bbox 2222 1572 2469 1639; x_wconf 88' lang='lat' dir='ltr'><strong>brachia,</strong></span> <span class='ocrx_word' id='word_1_220' title='bbox 2498 1581 2558 1627; x_wconf 92' lang='lat' dir='ltr'><strong>ut</strong></span> <span class='ocrx_word' id='word_1_221' title='bbox 2579 1574 2801 1644; x_wconf 89' lang='lat' dir='ltr'><strong>penitus</strong></span> <span class='ocrx_word' id='word_1_222' title='bbox 2825 1572 2983 1628; x_wconf 88' lang='lat' dir='ltr'><strong>cadat</strong></span> <span class='ocrx_word' id='word_1_223' title='bbox 3011 1570 3225 1642; x_wconf 89' lang='lat' dir='ltr'><strong>gladius</strong></span> <span class='ocrx_word' id='word_1_224' title='bbox 3252 1569 3321 1625; x_wconf 89' lang='lat' dir='ltr'><strong>de</strong></span> <span class='ocrx_word' id='word_1_225' title='bbox 3343 1582 3507 1623; x_wconf 89' lang='lat' dir='ltr'><strong>manu</strong></span> <span class='ocrx_word' id='word_1_226' title='bbox 3531 1567 3670 1634; x_wconf 84' lang='lat' dir='ltr'><strong>cius,</strong></span> 
     </span>
    </p>
   </div>
   <div class='ocr_carea' id='block_1_32' title="bbox 2080 1660 3669 1737">
    <p class='ocr_par' dir='ltr' id='par_1_32' title="bbox 2080 1660 3669 1737">
     <span class='ocr_line' id='line_1_32' title="bbox 2080 1660 3669 1737; baseline -0.003 -18"><span class='ocrx_word' id='word_1_227' title='bbox 2080 1674 2137 1719; x_wconf 90' lang='lat' dir='ltr'><strong>et</strong></span> <span class='ocrx_word' id='word_1_228' title='bbox 2166 1664 2438 1735; x_wconf 90' lang='lat' dir='ltr'><strong>ingentes</strong></span> <span class='ocrx_word' id='word_1_229' title='bbox 2477 1664 2751 1737; x_wconf 65' lang='lat' dir='ltr'><strong>Egyptus</strong></span> <span class='ocrx_word' id='word_1_230' title='bbox 2792 1666 3159 1736; x_wconf 89' lang='lat' dir='ltr'><strong>dispergatur,</strong></span> <span class='ocrx_word' id='word_1_231' title='bbox 3201 1672 3256 1718; x_wconf 89' lang='lat' dir='ltr'><strong>et</strong></span> <span class='ocrx_word' id='word_1_232' title='bbox 3297 1662 3590 1718; x_wconf 87' lang='lat' dir='ltr'><strong>ventiletur</strong></span> <span class='ocrx_word' id='word_1_233' title='bbox 3618 1660 3669 1714; x_wconf 90' lang='lat' dir='ltr'><strong>in</strong></span> 
     </span>
    </p>
   </div>
   <div class='ocr_carea' id='block_1_33' title="bbox 380 1740 3674 1827">
    <p class='ocr_par' dir='ltr' id='par_1_33' title="bbox 380 1740 3674 1827">
     <span class='ocr_line' id='line_1_33' title="bbox 380 1740 3674 1827; baseline -0.003 -9"><span class='ocrx_word' id='word_1_234' title='bbox 380 1750 525 1807; x_wconf 71' lang='grc' dir='ltr'><strong>ἀίειᾶ</strong></span> <span class='ocrx_word' id='word_1_235' title='bbox 556 1751 894 1825; x_wconf 70' lang='grc' dir='ltr'><strong>ιθωροτὶῢυε</strong></span> <span class='ocrx_word' id='word_1_236' title='bbox 914 1792 931 1818; x_wconf 71' lang='grc' dir='ltr'><strong>ο</strong></span> <span class='ocrx_word' id='word_1_237' title='bbox 961 1766 1071 1808; x_wconf 78' lang='lat' dir='ltr'><strong>non</strong></span> <span class='ocrx_word' id='word_1_238' title='bbox 1111 1751 1316 1807; x_wconf 71' lang='lat' dir='ltr'><strong>debere</strong></span> <span class='ocrx_word' id='word_1_239' title='bbox 1346 1751 1598 1807; x_wconf 72' lang='lat' dir='ltr'><strong>oralione</strong></span> <span class='ocrx_word' id='word_1_240' title='bbox 1626 1747 1828 1817; x_wconf 71' lang='lat' dir='ltr'><strong>diVidi,</strong></span> <span class='ocrx_word' id='word_1_241' title='bbox 1880 1747 1979 1806; x_wconf 74' lang='lat' dir='ltr'><strong>58d</strong></span> <span class='ocrx_word' id='word_1_242' title='bbox 2009 1740 2058 1803; x_wconf 86' lang='grc' dir='ltr'><strong>Β</strong></span> <span class='ocrx_word' id='word_1_243' title='bbox 2085 1767 2274 1814; x_wconf 86' lang='lat' dir='ltr'><strong>terras.</strong></span> <span class='ocrx_word' id='word_1_244' title='bbox 2308 1758 2366 1814; x_wconf 83' lang='lat' dir='ltr'><strong>In</strong></span> <span class='ocrx_word' id='word_1_245' title='bbox 2394 1759 2617 1814; x_wconf 87' lang='lat' dir='ltr'><strong>brachio</strong></span> <span class='ocrx_word' id='word_1_246' title='bbox 2640 1769 2823 1814; x_wconf 88' lang='lat' dir='ltr'><strong>autem</strong></span> <span class='ocrx_word' id='word_1_247' title='bbox 2852 1759 3018 1814; x_wconf 87' lang='lat' dir='ltr'><strong>robur</strong></span> <span class='ocrx_word' id='word_1_248' title='bbox 3040 1768 3067 1796; x_wconf 76' lang='grc' dir='ltr'><strong>ει</strong></span> <span class='ocrx_word' id='word_1_249' title='bbox 3097 1756 3287 1827; x_wconf 87' lang='lat' dir='ltr'><strong>accipe</strong></span> <span class='ocrx_word' id='word_1_250' title='bbox 3312 1765 3368 1811; x_wconf 91' lang='lat' dir='ltr'><strong>et</strong></span> <span class='ocrx_word' id='word_1_251' title='bbox 3397 1752 3674 1809; x_wconf 81' lang='lat' dir='ltr'><strong>fortitudi—</strong></span> 
     </span>
    </p>
   </div>
   <div class='ocr_carea' id='block_1_34' title="bbox 380 1844 1976 1915">
    <p class='ocr_par' dir='ltr' id='par_1_34' title="bbox 380 1844 1976 1915">
     <span class='ocr_line' id='line_1_34' title="bbox 380 1844 1976 1915; baseline -0.001 -16"><span class='ocrx_word' id='word_1_252' title='bbox 380 1844 543 1900; x_wconf 92' lang='lat' dir='ltr'><strong>unius</strong></span> <span class='ocrx_word' id='word_1_253' title='bbox 569 1844 675 1902; x_wconf 91' lang='lat' dir='ltr'><strong>loci</strong></span> <span class='ocrx_word' id='word_1_254' title='bbox 705 1846 1022 1902; x_wconf 82' lang='lat' dir='ltr'><strong>narratione</strong></span> <span class='ocrx_word' id='word_1_255' title='bbox 1046 1844 1321 1901; x_wconf 90' lang='lat' dir='ltr'><strong>concludi.</strong></span> <span class='ocrx_word' id='word_1_256' title='bbox 1345 1844 1511 1901; x_wconf 80' lang='lat' dir='ltr'><strong>Verbi</strong></span> <span class='ocrx_word' id='word_1_257' title='bbox 1536 1845 1734 1915; x_wconf 89' lang='lat' dir='ltr'><strong>gratia,</strong></span> <span class='ocrx_word' id='word_1_258' title='bbox 1766 1852 1828 1897; x_wconf 91' lang='lat' dir='ltr'><strong>ut</strong></span> <span class='ocrx_word' id='word_1_259' title='bbox 1851 1857 1976 1913; x_wconf 71' lang='lat' dir='ltr'><strong>qua:</strong></span> 
     </span>
    </p>
   </div>
   <div class='ocr_carea' id='block_1_35' title="bbox 380 1937 1979 2011">
    <p class='ocr_par' dir='ltr' id='par_1_35' title="bbox 380 1937 1979 2011">
     <span class='ocr_line' id='line_1_35' title="bbox 380 1937 1979 2011; baseline -0.003 -18"><span class='ocrx_word' id='word_1_260' title='bbox 380 1937 450 1993; x_wconf 90' lang='lat' dir='ltr'><strong>de</strong></span> <span class='ocrx_word' id='word_1_261' title='bbox 480 1938 717 2011; x_wconf 67' lang='lat' dir='ltr'><strong>Egypto</strong></span> <span class='ocrx_word' id='word_1_262' title='bbox 745 1939 891 1995; x_wconf 92' lang='lat' dir='ltr'><strong>dicta</strong></span> <span class='ocrx_word' id='word_1_263' title='bbox 921 1948 1049 1994; x_wconf 88' lang='lat' dir='ltr'><strong>sunt</strong></span> <span class='ocrx_word' id='word_1_264' title='bbox 1076 1937 1186 1994; x_wconf 91' lang='lat' dir='ltr'><strong>alio</strong></span> <span class='ocrx_word' id='word_1_265' title='bbox 1216 1948 1381 2009; x_wconf 89' lang='lat' dir='ltr'><strong>atque</strong></span> <span class='ocrx_word' id='word_1_266' title='bbox 1416 1937 1525 1994; x_wconf 93' lang='lat' dir='ltr'><strong>alio</strong></span> <span class='ocrx_word' id='word_1_267' title='bbox 1566 1946 1840 2007; x_wconf 89' lang='lat' dir='ltr'><strong>tempore,</strong></span> <span class='ocrx_word' id='word_1_268' title='bbox 1867 1951 1979 1990; x_wconf 90' lang='lat' dir='ltr'><strong>uno</strong></span> 
     </span>
    </p>
   </div>
   <div class='ocr_carea' id='block_1_36' title="bbox 381 2028 1975 2103">
    <p class='ocr_par' dir='ltr' id='par_1_36' title="bbox 381 2028 1975 2103">
     <span class='ocr_line' id='line_1_36' title="bbox 381 2028 1975 2103; baseline -0.001 -17"><span class='ocrx_word' id='word_1_269' title='bbox 381 2031 643 2087; x_wconf 90' lang='lat' dir='ltr'><strong>lectionis</strong></span> <span class='ocrx_word' id='word_1_270' title='bbox 669 2032 864 2088; x_wconf 90' lang='lat' dir='ltr'><strong>ordine</strong></span> <span class='ocrx_word' id='word_1_271' title='bbox 892 2040 1313 2103; x_wconf 85' lang='lat' dir='ltr'><strong>cognoscantur.</strong></span> <span class='ocrx_word' id='word_1_272' title='bbox 1343 2028 1482 2087; x_wconf 88' lang='lat' dir='ltr'><strong>Cum</strong></span> <span class='ocrx_word' id='word_1_273' title='bbox 1514 2029 1634 2087; x_wconf 59' lang='lat' dir='ltr'><strong>haec</strong></span> <span class='ocrx_word' id='word_1_274' title='bbox 1655 2028 1975 2097; x_wconf 79' lang='lat' dir='ltr'><strong>dixerimus,</strong></span> 
     </span>
    </p>
   </div>
   <div class='ocr_carea' id='block_1_37' title="bbox 383 2121 1979 2196">
    <p class='ocr_par' dir='ltr' id='par_1_37' title="bbox 383 2121 1979 2196">
     <span class='ocr_line' id='line_1_37' title="bbox 383 2121 1979 2196; baseline -0.001 -17"><span class='ocrx_word' id='word_1_275' title='bbox 383 2134 568 2181; x_wconf 89' lang='lat' dir='ltr'><strong>manet</strong></span> <span class='ocrx_word' id='word_1_276' title='bbox 598 2125 960 2183; x_wconf 87' lang='lat' dir='ltr'><strong>nihilominus</strong></span> <span class='ocrx_word' id='word_1_277' title='bbox 985 2126 1218 2196; x_wconf 73' lang='lat' dir='ltr'><strong>quaestio</strong></span> <span class='ocrx_word' id='word_1_278' title='bbox 1248 2143 1263 2179; x_wconf 84' lang='lat'><strong>:</strong></span> <span class='ocrx_word' id='word_1_279' title='bbox 1292 2122 1400 2180; x_wconf 87' lang='lat' dir='ltr'><strong>Cur</strong></span> <span class='ocrx_word' id='word_1_280' title='bbox 1439 2125 1493 2179; x_wconf 92' lang='lat' dir='ltr'><strong>in</strong></span> <span class='ocrx_word' id='word_1_281' title='bbox 1538 2123 1642 2179; x_wconf 92' lang='lat' dir='ltr'><strong>hoc</strong></span> <span class='ocrx_word' id='word_1_282' title='bbox 1670 2122 1860 2179; x_wconf 91' lang='lat' dir='ltr'><strong>eodem</strong></span> <span class='ocrx_word' id='word_1_283' title='bbox 1892 2121 1979 2177; x_wconf 87' lang='lat' dir='ltr'><strong>lo-</strong></span> 
     </span>
    </p>
   </div>
   <div class='ocr_carea' id='block_1_38' title="bbox 377 2217 1975 2289">
    <p class='ocr_par' dir='ltr' id='par_1_38' title="bbox 377 2217 1975 2289">
     <span class='ocr_line' id='line_1_38' title="bbox 377 2217 1975 2289; baseline -0.002 -15"><span class='ocrx_word' id='word_1_284' title='bbox 377 2232 443 2274; x_wconf 86' lang='lat' dir='ltr'><strong>co</strong></span> <span class='ocrx_word' id='word_1_285' title='bbox 472 2219 707 2289; x_wconf 88' lang='lat' dir='ltr'><strong>primum</strong></span> <span class='ocrx_word' id='word_1_286' title='bbox 733 2220 906 2276; x_wconf 88' lang='lat' dir='ltr'><strong>factus</strong></span> <span class='ocrx_word' id='word_1_287' title='bbox 936 2218 1009 2275; x_wconf 93' lang='lat' dir='ltr'><strong>sit</strong></span> <span class='ocrx_word' id='word_1_288' title='bbox 1035 2234 1220 2275; x_wconf 87' lang='lat' dir='ltr'><strong>sermo</strong></span> <span class='ocrx_word' id='word_1_289' title='bbox 1257 2217 1481 2275; x_wconf 90' lang='lat' dir='ltr'><strong>Domini</strong></span> <span class='ocrx_word' id='word_1_290' title='bbox 1524 2218 1594 2273; x_wconf 91' lang='lat' dir='ltr'><strong>ad</strong></span> <span class='ocrx_word' id='word_1_291' title='bbox 1633 2217 1975 2273; x_wconf 87' lang='lat' dir='ltr'><strong>Pharaonem</strong></span> 
     </span>
    </p>
   </div>
   <div class='ocr_carea' id='block_1_39' title="bbox 377 2310 1980 2382">
    <p class='ocr_par' dir='ltr' id='par_1_39' title="bbox 377 2310 1980 2382">
     <span class='ocr_line' id='line_1_39' title="bbox 377 2310 1980 2382; baseline 0 -17"><span class='ocrx_word' id='word_1_292' title='bbox 377 2326 522 2367; x_wconf 90' lang='lat' dir='ltr'><strong>anno</strong></span> <span class='ocrx_word' id='word_1_293' title='bbox 545 2311 858 2380; x_wconf 91' lang='lat' dir='ltr'><strong>undecimo,</strong></span> <span class='ocrx_word' id='word_1_294' title='bbox 882 2320 937 2368; x_wconf 90' lang='lat' dir='ltr'><strong>et</strong></span> <span class='ocrx_word' id='word_1_295' title='bbox 962 2322 1151 2382; x_wconf 88' lang='lat' dir='ltr'><strong>postea</strong></span> <span class='ocrx_word' id='word_1_296' title='bbox 1171 2312 1434 2367; x_wconf 89' lang='lat' dir='ltr'><strong>vicesimo</strong></span> <span class='ocrx_word' id='word_1_297' title='bbox 1456 2310 1714 2381; x_wconf 89' lang='lat' dir='ltr'><strong>septimo,</strong></span> <span class='ocrx_word' id='word_1_298' title='bbox 1738 2320 1796 2366; x_wconf 92' lang='lat' dir='ltr'><strong>et</strong></span> <span class='ocrx_word' id='word_1_299' title='bbox 1821 2310 1980 2365; x_wconf 86' lang='lat' dir='ltr'><strong>dein—</strong></span> 
     </span>
    </p>
   </div>
   <div class='ocr_carea' id='block_1_40' title="bbox 377 2404 1978 2476">
    <p class='ocr_par' dir='ltr' id='par_1_40' title="bbox 377 2404 1978 2476">
     <span class='ocr_line' id='line_1_40' title="bbox 377 2404 1978 2476; baseline -0.001 -16"><span class='ocrx_word' id='word_1_300' title='bbox 377 2420 509 2476; x_wconf 91' lang='lat' dir='ltr'><strong>ceps</strong></span> <span class='ocrx_word' id='word_1_301' title='bbox 533 2421 677 2462; x_wconf 87' lang='lat' dir='ltr'><strong>anno</strong></span> <span class='ocrx_word' id='word_1_302' title='bbox 693 2405 929 2473; x_wconf 89' lang='lat' dir='ltr'><strong>decimo,</strong></span> <span class='ocrx_word' id='word_1_303' title='bbox 965 2422 1089 2462; x_wconf 91' lang='lat' dir='ltr'><strong>cum</strong></span> <span class='ocrx_word' id='word_1_304' title='bbox 1117 2406 1302 2476; x_wconf 91' lang='lat' dir='ltr'><strong>utique</strong></span> <span class='ocrx_word' id='word_1_305' title='bbox 1319 2404 1471 2475; x_wconf 83' lang='lat' dir='ltr'><strong>juxta</strong></span> <span class='ocrx_word' id='word_1_306' title='bbox 1500 2404 1777 2469; x_wconf 88' lang='lat' dir='ltr'><strong>ordinem,</strong></span> <span class='ocrx_word' id='word_1_307' title='bbox 1802 2405 1978 2474; x_wconf 89' lang='lat' dir='ltr'><strong>primo</strong></span> 
     </span>
    </p>
   </div>
   <div class='ocr_carea' id='block_1_41' title="bbox 380 2498 1980 2568">
    <p class='ocr_par' dir='ltr' id='par_1_41' title="bbox 380 2498 1980 2568">
     <span class='ocr_line' id='line_1_41' title="bbox 380 2498 1980 2568; baseline -0.001 -13"><span class='ocrx_word' id='word_1_308' title='bbox 380 2499 648 2568; x_wconf 89' lang='lat' dir='ltr'><strong>decimus,</strong></span> <span class='ocrx_word' id='word_1_309' title='bbox 689 2500 931 2558; x_wconf 91' lang='lat' dir='ltr'><strong>secundo</strong></span> <span class='ocrx_word' id='word_1_310' title='bbox 963 2500 1285 2557; x_wconf 78' lang='lat' dir='ltr'><strong>undecimus</strong></span> <span class='ocrx_word' id='word_1_311' title='bbox 1306 2539 1322 2564; x_wconf 87' lang='lat'><strong>,</strong></span> <span class='ocrx_word' id='word_1_312' title='bbox 1366 2498 1537 2555; x_wconf 88' lang='lat' dir='ltr'><strong>tertio</strong></span> <span class='ocrx_word' id='word_1_313' title='bbox 1566 2498 1867 2555; x_wconf 90' lang='lat' dir='ltr'><strong>vicesimus</strong></span> <span class='ocrx_word' id='word_1_314' title='bbox 1891 2512 1980 2554; x_wconf 91' lang='lat' dir='ltr'><strong>se-</strong></span> 
     </span>
    </p>
   </div>
   <div class='ocr_carea' id='block_1_42' title="bbox 381 2592 1979 2666">
    <p class='ocr_par' dir='ltr' id='par_1_42' title="bbox 381 2592 1979 2666">
     <span class='ocr_line' id='line_1_42' title="bbox 381 2592 1979 2666; baseline 0 -18"><span class='ocrx_word' id='word_1_315' title='bbox 381 2594 587 2666; x_wconf 88' lang='lat' dir='ltr'><strong>ptimus</strong></span> <span class='ocrx_word' id='word_1_316' title='bbox 614 2610 789 2650; x_wconf 89' lang='lat' dir='ltr'><strong>annus</strong></span> <span class='ocrx_word' id='word_1_317' title='bbox 807 2638 821 2663; x_wconf 93' lang='lat'><strong>,</strong></span> <span class='ocrx_word' id='word_1_318' title='bbox 849 2594 1081 2666; x_wconf 84' lang='lat' dir='ltr'><strong>singulis</strong></span> <span class='ocrx_word' id='word_1_319' title='bbox 1106 2592 1411 2665; x_wconf 91' lang='lat' dir='ltr'><strong>prophetiis</strong></span> <span class='ocrx_word' id='word_1_320' title='bbox 1442 2593 1737 2650; x_wconf 89' lang='lat' dir='ltr'><strong>debuerint</strong></span> <span class='ocrx_word' id='word_1_321' title='bbox 1763 2607 1979 2664; x_wconf 74' lang='lat' dir='ltr'><strong>pramo-</strong></span> 
     </span>
    </p>
   </div>
   <div class='ocr_carea' id='block_1_43' title="bbox 381 2685 1979 2757">
    <p class='ocr_par' dir='ltr' id='par_1_43' title="bbox 381 2685 1979 2757">
     <span class='ocr_line' id='line_1_43' title="bbox 381 2685 1979 2757; baseline 0.001 -17"><span class='ocrx_word' id='word_1_322' title='bbox 381 2685 505 2740; x_wconf 86' lang='lat' dir='ltr'><strong>tari.</strong></span> <span class='ocrx_word' id='word_1_323' title='bbox 536 2685 621 2740; x_wconf 85' lang='lat' dir='ltr'><strong>Ad</strong></span> <span class='ocrx_word' id='word_1_324' title='bbox 661 2685 808 2757; x_wconf 91' lang='lat' dir='ltr'><strong>quod</strong></span> <span class='ocrx_word' id='word_1_325' title='bbox 848 2685 984 2743; x_wconf 89' lang='lat' dir='ltr'><strong>illud</strong></span> <span class='ocrx_word' id='word_1_326' title='bbox 1030 2700 1324 2757; x_wconf 89' lang='lat' dir='ltr'><strong>possumus</strong></span> <span class='ocrx_word' id='word_1_327' title='bbox 1364 2685 1699 2757; x_wconf 87' lang='lat' dir='ltr'><strong>respondere</strong></span> <span class='ocrx_word' id='word_1_328' title='bbox 1730 2703 1746 2741; x_wconf 84' lang='lat'><strong>:</strong></span> <span class='ocrx_word' id='word_1_329' title='bbox 1781 2687 1826 2741; x_wconf 86' lang='lat'><strong><em>0</em></strong></span> <span class='ocrx_word' id='word_1_330' title='bbox 1859 2703 1979 2756; x_wconf 85' lang='lat' dir='ltr'><strong>pro-</strong></span> 
     </span>
    </p>
   </div>
   <div class='ocr_carea' id='block_1_44' title="bbox 377 2776 1980 2853">
    <p class='ocr_par' dir='ltr' id='par_1_44' title="bbox 377 2776 1980 2853">
     <span class='ocr_line' id='line_1_44' title="bbox 377 2776 1980 2853; baseline 0.002 -21"><span class='ocrx_word' id='word_1_331' title='bbox 377 2776 603 2848; x_wconf 79' lang='lat' dir='ltr'><strong>fundum</strong></span> <span class='ocrx_word' id='word_1_332' title='bbox 641 2778 946 2835; x_wconf 84' lang='lat' dir='ltr'><strong>divitiarum</strong></span> <span class='ocrx_word' id='word_1_333' title='bbox 983 2780 1255 2853; x_wconf 72' lang='lat' dir='ltr'><strong>sapientia:</strong></span> <span class='ocrx_word' id='word_1_334' title='bbox 1293 2789 1345 2835; x_wconf 87' lang='lat' dir='ltr'><strong>et</strong></span> <span class='ocrx_word' id='word_1_335' title='bbox 1382 2780 1612 2849; x_wconf 67' lang='lat' dir='ltr'><strong>scientiae</strong></span> <span class='ocrx_word' id='word_1_336' title='bbox 1653 2779 1773 2851; x_wconf 85' lang='lat' dir='ltr'><strong>Dei,</strong></span> <span class='ocrx_word' id='word_1_337' title='bbox 1824 2797 1980 2851; x_wconf 89' lang='lat' dir='ltr'><strong>quam</strong></span> 
     </span>
    </p>
   </div>
   <div class='ocr_carea' id='block_1_45' title="bbox 379 2871 1980 2949">
    <p class='ocr_par' dir='ltr' id='par_1_45' title="bbox 379 2871 1980 2949">
     <span class='ocr_line' id='line_1_45' title="bbox 379 2871 1980 2949; baseline 0.004 -24"><span class='ocrx_word' id='word_1_338' title='bbox 379 2871 738 2929; x_wconf 84' lang='lat' dir='ltr'><strong>inscrutabilia</strong></span> <span class='ocrx_word' id='word_1_339' title='bbox 775 2875 981 2946; x_wconf 86' lang='lat' dir='ltr'><strong>judicio</strong></span> <span class='ocrx_word' id='word_1_340' title='bbox 1020 2878 1132 2949; x_wconf 83' lang='lat' dir='ltr'><strong>ejus</strong></span> <span class='ocrx_word' id='word_1_341' title='bbox 1185 2884 1234 2931; x_wconf 86' lang='lat' dir='ltr'><strong>et</strong></span> <span class='ocrx_word' id='word_1_342' title='bbox 1278 2876 1661 2948; x_wconf 78' lang='lat' dir='ltr'><strong>investigabiles</strong></span> <span class='ocrx_word' id='word_1_343' title='bbox 1716 2876 1814 2931; x_wconf 81' lang='lat' dir='ltr'><strong>via:</strong></span> <span class='ocrx_word' id='word_1_344' title='bbox 1864 2877 1980 2947; x_wconf 78' lang='lat' dir='ltr'><strong>ejus</strong></span> 
     </span>
    </p>
   </div>
   <div class='ocr_carea' id='block_1_46' title="bbox 380 2963 1982 3039">
    <p class='ocr_par' dir='ltr' id='par_1_46' title="bbox 380 2963 1982 3039">
     <span class='ocr_line' id='line_1_46' title="bbox 380 2963 1982 3039; baseline 0.002 -20"><span class='ocrx_word' id='word_1_345' title='bbox 380 2963 575 3035; x_wconf 79' lang='lat' dir='ltr'><strong>(Rom.</strong></span> <span class='ocrx_word' id='word_1_346' title='bbox 612 2982 672 3033; x_wconf 90' lang='lat' dir='ltr'><strong>tt,</strong></span> <span class='ocrx_word' id='word_1_347' title='bbox 700 2968 770 3024; x_wconf 78' lang='grc'><strong>55</strong></span> <span class='ocrx_word' id='word_1_348' title='bbox 791 2968 831 3037; x_wconf 92' lang='grc'><strong>).</strong></span> <span class='ocrx_word' id='word_1_349' title='bbox 866 2967 936 3022; x_wconf 87' lang='grc' dir='ltr'><strong>Ει</strong></span> <span class='ocrx_word' id='word_1_350' title='bbox 968 2968 1023 3022; x_wconf 92' lang='lat' dir='ltr'><strong>in</strong></span> <span class='ocrx_word' id='word_1_351' title='bbox 1052 2967 1165 3023; x_wconf 88' lang='lat' dir='ltr'><strong>alio</strong></span> <span class='ocrx_word' id='word_1_352' title='bbox 1196 2966 1319 3023; x_wconf 89' lang='lat' dir='ltr'><strong>loco</strong></span> <span class='ocrx_word' id='word_1_353' title='bbox 1350 2984 1364 3024; x_wconf 87' lang='lat'><strong>:</strong></span> <span class='ocrx_word' id='word_1_354' title='bbox 1398 2967 1650 3039; x_wconf 78' lang='lat' dir='ltr'><strong>Abyssum</strong></span> <span class='ocrx_word' id='word_1_355' title='bbox 1684 2980 1735 3022; x_wconf 89' lang='lat' dir='ltr'><strong>et</strong></span> <span class='ocrx_word' id='word_1_356' title='bbox 1771 2967 1982 3039; x_wconf 76' lang='lat' dir='ltr'><strong>sapien-</strong></span> 
     </span>
    </p>
   </div>
   <div class='ocr_carea' id='block_1_47' title="bbox 378 3056 1981 3133">
    <p class='ocr_par' dir='ltr' id='par_1_47' title="bbox 378 3056 1981 3133">
     <span class='ocr_line' id='line_1_47' title="bbox 378 3056 1981 3133; baseline 0.004 -22"><span class='ocrx_word' id='word_1_357' title='bbox 378 3056 505 3111; x_wconf 86' lang='lat' dir='ltr'><strong>tiam</strong></span> <span class='ocrx_word' id='word_1_358' title='bbox 530 3059 646 3129; x_wconf 81' lang='lat' dir='ltr'><strong>qnis</strong></span> <span class='ocrx_word' id='word_1_359' title='bbox 673 3059 991 3131; x_wconf 83' lang='lat' dir='ltr'><strong>investigabit</strong></span> <span class='ocrx_word' id='word_1_360' title='bbox 1016 3058 1224 3133; x_wconf 84' lang='lat' dir='ltr'><strong>(Eccli.</strong></span> <span class='ocrx_word' id='word_1_361' title='bbox 1255 3077 1308 3128; x_wconf 88' lang='grc' dir='ltr'><strong>ι,</strong></span> <span class='ocrx_word' id='word_1_362' title='bbox 1339 3062 1406 3127; x_wconf 74' lang='lat'><strong>:2,</strong></span> <span class='ocrx_word' id='word_1_363' title='bbox 1439 3059 1529 3133; x_wconf 80' lang='grc'><strong>5).</strong></span> <span class='ocrx_word' id='word_1_364' title='bbox 1555 3061 1854 3118; x_wconf 89' lang='lat' dir='ltr'><strong>Possumus</strong></span> <span class='ocrx_word' id='word_1_365' title='bbox 1884 3077 1981 3117; x_wconf 91' lang='lat' dir='ltr'><strong>au-</strong></span> 
     </span>
    </p>
   </div>
   <div class='ocr_carea' id='block_1_48' title="bbox 2082 1850 3675 1924">
    <p class='ocr_par' dir='ltr' id='par_1_48' title="bbox 2082 1850 3675 1924">
     <span class='ocr_line' id='line_1_48' title="bbox 2082 1850 3675 1924; baseline -0.004 -17"><span class='ocrx_word' id='word_1_366' title='bbox 2082 1869 2204 1909; x_wconf 91' lang='lat' dir='ltr'><strong>nem</strong></span> <span class='ocrx_word' id='word_1_367' title='bbox 2231 1895 2247 1922; x_wconf 95' lang='lat'><strong>,</strong></span> <span class='ocrx_word' id='word_1_368' title='bbox 2298 1854 2519 1910; x_wconf 87' lang='lat' dir='ltr'><strong>dicente</strong></span> <span class='ocrx_word' id='word_1_369' title='bbox 2562 1854 2890 1924; x_wconf 88' lang='lat' dir='ltr'><strong>Scriptura:</strong></span> <span class='ocrx_word' id='word_1_370' title='bbox 2937 1853 3148 1908; x_wconf 86' lang='lat' dir='ltr'><strong>Contere</strong></span> <span class='ocrx_word' id='word_1_371' title='bbox 3191 1850 3459 1906; x_wconf 80' lang='lat' dir='ltr'><strong>brachium</strong></span> <span class='ocrx_word' id='word_1_372' title='bbox 3496 1864 3675 1921; x_wconf 77' lang='lat' dir='ltr'><strong>pecca-</strong></span> 
     </span>
    </p>
   </div>
   <div class='ocr_carea' id='block_1_49' title="bbox 2080 1942 3671 2021">
    <p class='ocr_par' dir='ltr' id='par_1_49' title="bbox 2080 1942 3671 2021">
     <span class='ocr_line' id='line_1_49' title="bbox 2080 1942 3671 2021; baseline -0.003 -21"><span class='ocrx_word' id='word_1_373' title='bbox 2080 1948 2208 2002; x_wconf 81' lang='lat' dir='ltr'><strong>toris</strong></span> <span class='ocrx_word' id='word_1_374' title='bbox 2249 1956 2296 2002; x_wconf 89' lang='lat' dir='ltr'><strong>et</strong></span> <span class='ocrx_word' id='word_1_375' title='bbox 2323 1946 2545 2021; x_wconf 81' lang='lat' dir='ltr'><strong>maligni</strong></span> <span class='ocrx_word' id='word_1_376' title='bbox 2573 1946 2759 2019; x_wconf 84' lang='lat' dir='ltr'><strong>(Psal.</strong></span> <span class='ocrx_word' id='word_1_377' title='bbox 2801 1963 2877 2013; x_wconf 86' lang='lat' dir='ltr'><strong>tx,</strong></span> <span class='ocrx_word' id='word_1_378' title='bbox 2906 1946 3038 2018; x_wconf 74' lang='grc'><strong>15).</strong></span> <span class='ocrx_word' id='word_1_379' title='bbox 3068 1945 3227 2014; x_wconf 86' lang='lat' dir='ltr'><strong>Quod</strong></span> <span class='ocrx_word' id='word_1_380' title='bbox 3273 1944 3572 2000; x_wconf 89' lang='lat' dir='ltr'><strong>conteritur</strong></span> <span class='ocrx_word' id='word_1_381' title='bbox 3618 1942 3671 1997; x_wconf 92' lang='lat' dir='ltr'><strong>in</strong></span> 
     </span>
    </p>
   </div>
   <div class='ocr_carea' id='block_1_50' title="bbox 2080 2034 3676 2111">
    <p class='ocr_par' dir='ltr' id='par_1_50' title="bbox 2080 2034 3676 2111">
     <span class='ocr_line' id='line_1_50' title="bbox 2080 2034 3676 2111; baseline -0.003 -18"><span class='ocrx_word' id='word_1_382' title='bbox 2080 2038 2411 2095; x_wconf 88' lang='lat' dir='ltr'><strong>adversariis</strong></span> <span class='ocrx_word' id='word_1_383' title='bbox 2448 2040 2652 2094; x_wconf 90' lang='lat' dir='ltr'><strong>nostris</strong></span> <span class='ocrx_word' id='word_1_384' title='bbox 2676 2082 2691 2107; x_wconf 92' lang='lat'><strong>,</strong></span> <span class='ocrx_word' id='word_1_385' title='bbox 2722 2038 2940 2111; x_wconf 89' lang='lat' dir='ltr'><strong>quando</strong></span> <span class='ocrx_word' id='word_1_386' title='bbox 2968 2054 3067 2095; x_wconf 93' lang='lat' dir='ltr'><strong>nos</strong></span> <span class='ocrx_word' id='word_1_387' title='bbox 3115 2046 3521 2110; x_wconf 90' lang='lat' dir='ltr'><strong>persequuntur</strong></span> <span class='ocrx_word' id='word_1_388' title='bbox 3557 2034 3676 2107; x_wconf 87' lang='lat' dir='ltr'><strong>qui-</strong></span> 
     </span>
    </p>
   </div>
   <div class='ocr_carea' id='block_1_51' title="bbox 2078 2130 3677 2204">
    <p class='ocr_par' dir='ltr' id='par_1_51' title="bbox 2078 2130 3677 2204">
     <span class='ocr_line' id='line_1_51' title="bbox 2078 2130 3677 2204; baseline -0.003 -17"><span class='ocrx_word' id='word_1_389' title='bbox 2078 2132 2225 2200; x_wconf 89' lang='lat' dir='ltr'><strong>dem,</strong></span> <span class='ocrx_word' id='word_1_390' title='bbox 2254 2132 2351 2188; x_wconf 88' lang='lat' dir='ltr'><strong>sed</strong></span> <span class='ocrx_word' id='word_1_391' title='bbox 2377 2131 2693 2204; x_wconf 88' lang='lat' dir='ltr'><strong>opprimere</strong></span> <span class='ocrx_word' id='word_1_392' title='bbox 2720 2143 3019 2204; x_wconf 91' lang='lat' dir='ltr'><strong>nequeunt.</strong></span> <span class='ocrx_word' id='word_1_393' title='bbox 3049 2131 3117 2187; x_wconf 86' lang='lat' dir='ltr'><strong>Et</strong></span> <span class='ocrx_word' id='word_1_394' title='bbox 3147 2146 3249 2202; x_wconf 92' lang='lat' dir='ltr'><strong>pro</strong></span> <span class='ocrx_word' id='word_1_395' title='bbox 3279 2130 3455 2185; x_wconf 89' lang='lat' dir='ltr'><strong>salute</strong></span> <span class='ocrx_word' id='word_1_396' title='bbox 3491 2142 3677 2183; x_wconf 82' lang='lat' dir='ltr'><strong>servo-</strong></span> 
     </span>
    </p>
   </div>
   <div class='ocr_carea' id='block_1_52' title="bbox 2081 2222 3677 2296">
    <p class='ocr_par' dir='ltr' id='par_1_52' title="bbox 2081 2222 3677 2296">
     <span class='ocr_line' id='line_1_52' title="bbox 2081 2222 3677 2296; baseline -0.004 -14"><span class='ocrx_word' id='word_1_397' title='bbox 2081 2243 2200 2282; x_wconf 86' lang='lat' dir='ltr'><strong>rum</strong></span> <span class='ocrx_word' id='word_1_398' title='bbox 2241 2226 2339 2283; x_wconf 91' lang='lat' dir='ltr'><strong>Dei</strong></span> <span class='ocrx_word' id='word_1_399' title='bbox 2371 2226 2638 2283; x_wconf 90' lang='lat' dir='ltr'><strong>adversus</strong></span> <span class='ocrx_word' id='word_1_400' title='bbox 2674 2225 3021 2283; x_wconf 86' lang='lat' dir='ltr'><strong>Pharaonem</strong></span> <span class='ocrx_word' id='word_1_401' title='bbox 3058 2239 3153 2281; x_wconf 85' lang='lat' dir='ltr'><strong>rex</strong></span> <span class='ocrx_word' id='word_1_402' title='bbox 3195 2222 3489 2296; x_wconf 88' lang='lat' dir='ltr'><strong>Babylonis</strong></span> <span class='ocrx_word' id='word_1_403' title='bbox 3530 2235 3677 2290; x_wconf 66' lang='lat' dir='ltr'><strong>saepe</strong></span> 
     </span>
    </p>
   </div>
   <div class='ocr_carea' id='block_1_53' title="bbox 2081 2314 3676 2390">
    <p class='ocr_par' dir='ltr' id='par_1_53' title="bbox 2081 2314 3676 2390">
     <span class='ocr_line' id='line_1_53' title="bbox 2081 2314 3676 2390; baseline -0.003 -16"><span class='ocrx_word' id='word_1_404' title='bbox 2081 2318 2399 2389; x_wconf 90' lang='lat' dir='ltr'><strong>consurgit,</strong></span> <span class='ocrx_word' id='word_1_405' title='bbox 2432 2328 2491 2374; x_wconf 91' lang='lat' dir='ltr'><strong>ut</strong></span> <span class='ocrx_word' id='word_1_406' title='bbox 2522 2328 2802 2389; x_wconf 89' lang='lat' dir='ltr'><strong>potentem</strong></span> <span class='ocrx_word' id='word_1_407' title='bbox 2836 2318 3110 2390; x_wconf 88' lang='lat' dir='ltr'><strong>opprimat</strong></span> <span class='ocrx_word' id='word_1_408' title='bbox 3130 2317 3431 2389; x_wconf 91' lang='lat' dir='ltr'><strong>potentior,</strong></span> <span class='ocrx_word' id='word_1_409' title='bbox 3458 2324 3515 2371; x_wconf 91' lang='lat' dir='ltr'><strong>et</strong></span> <span class='ocrx_word' id='word_1_410' title='bbox 3547 2314 3676 2369; x_wconf 90' lang='lat' dir='ltr'><strong>mali</strong></span> 
     </span>
    </p>
   </div>
   <div class='ocr_carea' id='block_1_54' title="bbox 2083 2411 3679 2484">
    <p class='ocr_par' dir='ltr' id='par_1_54' title="bbox 2083 2411 3679 2484">
     <span class='ocr_line' id='line_1_54' title="bbox 2083 2411 3679 2484; baseline -0.003 -17"><span class='ocrx_word' id='word_1_411' title='bbox 2083 2411 2370 2468; x_wconf 88' lang='lat' dir='ltr'><strong>tradantur</strong></span> <span class='ocrx_word' id='word_1_412' title='bbox 2394 2414 2706 2484; x_wconf 88' lang='lat' dir='ltr'><strong>pejoribus,</strong></span> <span class='ocrx_word' id='word_1_413' title='bbox 2734 2413 3085 2470; x_wconf 85' lang='lat' dir='ltr'><strong>confortante</strong></span> <span class='ocrx_word' id='word_1_414' title='bbox 3113 2412 3226 2469; x_wconf 90' lang='lat' dir='ltr'><strong>Deo</strong></span> <span class='ocrx_word' id='word_1_415' title='bbox 3257 2411 3474 2467; x_wconf 89' lang='lat' dir='ltr'><strong>brachia</strong></span> <span class='ocrx_word' id='word_1_416' title='bbox 3507 2411 3679 2481; x_wconf 89' lang='lat' dir='ltr'><strong>pessi-</strong></span> 
     </span>
    </p>
   </div>
   <div class='ocr_carea' id='block_1_55' title="bbox 2082 2500 3679 2575">
    <p class='ocr_par' dir='ltr' id='par_1_55' title="bbox 2082 2500 3679 2575">
     <span class='ocr_line' id='line_1_55' title="bbox 2082 2500 3679 2575; baseline -0.002 -17"><span class='ocrx_word' id='word_1_417' title='bbox 2082 2519 2295 2560; x_wconf 90' lang='lat' dir='ltr'><strong>morum</strong></span> <span class='ocrx_word' id='word_1_418' title='bbox 2318 2543 2336 2572; x_wconf 94' lang='lat'><strong>,</strong></span> <span class='ocrx_word' id='word_1_419' title='bbox 2382 2513 2441 2559; x_wconf 92' lang='lat' dir='ltr'><strong>ut</strong></span> <span class='ocrx_word' id='word_1_420' title='bbox 2478 2504 2614 2560; x_wconf 88' lang='lat' dir='ltr'><strong>sciat</strong></span> <span class='ocrx_word' id='word_1_421' title='bbox 2651 2504 2744 2574; x_wconf 91' lang='lat' dir='ltr'><strong>qui</strong></span> <span class='ocrx_word' id='word_1_422' title='bbox 2802 2505 3066 2561; x_wconf 88' lang='lat' dir='ltr'><strong>liberatus</strong></span> <span class='ocrx_word' id='word_1_423' title='bbox 3110 2513 3230 2571; x_wconf 89' lang='lat' dir='ltr'><strong>est,</strong></span> <span class='ocrx_word' id='word_1_424' title='bbox 3265 2503 3411 2575; x_wconf 91' lang='lat' dir='ltr'><strong>quod</strong></span> <span class='ocrx_word' id='word_1_425' title='bbox 3460 2502 3579 2572; x_wconf 83' lang='lat' dir='ltr'><strong>ipse</strong></span> <span class='ocrx_word' id='word_1_426' title='bbox 3606 2500 3679 2556; x_wconf 92' lang='lat' dir='ltr'><strong>sit</strong></span> 
     </span>
    </p>
   </div>
   <div class='ocr_carea' id='block_1_56' title="bbox 2082 2598 3673 2670">
    <p class='ocr_par' dir='ltr' id='par_1_56' title="bbox 2082 2598 3673 2670">
     <span class='ocr_line' id='line_1_56' title="bbox 2082 2598 3673 2670; baseline 0.001 -18"><span class='ocrx_word' id='word_1_427' title='bbox 2082 2599 2347 2655; x_wconf 89' lang='lat' dir='ltr'><strong>Dominus</strong></span> <span class='ocrx_word' id='word_1_428' title='bbox 2413 2617 2426 2654; x_wconf 93' lang='lat'>:</span> <span class='ocrx_word' id='word_1_429' title='bbox 2474 2598 2780 2670; x_wconf 85' lang='lat' dir='ltr'><strong>profectum</strong></span> <span class='ocrx_word' id='word_1_430' title='bbox 2832 2610 3013 2656; x_wconf 87' lang='lat' dir='ltr'><strong>autem</strong></span> <span class='ocrx_word' id='word_1_431' title='bbox 3063 2614 3186 2656; x_wconf 92' lang='lat' dir='ltr'><strong>esse</strong></span> <span class='ocrx_word' id='word_1_432' title='bbox 3227 2599 3478 2667; x_wconf 89' lang='lat' dir='ltr'><strong>virtutis,</strong></span> <span class='ocrx_word' id='word_1_433' title='bbox 3533 2598 3673 2653; x_wconf 91' lang='lat' dir='ltr'><strong>scire</strong></span> 
     </span>
    </p>
   </div>
   <div class='ocr_carea' id='block_1_57' title="bbox 2081 2691 3667 2764">
    <p class='ocr_par' dir='ltr' id='par_1_57' title="bbox 2081 2691 3667 2764">
     <span class='ocr_line' id='line_1_57' title="bbox 2081 2691 3667 2764; baseline -0.001 -18"><span class='ocrx_word' id='word_1_434' title='bbox 2081 2692 2228 2762; x_wconf 92' lang='lat' dir='ltr'><strong>quod</strong></span> <span class='ocrx_word' id='word_1_435' title='bbox 2248 2692 2367 2762; x_wconf 89' lang='lat' dir='ltr'><strong>ipse</strong></span> <span class='ocrx_word' id='word_1_436' title='bbox 2388 2692 2460 2748; x_wconf 85' lang='lat' dir='ltr'><strong>sit</strong></span> <span class='ocrx_word' id='word_1_437' title='bbox 2483 2693 2766 2749; x_wconf 86' lang='lat' dir='ltr'><strong>Dominus.</strong></span> <span class='ocrx_word' id='word_1_438' title='bbox 2792 2693 3115 2755; x_wconf 84' lang='lat' dir='ltr'><strong>Econtrario</strong></span> <span class='ocrx_word' id='word_1_439' title='bbox 3137 2705 3429 2764; x_wconf 89' lang='lat' dir='ltr'><strong>possumus</strong></span> <span class='ocrx_word' id='word_1_440' title='bbox 3452 2691 3667 2746; x_wconf 85' lang='lat' dir='ltr'><strong>dicere:</strong></span> 
     </span>
    </p>
   </div>
   <div class='ocr_carea' id='block_1_58' title="bbox 2084 2782 3665 2867">
    <p class='ocr_par' dir='ltr' id='par_1_58' title="bbox 2084 2782 3665 2867">
     <span class='ocr_line' id='line_1_58' title="bbox 2084 2782 3665 2867; baseline 0.002 -30"><span class='ocrx_word' id='word_1_441' title='bbox 2084 2782 2212 2839; x_wconf 83' lang='lat' dir='ltr'><strong>Filii</strong></span> <span class='ocrx_word' id='word_1_442' title='bbox 2237 2784 2388 2854; x_wconf 84' lang='lat' dir='ltr'><strong>Heli,</strong></span> <span class='ocrx_word' id='word_1_443' title='bbox 2411 2785 2509 2857; x_wconf 76' lang='lat' dir='ltr'><strong>ﬁlii</strong></span> <span class='ocrx_word' id='word_1_444' title='bbox 2535 2789 2859 2857; x_wconf 77' lang='lat' dir='ltr'><strong>pestilentiw,</strong></span> <span class='ocrx_word' id='word_1_445' title='bbox 2889 2789 3171 2844; x_wconf 80' lang='lat' dir='ltr'><strong>nescientes</strong></span> <span class='ocrx_word' id='word_1_446' title='bbox 3199 2784 3591 2867; x_wconf 0' lang='lat' dir='ltr'><strong>Deumj(lWReg,</strong></span> <span class='ocrx_word' id='word_1_447' title='bbox 3609 2800 3665 2867; x_wconf 75' lang='lat' dir='ltr'><strong>tt,</strong></span> 
     </span>
    </p>
   </div>
   <div class='ocr_carea' id='block_1_59' title="bbox 2082 2858 3668 2955">
    <p class='ocr_par' dir='ltr' id='par_1_59' title="bbox 2082 2858 3668 2955">
     <span class='ocr_line' id='line_1_59' title="bbox 2082 2858 3668 2955; baseline 0.001 -21"><span class='ocrx_word' id='word_1_448' title='bbox 2082 2877 2208 2951; x_wconf 68' lang='lat'><strong>2:2).</strong></span> <span class='ocrx_word' id='word_1_449' title='bbox 2252 2879 2320 2935; x_wconf 89' lang='lat' dir='ltr'><strong>Et</strong></span> <span class='ocrx_word' id='word_1_450' title='bbox 2373 2881 2427 2935; x_wconf 89' lang='lat' dir='ltr'><strong>in</strong></span> <span class='ocrx_word' id='word_1_451' title='bbox 2460 2881 2660 2938; x_wconf 89' lang='lat' dir='ltr'><strong>bonam</strong></span> <span class='ocrx_word' id='word_1_452' title='bbox 2708 2894 2917 2954; x_wconf 87' lang='lat' dir='ltr'><strong>partem</strong></span> <span class='ocrx_word' id='word_1_453' title='bbox 2946 2884 3016 2940; x_wconf 91' lang='lat' dir='ltr'><strong>de</strong></span> <span class='ocrx_word' id='word_1_454' title='bbox 3064 2858 3668 2955; x_wconf 35' lang='lat' dir='ltr'><strong>regibusuquiurect’u’m</strong></span> 
     </span>
    </p>
   </div>
   <div class='ocr_carea' id='block_1_60' title="bbox 2081 2963 3669 3048">
    <p class='ocr_par' dir='ltr' id='par_1_60' title="bbox 2081 2963 3669 3048">
     <span class='ocr_line' id='line_1_60' title="bbox 2081 2963 3669 3048; baseline 0.003 -23"><span class='ocrx_word' id='word_1_455' title='bbox 2081 2971 2332 3030; x_wconf 87' lang='lat' dir='ltr'><strong>fecerunt</strong></span> <span class='ocrx_word' id='word_1_456' title='bbox 2355 2974 2410 3030; x_wconf 91' lang='lat' dir='ltr'><strong>in</strong></span> <span class='ocrx_word' id='word_1_457' title='bbox 2436 2986 2736 3046; x_wconf 89' lang='lat' dir='ltr'><strong>conspectu</strong></span> <span class='ocrx_word' id='word_1_458' title='bbox 2768 2977 2869 3033; x_wconf 90' lang='lat' dir='ltr'><strong>Dei</strong></span> <span class='ocrx_word' id='word_1_459' title='bbox 2894 2963 3163 3048; x_wconf 87' lang='lat' dir='ltr'><strong>scriptum</strong></span> <span class='ocrx_word' id='word_1_460' title='bbox 3186 2986 3292 3040; x_wconf 88' lang='lat' dir='ltr'><strong>est,</strong></span> <span class='ocrx_word' id='word_1_461' title='bbox 3327 2974 3473 3047; x_wconf 89' lang='lat' dir='ltr'><strong>quod</strong></span> <span class='ocrx_word' id='word_1_462' title='bbox 3507 2989 3669 3029; x_wconf 88' lang='lat' dir='ltr'><strong>nove-</strong></span> 
     </span>
    </p>
   </div>
   <div class='ocr_carea' id='block_1_61' title="bbox 2085 3066 3671 3143">
    <p class='ocr_par' dir='ltr' id='par_1_61' title="bbox 2085 3066 3671 3143">
     <span class='ocr_line' id='line_1_61' title="bbox 2085 3066 3671 3143; baseline -0.001 -21"><span class='ocrx_word' id='word_1_463' title='bbox 2085 3067 2192 3123; x_wconf 89' lang='lat' dir='ltr'><strong>rint</strong></span> <span class='ocrx_word' id='word_1_464' title='bbox 2217 3068 2530 3126; x_wconf 91' lang='lat' dir='ltr'><strong>Dominum.</strong></span> <span class='ocrx_word' id='word_1_465' title='bbox 2551 3070 2691 3127; x_wconf 90' lang='lat' dir='ltr'><strong>lllud</strong></span> <span class='ocrx_word' id='word_1_466' title='bbox 2711 3080 2897 3129; x_wconf 90' lang='lat' dir='ltr'><strong>autem</strong></span> <span class='ocrx_word' id='word_1_467' title='bbox 2913 3071 3058 3143; x_wconf 94' lang='lat' dir='ltr'><strong>quod</strong></span> <span class='ocrx_word' id='word_1_468' title='bbox 3080 3072 3137 3127; x_wconf 91' lang='lat' dir='ltr'><strong>in</strong></span> <span class='ocrx_word' id='word_1_469' title='bbox 3165 3069 3312 3126; x_wconf 76' lang='lat' dir='ltr'><strong>LXX</strong></span> <span class='ocrx_word' id='word_1_470' title='bbox 3335 3070 3536 3126; x_wconf 90' lang='lat' dir='ltr'><strong>dicitur</strong></span> <span class='ocrx_word' id='word_1_471' title='bbox 3566 3085 3580 3122; x_wconf 91' lang='lat'><strong>:</strong></span> <span class='ocrx_word' id='word_1_472' title='bbox 3601 3066 3671 3121; x_wconf 87' lang='lat' dir='ltr'><strong>Et</strong></span> 
     </span>
    </p>
   </div>
   <div class='ocr_carea' id='block_1_62' title="bbox 377 3150 3672 3237">
    <p class='ocr_par' dir='ltr' id='par_1_62' title="bbox 377 3150 3672 3237">
     <span class='ocr_line' id='line_1_62' title="bbox 377 3150 3672 3237; baseline 0.004 -33"><span class='ocrx_word' id='word_1_473' title='bbox 377 3158 489 3205; x_wconf 91' lang='lat' dir='ltr'><strong>tem</strong></span> <span class='ocrx_word' id='word_1_474' title='bbox 520 3150 621 3206; x_wconf 92' lang='lat' dir='ltr'><strong>hoc</strong></span> <span class='ocrx_word' id='word_1_475' title='bbox 658 3151 866 3221; x_wconf 90' lang='lat' dir='ltr'><strong>dicere,</strong></span> <span class='ocrx_word' id='word_1_476' title='bbox 904 3152 1053 3224; x_wconf 90' lang='lat' dir='ltr'><strong>quod</strong></span> <span class='ocrx_word' id='word_1_477' title='bbox 1101 3162 1158 3209; x_wconf 90' lang='lat' dir='ltr'><strong>et</strong></span> <span class='ocrx_word' id='word_1_478' title='bbox 1188 3153 1245 3208; x_wconf 92' lang='lat' dir='ltr'><strong>in</strong></span> <span class='ocrx_word' id='word_1_479' title='bbox 1291 3152 1583 3223; x_wconf 90' lang='lat' dir='ltr'><strong>Prophetis</strong></span> <span class='ocrx_word' id='word_1_480' title='bbox 1631 3170 1974 3227; x_wconf 87' lang='lat' dir='ltr'><strong>nequaquam</strong></span> <span class='ocrx_word' id='word_1_481' title='bbox 2003 3161 2049 3227; x_wconf 68' lang='grc' dir='ltr'><strong>(ε</strong></span> <span class='ocrx_word' id='word_1_482' title='bbox 2080 3170 2345 3216; x_wconf 85' lang='lat' dir='ltr'><strong>conteram</strong></span> <span class='ocrx_word' id='word_1_483' title='bbox 2367 3162 2579 3218; x_wconf 85' lang='lat' dir='ltr'><strong>brachia</strong></span> <span class='ocrx_word' id='word_1_484' title='bbox 2609 3165 2717 3235; x_wconf 78' lang='lat' dir='ltr'><strong>ejus</strong></span> <span class='ocrx_word' id='word_1_485' title='bbox 2740 3166 2900 3235; x_wconf 79' lang='lat' dir='ltr'><strong>fortia</strong></span> <span class='ocrx_word' id='word_1_486' title='bbox 2920 3175 2968 3220; x_wconf 89' lang='lat' dir='ltr'><strong>et</strong></span> <span class='ocrx_word' id='word_1_487' title='bbox 2990 3165 3263 3237; x_wconf 79' lang='lat' dir='ltr'><strong>disposita,</strong></span> <span class='ocrx_word' id='word_1_488' title='bbox 3293 3164 3439 3237; x_wconf 89' lang='lat' dir='ltr'><strong>quod</strong></span> <span class='ocrx_word' id='word_1_489' title='bbox 3479 3163 3672 3220; x_wconf 75' lang='lat' dir='ltr'><strong>Grmce</strong></span> 
     </span>
    </p>
   </div>
   <div class='ocr_carea' id='block_1_63' title="bbox 378 3241 1970 3315">
    <p class='ocr_par' dir='ltr' id='par_1_63' title="bbox 378 3241 1970 3315">
     <span class='ocr_line' id='line_1_63' title="bbox 378 3241 1970 3315; baseline 0.004 -18"><span class='ocrx_word' id='word_1_490' title='bbox 378 3241 631 3298; x_wconf 62' lang='lat' dir='ltr'><strong>historia:</strong></span> <span class='ocrx_word' id='word_1_491' title='bbox 657 3242 793 3298; x_wconf 85' lang='lat' dir='ltr'><strong>ordo</strong></span> <span class='ocrx_word' id='word_1_492' title='bbox 819 3255 1092 3313; x_wconf 86' lang='lat' dir='ltr'><strong>servetur,</strong></span> <span class='ocrx_word' id='word_1_493' title='bbox 1124 3242 1407 3300; x_wconf 85' lang='lat' dir='ltr'><strong>dumtaxat</strong></span> <span class='ocrx_word' id='word_1_494' title='bbox 1435 3260 1543 3301; x_wconf 91' lang='lat' dir='ltr'><strong>non</strong></span> <span class='ocrx_word' id='word_1_495' title='bbox 1590 3245 1646 3301; x_wconf 92' lang='lat' dir='ltr'><strong>in</strong></span> <span class='ocrx_word' id='word_1_496' title='bbox 1688 3245 1970 3315; x_wconf 88' lang='lat' dir='ltr'><strong>omnibus,</strong></span> 
     </span>
    </p>
   </div>
   <div class='ocr_carea' id='block_1_64' title="bbox 378 3335 1970 3410">
    <p class='ocr_par' dir='ltr' id='par_1_64' title="bbox 378 3335 1970 3410">
     <span class='ocr_line' id='line_1_64' title="bbox 378 3335 1970 3410; baseline 0.003 -19"><span class='ocrx_word' id='word_1_497' title='bbox 378 3335 479 3392; x_wconf 87' lang='lat' dir='ltr'><strong>sed</strong></span> <span class='ocrx_word' id='word_1_498' title='bbox 515 3335 570 3390; x_wconf 93' lang='lat' dir='ltr'><strong>in</strong></span> <span class='ocrx_word' id='word_1_499' title='bbox 600 3335 927 3408; x_wconf 90' lang='lat' dir='ltr'><strong>quibusdam</strong></span> <span class='ocrx_word' id='word_1_500' title='bbox 966 3338 1126 3405; x_wconf 92' lang='lat' dir='ltr'><strong>locis,</strong></span> <span class='ocrx_word' id='word_1_501' title='bbox 1161 3352 1340 3407; x_wconf 92' lang='lat' dir='ltr'><strong>neque</strong></span> <span class='ocrx_word' id='word_1_502' title='bbox 1382 3338 1528 3394; x_wconf 90' lang='lat' dir='ltr'><strong>enim</strong></span> <span class='ocrx_word' id='word_1_503' title='bbox 1565 3346 1793 3395; x_wconf 89' lang='lat' dir='ltr'><strong>narrant</strong></span> <span class='ocrx_word' id='word_1_504' title='bbox 1826 3354 1970 3410; x_wconf 73' lang='lat' dir='ltr'><strong>pra:-</strong></span> 
     </span>
    </p>
   </div>
   <div class='ocr_carea' id='block_1_65' title="bbox 380 3427 1973 3501">
    <p class='ocr_par' dir='ltr' id='par_1_65' title="bbox 380 3427 1973 3501">
     <span class='ocr_line' id='line_1_65' title="bbox 380 3427 1973 3501; baseline 0.001 -18"><span class='ocrx_word' id='word_1_505' title='bbox 380 3427 562 3495; x_wconf 89' lang='lat' dir='ltr'><strong>terita,</strong></span> <span class='ocrx_word' id='word_1_506' title='bbox 591 3427 690 3485; x_wconf 91' lang='lat' dir='ltr'><strong>sed</strong></span> <span class='ocrx_word' id='word_1_507' title='bbox 716 3428 897 3484; x_wconf 81' lang='lat' dir='ltr'><strong>futura</strong></span> <span class='ocrx_word' id='word_1_508' title='bbox 932 3428 1323 3500; x_wconf 65' lang='lat' dir='ltr'><strong>praenuntiant,</strong></span> <span class='ocrx_word' id='word_1_509' title='bbox 1356 3438 1516 3498; x_wconf 90' lang='lat' dir='ltr'><strong>prout</strong></span> <span class='ocrx_word' id='word_1_510' title='bbox 1554 3429 1809 3486; x_wconf 87' lang='lat' dir='ltr'><strong>voluntas</strong></span> <span class='ocrx_word' id='word_1_511' title='bbox 1845 3429 1973 3501; x_wconf 77' lang='lat' dir='ltr'><strong>Spi-</strong></span> 
     </span>
    </p>
   </div>
   <div class='ocr_carea' id='block_1_66' title="bbox 375 3520 1974 3595">
    <p class='ocr_par' dir='ltr' id='par_1_66' title="bbox 375 3520 1974 3595">
     <span class='ocr_line' id='line_1_66' title="bbox 375 3520 1974 3595; baseline 0.001 -17"><span class='ocrx_word' id='word_1_512' title='bbox 375 3522 485 3578; x_wconf 86' lang='lat' dir='ltr'><strong>ritu</strong></span> <span class='ocrx_word' id='word_1_513' title='bbox 509 3522 685 3578; x_wconf 89' lang='lat' dir='ltr'><strong>sancti</strong></span> <span class='ocrx_word' id='word_1_514' title='bbox 728 3521 909 3579; x_wconf 87' lang='lat' dir='ltr'><strong>fuerit.</strong></span> <span class='ocrx_word' id='word_1_515' title='bbox 944 3521 1003 3577; x_wconf 86' lang='lat' dir='ltr'><strong>In</strong></span> <span class='ocrx_word' id='word_1_516' title='bbox 1048 3520 1272 3577; x_wconf 89' lang='lat' dir='ltr'><strong>historia</strong></span> <span class='ocrx_word' id='word_1_517' title='bbox 1306 3536 1459 3591; x_wconf 91' lang='lat' dir='ltr'><strong>vero,</strong></span> <span class='ocrx_word' id='word_1_518' title='bbox 1513 3531 1573 3577; x_wconf 93' lang='lat' dir='ltr'><strong>ut</strong></span> <span class='ocrx_word' id='word_1_519' title='bbox 1622 3531 1752 3579; x_wconf 89' lang='lat' dir='ltr'><strong>sunt</strong></span> <span class='ocrx_word' id='word_1_520' title='bbox 1798 3522 1974 3595; x_wconf 86' lang='lat' dir='ltr'><strong>Moysi</strong></span> 
     </span>
    </p>
   </div>
   <div class='ocr_carea' id='block_1_67' title="bbox 377 3614 1972 3689">
    <p class='ocr_par' dir='ltr' id='par_1_67' title="bbox 377 3614 1972 3689">
     <span class='ocr_line' id='line_1_67' title="bbox 377 3614 1972 3689; baseline 0.003 -18"><span class='ocrx_word' id='word_1_521' title='bbox 377 3614 617 3689; x_wconf 91' lang='lat' dir='ltr'><strong>quinque</strong></span> <span class='ocrx_word' id='word_1_522' title='bbox 645 3616 807 3684; x_wconf 87' lang='lat' dir='ltr'><strong>libri,</strong></span> <span class='ocrx_word' id='word_1_523' title='bbox 837 3627 893 3674; x_wconf 87' lang='lat' dir='ltr'><strong>et</strong></span> <span class='ocrx_word' id='word_1_524' title='bbox 920 3616 1050 3674; x_wconf 87' lang='lat' dir='ltr'><strong>Jesu</strong></span> <span class='ocrx_word' id='word_1_525' title='bbox 1076 3659 1092 3684; x_wconf 89' lang='lat'><strong>,</strong></span> <span class='ocrx_word' id='word_1_526' title='bbox 1124 3625 1183 3674; x_wconf 89' lang='lat' dir='ltr'><strong>et</strong></span> <span class='ocrx_word' id='word_1_527' title='bbox 1205 3616 1458 3674; x_wconf 80' lang='lat' dir='ltr'><strong>Judicum</strong></span> <span class='ocrx_word' id='word_1_528' title='bbox 1491 3618 1790 3689; x_wconf 81' lang='lat' dir='ltr'><strong>volumina,</strong></span> <span class='ocrx_word' id='word_1_529' title='bbox 1824 3620 1972 3677; x_wconf 81' lang='lat' dir='ltr'><strong>Ruth</strong></span> 
     </span>
    </p>
   </div>
   <div class='ocr_carea' id='block_1_68' title="bbox 446 3756 1967 3832">
    <p class='ocr_par' dir='ltr' id='par_1_68' title="bbox 446 3756 1967 3832">
     <span class='ocr_line' id='line_1_68' title="bbox 446 3756 1967 3832; baseline 0.005 -19"><span class='ocrx_word' id='word_1_530' title='bbox 446 3756 709 3832; x_wconf 44' lang='lat' dir='ltr'><strong>{Vaticq</strong></span> <span class='ocrx_word' id='word_1_531' title='bbox 739 3759 897 3814; x_wconf 81' lang='lat' dir='ltr'><strong>robur</strong></span> <span class='ocrx_word' id='word_1_532' title='bbox 939 3758 1139 3830; x_wconf 87' lang='lat' dir='ltr'><strong>accipi,</strong></span> <span class='ocrx_word' id='word_1_533' title='bbox 1168 3766 1214 3812; x_wconf 87' lang='lat' dir='ltr'><strong>et</strong></span> <span class='ocrx_word' id='word_1_534' title='bbox 1243 3759 1499 3830; x_wconf 79' lang='lat' dir='ltr'><strong>fortitudo</strong></span> <span class='ocrx_word' id='word_1_535' title='bbox 1541 3771 1729 3832; x_wconf 82' lang='lat' dir='ltr'><strong>potest,</strong></span> <span class='ocrx_word' id='word_1_536' title='bbox 1760 3763 1967 3821; x_wconf 83' lang='lat' dir='ltr'><strong>dicente</strong></span> 
     </span>
    </p>
   </div>
   <div class='ocr_carea' id='block_1_69' title="bbox 377 3830 805 3901">
    <p class='ocr_par' dir='ltr' id='par_1_69' title="bbox 377 3830 805 3901">
     <span class='ocr_line' id='line_1_69' title="bbox 377 3830 805 3901; baseline -0.005 -14"><span class='ocrx_word' id='word_1_537' title='bbox 377 3830 675 3901; x_wconf 82' lang='lat' dir='ltr'><strong>Scriptura,</strong></span> <span class='ocrx_word' id='word_1_538' title='bbox 697 3839 805 3887; x_wconf 89' lang='lat' dir='ltr'><strong>etc.</strong></span> 
     </span>
    </p>
   </div>
   <div class='ocr_carea' id='block_1_70' title="bbox 447 3901 1962 3979">
    <p class='ocr_par' dir='ltr' id='par_1_70' title="bbox 447 3901 1962 3979">
     <span class='ocr_line' id='line_1_70' title="bbox 447 3901 1962 3979; baseline 0.005 -22"><span class='ocrx_word' id='word_1_539' title='bbox 447 3902 474 3940; x_wconf 72' lang='grc' dir='ltr'><strong>ι)</strong></span> <span class='ocrx_word' id='word_1_540' title='bbox 501 3901 652 3958; x_wconf 87' lang='lat' dir='ltr'><strong>Editi</strong></span> <span class='ocrx_word' id='word_1_541' title='bbox 672 3903 855 3974; x_wconf 86' lang='lat' dir='ltr'><strong>legunt</strong></span> <span class='ocrx_word' id='word_1_542' title='bbox 866 3904 1161 3962; x_wconf 84' lang='lat' dir='ltr'><strong>conﬁctam</strong></span> <span class='ocrx_word' id='word_1_543' title='bbox 1180 3916 1369 3961; x_wconf 88' lang='lat' dir='ltr'><strong>vocem</strong></span> <span class='ocrx_word' id='word_1_544' title='bbox 1382 3909 1664 3979; x_wconf 71' lang='grc' dir='ltr'><strong>τεταμένα,</strong></span> <span class='ocrx_word' id='word_1_545' title='bbox 1684 3922 1809 3964; x_wconf 92' lang='lat' dir='ltr'><strong>cum</strong></span> <span class='ocrx_word' id='word_1_546' title='bbox 1829 3924 1962 3967; x_wconf 89' lang='lat' dir='ltr'><strong>mss.</strong></span> 
     </span>
    </p>
   </div>
   <div class='ocr_carea' id='block_1_71' title="bbox 2075 3251 3672 3329">
    <p class='ocr_par' dir='ltr' id='par_1_71' title="bbox 2075 3251 3672 3329">
     <span class='ocr_line' id='line_1_71' title="bbox 2075 3251 3672 3329; baseline 0.003 -23"><span class='ocrx_word' id='word_1_547' title='bbox 2075 3251 2271 3308; x_wconf 90' lang='lat' dir='ltr'><strong>dicitur</strong></span> <span class='ocrx_word' id='word_1_548' title='bbox 2296 3258 2583 3329; x_wconf 72' lang='grc' dir='ltr'><strong>τεταγμένα</strong></span> <span class='ocrx_word' id='word_1_549' title='bbox 2605 3300 2619 3325; x_wconf 90' lang='grc'><strong><em>,</em></strong></span> <span class='ocrx_word' id='word_1_550' title='bbox 2653 3257 2980 3327; x_wconf 90' lang='lat' dir='ltr'><strong>scriptorum</strong></span> <span class='ocrx_word' id='word_1_551' title='bbox 3013 3257 3145 3313; x_wconf 91' lang='lat' dir='ltr'><strong>vitio</strong></span> <span class='ocrx_word' id='word_1_552' title='bbox 3184 3257 3547 3327; x_wconf 87' lang='lat' dir='ltr'><strong>depravatum</strong></span> <span class='ocrx_word' id='word_1_553' title='bbox 3583 3264 3672 3311; x_wconf 91' lang='lat' dir='ltr'><strong>est</strong></span> 
     </span>
    </p>
   </div>
   <div class='ocr_carea' id='block_1_72' title="bbox 2076 3344 3674 3428">
    <p class='ocr_par' dir='ltr' id='par_1_72' title="bbox 2076 3344 3674 3428">
     <span class='ocr_line' id='line_1_72' title="bbox 2076 3344 3674 3428; baseline 0.007 -29"><span class='ocrx_word' id='word_1_554' title='bbox 2076 3344 2156 3401; x_wconf 92' lang='lat' dir='ltr'><strong>llli</strong></span> <span class='ocrx_word' id='word_1_555' title='bbox 2180 3348 2324 3403; x_wconf 90' lang='lat' dir='ltr'><strong>enim</strong></span> <span class='ocrx_word' id='word_1_556' title='bbox 2352 3348 2692 3421; x_wconf 90' lang='lat' dir='ltr'><strong>interpretati</strong></span> <span class='ocrx_word' id='word_1_557' title='bbox 2722 3360 2848 3408; x_wconf 91' lang='lat' dir='ltr'><strong>sunt</strong></span> <span class='ocrx_word' id='word_1_558' title='bbox 2868 3366 2974 3407; x_wconf 90' lang='lat' dir='ltr'><strong>non</strong></span> <span class='ocrx_word' id='word_1_559' title='bbox 3000 3354 3309 3428; x_wconf 76' lang='grc' dir='ltr'><strong>τεταγμένα,</strong></span> <span class='ocrx_word' id='word_1_560' title='bbox 3338 3350 3366 3391; x_wconf 69' lang='grc' dir='ltr'>δ</span> <span class='ocrx_word' id='word_1_561' title='bbox 3392 3351 3491 3407; x_wconf 87' lang='lat' dir='ltr'><strong>sed</strong></span> <span class='ocrx_word' id='word_1_562' title='bbox 3519 3373 3674 3409; x_wconf 76' lang='grc' dir='ltr'>τετα-</span> 
     </span>
    </p>
   </div>
   <div class='ocr_carea' id='block_1_73' title="bbox 2076 3440 3671 3516">
    <p class='ocr_par' dir='ltr' id='par_1_73' title="bbox 2076 3440 3671 3516">
     <span class='ocr_line' id='line_1_73' title="bbox 2076 3440 3671 3516; baseline 0.002 -22"><span class='ocrx_word' id='word_1_563' title='bbox 2076 3441 2227 3511; x_wconf 80' lang='grc' dir='ltr'><strong>μένα,</strong></span> <span class='ocrx_word' id='word_1_564' title='bbox 2259 3440 2364 3497; x_wconf 91' lang='lat' dir='ltr'><strong>hoc</strong></span> <span class='ocrx_word' id='word_1_565' title='bbox 2393 3454 2477 3499; x_wconf 90' lang='lat' dir='ltr'><strong>est</strong></span> <span class='ocrx_word' id='word_1_566' title='bbox 2502 3486 2516 3511; x_wconf 93' lang='lat'><strong>,</strong></span> <span class='ocrx_word' id='word_1_567' title='bbox 2544 3458 2653 3499; x_wconf 90' lang='lat' dir='ltr'><strong>non</strong></span> <span class='ocrx_word' id='word_1_568' title='bbox 2697 3443 2977 3516; x_wconf 74' lang='lat' dir='ltr'><strong>disposita,</strong></span> <span class='ocrx_word' id='word_1_569' title='bbox 3015 3443 3113 3501; x_wconf 91' lang='lat' dir='ltr'><strong>sed</strong></span> <span class='ocrx_word' id='word_1_570' title='bbox 3162 3453 3387 3498; x_wconf 68' lang='lat' dir='ltr'><strong>extenta.</strong></span> <span class='ocrx_word' id='word_1_571' title='bbox 3418 3443 3525 3499; x_wconf 91' lang='lat' dir='ltr'><strong>Pro</strong></span> <span class='ocrx_word' id='word_1_572' title='bbox 3561 3458 3671 3514; x_wconf 93' lang='lat' dir='ltr'><strong>quo</strong></span> 
     </span>
    </p>
   </div>
   <div class='ocr_carea' id='block_1_74' title="bbox 2072 3537 3729 3612">
    <p class='ocr_par' dir='ltr' id='par_1_74' title="bbox 2072 3537 3729 3612">
     <span class='ocr_line' id='line_1_74' title="bbox 2072 3537 3729 3612; baseline 0 -21"><span class='ocrx_word' id='word_1_573' title='bbox 2072 3537 2228 3606; x_wconf 83' lang='lat' dir='ltr'><strong>juxta</strong></span> <span class='ocrx_word' id='word_1_574' title='bbox 2266 3540 2718 3597; x_wconf 90' lang='lat' dir='ltr'><strong>consuetudinem</strong></span> <span class='ocrx_word' id='word_1_575' title='bbox 2764 3555 2918 3596; x_wconf 92' lang='lat' dir='ltr'><strong>suam</strong></span> <span class='ocrx_word' id='word_1_576' title='bbox 2960 3539 3056 3595; x_wconf 91' lang='lat' dir='ltr'><strong>alii</strong></span> <span class='ocrx_word' id='word_1_577' title='bbox 3100 3540 3429 3612; x_wconf 86' lang='lat' dir='ltr'><strong>interpretes</strong></span> <span class='ocrx_word' id='word_1_578' title='bbox 3470 3537 3670 3593; x_wconf 74' lang='lat' dir='ltr'><strong>excelsa</strong></span> <span class='ocrx_word' id='word_1_579' title='bbox 3726 3590 3729 3591; x_wconf 30' lang='grc' dir='ltr'><em>ν</em></span> 
     </span>
    </p>
   </div>
   <div class='ocr_carea' id='block_1_75' title="bbox 2078 3642 2398 3700">
    <p class='ocr_par' dir='ltr' id='par_1_75' title="bbox 2078 3642 2398 3700">
     <span class='ocr_line' id='line_1_75' title="bbox 2078 3642 2398 3700; baseline 0 -13"><span class='ocrx_word' id='word_1_580' title='bbox 2078 3642 2398 3700; x_wconf 88' lang='lat' dir='ltr'><strong>posuerunt.</strong></span> 
     </span>
    </p>
   </div>
   <div class='ocr_carea' id='block_1_76' title="bbox 2070 3772 3663 3846">
    <p class='ocr_par' dir='ltr' id='par_1_76' title="bbox 2070 3772 3663 3846">
     <span class='ocr_line' id='line_1_76' title="bbox 2070 3772 3663 3846; baseline 0.003 -20"><span class='ocrx_word' id='word_1_581' title='bbox 2070 3772 2293 3831; x_wconf 91' lang='lat' dir='ltr'><strong>codices</strong></span> <span class='ocrx_word' id='word_1_582' title='bbox 2320 3773 2408 3831; x_wconf 90' lang='lat' dir='ltr'><strong>hic</strong></span> <span class='ocrx_word' id='word_1_583' title='bbox 2435 3776 2713 3833; x_wconf 89' lang='lat' dir='ltr'><strong>retineant</strong></span> <span class='ocrx_word' id='word_1_584' title='bbox 2738 3775 2934 3832; x_wconf 89' lang='lat' dir='ltr'><strong>Latino</strong></span> <span class='ocrx_word' id='word_1_585' title='bbox 2956 3776 3273 3836; x_wconf 84' lang='lat' dir='ltr'><strong>charactere</strong></span> <span class='ocrx_word' id='word_1_586' title='bbox 3303 3784 3581 3846; x_wconf 82' lang='lat' dir='ltr'><strong>tetamena,</strong></span> <span class='ocrx_word' id='word_1_587' title='bbox 3609 3773 3663 3831; x_wconf 89' lang='lat' dir='ltr'><strong>id</strong></span> 
     </span>
    </p>
   </div>
   <div class='ocr_carea' id='block_1_77' title="bbox 2072 3849 3134 3917">
    <p class='ocr_par' dir='ltr' id='par_1_77' title="bbox 2072 3849 3134 3917">
     <span class='ocr_line' id='line_1_77' title="bbox 2072 3849 3134 3917; baseline 0.002 -15"><span class='ocrx_word' id='word_1_588' title='bbox 2072 3854 2176 3916; x_wconf 87' lang='lat' dir='ltr'><strong>est,</strong></span> <span class='ocrx_word' id='word_1_589' title='bbox 2212 3857 2470 3917; x_wconf 85' lang='lat' dir='ltr'><strong>porrecta,</strong></span> <span class='ocrx_word' id='word_1_590' title='bbox 2504 3863 2534 3903; x_wconf 91' lang='lat' dir='ltr'><strong>a</strong></span> <span class='ocrx_word' id='word_1_591' title='bbox 2566 3849 2732 3905; x_wconf 86' lang='lat' dir='ltr'><strong>verbo</strong></span> <span class='ocrx_word' id='word_1_592' title='bbox 2760 3850 2926 3906; x_wconf 78' lang='grc' dir='ltr'><strong>τείνω.</strong></span> <span class='ocrx_word' id='word_1_593' title='bbox 2953 3849 3134 3907; x_wconf 72' lang='lat' dir='ltr'><strong>Mxn&#39;r.</strong></span> 
     </span>
    </p>
   </div>
   <div class='ocr_carea' id='block_1_78' title="bbox 369 4039 3135 4065">
    <p class='ocr_par' dir='ltr' id='par_1_78' title="bbox 369 4039 3135 4065">
     <span class='ocr_line' id='line_1_78' title="bbox 369 4039 3135 4065; baseline -0.001 -9"><span class='ocrx_word' id='word_1_594' title='bbox 369 4039 3135 4065; x_wconf 56' lang='lat' dir='ltr'>ww</span> 
     </span>
    </p>
   </div>
   <div class='ocr_carea' id='block_1_79' title="bbox 1358 4152 2661 4271">
    <p class='ocr_par' dir='ltr' id='par_1_79' title="bbox 1358 4152 2661 4271">
     <span class='ocr_line' id='line_1_79' title="bbox 1358 4152 2661 4271; baseline 0.005 -7"><span class='ocrx_word' id='word_1_595' title='bbox 1358 4153 1833 4267; x_wconf 84' lang='lat' dir='ltr'><strong>LIBER</strong></span> <span class='ocrx_word' id='word_1_596' title='bbox 1910 4152 2661 4271; x_wconf 81' lang='lat' dir='ltr'><strong>DECIMUS.</strong></span> 
     </span>
    </p>
   </div>
   <div class='ocr_carea' id='block_1_80' title="bbox 452 4473 3657 4552">
    <p class='ocr_par' dir='ltr' id='par_1_80' title="bbox 452 4473 3657 4552">
     <span class='ocr_line' id='line_1_80' title="bbox 452 4473 3657 4552; baseline 0 -16"><span class='ocrx_word' id='word_1_597' title='bbox 452 4477 659 4535; x_wconf 82' lang='lat' dir='ltr'><strong>Vellem</strong></span> <span class='ocrx_word' id='word_1_598' title='bbox 690 4518 704 4543; x_wconf 91' lang='lat'><strong>,</strong></span> <span class='ocrx_word' id='word_1_599' title='bbox 757 4483 822 4533; x_wconf 93' lang='lat' dir='ltr'><strong>ut</strong></span> <span class='ocrx_word' id='word_1_600' title='bbox 865 4483 992 4532; x_wconf 90' lang='lat' dir='ltr'><strong>ante</strong></span> <span class='ocrx_word' id='word_1_601' title='bbox 1036 4474 1146 4545; x_wconf 89' lang='lat' dir='ltr'><strong>jam</strong></span> <span class='ocrx_word' id='word_1_602' title='bbox 1192 4473 1349 4544; x_wconf 91' lang='lat' dir='ltr'><strong>dixi,</strong></span> <span class='ocrx_word' id='word_1_603' title='bbox 1403 4474 1720 4547; x_wconf 89' lang='lat' dir='ltr'><strong>prophetias</strong></span> <span class='ocrx_word' id='word_1_604' title='bbox 1775 4475 2253 4538; x_wconf 81' lang='lat' dir='ltr'><strong>contraDchium</strong></span> <span class='ocrx_word' id='word_1_605' title='bbox 2284 4516 2299 4543; x_wconf 92' lang='lat'><strong>,</strong></span> <span class='ocrx_word' id='word_1_606' title='bbox 2358 4477 2516 4533; x_wconf 79' lang='lat' dir='ltr'><strong>‘elcva</strong></span> <span class='ocrx_word' id='word_1_607' title='bbox 2571 4493 2695 4535; x_wconf 92' lang='lat' dir='ltr'><strong>cum</strong></span> <span class='ocrx_word' id='word_1_608' title='bbox 2748 4478 2935 4552; x_wconf 84' lang='lat' dir='ltr'><strong>Moyse</strong></span> <span class='ocrx_word' id='word_1_609' title='bbox 2986 4493 3177 4536; x_wconf 89' lang='lat' dir='ltr'><strong>manus</strong></span> <span class='ocrx_word' id='word_1_610' title='bbox 3235 4491 3293 4536; x_wconf 91' lang='lat' dir='ltr'><strong>ut</strong></span> <span class='ocrx_word' id='word_1_611' title='bbox 3357 4492 3542 4538; x_wconf 86' lang='lat' dir='ltr'><strong>nostra</strong></span> <span class='ocrx_word' id='word_1_612' title='bbox 3579 4481 3657 4536; x_wconf 84' lang='lat' dir='ltr'><strong>vi-</strong></span> 
     </span>
    </p>
   </div>
   <div class='ocr_carea' id='block_1_81' title="bbox 382 4568 1971 4643">
    <p class='ocr_par' dir='ltr' id='par_1_81' title="bbox 382 4568 1971 4643">
     <span class='ocr_line' id='line_1_81' title="bbox 382 4568 1971 4643; baseline -0.004 -14"><span class='ocrx_word' id='word_1_613' title='bbox 382 4586 542 4629; x_wconf 89' lang='lat' dir='ltr'><strong>unam</strong></span> <span class='ocrx_word' id='word_1_614' title='bbox 573 4568 933 4643; x_wconf 89' lang='lat' dir='ltr'><strong>provinciam,</strong></span> <span class='ocrx_word' id='word_1_615' title='bbox 977 4578 1071 4623; x_wconf 88' lang='lat' dir='ltr'><strong>aut</strong></span> <span class='ocrx_word' id='word_1_616' title='bbox 1113 4583 1279 4624; x_wconf 91' lang='lat' dir='ltr'><strong>unum</strong></span> <span class='ocrx_word' id='word_1_617' title='bbox 1320 4582 1527 4638; x_wconf 88' lang='lat' dir='ltr'><strong>regem,</strong></span> <span class='ocrx_word' id='word_1_618' title='bbox 1563 4568 1757 4624; x_wconf 90' lang='lat' dir='ltr'><strong>iisdem</strong></span> <span class='ocrx_word' id='word_1_619' title='bbox 1783 4568 1971 4639; x_wconf 88' lang='lat' dir='ltr'><strong>expla-</strong></span> 
     </span>
    </p>
   </div>
   <div class='ocr_carea' id='block_1_82' title="bbox 378 4661 1966 4735">
    <p class='ocr_par' dir='ltr' id='par_1_82' title="bbox 378 4661 1966 4735">
     <span class='ocr_line' id='line_1_82' title="bbox 378 4661 1966 4735; baseline -0.005 -9"><span class='ocrx_word' id='word_1_620' title='bbox 378 4684 511 4727; x_wconf 89' lang='lat' dir='ltr'><strong>nare</strong></span> <span class='ocrx_word' id='word_1_621' title='bbox 536 4666 708 4735; x_wconf 88' lang='lat' dir='ltr'><strong>libris,</strong></span> <span class='ocrx_word' id='word_1_622' title='bbox 744 4675 798 4722; x_wconf 90' lang='lat' dir='ltr'><strong>et</strong></span> <span class='ocrx_word' id='word_1_623' title='bbox 827 4678 1169 4735; x_wconf 88' lang='lat' dir='ltr'><strong>nequaquam</strong></span> <span class='ocrx_word' id='word_1_624' title='bbox 1193 4678 1414 4720; x_wconf 90' lang='lat' dir='ltr'><strong>sensum</strong></span> <span class='ocrx_word' id='word_1_625' title='bbox 1446 4661 1672 4720; x_wconf 90' lang='lat' dir='ltr'><strong>lectoris</strong></span> <span class='ocrx_word' id='word_1_626' title='bbox 1698 4662 1966 4720; x_wconf 84' lang='lat' dir='ltr'><strong>dividere.</strong></span> 
     </span>
    </p>
   </div>
   <div class='ocr_carea' id='block_1_83' title="bbox 379 4756 1973 4835">
    <p class='ocr_par' dir='ltr' id='par_1_83' title="bbox 379 4756 1973 4835">
     <span class='ocr_line' id='line_1_83' title="bbox 379 4756 1973 4835; baseline -0.008 -12"><span class='ocrx_word' id='word_1_627' title='bbox 379 4764 490 4823; x_wconf 91' lang='lat' dir='ltr'><strong>Sed</strong></span> <span class='ocrx_word' id='word_1_628' title='bbox 503 4760 633 4835; x_wconf 91' lang='lat' dir='ltr'><strong>quid</strong></span> <span class='ocrx_word' id='word_1_629' title='bbox 648 4759 842 4817; x_wconf 87' lang='lat' dir='ltr'><strong>faciam</strong></span> <span class='ocrx_word' id='word_1_630' title='bbox 862 4757 1217 4830; x_wconf 87' lang='lat' dir='ltr'><strong>longitudini,</strong></span> <span class='ocrx_word' id='word_1_631' title='bbox 1234 4773 1355 4828; x_wconf 84' lang='lat' dir='ltr'><strong>quae</strong></span> <span class='ocrx_word' id='word_1_632' title='bbox 1369 4759 1475 4813; x_wconf 89' lang='lat' dir='ltr'><strong>nisi</strong></span> <span class='ocrx_word' id='word_1_633' title='bbox 1491 4756 1760 4812; x_wconf 85' lang='lat' dir='ltr'><strong>dividatur</strong></span> <span class='ocrx_word' id='word_1_634' title='bbox 1779 4757 1833 4811; x_wconf 92' lang='lat' dir='ltr'><strong>in</strong></span> <span class='ocrx_word' id='word_1_635' title='bbox 1854 4771 1973 4827; x_wconf 86' lang='lat' dir='ltr'><strong>par-</strong></span> 
     </span>
    </p>
   </div>
   <div class='ocr_carea' id='block_1_84' title="bbox 379 4851 1973 4927">
    <p class='ocr_par' dir='ltr' id='par_1_84' title="bbox 379 4851 1973 4927">
     <span class='ocr_line' id='line_1_84' title="bbox 379 4851 1973 4927; baseline -0.007 -10"><span class='ocrx_word' id='word_1_636' title='bbox 379 4870 498 4927; x_wconf 89' lang='lat' dir='ltr'><strong>tes,</strong></span> <span class='ocrx_word' id='word_1_637' title='bbox 530 4856 753 4915; x_wconf 92' lang='lat' dir='ltr'><strong>modum</strong></span> <span class='ocrx_word' id='word_1_638' title='bbox 783 4853 1081 4911; x_wconf 86' lang='lat' dir='ltr'><strong>voluminis</strong></span> <span class='ocrx_word' id='word_1_639' title='bbox 1109 4851 1420 4926; x_wconf 90' lang='lat' dir='ltr'><strong>egreditur;</strong></span> <span class='ocrx_word' id='word_1_640' title='bbox 1450 4862 1504 4907; x_wconf 90' lang='lat' dir='ltr'><strong>et</strong></span> <span class='ocrx_word' id='word_1_641' title='bbox 1533 4852 1741 4907; x_wconf 83' lang='lat' dir='ltr'><strong>infinita</strong></span> <span class='ocrx_word' id='word_1_642' title='bbox 1771 4866 1973 4923; x_wconf 87' lang='lat' dir='ltr'><strong>conge-</strong></span> 
     </span>
    </p>
   </div>
   <div class='ocr_carea' id='block_1_85' title="bbox 380 4946 1971 5023">
    <p class='ocr_par' dir='ltr' id='par_1_85' title="bbox 380 4946 1971 5023">
     <span class='ocr_line' id='line_1_85' title="bbox 380 4946 1971 5023; baseline -0.008 -10"><span class='ocrx_word' id='word_1_643' title='bbox 380 4955 523 5023; x_wconf 91' lang='lat' dir='ltr'><strong>ries,</strong></span> <span class='ocrx_word' id='word_1_644' title='bbox 550 4962 660 5009; x_wconf 88' lang='lat' dir='ltr'><strong>tam</strong></span> <span class='ocrx_word' id='word_1_645' title='bbox 689 4949 943 5018; x_wconf 89' lang='lat' dir='ltr'><strong>dictanti,</strong></span> <span class='ocrx_word' id='word_1_646' title='bbox 975 4964 1139 5021; x_wconf 91' lang='lat' dir='ltr'><strong>quam</strong></span> <span class='ocrx_word' id='word_1_647' title='bbox 1185 4947 1387 5019; x_wconf 88' lang='lat' dir='ltr'><strong>legenti</strong></span> <span class='ocrx_word' id='word_1_648' title='bbox 1419 4946 1774 5019; x_wconf 72' lang='lat'><strong>367-368</strong></span> <span class='ocrx_word' id='word_1_649' title='bbox 1798 4946 1971 5001; x_wconf 90' lang='lat' dir='ltr'><strong>mole-</strong></span> 
     </span>
    </p>
   </div>
   <div class='ocr_carea' id='block_1_86' title="bbox 383 5039 1972 5118">
    <p class='ocr_par' dir='ltr' id='par_1_86' title="bbox 383 5039 1972 5118">
     <span class='ocr_line' id='line_1_86' title="bbox 383 5039 1972 5118; baseline -0.009 -9"><span class='ocrx_word' id='word_1_650' title='bbox 383 5060 468 5109; x_wconf 88' lang='lat' dir='ltr'><strong>sta</strong></span> <span class='ocrx_word' id='word_1_651' title='bbox 498 5048 626 5107; x_wconf 85' lang='lat' dir='ltr'><strong>est?</strong></span> <span class='ocrx_word' id='word_1_652' title='bbox 660 5046 847 5118; x_wconf 90' lang='lat' dir='ltr'><strong>Itaque</strong></span> <span class='ocrx_word' id='word_1_653' title='bbox 874 5052 999 5115; x_wconf 90' lang='lat' dir='ltr'><strong>post</strong></span> <span class='ocrx_word' id='word_1_654' title='bbox 1022 5056 1331 5100; x_wconf 90' lang='lat' dir='ltr'><strong>sermonem</strong></span> <span class='ocrx_word' id='word_1_655' title='bbox 1360 5048 1554 5097; x_wconf 89' lang='lat' dir='ltr'><strong>contra</strong></span> <span class='ocrx_word' id='word_1_656' title='bbox 1589 5039 1882 5111; x_wconf 63' lang='lat' dir='ltr'><strong>Egyptum</strong></span> <span class='ocrx_word' id='word_1_657' title='bbox 1915 5047 1972 5095; x_wconf 89' lang='lat' dir='ltr'><strong>et</strong></span> 
     </span>
    </p>
   </div>
   <div class='ocr_carea' id='block_1_87' title="bbox 379 5134 1971 5221">
    <p class='ocr_par' dir='ltr' id='par_1_87' title="bbox 379 5134 1971 5221">
     <span class='ocr_line' id='line_1_87' title="bbox 379 5134 1971 5221; baseline -0.009 -16"><span class='ocrx_word' id='word_1_658' title='bbox 379 5150 658 5221; x_wconf 80' lang='lat' dir='ltr'><strong>planctum</strong></span> <span class='ocrx_word' id='word_1_659' title='bbox 678 5143 829 5215; x_wconf 87' lang='lat' dir='ltr'><strong>ejus,</strong></span> <span class='ocrx_word' id='word_1_660' title='bbox 860 5154 1159 5213; x_wconf 88' lang='lat' dir='ltr'><strong>regemque</strong></span> <span class='ocrx_word' id='word_1_661' title='bbox 1183 5138 1405 5210; x_wconf 65' lang='lat' dir='ltr'><strong>Egypti</strong></span> <span class='ocrx_word' id='word_1_662' title='bbox 1430 5179 1446 5203; x_wconf 94' lang='lat'><strong>,</strong></span> <span class='ocrx_word' id='word_1_663' title='bbox 1475 5137 1544 5193; x_wconf 92' lang='lat' dir='ltr'><strong>de</strong></span> <span class='ocrx_word' id='word_1_664' title='bbox 1564 5135 1721 5207; x_wconf 90' lang='lat' dir='ltr'><strong>cujus</strong></span> <span class='ocrx_word' id='word_1_665' title='bbox 1745 5134 1971 5191; x_wconf 91' lang='lat' dir='ltr'><strong>brachio</strong></span> 
     </span>
    </p>
   </div>
   <div class='ocr_carea' id='block_1_88' title="bbox 380 5228 1969 5313">
    <p class='ocr_par' dir='ltr' id='par_1_88' title="bbox 380 5228 1969 5313">
     <span class='ocr_line' id='line_1_88' title="bbox 380 5228 1969 5313; baseline -0.009 -15"><span class='ocrx_word' id='word_1_666' title='bbox 380 5252 721 5313; x_wconf 85' lang='lat' dir='ltr'><strong>nequaquam</strong></span> <span class='ocrx_word' id='word_1_667' title='bbox 749 5234 1035 5303; x_wconf 88' lang='lat' dir='ltr'><strong>obvoluto,</strong></span> <span class='ocrx_word' id='word_1_668' title='bbox 1085 5247 1263 5304; x_wconf 90' lang='lat' dir='ltr'><strong>neque</strong></span> <span class='ocrx_word' id='word_1_669' title='bbox 1307 5230 1562 5287; x_wconf 89' lang='lat' dir='ltr'><strong>restituto</strong></span> <span class='ocrx_word' id='word_1_670' title='bbox 1604 5228 1847 5299; x_wconf 62' lang='lat' dir='ltr'><strong>pristinae</strong></span> <span class='ocrx_word' id='word_1_671' title='bbox 1878 5244 1969 5285; x_wconf 90' lang='lat' dir='ltr'><strong>sa-</strong></span> 
     </span>
    </p>
   </div>
   <div class='ocr_carea' id='block_1_89' title="bbox 379 5320 1971 5400">
    <p class='ocr_par' dir='ltr' id='par_1_89' title="bbox 379 5320 1971 5400">
     <span class='ocr_line' id='line_1_89' title="bbox 379 5320 1971 5400; baseline -0.008 -9"><span class='ocrx_word' id='word_1_672' title='bbox 379 5335 534 5393; x_wconf 92' lang='lat' dir='ltr'><strong>nitati</strong></span> <span class='ocrx_word' id='word_1_673' title='bbox 557 5375 574 5400; x_wconf 89' lang='lat'><strong>,</strong></span> <span class='ocrx_word' id='word_1_674' title='bbox 600 5333 659 5388; x_wconf 91' lang='lat' dir='ltr'><strong>in</strong></span> <span class='ocrx_word' id='word_1_675' title='bbox 685 5330 873 5386; x_wconf 85' lang='lat' dir='ltr'><strong>ultima</strong></span> <span class='ocrx_word' id='word_1_676' title='bbox 896 5337 1050 5400; x_wconf 91' lang='lat' dir='ltr'><strong>parte</strong></span> <span class='ocrx_word' id='word_1_677' title='bbox 1077 5325 1208 5381; x_wconf 90' lang='lat' dir='ltr'><strong>noni</strong></span> <span class='ocrx_word' id='word_1_678' title='bbox 1237 5323 1362 5379; x_wconf 91' lang='lat' dir='ltr'><strong>libri</strong></span> <span class='ocrx_word' id='word_1_679' title='bbox 1389 5322 1648 5387; x_wconf 86' lang='lat' dir='ltr'><strong>diximus,</strong></span> <span class='ocrx_word' id='word_1_680' title='bbox 1676 5320 1971 5378; x_wconf 90' lang='lat' dir='ltr'><strong>transimus</strong></span> 
     </span>
    </p>
   </div>
   <div class='ocr_carea' id='block_1_90' title="bbox 374 5414 1968 5501">
    <p class='ocr_par' dir='ltr' id='par_1_90' title="bbox 374 5414 1968 5501">
     <span class='ocr_line' id='line_1_90' title="bbox 374 5414 1968 5501; baseline -0.009 -15"><span class='ocrx_word' id='word_1_681' title='bbox 374 5429 444 5486; x_wconf 89' lang='lat' dir='ltr'><strong>ad</strong></span> <span class='ocrx_word' id='word_1_682' title='bbox 471 5425 798 5501; x_wconf 90' lang='lat' dir='ltr'><strong>principium</strong></span> <span class='ocrx_word' id='word_1_683' title='bbox 828 5421 1029 5479; x_wconf 88' lang='lat' dir='ltr'><strong>decimi</strong></span> <span class='ocrx_word' id='word_1_684' title='bbox 1055 5420 1181 5476; x_wconf 90' lang='lat' dir='ltr'><strong>libri</strong></span> <span class='ocrx_word' id='word_1_685' title='bbox 1207 5425 1403 5475; x_wconf 88' lang='lat' dir='ltr'><strong>contra</strong></span> <span class='ocrx_word' id='word_1_686' title='bbox 1443 5415 1694 5472; x_wconf 88' lang='lat' dir='ltr'><strong>eumdem</strong></span> <span class='ocrx_word' id='word_1_687' title='bbox 1726 5414 1968 5472; x_wconf 86' lang='lat' dir='ltr'><strong>Pharao-</strong></span> 
     </span>
    </p>
   </div>
   <div class='ocr_carea' id='block_1_91' title="bbox 376 5508 1963 5594">
    <p class='ocr_par' dir='ltr' id='par_1_91' title="bbox 376 5508 1963 5594">
     <span class='ocr_line' id='line_1_91' title="bbox 376 5508 1963 5594; baseline -0.009 -14"><span class='ocrx_word' id='word_1_688' title='bbox 376 5540 505 5583; x_wconf 91' lang='lat' dir='ltr'><strong>nem</strong></span> <span class='ocrx_word' id='word_1_689' title='bbox 549 5536 736 5594; x_wconf 90' lang='lat' dir='ltr'><strong>regem</strong></span> <span class='ocrx_word' id='word_1_690' title='bbox 780 5515 1026 5589; x_wconf 68' lang='lat' dir='ltr'><strong>Egypti,</strong></span> <span class='ocrx_word' id='word_1_691' title='bbox 1058 5513 1152 5587; x_wconf 91' lang='lat' dir='ltr'><strong>qui</strong></span> <span class='ocrx_word' id='word_1_692' title='bbox 1173 5522 1523 5583; x_wconf 86' lang='lat' dir='ltr'><strong>comparatur</strong></span> <span class='ocrx_word' id='word_1_693' title='bbox 1561 5509 1674 5580; x_wconf 86' lang='lat' dir='ltr'><strong>regi</strong></span> <span class='ocrx_word' id='word_1_694' title='bbox 1715 5508 1963 5580; x_wconf 83' lang='lat' dir='ltr'><strong>Assyrio,</strong></span> 
     </span>
    </p>
   </div>
   <div class='ocr_carea' id='block_1_92' title="bbox 374 5599 1967 5688">
    <p class='ocr_par' dir='ltr' id='par_1_92' title="bbox 374 5599 1967 5688">
     <span class='ocr_line' id='line_1_92' title="bbox 374 5599 1967 5688; baseline -0.011 -15"><span class='ocrx_word' id='word_1_695' title='bbox 374 5624 434 5673; x_wconf 89' lang='lat' dir='ltr'><strong>et</strong></span> <span class='ocrx_word' id='word_1_696' title='bbox 459 5622 583 5688; x_wconf 91' lang='lat' dir='ltr'><strong>post</strong></span> <span class='ocrx_word' id='word_1_697' title='bbox 622 5610 993 5682; x_wconf 86' lang='lat' dir='ltr'><strong>longissimam</strong></span> <span class='ocrx_word' id='word_1_698' title='bbox 1024 5603 1365 5678; x_wconf 87' lang='lat' dir='ltr'><strong>prophetiam</strong></span> <span class='ocrx_word' id='word_1_699' title='bbox 1391 5645 1405 5669; x_wconf 94' lang='lat'><strong>,</strong></span> <span class='ocrx_word' id='word_1_700' title='bbox 1437 5599 1757 5657; x_wconf 88' lang='lat' dir='ltr'><strong>lamentatio</strong></span> <span class='ocrx_word' id='word_1_701' title='bbox 1799 5615 1967 5672; x_wconf 89' lang='lat' dir='ltr'><strong>super</strong></span> 
     </span>
    </p>
   </div>
   <div class='ocr_carea' id='block_1_93' title="bbox 377 5690 1967 5771">
    <p class='ocr_par' dir='ltr' id='par_1_93' title="bbox 377 5690 1967 5771">
     <span class='ocr_line' id='line_1_93' title="bbox 377 5690 1967 5771; baseline -0.013 -3"><span class='ocrx_word' id='word_1_702' title='bbox 377 5708 573 5768; x_wconf 91' lang='lat' dir='ltr'><strong>eodem</strong></span> <span class='ocrx_word' id='word_1_703' title='bbox 592 5704 913 5769; x_wconf 84' lang='lat' dir='ltr'><strong>assumitur,</strong></span> <span class='ocrx_word' id='word_1_704' title='bbox 939 5710 997 5758; x_wconf 90' lang='lat' dir='ltr'><strong>et</strong></span> <span class='ocrx_word' id='word_1_705' title='bbox 1018 5700 1279 5771; x_wconf 90' lang='lat' dir='ltr'><strong>deinceps</strong></span> <span class='ocrx_word' id='word_1_706' title='bbox 1303 5706 1497 5756; x_wconf 88' lang='lat' dir='ltr'><strong>contra</strong></span> <span class='ocrx_word' id='word_1_707' title='bbox 1518 5710 1733 5752; x_wconf 90' lang='lat' dir='ltr'><strong>omnem</strong></span> <span class='ocrx_word' id='word_1_708' title='bbox 1760 5690 1967 5766; x_wconf 64' lang='lat' dir='ltr'><strong>Egyp-</strong></span> 
     </span>
    </p>
   </div>
   <div class='ocr_carea' id='block_1_94' title="bbox 374 5787 1960 5876">
    <p class='ocr_par' dir='ltr' id='par_1_94' title="bbox 374 5787 1960 5876">
     <span class='ocr_line' id='line_1_94' title="bbox 374 5787 1960 5876; baseline -0.011 -12"><span class='ocrx_word' id='word_1_709' title='bbox 374 5815 511 5864; x_wconf 91' lang='lat' dir='ltr'><strong>tum.</strong></span> <span class='ocrx_word' id='word_1_710' title='bbox 534 5802 594 5860; x_wconf 91' lang='lat' dir='ltr'><strong>In</strong></span> <span class='ocrx_word' id='word_1_711' title='bbox 618 5799 820 5876; x_wconf 89' lang='lat' dir='ltr'><strong>quibus</strong></span> <span class='ocrx_word' id='word_1_712' title='bbox 842 5793 1205 5863; x_wconf 86' lang='lat' dir='ltr'><strong>disserendis,</strong></span> <span class='ocrx_word' id='word_1_713' title='bbox 1246 5808 1282 5852; x_wconf 93' lang='lat' dir='ltr'><strong>o</strong></span> <span class='ocrx_word' id='word_1_714' title='bbox 1305 5792 1461 5865; x_wconf 91' lang='lat' dir='ltr'><strong>virgo</strong></span> <span class='ocrx_word' id='word_1_715' title='bbox 1502 5787 1729 5858; x_wconf 86' lang='lat' dir='ltr'><strong>Christi,</strong></span> <span class='ocrx_word' id='word_1_716' title='bbox 1762 5787 1960 5847; x_wconf 88' lang='lat' dir='ltr'><strong>Eusto-</strong></span> 
     </span>
    </p>
   </div>
   <div class='ocr_carea' id='block_1_95' title="bbox 2075 4570 3661 4629">
    <p class='ocr_par' dir='ltr' id='par_1_95' title="bbox 2075 4570 3661 4629">
     <span class='ocr_line' id='line_1_95' title="bbox 2075 4570 3661 4629; baseline 0.002 -6"><span class='ocrx_word' id='word_1_717' title='bbox 2075 4570 2248 4625; x_wconf 76' lang='lat' dir='ltr'><strong>rtoria</strong></span> <span class='ocrx_word' id='word_1_718' title='bbox 2316 4580 2529 4626; x_wconf 85' lang='lat' dir='ltr'><strong>tuarum</strong></span> <span class='ocrx_word' id='word_1_719' title='bbox 2591 4571 2900 4628; x_wconf 89' lang='lat' dir='ltr'><strong>orationum</strong></span> <span class='ocrx_word' id='word_1_720' title='bbox 2978 4571 3184 4628; x_wconf 82' lang='lat' dir='ltr'><strong>fructus</strong></span> <span class='ocrx_word' id='word_1_721' title='bbox 3238 4575 3327 4629; x_wconf 90' lang='lat' dir='ltr'><strong>sit.</strong></span> <span class='ocrx_word' id='word_1_722' title='bbox 3398 4573 3513 4629; x_wconf 87' lang='lat' dir='ltr'><strong>Non</strong></span> <span class='ocrx_word' id='word_1_723' title='bbox 3580 4583 3661 4629; x_wconf 88' lang='lat' dir='ltr'><strong>est</strong></span> 
     </span>
    </p>
   </div>
   <div class='ocr_carea' id='block_1_96' title="bbox 2074 4661 3660 4735">
    <p class='ocr_par' dir='ltr' id='par_1_96' title="bbox 2074 4661 3660 4735">
     <span class='ocr_line' id='line_1_96' title="bbox 2074 4661 3660 4735; baseline 0.003 -19"><span class='ocrx_word' id='word_1_724' title='bbox 2074 4661 2224 4717; x_wconf 85' lang='lat' dir='ltr'><strong>enim</strong></span> <span class='ocrx_word' id='word_1_725' title='bbox 2284 4664 2521 4719; x_wconf 88' lang='lat' dir='ltr'><strong>volentis</strong></span> <span class='ocrx_word' id='word_1_726' title='bbox 2581 4679 2757 4735; x_wconf 91' lang='lat' dir='ltr'><strong>neque</strong></span> <span class='ocrx_word' id='word_1_727' title='bbox 2810 4662 3118 4728; x_wconf 63' lang='lat' dir='ltr'><strong>currentis,</strong></span> <span class='ocrx_word' id='word_1_728' title='bbox 3188 4665 3286 4721; x_wconf 90' lang='lat' dir='ltr'><strong>sed</strong></span> <span class='ocrx_word' id='word_1_729' title='bbox 3349 4666 3660 4722; x_wconf 83' lang='lat' dir='ltr'><strong>miserentis</strong></span> 
     </span>
    </p>
   </div>
   <div class='ocr_carea' id='block_1_97' title="bbox 2076 4757 3661 4833">
    <p class='ocr_par' dir='ltr' id='par_1_97' title="bbox 2076 4757 3661 4833">
     <span class='ocr_line' id='line_1_97' title="bbox 2076 4757 3661 4833; baseline 0.002 -20"><span class='ocrx_word' id='word_1_730' title='bbox 2076 4758 2255 4828; x_wconf 86' lang='lat' dir='ltr'><strong>(Rom.</strong></span> <span class='ocrx_word' id='word_1_731' title='bbox 2280 4774 2355 4827; x_wconf 87' lang='lat' dir='ltr'><strong>tx,</strong></span> <span class='ocrx_word' id='word_1_732' title='bbox 2380 4757 2495 4831; x_wconf 76' lang='grc'><strong>16),</strong></span> <span class='ocrx_word' id='word_1_733' title='bbox 2527 4758 2620 4816; x_wconf 89' lang='lat' dir='ltr'><strong>Dei</strong></span> <span class='ocrx_word' id='word_1_734' title='bbox 2644 4760 2733 4831; x_wconf 90' lang='lat' dir='ltr'><strong>qui</strong></span> <span class='ocrx_word' id='word_1_735' title='bbox 2761 4759 3002 4832; x_wconf 88' lang='lat' dir='ltr'><strong>loquitur</strong></span> <span class='ocrx_word' id='word_1_736' title='bbox 3022 4761 3089 4817; x_wconf 90' lang='lat' dir='ltr'><strong>ad</strong></span> <span class='ocrx_word' id='word_1_737' title='bbox 3113 4760 3431 4833; x_wconf 89' lang='lat' dir='ltr'><strong>prophetam</strong></span> <span class='ocrx_word' id='word_1_738' title='bbox 3456 4779 3471 4817; x_wconf 87' lang='lat'><strong>:</strong></span> <span class='ocrx_word' id='word_1_739' title='bbox 3500 4761 3661 4832; x_wconf 82' lang='lat' dir='ltr'><strong>Aperi</strong></span> 
     </span>
    </p>
   </div>
   <div class='ocr_carea' id='block_1_98' title="bbox 2074 4850 3660 4924">
    <p class='ocr_par' dir='ltr' id='par_1_98' title="bbox 2074 4850 3660 4924">
     <span class='ocr_line' id='line_1_98' title="bbox 2074 4850 3660 4924; baseline 0.001 -18"><span class='ocrx_word' id='word_1_740' title='bbox 2074 4865 2136 4906; x_wconf 93' lang='lat' dir='ltr'><strong>os</strong></span> <span class='ocrx_word' id='word_1_741' title='bbox 2181 4862 2329 4906; x_wconf 91' lang='lat' dir='ltr'><strong>tuum</strong></span> <span class='ocrx_word' id='word_1_742' title='bbox 2360 4860 2418 4907; x_wconf 92' lang='lat' dir='ltr'><strong>et</strong></span> <span class='ocrx_word' id='word_1_743' title='bbox 2446 4850 2757 4921; x_wconf 92' lang='lat' dir='ltr'><strong>adimplebo</strong></span> <span class='ocrx_word' id='word_1_744' title='bbox 2788 4851 2922 4907; x_wconf 90' lang='lat' dir='ltr'><strong>illud</strong></span> <span class='ocrx_word' id='word_1_745' title='bbox 2971 4850 3108 4923; x_wconf 85' lang='lat' dir='ltr'><strong>(Ps.</strong></span> <span class='ocrx_word' id='word_1_746' title='bbox 3144 4868 3311 4918; x_wconf 80' lang='lat' dir='ltr'><strong>Lxxx,</strong></span> <span class='ocrx_word' id='word_1_747' title='bbox 3344 4852 3405 4907; x_wconf 81' lang='lat' dir='ltr'><strong>ll</strong></span> <span class='ocrx_word' id='word_1_748' title='bbox 3432 4852 3488 4924; x_wconf 90' lang='lat'><strong>);</strong></span> <span class='ocrx_word' id='word_1_749' title='bbox 3534 4867 3660 4923; x_wconf 85' lang='lat' dir='ltr'><strong>pro-</strong></span> 
     </span>
    </p>
   </div>
   <div class='ocr_carea' id='block_1_99' title="bbox 2078 4944 3659 5018">
    <p class='ocr_par' dir='ltr' id='par_1_99' title="bbox 2078 4944 3659 5018">
     <span class='ocr_line' id='line_1_99' title="bbox 2078 4944 3659 5018; baseline 0.002 -20"><span class='ocrx_word' id='word_1_750' title='bbox 2078 4944 2236 5015; x_wconf 87' lang='lat' dir='ltr'><strong>pheta</strong></span> <span class='ocrx_word' id='word_1_751' title='bbox 2265 4944 2334 5000; x_wconf 91' lang='lat' dir='ltr'><strong>ad</strong></span> <span class='ocrx_word' id='word_1_752' title='bbox 2363 4944 2651 5001; x_wconf 87' lang='lat' dir='ltr'><strong>Dominum</strong></span> <span class='ocrx_word' id='word_1_753' title='bbox 2687 4945 3058 5016; x_wconf 90' lang='lat' dir='ltr'><strong>respondente</strong></span> <span class='ocrx_word' id='word_1_754' title='bbox 3088 4964 3101 5001; x_wconf 92' lang='lat'><strong>:</strong></span> <span class='ocrx_word' id='word_1_755' title='bbox 3135 4948 3337 5018; x_wconf 88' lang='lat' dir='ltr'><strong>Aperui</strong></span> <span class='ocrx_word' id='word_1_756' title='bbox 3364 4961 3426 5002; x_wconf 91' lang='lat' dir='ltr'><strong>os</strong></span> <span class='ocrx_word' id='word_1_757' title='bbox 3454 4961 3659 5013; x_wconf 89' lang='lat' dir='ltr'><strong>meum,</strong></span> 
     </span>
    </p>
   </div>
   <div class='ocr_carea' id='block_1_100' title="bbox 2074 5038 3664 5114">
    <p class='ocr_par' dir='ltr' id='par_1_100' title="bbox 2074 5038 3664 5114">
     <span class='ocr_line' id='line_1_100' title="bbox 2074 5038 3664 5114; baseline 0.001 -21"><span class='ocrx_word' id='word_1_758' title='bbox 2074 5048 2129 5094; x_wconf 89' lang='lat' dir='ltr'><strong>ct</strong></span> <span class='ocrx_word' id='word_1_759' title='bbox 2157 5038 2355 5095; x_wconf 90' lang='lat' dir='ltr'><strong>attraxi</strong></span> <span class='ocrx_word' id='word_1_760' title='bbox 2379 5039 2638 5110; x_wconf 87' lang='lat' dir='ltr'><strong>spiritum</strong></span> <span class='ocrx_word' id='word_1_761' title='bbox 2670 5039 2852 5111; x_wconf 83' lang='lat' dir='ltr'><strong>(Psal.</strong></span> <span class='ocrx_word' id='word_1_762' title='bbox 2887 5056 3075 5109; x_wconf 84' lang='lat' dir='ltr'><strong>cxvttt,</strong></span> <span class='ocrx_word' id='word_1_763' title='bbox 3105 5040 3282 5114; x_wconf 74' lang='lat'><strong>351);</strong></span> <span class='ocrx_word' id='word_1_764' title='bbox 3310 5040 3401 5112; x_wconf 90' lang='lat' dir='ltr'><strong>qui</strong></span> <span class='ocrx_word' id='word_1_765' title='bbox 3427 5040 3519 5095; x_wconf 88' lang='lat' dir='ltr'><strong>ubi</strong></span> <span class='ocrx_word' id='word_1_766' title='bbox 3548 5040 3664 5095; x_wconf 87' lang='lat' dir='ltr'><strong>vult</strong></span> 
     </span>
    </p>
   </div>
   <div class='ocr_carea' id='block_1_101' title="bbox 2070 5133 3658 5207">
    <p class='ocr_par' dir='ltr' id='par_1_101' title="bbox 2070 5133 3658 5207">
     <span class='ocr_line' id='line_1_101' title="bbox 2070 5133 3658 5207; baseline 0.001 -19"><span class='ocrx_word' id='word_1_767' title='bbox 2070 5133 2266 5204; x_wconf 91' lang='lat' dir='ltr'><strong>spirat.</strong></span> <span class='ocrx_word' id='word_1_768' title='bbox 2318 5133 2424 5191; x_wconf 89' lang='lat' dir='ltr'><strong>Ubi</strong></span> <span class='ocrx_word' id='word_1_769' title='bbox 2477 5144 2657 5192; x_wconf 89' lang='lat' dir='ltr'><strong>autem</strong></span> <span class='ocrx_word' id='word_1_770' title='bbox 2720 5136 2947 5207; x_wconf 90' lang='lat' dir='ltr'><strong>spiritus</strong></span> <span class='ocrx_word' id='word_1_771' title='bbox 3001 5135 3252 5203; x_wconf 91' lang='lat' dir='ltr'><strong>Domini,</strong></span> <span class='ocrx_word' id='word_1_772' title='bbox 3304 5134 3380 5191; x_wconf 88' lang='lat' dir='ltr'><strong>ibi</strong></span> <span class='ocrx_word' id='word_1_773' title='bbox 3433 5134 3658 5191; x_wconf 87' lang='lat' dir='ltr'><strong>libertas</strong></span> 
     </span>
    </p>
   </div>
   <div class='ocr_carea' id='block_1_102' title="bbox 2077 5208 3659 5301">
    <p class='ocr_par' dir='ltr' id='par_1_102' title="bbox 2077 5208 3659 5301">
     <span class='ocr_line' id='line_1_102' title="bbox 2077 5208 3659 5301; baseline 0.001 -20"><span class='ocrx_word' id='word_1_774' title='bbox 2077 5226 2291 5297; x_wconf 84' lang='lat' dir='ltr'><strong>(Joan,</strong></span> <span class='ocrx_word' id='word_1_775' title='bbox 2322 5243 2399 5293; x_wconf 85' lang='lat' dir='ltr'><strong>ut,</strong></span> <span class='ocrx_word' id='word_1_776' title='bbox 2433 5228 2502 5295; x_wconf 93' lang='lat'><strong>8;</strong></span> <span class='ocrx_word' id='word_1_777' title='bbox 2544 5227 2590 5284; x_wconf 89' lang='grc'><strong>11</strong></span> <span class='ocrx_word' id='word_1_778' title='bbox 2635 5228 2758 5285; x_wconf 76' lang='lat' dir='ltr'><strong>Cor.</strong></span> <span class='ocrx_word' id='word_1_779' title='bbox 2789 5245 2872 5296; x_wconf 88' lang='lat' dir='ltr'><strong>nt,</strong></span> <span class='ocrx_word' id='word_1_780' title='bbox 2913 5228 3038 5301; x_wconf 81' lang='lat' dir='ltr'><strong>l7),</strong></span> <span class='ocrx_word' id='word_1_781' title='bbox 3082 5244 3185 5301; x_wconf 91' lang='lat' dir='ltr'><strong>qua</strong></span> <span class='ocrx_word' id='word_1_782' title='bbox 3215 5229 3465 5285; x_wconf 88' lang='lat' dir='ltr'><strong>libertate</strong></span> <span class='ocrx_word' id='word_1_783' title='bbox 3491 5208 3659 5285; x_wconf 77' lang='lat' dir='ltr'><strong>dona-</strong></span> 
     </span>
    </p>
   </div>
   <div class='ocr_carea' id='block_1_103' title="bbox 2074 5318 3660 5394">
    <p class='ocr_par' dir='ltr' id='par_1_103' title="bbox 2074 5318 3660 5394">
     <span class='ocr_line' id='line_1_103' title="bbox 2074 5318 3660 5394; baseline 0.005 -22"><span class='ocrx_word' id='word_1_784' title='bbox 2074 5318 2148 5373; x_wconf 86' lang='lat' dir='ltr'><strong>vit</strong></span> <span class='ocrx_word' id='word_1_785' title='bbox 2175 5334 2272 5375; x_wconf 92' lang='lat' dir='ltr'><strong>nos</strong></span> <span class='ocrx_word' id='word_1_786' title='bbox 2299 5319 2585 5377; x_wconf 89' lang='lat' dir='ltr'><strong>Dominus.</strong></span> <span class='ocrx_word' id='word_1_787' title='bbox 2609 5321 2780 5389; x_wconf 86' lang='lat' dir='ltr'><strong>Quam</strong></span> <span class='ocrx_word' id='word_1_788' title='bbox 2811 5321 3008 5377; x_wconf 80' lang='lat' dir='ltr'><strong>frustra</strong></span> <span class='ocrx_word' id='word_1_789' title='bbox 3037 5337 3099 5377; x_wconf 91' lang='lat' dir='ltr'><strong>se</strong></span> <span class='ocrx_word' id='word_1_790' title='bbox 3124 5321 3297 5379; x_wconf 66' lang='lat' dir='ltr'><strong>Judaei</strong></span> <span class='ocrx_word' id='word_1_791' title='bbox 3344 5322 3545 5379; x_wconf 89' lang='lat' dir='ltr'><strong>habere</strong></span> <span class='ocrx_word' id='word_1_792' title='bbox 3574 5323 3660 5394; x_wconf 90' lang='lat' dir='ltr'><strong>ja-</strong></span> 
     </span>
    </p>
   </div>
   <div class='ocr_carea' id='block_1_104' title="bbox 2072 5412 3655 5485">
    <p class='ocr_par' dir='ltr' id='par_1_104' title="bbox 2072 5412 3655 5485">
     <span class='ocr_line' id='line_1_104' title="bbox 2072 5412 3655 5485; baseline 0.003 -18"><span class='ocrx_word' id='word_1_793' title='bbox 2072 5412 2292 5467; x_wconf 88' lang='lat' dir='ltr'><strong>ctabant</strong></span> <span class='ocrx_word' id='word_1_794' title='bbox 2318 5412 2572 5470; x_wconf 87' lang='lat' dir='ltr'><strong>dicentes</strong></span> <span class='ocrx_word' id='word_1_795' title='bbox 2599 5432 2612 5467; x_wconf 88' lang='lat'><strong>:</strong></span> <span class='ocrx_word' id='word_1_796' title='bbox 2644 5414 2845 5471; x_wconf 88' lang='lat' dir='ltr'><strong>Semen</strong></span> <span class='ocrx_word' id='word_1_797' title='bbox 2874 5414 3110 5472; x_wconf 64' lang='lat' dir='ltr'><strong>Abrahae</strong></span> <span class='ocrx_word' id='word_1_798' title='bbox 3135 5431 3346 5485; x_wconf 89' lang='lat' dir='ltr'><strong>sumus,</strong></span> <span class='ocrx_word' id='word_1_799' title='bbox 3372 5425 3428 5474; x_wconf 91' lang='lat' dir='ltr'><strong>et</strong></span> <span class='ocrx_word' id='word_1_800' title='bbox 3454 5417 3655 5474; x_wconf 90' lang='lat' dir='ltr'><strong>nemini</strong></span> 
     </span>
    </p>
   </div>
   <div class='ocr_carea' id='block_1_105' title="bbox 2072 5504 3657 5583">
    <p class='ocr_par' dir='ltr' id='par_1_105' title="bbox 2072 5504 3657 5583">
     <span class='ocr_line' id='line_1_105' title="bbox 2072 5504 3657 5583; baseline 0.003 -23"><span class='ocrx_word' id='word_1_801' title='bbox 2072 5504 2395 5562; x_wconf 88' lang='lat' dir='ltr'><strong>scrvivimus</strong></span> <span class='ocrx_word' id='word_1_802' title='bbox 2416 5521 2669 5578; x_wconf 92' lang='lat' dir='ltr'><strong>umquam</strong></span> <span class='ocrx_word' id='word_1_803' title='bbox 2701 5504 2883 5578; x_wconf 80' lang='lat' dir='ltr'><strong>(Joan.</strong></span> <span class='ocrx_word' id='word_1_804' title='bbox 2930 5522 3023 5562; x_wconf 82' lang='lat' dir='ltr'><strong>vni</strong></span> <span class='ocrx_word' id='word_1_805' title='bbox 3049 5550 3064 5576; x_wconf 95' lang='lat'><strong>,</strong></span> <span class='ocrx_word' id='word_1_806' title='bbox 3114 5509 3183 5565; x_wconf 75' lang='lat'><strong>53</strong></span> <span class='ocrx_word' id='word_1_807' title='bbox 3202 5509 3246 5583; x_wconf 85' lang='lat'><strong>),</strong></span> <span class='ocrx_word' id='word_1_808' title='bbox 3294 5510 3480 5566; x_wconf 90' lang='lat' dir='ltr'><strong>multis</strong></span> <span class='ocrx_word' id='word_1_809' title='bbox 3510 5510 3657 5565; x_wconf 88' lang='lat' dir='ltr'><strong>vitiis</strong></span> 
     </span>
    </p>
   </div>
   <div class='ocr_carea' id='block_1_106' title="bbox 2072 5599 3657 5672">
    <p class='ocr_par' dir='ltr' id='par_1_106' title="bbox 2072 5599 3657 5672">
     <span class='ocr_line' id='line_1_106' title="bbox 2072 5599 3657 5672; baseline 0.003 -15"><span class='ocrx_word' id='word_1_810' title='bbox 2072 5600 2419 5670; x_wconf 89' lang='lat' dir='ltr'><strong>pcccatisque</strong></span> <span class='ocrx_word' id='word_1_811' title='bbox 2460 5599 2730 5671; x_wconf 89' lang='lat' dir='ltr'><strong>subjecti,</strong></span> <span class='ocrx_word' id='word_1_812' title='bbox 2779 5609 2839 5657; x_wconf 90' lang='lat' dir='ltr'><strong>et</strong></span> <span class='ocrx_word' id='word_1_813' title='bbox 2876 5600 3191 5672; x_wconf 88' lang='lat' dir='ltr'><strong>ignorantes</strong></span> <span class='ocrx_word' id='word_1_814' title='bbox 3238 5603 3388 5660; x_wconf 90' lang='lat' dir='ltr'><strong>illam</strong></span> <span class='ocrx_word' id='word_1_815' title='bbox 3438 5615 3657 5662; x_wconf 88' lang='lat' dir='ltr'><strong>senten-</strong></span> 
     </span>
    </p>
   </div>
   <div class='ocr_carea' id='block_1_107' title="bbox 2072 5693 3656 5768">
    <p class='ocr_par' dir='ltr' id='par_1_107' title="bbox 2072 5693 3656 5768">
     <span class='ocr_line' id='line_1_107' title="bbox 2072 5693 3656 5768; baseline 0.004 -20"><span class='ocrx_word' id='word_1_816' title='bbox 2072 5694 2199 5749; x_wconf 90' lang='lat' dir='ltr'><strong>tiam</strong></span> <span class='ocrx_word' id='word_1_817' title='bbox 2239 5711 2254 5751; x_wconf 90' lang='lat'><strong>:</strong></span> <span class='ocrx_word' id='word_1_818' title='bbox 2294 5708 2325 5749; x_wconf 91' lang='lat' dir='ltr'><strong>a</strong></span> <span class='ocrx_word' id='word_1_819' title='bbox 2369 5709 2476 5767; x_wconf 91' lang='lat' dir='ltr'><strong>quo</strong></span> <span class='ocrx_word' id='word_1_820' title='bbox 2511 5693 2634 5765; x_wconf 86' lang='lat' dir='ltr'><strong>quis</strong></span> <span class='ocrx_word' id='word_1_821' title='bbox 2692 5693 2966 5766; x_wconf 88' lang='lat' dir='ltr'><strong>vincitur,</strong></span> <span class='ocrx_word' id='word_1_822' title='bbox 3034 5694 3153 5768; x_wconf 85' lang='lat' dir='ltr'><strong>ejus</strong></span> <span class='ocrx_word' id='word_1_823' title='bbox 3212 5707 3269 5755; x_wconf 90' lang='lat' dir='ltr'><strong>et</strong></span> <span class='ocrx_word' id='word_1_824' title='bbox 3325 5713 3522 5756; x_wconf 86' lang='lat' dir='ltr'><strong>servus</strong></span> <span class='ocrx_word' id='word_1_825' title='bbox 3570 5708 3656 5756; x_wconf 87' lang='lat' dir='ltr'><strong>est</strong></span> 
     </span>
    </p>
   </div>
   <div class='ocr_carea' id='block_1_108' title="bbox 2068 5783 2607 5860">
    <p class='ocr_par' dir='ltr' id='par_1_108' title="bbox 2068 5783 2607 5860">
     <span class='ocr_line' id='line_1_108' title="bbox 2068 5783 2607 5860; baseline -0.007 -17"><span class='ocrx_word' id='word_1_826' title='bbox 2068 5786 2156 5860; x_wconf 90' lang='lat' dir='ltr'><strong>(ll</strong></span> <span class='ocrx_word' id='word_1_827' title='bbox 2182 5784 2354 5853; x_wconf 85' lang='lat' dir='ltr'><strong>Petr.,</strong></span> <span class='ocrx_word' id='word_1_828' title='bbox 2380 5801 2440 5854; x_wconf 85' lang='lat' dir='ltr'><strong>tt,</strong></span> <span class='ocrx_word' id='word_1_829' title='bbox 2474 5783 2541 5842; x_wconf 74' lang='lat' dir='ltr'><strong>i9</strong></span> <span class='ocrx_word' id='word_1_830' title='bbox 2564 5783 2607 5855; x_wconf 92' lang='lat'><strong>).</strong></span> 
     </span>
    </p>
   </div>
  </div>
