4038 6328
206 204 310 267 397
615 200 642 206 ”
883 201 1535 268 COMMENTARIORUM
1571 202 1641 265 IN
1679 203 2120 268 EZECHIELEM
2161 206 2289 266 LIB.
2331 206 2402 267 Χ.
2442 209 2598 270 CAP.
2641 211 2835 271 XXXI.
3385 215 3488 274 9.98

270 320 432 392 (Cap.
451 318 680 394 XXXI.)
711 319 782 376 Et
815 322 1010 393 factum
1039 333 1112 378 est
1132 323 1187 378 in
1218 323 1491 379 undecimo
1511 337 1667 390 anno,
1695 336 1798 379 ter—
1828 321 1882 384 Α
1903 323 2202 392 quieverunt
2229 324 2247 394 )
2273 325 2446 378 omnia
2467 323 2701 380 volatilia
2726 326 2861 392 oculi,
2891 337 2938 380 et
2969 326 3022 379 in
3052 327 3210 382 ramis
3229 329 3344 402 ejus
3366 333 3485 401 fue-

203 420 288 480 tio,
315 432 532 482 mense,
561 433 666 471 una
695 421 907 485 mensis,
942 419 1139 489 factum
1162 429 1234 473 est
1262 420 1468 474 verbum
1493 418 1706 474 Domini
1733 419 1802 472 ad

199 527 290 574 ine,
316 509 509 564 dicens
541 527 562 564 :
595 509 705 565 Fili
718 510 969 580 hominis,
1001 511 1491 586 dicPharaonii-egi
1515 510 1736 585 Egypti
1755 521 1804 566 et

197 603 388 678 populo
413 607 537 677 ejus
561 622 582 660 :
607 604 706 662 Cui
731 608 920 661 similis
949 607 1121 678 factus
1150 625 1202 663 es
1222 610 1275 662 in
1302 609 1658 682 magnitudine
1679 608 1804 662 tua?

194 698 326 754 Ecce
353 699 537 754 Assur
558 701 713 770 quasi
735 700 931 757 Codrus
961 701 1116 774 (sive
1136 701 1478 775 Cyparissus)
1503 704 1557 756 in
1583 701 1800 768 Libano,

195 792 415 864 pulcher
463 797 633 850 ramis
680 806 727 850 et
777 796 1052 867 frondibus
1103 815 1424 865 nemorosus,
1475 796 1806 869 excelsusque

196 887 514 954 altitudine,
547 899 598 942 et
629 889 763 944 inter
789 889 1076 944 condensas
1113 891 1325 960 frondes
1354 891 1504 962 (sive
1545 893 1600 946 in
1635 891 1802 946 medio

194 979 447 1048 nubium)
489 981 747 1036 eleuatum
775 991 850 1037 est
881 999 1124 1037 cacumen
1153 984 1286 1054 ejus.
1331 983 1488 1054 Aqua:
1515 983 1805 1038 nutrierunt

191 1075 342 1128 illum
362 1092 382 1128 :
417 1075 665 1146 Abyssus
714 1077 927 1132 elevavit
959 1075 1142 1150 (Vulg.
1194 1076 1458 1150 exultavit]
1501 1093 1618 1131 eum
1650 1091 1670 1130 :
1697 1079 1800 1147 llu-

195 1168 327 1220 mina
355 1170 490 1240 ejus
519 1169 806 1223 manabant
834 1169 889 1222 in
915 1169 1136 1223 circuitu
1166 1169 1406 1223 radicum
1435 1170 1545 1235 eius
1563 1211 1578 1235 ,
1601 1178 1648 1222 et
1669 1169 1803 1223 rivos

196 1276 309 1314 suos
331 1261 520 1313 emisit
545 1260 618 1313 ad
640 1261 887 1316 universa
923 1261 1068 1333 ligna
1091 1263 1339 1337 regionis.
1377 1261 1664 1333 Propterea
1701 1263 1803 1316 ele-

197 1362 302 1406 vata
327 1363 404 1408 est
437 1357 680 1409 altitudo
701 1361 816 1429 ejus
837 1374 994 1425 super
1024 1359 1197 1412 omnia
1225 1357 1370 1430 ligna
1399 1359 1626 1432 regionis
1654 1358 1803 1430 (sive

203 1449 398 1520 campi)
441 1467 457 1503 :
495 1459 546 1504 et
587 1451 942 1523 multiplicata
969 1463 1090 1507 sunt
1116 1451 1328 1506 arbusta
1368 1453 1508 1522 (sive
1538 1452 1714 1523 rami),
1754 1464 1799 1507 et

207 1553 226 1579 ³
250 1544 436 1598 elevati
465 1555 602 1600 sunt
625 1548 759 1600 rami
785 1551 900 1622 ejus
926 1563 1035 1621 prae
1059 1547 1206 1618 aquis
1239 1547 1431 1601 multis.
1460 1545 1686 1617 Cumque
1714 1561 1801 1600 ea:-

214 1638 452 1692 tendisset
487 1638 733 1694 umbram
764 1658 911 1695 suam
931 1683 946 1706 ,
979 1643 1032 1694 in
1065 1640 1227 1696 ramis
1254 1643 1369 1713 ejus
1395 1641 1622 1711 fecerunt
1650 1640 1802 1694 nidos

1901 424 2020 470 runt
2045 417 2294 470 universa:
2321 417 2492 471 bestia:
2511 419 2760 489 regionis.
2797 419 3142 485 Quamobrem
3182 439 3285 476 non
3311 423 3484 477 eleva-

1903 507 2089 562 buntur
2117 509 2170 561 iu
2200 509 2474 563 altitudine
2503 526 2594 564 sua
2636 513 2805 565 omnia
2835 513 2976 584 ligna
3005 530 3254 584 aquarum
3284 531 3304 569 :
3328 531 3490 584 neque

1901 601 2478 670 ponentsublimitatem
2504 619 2650 657 suam
2688 603 2820 657 inter
2859 621 3130 660 nemorosa
3167 617 3316 675 atque
3343 608 3488 676 fron-

1903 692 2245 765 dosa(sivein
2261 693 2515 764 nubibus)
2536 711 2654 748 :nec
2668 696 2872 750 stabunt
2898 697 2952 751 in
2974 699 3284 754 sublimitate
3301 699 3485 773 [ναις.

1901 786 2095 859 eorum]
2110 805 2208 843 sua
2231 789 2402 842 omnia
2421 804 2535 859 qua:
2553 790 2834 861 irrigantur
2851 792 2997 862 aquis
3017 809 3034 846 :
3053 795 3175 864 quia
3200 807 3489 851 omnestra-

1903 879 2125 935 ditisunt
2139 882 2191 935 in
2205 889 2417 937 mortem
2433 883 2502 936 ad
2517 893 2705 936 terram
2721 882 2978 952 ultimam,
3001 886 3052 938 iu
3068 885 3234 940 medio
3258 889 3484 953 ﬁliorum

1903 973 2172 1029 hominum
2216 977 2281 1030 ad
2297 967 2381 1030 eos
2415 977 2503 1048 qui
2531 977 2843 1031 descendunt
2876 979 2929 1031 in
2973 977 3164 1032 lacum.
3191 978 3320 1034 Ilcec
3361 981 3487 1035 dicit

1902 1067 2065 1138 369
2115 1067 2366 1124 Dominus
2416 1070 2553 1123 Deus
2593 1087 2614 1125 :
2662 1073 2711 1125 in
2754 1073 2835 1126 die
2875 1072 3081 1142 quando
3121 1074 3391 1128 descendit
3418 1075 3485 1128 ad

1901 1159 2115 1230 inferos,
2163 1163 2330 1216 indixi
2379 1163 2487 1240 [A].
2540 1165 2748 1240 induxi]
2789 1167 2980 1220 luctum
3022 1168 3162 1241 (sive
3200 1169 3330 1223 luxit
3370 1187 3486 1224 eum

1905 1255 2138 1327 abyssus)
2166 1275 2178 1309 :
2212 1259 2390 1329 operui
2412 1275 2526 1312 eum
2553 1259 2757 1329 abysso,
2782 1269 2827 1315 et
2854 1261 3097 1331 prohibui
3124 1266 3344 1333 flumina
3375 1265 3486 1334 ejus

1903 1357 1948 1401 el
1981 1352 2183 1403 coerciti
2207 1368 2370 1422 aquas
2393 1353 2603 1406 multas.
2635 1363 2657 1390 ε
2683 1352 2947 1409 Contritus
2975 1365 3047 1408 est
3079 1356 3217 1427 (sive
3249 1366 3486 1410 contene-

1905 1444 2102 1512 bratus)
2129 1460 2282 1512 super
2322 1461 2436 1498 eum
2467 1444 2726 1511 Libanus,
2765 1457 2813 1500 et
2840 1449 3015 1501 omnia
3053 1449 3193 1521 ligna
3230 1450 3343 1523 agri
3369 1468 3492 1504 con-

1905 1551 2049 1589 cussa
2075 1545 2193 1590 sunt
2226 1537 2364 1610 (sive
2385 1537 2727 1611 defecerunt).
2761 1542 2806 1595 Α
2827 1543 3000 1598 sonitu
3023 1544 3188 1598 ruina:
3209 1548 3320 1616 ejus
3349 1562 3490 1600 com-

1905 1632 2039 1684 movi
2081 1631 2216 1700 (sive
2257 1644 2526 1689 commota:
2567 1635 2710 1706 sunt)
2756 1647 2950 1709 gentes,
2999 1656 3116 1692 cum
3142 1637 3162 1676 ί
3187 1639 3489 1696 deducerem

215 1731 364 1783 mia
390 1730 648 1786 volatilia
688 1731 824 1800 caeli,
853 1742 900 1787 et
939 1733 1031 1788 sub
1072 1732 1340 1804 frondibus
1365 1736 1476 1807 ejus
1518 1741 1804 1804 genuerunt

1909 1739 2024 1778 eum
2056 1723 2192 1796 (sive
2221 1729 2356 1798 eam)
2380 1727 2449 1782 ad
2469 1729 2730 1800 infernum
2761 1748 2877 1784 cum.
2902 1732 2984 1788 Itis
3011 1735 3100 1802 qui
3120 1734 3490 1790 descendebant

214 1842 362 1879 omnes
393 1824 586 1880 bestice
606 1826 835 1882 saltuum
852 1872 865 1895 ,
891 1837 939 1882 et
963 1827 1055 1882 sub
1075 1829 1254 1882 umbra
1275 1827 1455 1902 (Vulg.
1479 1824 1799 1898 umbraculo]

215 1920 339 1974 illius
365 1920 648 1975 habitabat
679 1931 837 1978 cattus
862 1923 1089 1994 gentium
1112 1921 1140 1961 ι)
1169 1923 1542 1977 universarum.
1570 1921 1802 1993 Eratque

230 2015 599 2082 pulcherrimus
631 2015 688 2069 in
712 2001 1072 2089 magnitudine
1091 2033 1204 2084 sua,
1235 2025 1281 2071 et
1302 2017 1356 2071 in
1379 2015 1628 2071 dilatione
1649 2015 1801 2088 (sive

236 2107 556 2179 multitudine)
574 2109 1029 2181 arbustorum(vel
1049 2109 1339 2182 ramorum)
1353 2127 1596 2166 suorum:
1618 2122 1639 2150 ε
1657 2121 1801 2166 erant

248 2202 352 2255 exiis
369 2201 573 2256 radices
601 2202 748 2258 illius
763 2205 921 2274 juxta
951 2221 1130 2275 aquas.
1157 2204 1308 2259 Cedri
1337 2204 1472 2277 (sive
1495 2202 1800 2277 Cyparissi)

235 2311 308 2347 res
323 2295 527 2362 [amnt
556 2295 783 2351 altiores
799 2296 893 2351 illo
913 2298 969 2352 in
990 2298 1233 2368 paradiso
1257 2298 1374 2367 Dei,
1392 2309 1440 2352 et
1459 2297 1646 2353 abietes
1665 2299 1802 2370 (sive

219 2390 323 2458 pint)
336 2407 442 2443 non
455 2391 875 2460 adwquaverunt
891 2393 1236 2447 summitatem
1254 2396 1388 2466 ejus,
1411 2403 1459 2448 et
1481 2392 1678 2462 platani
1691 2392 1802 2466 (vel

215 2480 414 2552 abietcs)
441 2499 554 2537 non
587 2483 798 2552 fuerunt
826 2500 984 2555 requa:
1006 2483 1350 2558 (velsimiles)
1377 2485 1646 2555 frondibus
1661 2485 1802 2558 (sive

213 2573 375 2643 remis)
401 2572 587 2628 illius.
623 2574 788 2630 Omne
810 2577 1004 2649 lignum
1023 2578 1256 2649 paradisi
1280 2577 1376 2632 Dei
1405 2579 1541 2650 (sive
1563 2580 1617 2632 in
1645 2594 1802 2650 para-

204 2667 295 2721 diso
325 2666 477 2738 Dei)
511 2685 622 2723 non
651 2680 724 2724 est
743 2669 1092 2725 assimilatum
1114 2672 1160 2726 ei
1181 2681 1230 2726 et
1247 2669 1629 2744 pulchritudini
1658 2673 1799 2740 ejus,

201 2765 444 2829 quoniam
476 2764 770 2834 speciosam
793 2763 978 2836 (Vulg.
1002 2765 1314 2838 speciosum]
1351 2766 1450 2836 feci
1470 2781 1582 2820 eam
1618 2763 1799 2838 [ναις.

197 2856 358 2929 eum],
407 2867 462 2911 et
511 2859 693 2912 multis
738 2857 1110 2930 condensisque
1141 2857 1441 2931 frondibus,
1488 2858 1804 2913 eta'mulata

193 2963 298 3006 sunt
331 2969 466 3006 eam
490 2954 669 3006 omnia
692 2953 832 3024 ligna
860 2955 1138 3024 voluptatis
1161 2955 1312 3025 (sive
1327 2951 1667 3025 deliciarum)
1690 2967 1804 3023 qua:

192 3056 342 3099 erant
379 3048 437 3099 in
467 3047 717 3112 paradiso
759 3045 943 3119 (Vulg.
983 3046 1139 3102 addit
1178 3045 1320 3120 Dei].
1373 3047 1654 3120 Propterea
1695 3047 1804 3100 haec

1910 1816 2045 1886 (sive
2081 1818 2418 1890 descendunt)
2449 1823 2503 1876 in
2535 1823 2740 1890 lacum;
2760 1833 2808 1879 et
2846 1827 3107 1880 consoluta
3131 1837 3249 1882 sunt
3277 1831 3328 1883 in
3355 1838 3492 1884 terra

1903 1911 2109 1981 inﬁrma
2130 1916 2305 1968 omnia
2334 1915 2477 1988 ligna
2503 1918 2782 1987 voluptatis
2824 1920 2964 1990 (sive
2995 1921 3322 1993 deliciarum)
3344 1940 3487 1994 egre-

1901 2006 1988 2076 gia
2012 2015 2163 2076 atque
2189 2009 2442 2079 prteclara
2478 2011 2532 2064 in
2559 2010 2758 2066 Libano
2786 2029 2803 2066 :
2831 2013 3165 2084 universaque
3195 2016 3489 2086 irrigaban-

1905 2105 1986 2150 tur
2010 2099 2177 2168 aquis.
2213 2098 2355 2153 Nam
2391 2110 2438 2155 et
2477 2103 2579 2174 ipsi
2606 2120 2721 2157 cum
2757 2121 2816 2158 ea
2846 2105 2984 2177 (sive
3012 2122 3131 2159 cum
3160 2107 3240 2179 co)
3281 2108 3492 2163 descen-

1904 2194 2028 2258 dent
2069 2195 2212 2265 (sive
2247 2198 2642 2271 descenderunt)
2689 2203 2757 2256 ad
2794 2203 3059 2275 infernum
3096 2205 3164 2258 ad
3194 2206 3489 2276 interfectos

1903 2287 2044 2360 (sive
2091 2291 2406 2365 vulneratos)
2454 2293 2653 2365 gladio,
2703 2307 2750 2350 et
2794 2298 3058 2352 brachium
3110 2299 3248 2368 (sive
3297 2300 3489 2371 semen)

1904 2385 2311 2458 uniuscujusque
2343 2396 2368 2434 ὅ
2400 2387 2748 2443 habitantium
2785 2390 2881 2446 sub
2905 2392 3207 2448 umbraculo
3237 2396 3350 2465 ejus
3385 2440 3398 2462 ,
3441 2395 3493 2448 in

1902 2481 2072 2537 medio
2102 2484 2372 2538 nationum
2401 2484 2545 2558 (sive
2577 2488 2693 2540 vita:
2731 2487 2863 2559 suae)
2904 2490 3184 2558 perierunt.
3216 2490 3313 2545 Cui
3359 2493 3492 2545 assi-

1905 2576 2116 2631 milatus
2146 2593 2221 2646 es,
2248 2594 2278 2632 ο
2305 2579 2518 2650 inclyte,
2540 2593 2688 2652 atque
2730 2582 2962 2637 sublimis
2993 2585 3125 2638 inter
3159 2585 3300 2657 ligna
3349 2587 3496 2640 volu-

1905 2669 2086 2739 ptatis!
2109 2669 2243 2724 Ecce
2260 2671 2514 2726 deductus
2538 2689 2591 2728 es
2613 2691 2725 2727 cum
2746 2673 2900 2748 lignis
2925 2677 3204 2748 voluptatis
3226 2679 3498 2732 adterram

1907 2761 2163 2827 ultimam,
2197 2763 2250 2815 in
2282 2764 2451 2818 medio
2481 2765 2962 2822 incircumcisurum
2985 2768 3228 2837 dormies,
3273 2787 3387 2824 cum
3418 2769 3496 2824 his

1905 2853 1998 2922 qui
2017 2855 2273 2926 interfecti
2295 2865 2417 2910 sunt
2437 2855 2637 2926 gladio.
2663 2855 2690 2893 ιι
2716 2857 2809 2914 Sic
2826 2857 3038 2914 Pharao
3067 2871 3110 2915 et
3131 2863 3296 2916 omnis
3319 2863 3497 2919 multi—

1909 2946 2036 3002 tudo
2067 2950 2203 3020 ejus,
2234 2947 2362 3002 dicit
2391 2948 2646 3005 Dominus
2669 2951 2834 3009 Deus.
2865 2951 3168 3024 Utramque
3197 2956 3494 3011 editionem

1907 3056 1974 3097 ex
2004 3057 2156 3110 more
2187 3043 2505 3099 commiscui
2525 3087 2540 3110 ,
2575 3045 2664 3100 ubi
2697 3053 2878 3100 tamen
2901 3047 3198 3117 plurimum
3222 3050 3498 3122 discrepa-

194 3141 327 3193 dicit
359 3137 629 3194 Dominus
659 3116 798 3195 Deus
829 3157 849 3196 :
877 3116 987 3196 Pro
1012 3157 1072 3196 eo
1105 3141 1244 3213 quod
1277 3116 1557 3196 sublimata
1587 3139 1684 3212 [aL
1715 3157 1804 3194 su—
1829 3116 1876 3180 (ἶ
1907 3135 2060 3200 bant,
2093 3150 2161 3191 ne
2180 3135 2380 3206 duplex
2412 3138 2712 3206 propositio
2741 3116 2966 3208 augeret
2995 3140 3262 3197 librorum
3292 3116 3500 3214 mag-ni-

189 3232 473 3306 blimatus]
490 3242 564 3288 est
591 3234 644 3287 in
672 3233 1026 3305 altitudinem,
1056 3244 1104 3289 et
1125 3233 1266 3290 dedit
1289 3235 1638 3289 summitatem
1655 3248 1804 3286 suam

189 3328 454 3382 virentem
491 3337 647 3398 atque
669 3328 980 3384 condensam
1027 3328 1180 3400 (sive
1223 3330 1282 3382 in
1330 3327 1497 3383 medio
1527 3325 1802 3412 nubium),

188 3431 234 3474 et
269 3420 534 3474 eleuatum
563 3431 638 3475 est
665 3437 753 3475 cor
779 3424 894 3494 ejus
919 3421 974 3475 in
1003 3420 1279 3476 altitudine
1305 3437 1399 3475 sua
1420 3437 1438 3473 :
1464 3419 1662 3474 tradidi
1692 3437 1804 3474 eam

193 3514 210 3582 (
231 3515 366 3569 sive
395 3529 518 3568 eum
543 3511 564 3585 )
589 3514 642 3567 in
675 3530 831 3568 manu
859 3515 1138 3585 fortissimi
1173 3513 1333 3588 (sive
1364 3513 1642 3585 principis)
1683 3529 1806 3584 gen.

199 3619 332 3671 tium
360 3632 383 3671 :
414 3617 617 3688 faciens
644 3617 802 3688 faciet
843 3617 889 3670 ei
919 3633 938 3671 :
970 3617 1130 3689 (sive
1159 3628 1207 3672 et
1239 3619 1430 3690 faciam
1468 3617 1806 3691 perditionem

207 3718 350 3790 ejus)
379 3736 394 3772 :
424 3722 588 3790 juxta
613 3719 932 3788 impietatem
957 3725 1069 3793 ejus
1091 3721 1219 3793 ejeci
1241 3736 1376 3776 eam.
1401 3721 1428 3758 ιι
1453 3719 1523 3775 Et
1547 3722 1808 3777 succident

206 3836 316 3873 eam
341 3819 509 3874 alieni
550 3828 599 3874 et
633 3820 982 3876 crudelissimi
1011 3823 1282 3878 nationum
1321 3825 1481 3894 (sive
1515 3827 1808 3896 pestilentes

205 3922 480 3993 gentium)
507 3962 524 3988 ,
552 3932 600 3977 et
625 3924 898 3995 projicient
924 3941 1038 3980 eam
1069 3943 1225 3996 super
1249 3938 1446 3983 montes
1469 3973 1484 3997 ,
1523 3940 1572 3983 et
1599 3931 1652 3984 in
1678 3947 1809 3984 cun-

209 4027 302 4080 ctis
330 4024 661 4081 convallibus
701 4039 942 4084 corruent
987 4031 1122 4084 rami
1149 4035 1283 4105 ejus,
1324 4041 1374 4086 et
1415 4033 1810 4109 confringentnr

211 4130 431 4183 arbusta
451 4128 568 4200 ejus
594 4130 650 4183 in
673 4131 927 4186 universis
954 4132 1170 4203 rupibus
1195 4133 1345 4205 (sive
1373 4137 1569 4206 campis
1590 4135 1610 4209 )
1635 4146 1804 4206 tcrrce,

210 4241 258 4284 et
287 4230 535 4284 recedent
564 4231 628 4286 de
655 4231 956 4288 umbraculo
982 4237 1096 4306 ejus
1124 4252 1299 4291 omnes
1321 4239 1504 4309 populi
1544 4249 1695 4294 terra:
1715 4282 1729 4309 ,
1762 4250 1811 4295 et

213 4335 511 4404 relinquent
537 4349 674 4388 eam.
723 4333 790 4390 In
817 4338 974 4391 ruina
997 4339 1111 4409 ejus
1137 4338 1496 4398 habitaverunt
1525 4341 1678 4415 (sive
1720 4362 1806 4400 re-

1911 3228 2176 3283 tudiucm.
2217 3232 2296 3284 Ac
2342 3229 2574 3300 primum
2607 3231 2890 3288 sciendum
2913 3275 2928 3300 ,
2963 3233 3110 3304 quod
3142 3251 3500 3306 quaecumque

1905 3320 2158 3376 dicuntur
2205 3321 2275 3376 de
2331 3337 2458 3393 rege
2496 3321 2845 3395 Assyriorum
2899 3325 3083 3381 futuro
3129 3337 3395 3398 tempore,
3443 3331 3495 3384 in

1907 3412 2053 3468 LXX
2079 3414 2232 3484 quasi
2266 3423 2537 3470 transacta
2573 3426 2969 3487 memorantur,
3004 3425 3060 3474 et
3086 3418 3164 3474 sic
3194 3420 3279 3476 vel
3317 3422 3384 3476 ad
3414 3437 3474 3476 ar

1909 3505 2119 3573 borem,
2160 3506 2246 3562 vel
2287 3506 2358 3562 ad
2398 3507 2702 3578 principem
2749 3510 2993 3581 loquitur
3026 3513 3398 3584 Assyriorum,
3440 3529 3495 3570 ut

1914 3599 2368 3666 tam,masculino
2409 3616 2567 3670 quam
2597 3601 2859 3658 feminino
2900 3619 3105 3676 genere
3134 3605 3202 3662 de
3236 3623 3341 3662 una
3381 3623 3503 3679 per-

1909 3707 2045 3748 sona
2089 3691 2445 3764 intelligatur,
2493 3692 2622 3749 dum
2665 3703 2723 3750 et
2760 3695 2926 3750 arbor
2967 3697 3202 3754 refertur
3235 3700 3300 3754 ad
3336 3702 3498 3772 Assy-

1912 3786 2073 3855 rium,
2104 3795 2160 3842 et
2187 3787 2446 3858 Assyrius
2471 3787 2524 3842 in
2547 3789 2745 3844 arbore
2768 3789 3107 3846 nominatur.
3132 3790 3248 3848 Nec
3275 3791 3345 3849 de
3374 3809 3502 3866 rege

1911 3879 2208 3948 Babylonio
2239 3878 2292 3935 in
2320 3883 2581 3950 prmsenti
2614 3897 2873 3939 sermone
2903 3884 3013 3938 ulla
3056 3885 3116 3940 lit
3163 3887 3397 3954 mentio;
3437 3903 3504 3942 ne

1911 3974 2155 4032 videatur
2183 3985 2375 4030 contra
2399 3976 2672 4047 captivum
2703 3978 2962 4048 pepulum
2995 3980 3236 4049 positum
3261 3981 3370 4054 [ΑΙ.
3401 3998 3500 4054 po-

1913 4071 2079 4143 situs]
2126 4071 2179 4126 in
2239 4069 2521 4138 Chaldtea,
2565 4071 2910 4128 dominorum
2949 4083 3117 4144 atque
3156 4078 3499 4147 regnantium

1913 4163 2253 4219 iracundiam
2285 4179 2609 4234 provocare,
2644 4165 2741 4222 sed
2776 4165 2975 4222 dicitur
3003 4167 3071 4223 de
3098 4185 3228 4240 rege
3252 4173 3503 4243 Assyrio-

1914 4272 2057 4326 rum,
2091 4257 2185 4328 qui
2223 4256 2414 4328 eoiatn
2446 4267 2694 4328 tempore
2727 4269 2922 4330 captus
2946 4258 3126 4315 fuerat
3149 4276 3178 4314 a
3209 4260 3498 4334 Clialdmis,

1913 4363 1968 4412 et
2016 4369 2178 4410 omne
2218 4355 2385 4412 robur
2431 4355 2780 4428 Assyriorum
2834 4356 3136 4428 Babylonio
3187 4359 3504 4430 subjacebat

289 4516 1347 4614 satisenevefiig,‘Aeielevaisunt.rami,
1384 4541 1450 4581 ex
1487 4526 1662 4614 .Vatic‘.
1699 4547 1801 4614 ms.
1829 4539 1884 4601 D
1908 4535 2132 4614 Vulgata
2155 4537 2399 4614 reponit,
2431 4547 2592 4608 atque
2619 4537 2851 4614 Hebrgeo
2877 4549 3070 4614 11pm,
3114 4544 3257 4614 quod
3281 4559 3374 4604 aut
3407 4552 3497 4606 ob-

215 4600 274 4676 et
305 4588 878 4676 ﬂabianasuﬂec‘imus
907 4601 1028 4674 post
1048 4588 1376 4676 Victoriam,
1411 4599 1503 4668 qui
1526 4588 1808 4676 ad__Scrip;

216 4671 355 4716 tum
403 4660 685 4738 dumtaxat
728 4663 1105 4738 testimonium
1131 4660 1486 4738 suppleverat
1527 4690 1537 4726 :
1587 4660 1806 4731 Martia-

219 4746 531 4804 uagus‘cum
562 4733 791 4786 Erasmo
817 4735 1188 4804 praetermisit.

286 4802 317 4889 ις
353 4801 562 4884 Victor.
595 4801 1212 4889 gentiumiplurintarum,
1243 4809 1310 4865 ad
1325 4812 1584 4889 Vulgata:
1611 4817 1808 4889 instar,

221 4875 482 4956 Hebr-mo,
495 4874 734 4956 _ipsaque
755 4874 997 4956 subnexa
1023 4874 1338 4950 Hieronymi
1361 4874 1705 4956 expositione
1725 4874 1813 4945 as:

224 4945 793 5028 scutienti‘bus.__Nant
845 4955 1198 5028 uniuersorum
1230 4945 1468 5026 'propri'e
1516 4970 1598 5015 est
1626 4945 1769 5018 LXX
1795 5004 1810 5028 ,

222 5025 323 5073 πᾶν
365 5017 564 5103 πλῆθος
612 5019 799 5073 ἐθνῶνε
859 5021 962 5103 nisi
1015 5021 1060 5074 si
1088 5017 1497 5103 .Hieronymus,
1528 5017 1815 5103 utramque

221 5091 724 5232 posuit)lectionem
741 5133 756 5158 ,
788 5093 1016 5162 gentium
1043 5091 1387 5163 plurimarum
1415 5100 1572 5173 (sive
1605 5091 1814 5162 univer-

223 5177 404 5216 δατηῗη
434 5200 449 5214 ρ

223 5177 449 5216 sarum).

298 5242 321 5271 ε
352 5232 507 5288 Idem
537 5231 605 5288 ad
633 5231 872 5312 Vulgata;
915 5251 1133 5312 rursum
1179 5250 1340 5312 atque
1380 5244 1592 5302 Hebraei
1639 5255 1816 5305 textus

225 5304 418 5382 ﬁde_m_,
453 5313 562 5358 erat
587 5305 722 5358 enim
745 5307 900 5382 radis:
918 5308 1062 5364 illius
1083 5304 1436 5382 juxta'aquas
1465 5304 1680 5375 multas.
1708 5321 1816 5377 Sed

225 5388 280 5432 et
303 5376 571 5456 {tabanus
588 5379 859 5456 consentit
878 5381 928 5434 in
948 5395 1013 5456 ea
1033 5376 1194 5456 quam
1213 5376 1432 5456 supplet
1452 5405 1584 5445 voce
1600 5376 1812 5450 multas.

296 5446 326 5483 ἀ
363 5447 736 5520 liescribitnus
778 5465 895 5519 poet
948 5446 1247 5510 Viciorinm
1287 5446 1587 5516 succident.
1641 5446 1813 5520 Mani-'-

227 5520 378 5605 festo
405 5520 574 5585 enim,
613 5519 806 5592 inquit,
851 5522 1338 5605 fmdqque_errore
1369 5535 1645 5605 succedent
1669 5519 1816 5605 lege-

227 5591 396 5678 l‘rat-ur
421 5601 580 5644 antea
614 5609 627 5646 :
663 5591 783 5646 nam
824 5591 1325 5678 succidentultabent
1366 5603 1567 5678 Helm,
1599 5591 1810 5678 Grata,

233 5661 930 5745 vutgﬂommeiitarius
960 5667 1074 5736 ipse
1091 5661 1574 5745 I’lieronymianus'.

564 5735 646 5788 ius
673 5733 1016 5791 Contristatus
1045 5749 1138 5810 est,
1172 5752 1275 5800 etc.
1289 5733 1427 5818 ,'pro
1456 5733 1724 5821 contritus,
1749 5768 1816 5810 ex

509 5832 784 5896 Pt'rnon.
835 5834 1045 5899 XXV.

1911 4608 2167 4689 tenebrari
2188 4609 2476 4679 significat,
2497 4608 3229 4689 aut_co_iitristari.'Alterlim,
3252 4621 3394 4689 quod
3418 4636 3501 4680 est
3569 4633 3578 4642 ’

1912 4680 2207 4748 contritum,
2249 4689 2528 4736 verterunt
2549 4680 2716 4740 LXX.

1989 4749 2009 4790 τ
2038 4755 2208 4807 Antea
2236 4766 2354 4807 erat
2379 4752 2702 4808 deducerent.
2739 4753 2846 4812 Nos
2882 4754 3119 4812 Victoria
3153 4758 3241 4816 hic
3269 4767 3500 4822 assenti-

1915 4840 2036 4879 mur
2064 4833 2264 4896 praeter
2290 4823 2585 4894 Scriptura:
2610 4832 2810 4896 textus,
2845 4827 3130 4887 Brixianos
3170 4849 3304 4890 mss.
3347 4841 3499 4894 codi-

1917 4911 2010 4952 ces
2029 4895 2341 4964 proierenti.

1989 4977 2014 5013 ις
2047 4967 2151 5022 Pro
2179 4967 2541 5039 habitantium,
2567 4967 2842 5039 Rabanus,
2876 4981 2930 5026 et
2959 4971 3227 5032 ViCtorius
3254 4978 3324 5033 ad
3364 4979 3496 5035 Vul-

1917 5049 2055 5117 gatre
2097 5038 2375 5117 exemplar
2413 5041 2624 5117 sedebit.
2658 5040 2920 5117 chitque
2949 5060 3068 5100 mox
3098 5047 3222 5117 (sive
3252 5051 3306 5104 in
3327 5053 3494 5107 medio

1918 5109 2175 5186 virgeum
2211 5110 2495 5186 perierunt)
2531 5112 2647 5182 ipso
2675 5109 2843 5168 verba
2872 5109 3149 5186 perierunt,
3181 5131 3366 5186 utpote
3394 5132 3494 5180 τῶν

1918 5179 2064 5263 LX};
2114 5179 2254 5234 intra
2304 5179 2485 5263 lineas
2514 5179 2748 5263 recepto,
2793 5179 3415 5263 suﬂ'ectisque'_vocibus,
3441 5179 3498 5249 in

1917 5253 2106 5327 medio,
2138 5267 2203 5308 ex
2233 5253 2548 5327 eorumdem
2580 5253 3064 5327 interpretationei
3092 5261 3224 5315 nihil
3253 5253 3414 5320 enim,
3436 5267 3494 5323 in

1919 5325 2150 5380 Hebrzeo
2186 5333 2270 5381 est
2293 5325 2401 5408 ‘cui
2440 5327 2663 5383 verbum
2704 5325 2952 5385 Graecum
2992 5333 3278 5403 ἀπώλοντο,
3330 5339 3495 5408 perie-

1916 5406 2058 5467 runt,
2077 5395 2422 5467 respondeat.

1994 5465 2022 5543 Ιξ
2052 5465 2399 5543 iterum_ciim
2428 5468 2652 5525 Babano
2675 5471 2967 5540 Victorius,
2999 5473 3124 5543 Ipse
3149 5484 3223 5531 est
3257 5477 3500 5540 Pharao.

1923 5537 2025 5622 Qui
2053 5541 2266 5627 lectioni
2291 5541 2865 5627 sphnexppgmgrimis
2893 5537 3310 5627 Hietlonymiana
3334 5537 3504 5627 eripi};

1926 5612 2051 5666 sitio
2081 5611 2427 5694 suffragatur,
2462 5613 2549 5668 ubi
2576 5613 2632 5669 S.
2663 5617 2819 5694 Pater
2846 5629 2968 5672 cum
2990 5611 3502 5694 Sepiuagintavii‘ali

1927 5684 2200 5754 propriam
2229 5683 2535 5742 versionem
2561 5685 2855 5757 componit.

2937 5863 3025 5928 10
