3928 6322
340 263 449 324 299

1580 265 1639 323 8.
1683 262 1959 323 EUSEBII
1993 260 2380 322 HIERONYMI

3513 270 3616 329 300

338 382 590 454 imperio.
633 381 789 438 Unde
841 390 897 437 et
941 381 1134 437 decem
1180 379 1377 445 tribus,
1420 380 1527 437 hoc
1575 390 1681 449 est,
1736 384 1930 451 Israel,
1960 383 2243 442 Acunctis
2272 382 2607 439 convallibus
2634 384 3055 439 corruuntrami
3083 384 3235 456 ejus,
3277 394 3338 442 et
3376 387 3617 443 confrin-

342 476 550 547 Assyrii
600 474 848 544 capiunt;
881 474 1016 529 duas
1066 484 1271 539 autem,
1322 474 1425 530 hoc
1476 486 1584 540 εει,
1629 475 1823 531 Judam
1875 486 1930 531 et

345 571 650 641 Beniamin,
684 572 846 643 370
875 571 1114 626 Cbaldmi
1146 581 1411 641 superant
1440 616 1455 640 ,
1490 580 1545 627 et
1572 572 1763 627 urbem
1807 572 1936 628 sub.

340 673 564 719 vertunt
603 662 927 718 Jerusalem.
972 665 1230 719 Dicturus
1281 664 1447 735 igitur
1472 673 1663 720 contra
1694 664 1934 719 Pharao-

339 773 467 813 nem
499 774 685 827 regem
713 757 931 830 [Egypti
961 800 974 823 ,
1017 768 1070 813 et
1115 757 1374 828 populum
1422 757 1542 827 ejus
1576 773 1758 813 sermo
1798 758 1936 812 divi-

338 868 464 919 nus,
508 853 602 907 tali
658 852 949 908 adversum
1006 851 1157 907 illum
1211 860 1297 907 est
1345 867 1476 906 usus
1527 850 1759 907 exordio
1792 852 1930 906 :Cui

341 945 537 1000 similis
587 945 766 1000 factus
806 963 863 1001 es
906 946 958 1000 in
1005 944 1388 1015 magnitudine
1421 944 1552 999 tua?
1594 944 1737 998 Ecce
1763 944 1935 997 Assur

344 1039 501 1106 quasi
541 1038 752 1094 Cedrus
781 1038 833 1091 in
866 1038 1107 1103 Libano,
1141 1046 1194 1093 et
1225 1037 1455 1107 reliqua.
1489 1037 1557 1091 Et
1582 1047 1666 1091 est
1694 1050 1887 1091 sensus
1918 1052 1931 1087 :

338 1131 457 1189 Non
483 1132 703 1187 mireris
733 1133 827 1186 sia
847 1132 1166 1204 Babyloniis
1188 1132 1264 1185 sis
1286 1130 1593 1185 vincendos
1624 1138 1785 1199 atque
1809 1145 1931 1199 per-

338 1224 552 1290 iturus,
616 1234 671 1279 et
719 1232 868 1279 tuum
923 1224 1239 1294 perditurus
1273 1224 1584 1292 imperium,
1635 1236 1934 1289 omnestlue

343 1332 477 1388 Opes
506 1317 776 1388 [Egyptiae
805 1317 1156 1373 destruenda:
1173 1321 1305 1383 sint,
1336 1333 1457 1371 cum
1494 1322 1527 1369 Α
1541 1332 1661 1370 ssur
1692 1317 1864 1370 multo
1880 1324 1934 1370 te

342 1411 558 1476 fortior,
585 1412 775 1467 eodem
800 1410 1060 1465 Chaldaeo
1092 1419 1414 1480 superante,
1444 1410 1655 1465 deletus
1682 1410 1773 1463 sit.
1832 1408 1935 1463 De-

343 1506 647 1576 scribitqoe
669 1508 966 1574 potentiam
994 1505 1138 1574 regis
1165 1504 1372 1574 Assyrii
1403 1503 1504 1556 sub
1533 1502 1699 1572 figura
1724 1501 1933 1554 arboris

349 1597 537 1665 Cedri,
568 1598 725 1668 juxta
758 1598 1114 1659 llebraicum,
1156 1598 1309 1666 juxta
1343 1594 1509 1661 LXX,
1552 1595 1844 1664 tlyparissi,
1880 1596 1932 1648 in

345 1702 533 1747 monte
559 1690 771 1745 Libano
803 1690 1142 1757 constitutm,
1173 1706 1291 1760 qum
1330 1689 1401 1742 sit
1432 1687 1658 1753 pulchra
1690 1688 1853 1741 ramis
1882 1686 1963 1741 ct‘

2032 487 2230 548 guutur
2254 478 2306 531 in
2342 477 2587 548 rupibus,
2630 485 2684 532 et
2713 493 2741 530 a
2773 479 2980 533 cunctis
3010 480 3413 552 derelinquitur
3443 499 3618 554 popu-

2034 570 2126 633 lis,
2158 572 2262 624 boc
2293 579 2397 639 est,
2429 570 2741 624 volatilibus
2768 571 2889 626 caeli
2922 580 2977 626 et
3018 572 3207 628 bestiis
3249 575 3450 645 campi,
3479 588 3532 629 et
3561 577 3616 629 in

2034 672 2236 716 tantam
2270 662 2451 717 veniet
2490 662 2873 733 perditionem,
2907 675 2965 717 ut
3000 680 3194 720 omnes
3225 666 3453 722 arbores
3500 683 3622 738 qua:

2032 756 2355 824 putabantur
2382 756 2615 810 excelsa:
2644 758 3061 826 comparatione
3110 757 3351 829 Assyriae
3380 760 3621 825 arboris,

2034 863 2134 904 suo
2154 848 2407 917 exemplo
2437 848 2660 915 elevari,
2685 859 2741 903 et
2767 850 2818 903 in
2846 849 3077 904 sublime
3123 851 3256 918 erigi
3282 852 3425 904 ultra
3478 850 3625 905 desi-

2035 953 2203 1008 stant,
2249 958 2348 997 nec
2375 954 2522 998 stent
2559 944 2612 997 in
2636 943 2928 999 altitudine
2966 959 3085 1010 sua,
3128 943 3224 999 sed
3256 943 3342 998 illa
3380 944 3625 1011 succisa,

2034 1048 2229 1091 omnes
2299 1044 2448 1089 metu
2505 1035 2715 1104 pariter
2780 1036 3146 1090 succidantur.
3201 1036 3467 1106 Quodque
3526 1052 3628 1106 per

2034 1130 2449 1184 translationem
2479 1129 2680 1184 dictum
2709 1139 2846 1196 erat,
2881 1128 2940 1184 fit
2980 1131 3343 1185 manifeStius.
3392 1133 3618 1199 Omnes,

2036 1224 2142 1289 ait,
2185 1222 2370 1276 traditi
2415 1232 2542 1277 sunt
2585 1222 2934 1293 (subauditur
2972 1239 3129 1294 reges
3170 1226 3224 1279 in
3263 1228 3519 1293 mortem)
3556 1225 3623 1280 ad

2036 1327 2235 1372 terram
2266 1317 2513 1371 ultimam
2544 1318 2673 1389 (hoc
2703 1325 2808 1395 est,
2837 1318 2901 1371 ad
2926 1316 3244 1389 internum),
3270 1319 3323 1373 in
3350 1320 3528 1373 medio
3557 1319 3619 1372 fi.

2035 1413 2232 1468 liorum
2264 1410 2538 1465 hominum
2579 1412 2939 1482 (nequaquam
2968 1412 3111 1465 inter
3140 1410 3393 1483 arbores)
3423 1411 3488 1465 ad
3520 1427 3620 1467 eos

2035 1510 2123 1577 qui
2149 1507 2485 1562 descendunt
2518 1508 2568 1560 in
2596 1506 2793 1560 lacum.
2815 1506 2963 1560 llaud
2996 1505 3217 1561 dubium
3239 1506 3369 1577 quin
3400 1506 3619 1561 inferna

2038 1600 2327 1670 signiticet.
2365 1600 2491 1654 Post
2518 1599 2877 1655 succisionem
2901 1598 3112 1653 arboris
3140 1600 3400 1670 Assyrire,
3426 1599 3542 1654 sive
3569 1602 3622 1653 in

2038 1694 2126 1750 die
2152 1696 2370 1766 quando
2387 1695 2668 1749 descendit
2692 1674 2761 1748 ad
2791 1694 3000 1748 inferos
3026 1694 3305 1764 Assyrius,
3332 1703 3386 1748 et
3412 1692 3628 1749 induxit

344 1785 616 1839 condenSa
640 1782 949 1849 frondibus,
975 1783 1111 1837 etad
1140 1782 1310 1835 nubes
1332 1796 1499 1851 usqtte
1522 1781 1793 1844 subrecta.
1816 1796 1935 1848 qua:
1966 1780 2014 1840 B
2042 1786 2147 1859 [Αι.
2183 1788 2399 1858 indixit]
2434 1787 2693 1841 Dominus
2741 1788 2963 1854 luctum,
3000 1801 3214 1840 rursum
3257 1801 3356 1855 per
3384 1787 3624 1840 transla-

341 1880 547 1935 idcirco
582 1886 788 1933 tantum
817 1878 1012 1942 crevit,
1045 1876 1190 1946 quod
1222 1891 1329 1931 non
1359 1876 1539 1946 aquis,
1573 1875 1667 1929 sed
1699 1876 1930 1946 abyssis,

342 1975 449 2029 hoc
488 1984 595 2038 est,
645 1974 801 2043 aquis
846 1972 1334 2027 abundantissimis
1378 1971 1652 2042 irrigetur.
1692 1970 1936 2041 Abyssus

342 2068 487 2121 enim
514 2066 801 2120 multitudo
829 2066 1040 2120 sonitus
1069 2080 1333 2135 aquarum
1361 2081 1373 2118 :
1408 2064 1482 2119 ita
1511 2073 1568 2118 ut
1598 2079 1791 2117 omnes
1809 2076 1936 2117 aves

344 2161 504 2215 nidos
540 2160 770 2215 fecerint
803 2161 853 2212 in
888 2160 1058 2213 ramis
1089 2160 1233 2227 ejus,
1259 2168 1310 2213 et
1345 2158 1447 2213 sub
1476 2158 1765 2215 frondibus
1791 2157 1938 2211 illius

345 2254 638 2325 genuerint
668 2267 863 2308 omnes
890 2252 1077 2307 bestiae
1104 2253 1358 2306 saltuum.
1383 2252 1449 2306 Et
1470 2266 1536 2306 ne
1558 2251 1937 2320 dubitaremus

347 2362 469 2417 qua:
526 2356 714 2401 essent
755 2346 880 2401 coeli
926 2344 1191 2411 volatilia,
1241 2361 1365 2415 quae
1406 2346 1673 2399 silvarum
1720 2346 1935 2414 bestiae,

346 2441 588 2510 apertius
628 2440 811 2510 posuit
854 2458 867 2492 :
903 2440 969 2493 Et
997 2439 1097 2493 sub
1128 2439 1447 2493 umbraculo
1489 2438 1631 2492 illius
1662 2437 1940 2492 habitabat

344 2545 521 2590 coetus
552 2536 791 2605 gentium
824 2534 1206 2604 plurimarum.
1238 2532 1424 2595 Cedri,
1460 2531 1656 2600 inquit,
1693 2540 1717 2566 ιι
1755 2542 1807 2585 et
1839 2546 1937 2602 cy-

349 2626 546 2697 parissi
571 2668 586 2693 ,
616 2627 823 2682 abietes
849 2667 864 2692 ,
899 2627 1014 2679 sive
1050 2626 1212 2695 pinus
1243 2635 1299 2679 et
1332 2624 1569 2694 platani,
1613 2623 1730 2679 sive
1754 2670 1755 2675 η
1776 2638 1939 2694 cypa-

349 2722 499 2789 rissi,
550 2738 658 2776 non
692 2720 910 2776 fuerunt
936 2736 1104 2790 aqua:
1138 2719 1304 2774 ramis
1334 2719 1503 2775 illius.
1536 2719 1602 2772 Et
1632 2734 1699 2773 ne
1730 2718 1940 2789 sigilla-

352 2816 452 2868 tim
480 2815 548 2869 de
581 2816 789 2871 cunctis
816 2815 1108 2869 arboribus
1137 2813 1364 2877 diceret,
1409 2822 1462 2866 et
1497 2814 1702 2878 omnia,
1742 2813 1936 2883 inquit,

352 2908 495 2978 ligna
529 2909 763 2975 paradisi
798 2908 891 2962 Dei
928 2924 1034 2961 non
1067 2918 1192 2962 sunt
1224 2907 1523 2961 assimilata
1564 2906 1666 2975 illi,
1716 2913 1774 2961 et
1816 2907 1937 2975 pul-

352 3002 650 3056 cbritndioi
702 3006 841 3071 ejus.
892 3002 996 3056 Per
1036 3018 1155 3072 qua:
1202 3001 1456 3056 nonnulli
1486 3000 1801 3072 intelligunt
1832 3018 1938 3055 non

351 3096 421 3150 dc
450 3110 577 3164 rege
612 3096 719 3149 dici
755 3094 997 3166 Assyrio,
1042 3095 1139 3151 sed
1172 3095 1240 3151 de
1278 3096 1550 3150 contraria
1599 3095 1938 3162 fortitudine,

2038 1883 2239 1935 tionem
2269 1879 2336 1933 de
2359 1894 2425 1933 eo
2454 1878 2719 1949 loquitur,
2745 1879 2889 1949 quod
2913 1885 3132 1947 opertus
3164 1880 3234 1932 sit
3254 1878 3476 1949 abysso,
3502 1881 3627 1949 jux-

2039 1984 2089 2027 ta
2124 1973 2253 2027 illud
2281 1972 2426 2042 quod
2456 1970 2721 2041 scriptum
2749 1981 2869 2025 est:
2905 1970 3035 2026 Veni
3064 1971 3117 2025 in
3150 1971 3474 2040 profundum
3508 1987 3627 2027 ma-

2035 2066 2133 2131 ris,
2148 2076 2203 2120 et
2219 2073 2512 2136 tempestas
2525 2065 2789 2120 demersit
2808 2076 2895 2119 me
2913 2063 3034 2135 (Ps.
3054 2080 3238 2131 vam,
3265 2065 3319 2136 5)
3337 2082 3350 2130 ;
3369 2073 3423 2120 et
3444 2068 3628 2121 omnia

2037 2155 2284 2223 flumina,
2316 2174 2507 2213 omnes
2535 2159 2786 2213 videlicet
2821 2160 3091 2221 nationes.
3121 2177 3243 2215 eum
3276 2161 3412 2213 ultra
3443 2161 3631 2231 rigare

2037 2254 2396 2319 cessaverint,
2450 2263 2501 2307 et
2549 2254 2905 2307 contristatus
2932 2253 3022 2320 sit,
3053 2256 3167 2309 sive
3200 2254 3630 2310 contenebratus

2039 2361 2205 2414 super
2234 2361 2374 2411 eam,
2409 2345 2460 2399 id
2499 2356 2604 2413 est,
2633 2345 2906 2411 arborem,
2946 2346 3028 2401 vel
3057 2361 3203 2415 eum,
3238 2346 3290 2401 id
3320 2356 3422 2413 est,
3453 2352 3630 2418 Assy-

2038 2440 2207 2504 rium,
2250 2438 2511 2495 Libanns.
2558 2437 2637 2492 Ac
2688 2454 2757 2492 ne
2801 2451 3117 2509 putaremus
3165 2439 3233 2493 de
3271 2439 3470 2494 arbore
3498 2455 3628 2494 esse

2040 2546 2374 2597 sermonem,
2408 2531 2656 2600 sequitur
2688 2548 2701 2583 :
2730 2534 2772 2584 A
2798 2531 2978 2586 sonitu
3007 2532 3178 2586 ruina:
3206 2531 3322 2601 ejus
3351 2533 3631 2585 commovi

2037 2638 2248 2698 gentes.
2290 2626 2421 2694 Qua:
2462 2627 2604 2681 enim
2648 2635 2798 2680 tanta
2846 2626 3002 2681 ruina
3044 2640 3167 2681 esse
3200 2625 3358 2680 unius
3414 2626 3631 2681 arboris

2046 2733 2247 2793 potest,
2282 2732 2338 2776 nt
2362 2722 2430 2776 ad
2459 2721 2698 2776 sonitum
2730 2723 2848 2792 ejus
2877 2724 3148 2777 universa:
3177 2732 3632 2778 commoveantur

2039 2814 2263 2886 gentes?
2304 2813 2440 2868 Cum
2484 2814 2809 2869 deducerem
2854 2813 2963 2885 ιΑι.
2995 2814 3373 2885 deducerent],
3410 2815 3622 2884 inquit,

2041 2922 2159 2961 eam
2192 2907 2258 2960 ad
2295 2905 2589 2969 infernum,
2618 2906 2771 2975 juxta
2809 2907 3067 2974 litteram,
3114 2908 3277 2961 arbor
3316 2908 3381 2960 ad
3416 2906 3627 2962 inferos

2038 3000 2232 3056 deduci
2264 3016 2370 3054 non
2396 3008 2574 3069 potest
2603 3016 2723 3054 cum
2748 3001 2868 3054 aliis
2889 3001 2980 3069 qui
3016 3002 3069 3055 in
3105 3002 3300 3067 lacum,
3335 3001 3387 3055 id
3415 3010 3518 3067 est,
3559 3002 3629 3056 ad

2042 3094 2206 3165 372
2262 3094 2464 3148 inferos
2509 3093 2931 3148 descendebant.
2986 3095 3049 3149 Et
3078 3095 3353 3150 consolata
3405 3105 3531 3149 sunt
3574 3096 3628 3150 in

353 3206 473 3260 qua:
502 3190 554 3244 in
583 3204 837 3245 sermone
873 3188 1004 3260 Tyri
1048 3191 1191 3244 inter
1239 3188 1536 3245 Cberubim
1578 3190 1781 3245 dicitur
1824 3204 1944 3245 esse
1971 3180 2019 3243 C
2050 3195 2193 3240 terra
2226 3186 2431 3253 intima,
2467 3185 2522 3240 in
2562 3186 2729 3240 corde
2756 3186 3013 3242 videlicet
3047 3197 3226 3253 terrae,
3268 3190 3449 3241 omnia
3485 3188 3633 3259 ligna

351 3293 613 3353 generata
636 3324 651 3348 ,
676 3292 733 3337 et
762 3282 1015 3352 pretiosis
1054 3283 1311 3337 distincta
1342 3283 1636 3353 lapidibus,
1668 3294 1724 3338 et
1749 3291 1940 3352 postea

354 3382 423 3436 ad
453 3390 671 3435 terrena
703 3391 802 3432 suo
834 3376 966 3431 vitio
997 3376 1335 3440 concidisse,
1380 3379 1475 3447 qui
1515 3387 1567 3432 et
1599 3376 1652 3430 in
1686 3376 1821 3431 Isaia
1852 3390 1943 3431 ca-

356 3474 516 3541 dens,
547 3473 769 3529 Lucifer
802 3471 1112 3542 appellatur
1144 3469 1280 3541 (Isa.
1309 3456 1448 3543 xw),
1477 3480 1534 3527 et
1564 3473 1615 3526 in
1649 3471 1944 3542 Evangelio

360 3570 614 3640 signatur
639 3581 669 3620 a
702 3566 934 3620 Domino
967 3582 980 3617 :
1015 3564 1278 3620 Videbam
1306 3565 1559 3620 Satanam
1582 3567 1735 3635 quasi
1770 3564 1946 3635 fulgur

358 3661 428 3717 de
452 3660 593 3717 cmlo
618 3658 907 3713 cadentem
939 3656 1094 3727 (Luc.
1126 3674 1181 3725 χ,
1218 3657 1326 3723 12).
1361 3656 1468 3712 Sed
1498 3671 1595 3711 nos
1622 3656 1738 3711 hzec
1761 3658 1946 3710 omnia

360 3764 420 3809 ut
461 3752 680 3808 interim
720 3766 1014 3819 sequamur
1055 3749 1341 3804 historiam
1374 3748 1767 3819 hyperbolicais
1805 3749 1948 3801 dicta

362 3844 763 3914 intelligamus,
795 3841 942 3912 quod
974 3850 1140 3895 tanta:
1178 3841 1435 3911 Assyrius
1472 3841 1635 3896 fuerit
1668 3840 1946 3911 potentiae,

362 3943 420 3993 et
443 3936 521 3991 sic
550 3947 775 3989 cunctas
791 3933 1138 4003 oppresserit
1160 3932 1435 4000 nationes,
1459 3942 1515 3987 ut
1535 3948 1595 3987 se
1615 3933 1948 4002 Angelorum

366 4029 675 4087 fortitudini
722 4027 1076 4096 compararit.
1118 4025 1311 4080 Omnia
1352 4036 1532 4081 autem
1578 4025 1951 4096 metaphorice

365 4123 467 4178 sub
494 4121 758 4175 altissima
797 4119 995 4184 cedro,
1036 4120 1152 4175 sive
1182 4119 1342 4191 371
1383 4120 1665 4190 cyparisso
1695 4121 1952 4175 dicuntur

369 4215 437 4270 ad
469 4214 774 4286 Assyrium,
808 4211 1225 4282 interfectioque
1256 4213 1406 4266 illius
1433 4214 1739 4283 appellatur
1778 4216 1952 4270 succi-

368 4309 471 4363 sio.
519 4308 779 4378 Quodque
808 4307 1055 4377 sequitur
1085 4324 1102 4362 :
1131 4304 1354 4360 Tradidi
1396 4321 1516 4361 eam
1560 4306 1611 4360 in
1658 4322 1820 4360 manu
1846 4310 1955 4363 for-

372 4401 572 4457 tissimi
610 4400 876 4473 gentium,
908 4415 1088 4470 regem
1119 4399 1476 4471 Babylonium
1512 4408 1691 4465 vocat,
1725 4412 1780 4453 ut
1809 4401 1953 4470 quod

370 4492 828 4564 vicitAssyrium,
863 4508 969 4545 non
996 4492 1230 4560 propriac
1251 4490 1597 4554 fortitudinis,
1631 4491 1723 4546 sed
1758 4492 1955 4546 divinae

2045 3280 2357 3351 voluptatis,
2390 3283 2507 3334 sive
2532 3279 2873 3343 deliciarum,
2917 3280 3061 3351 quod
3092 3281 3354 3336 Hebraice
3385 3282 3629 3351 appella-

2044 3383 2132 3428 tur
2175 3389 2314 3429 anan
2354 3372 2522 3462 (rm),
2576 3383 2635 3428 ut
2668 3388 2991 3427 nemorosos
3021 3373 3213 3440 saltus,
3249 3374 3529 3444 silvasque
3557 3378 3638 3430 si-

2044 3468 2265 3538 gnificet
2319 3467 2563 3538 egregias
2612 3474 2775 3535 atque
2816 3467 3123 3536 praeclaras,
3165 3481 3285 3537 qum
3328 3468 3551 3524 fuerunt
3580 3467 3635 3522 in

2048 3561 2280 3625 Libano,
2313 3571 2367 3616 et
2398 3559 2759 3630 irrigabantur
2785 3560 2960 3628 aquis.
2992 3558 3124 3612 Nam
3154 3570 3209 3613 et
3238 3560 3370 3628 ipsa:
3411 3559 3639 3613 arbores

2048 3668 2172 3709 cum
2202 3668 2292 3720 eo,
2332 3652 2436 3708 hoc
2474 3662 2580 3718 est,
2612 3650 2834 3722 Assyrio
2868 3650 3201 3706 descendent
3238 3651 3293 3705 in
3340 3650 3635 3715 infernum,

2049 3746 2116 3800 ad
2149 3744 2493 3811 interfectos,
2527 3745 2641 3799 sive
2671 3744 2982 3798 vulneratos
3013 3744 3218 3812 gladio.
3251 3743 3416 3814 Ligna
3440 3743 3641 3814 gladiis

2050 3856 2158 3896 non
2188 3841 2569 3906 vulnerantur,
2600 3837 2696 3894 sed
2723 3837 3029 3905 caeduntur,
3062 3853 3162 3892 nec
3191 3837 3538 3893 descendunt
3566 3837 3637 3892 ad

2051 3934 2347 3990 infernum.
2389 3932 2798 3999 Etbrachium,
2846 3931 3041 4001 inquit,
3088 3930 3203 3986 sive
3249 3946 3436 3985 semen
3476 3929 3639 4003 (quo-

2052 4028 2202 4082 niam
2240 4026 2386 4097 apud
2427 4026 2683 4081 Hebraeos
2715 4040 2898 4080 sermo
2929 4041 3065 4079 una
3095 4022 3262 4095 (ιγ’-ιτ),
3295 4024 3322 4062 ι)
3352 4034 3642 4096 utrumque

2051 4118 2369 4192 significat),
2405 4118 2710 4189 requiescet
2753 4119 2804 4173 in
2856 4119 3176 4174 umbracqu
3219 4119 3335 4189 ejus
3381 4120 3433 4173 in
3464 4119 3643 4174 medio

2056 4218 2359 4282 nationttm,
2410 4228 2750 4283 nequaquam
2794 4213 3075 4277 silvarum,
3116 4210 3210 4266 sed
3242 4213 3506 4282 gentium.
3556 4212 3641 4267 Ad

2056 4318 2359 4363 extremum
2406 4306 2463 4360 fit
2500 4307 2825 4376 apostropha
2872 4305 2937 4360 ad
2970 4306 3144 4375 ipsum
3178 4307 3483 4377 Assyrium,
3528 4308 3645 4361 sive

2056 4403 2125 4456 ad
2158 4403 2512 4455 Pharaonem.
2543 4399 2638 4453 Cui
2668 4398 2997 4452 assimilatus
3038 4414 3119 4466 es,
3153 4414 3184 4452 o
3222 4400 3440 4470 inelyte,
3478 4409 3645 4470 atque

2059 4495 2308 4549 sublimis
2337 4492 2481 4547 inter
2526 4492 2669 4560 ligna
2702 4491 3037 4559 voluptatis?
3069 4492 3260 4546 Nullus
3290 4492 3411 4555 tibi,
3444 4493 3643 4562 inquit,

378 4589 647 4660 intelligat
685 4587 993 4659 potestatis.
1024 4585 1183 4641 Jmta
1211 4585 1565 4654 impietatem,
1616 4587 1808 4655 inquit,
1841 4589 1958 4655 ejus
1984 4578 2036 4637 D
2061 4605 2156 4659 par
2186 4587 2307 4651 fuit,
2343 4586 2439 4641 sed
2471 4600 2659 4640 omnes
2706 4600 2862 4654 reges
2892 4587 3129 4655 potentia
3156 4586 3446 4655 superasti,
3478 4593 3534 4640 et
3566 4593 3645 4639 ta-

378 4682 511 4753 ejeci
541 4698 681 4749 eam,
703 4691 761 4736 ut
786 4680 997 4736 occulte
1026 4680 1378 4751 Babylonium
1409 4690 1649 4746 moneat,
1676 4698 1780 4735 non
1800 4680 1967 4735 debe-

378 4791 437 4831 re
458 4791 580 4830 esse
612 4774 915 4839 crudelem,
951 4788 1050 4828 nec
1084 4772 1392 4841 opprimere
1422 4772 1686 4844 populum
1723 4773 1837 4835 Dei,
1868 4772 1959 4843 qui

384 4869 487 4924 sibi
522 4868 753 4922 traditus
782 4867 872 4935 sit,
909 4884 973 4920 ne
1006 4866 1203 4920 similia
1237 4866 1476 4936 patiatur
1506 4866 1573 4919 ab
1599 4865 1844 4937 Assyrio,
1869 4868 1960 4938 qui

382 4961 619 5016 crudelis
640 4972 694 5016 et
727 4961 923 5028 impius
956 4958 1071 5012 fuit.
1104 4958 1173 5012 Et
1201 4958 1485 5013 succident
1512 4960 1659 5014 illam
1693 4960 1875 5027 alieni,
1908 4972 1961 5014 et

382 5054 752 5111 crudelissimi
783 5056 1096 5119 nationum;
1131 5056 1267 5121 sive,
1307 5054 1460 5123 juxta
1502 5052 1668 5119 LXX,
1703 5057 1963 5126 pesulen-

379 5164 463 5210 tes
494 5171 506 5207 :
536 5153 680 5224 quod
713 5167 1004 5222 numquam
1036 5150 1246 5205 diceret
1275 5148 1382 5221 [AL
1431 5149 1602 5204 voluit
1627 5152 1965 5220 dicere)po-

380 5248 518 5304 situs
546 5247 600 5301 in
639 5244 912 5309 Clialdaea,
948 5260 1015 5299 ne
1060 5244 1212 5297 illum
1236 5243 1525 5296 adversum
1560 5254 1780 5311 gentetn
1809 5258 1961 5297 suam

382 5346 773 5397 commoveret.
814 5337 1106 5407 Projicitur
1129 5350 1347 5406 quoque
1369 5348 1530 5403 super
1559 5346 1791 5400 montes,
1824 5346 1879 5391 et
1910 5338 1963 5392 in

453 5528 478 5554 λ
507 5517 791 5572 Contendit
812 5516 1015 5573 Victor.
1047 5515 1358 5588 legendum,
1384 5533 1475 5572 seu
1503 5518 1796 5588 cyparissi:
1827 5536 1948 5575 nam

381 5605 566 5646 vocem
591 5591 909 5644 Hebraicam
933 5588 1144 5642 llicron.
1175 5585 1349 5641 cedros
1377 5585 1589 5659 semper
1611 5591 1948 5657 vertit,LXX

384 5678 513 5717 vero
540 5662 849 5731 cyparissos.

450 5732 476 5771 δ
505 5730 764 5787 Nimirum
812 5730 1126 5785 diversitate
1180 5730 1461 5796 lectionis;
1519 5748 1641 5789 natu
1682 5735 1945 5791 vocalium

376 5820 496 5875 quae
519 5801 650 5860 olim
677 5800 1094 5869 aberant,nulla
1126 5811 1208 5859 est
1240 5801 1326 5859 liic
1373 5804 1531 5861 ratio.
1564 5804 1776 5864 Videsis
1804 5807 1947 5863 infra

2062 4698 2183 4735 men
2212 4697 2331 4735 cum
2361 4680 2573 4733 eicteris
2601 4677 2839 4749 regibus,
2872 4679 2964 4749 qui
3001 4689 3155 4734 erant
3182 4680 3237 4733 in
3262 4680 3520 4734 comitatu
3553 4690 3646 4735 tuo

2036 4773 2129 4857 ‘ad
2163 4783 2335 4827 terras
2376 4774 2612 4839 ultimas,
2650 4771 2700 4825 id
2742 4781 2847 4835 est,
2889 4771 2956 4827 ad
3002 4773 3206 4827 inferos
3249 4772 3517 4828 deductus
3560 4789 3645 4842 es,

2062 4866 2280 4921 dicente
2309 4865 2591 4933 Scriptura
2627 4883 2638 4917 :
2666 4863 3043 4935 lngredientur
3072 4866 3139 4921 ad
3181 4877 3423 4923 extrema
3457 4879 3647 4937 teme,

2065 4958 2344 5013 tradentur
2395 4961 2447 5011 in
2499 4972 2691 5011 manus
2733 4958 2916 5026 gladii,
2970 4969 3156 5028 partes
3198 4960 3435 5028 vulpium
3486 4970 3653 5015 erunt

2063 5049 2181 5121 (Ps.
2212 5066 2343 5115 tht,
2388 5049 2475 5117 10,
2520 5048 2630 5122 ll).
2670 5050 2728 5106 In
2775 5051 2973 5113 medio.
3009 5052 3102 5117 ait,
3140 5052 3647 5107 incircumcisornm

2063 5145 2302 5201 dormies
2331 5160 2452 5199 cum
2492 5144 2599 5212 bis,
2642 5145 2733 5216 qui
2766 5144 3034 5201 interfecti
3061 5154 3185 5199 sunt
3215 5144 3416 5215 gladio.
3449 5144 3649 5200 Osten-

2065 5240 2142 5294 dit
2171 5256 2292 5310 qua:
2320 5250 2505 5296 essent
2552 5241 2717 5313 ligna,
2764 5256 2882 5312 qua)
2928 5240 3145 5309 cedrus,
3185 5241 3299 5297 sive
3338 5243 3650 5314 cyparissus

2064 5335 2259 5409 gladiis
2297 5338 2602 5405 vulnerata,
2643 5345 2699 5391 et
2733 5336 2923 5404 jacens
2962 5351 3085 5391 cum
3128 5336 3553 5393 incircumcisis.
3586 5339 3657 5393 Et

2058 5522 2428 5578 Commentar.
2464 5524 2514 5576 in
2536 5521 2758 5576 ‘Daniel.
2794 5535 2879 5585 ιι,
2913 5521 3001 5589 51,
3032 5521 3124 5576 ubi
3155 5530 3209 5577 et
3231 5523 3379 5578 varia
3400 5523 3519 5593 ejus
3551 5540 3650 5577 vo-

2058 5598 2139 5648 cis
2168 5597 2310 5664 apud
2335 5595 2564 5666 Veteres
2575 5593 2962 5666 interpretatio
2992 5604 3314 5651 annotatur:
3336 5594 3477 5666 quod
3502 5597 3648 5650 enim

2060 5668 2220 5736 vulgo
2263 5667 2510 5736 habetur,
2539 5664 2605 5716 Et
2631 5665 2842 5717 brachia
2872 5681 2934 5718 ex
2962 5682 3021 5719 eo
3042 5666 3275 5735 stabunt,
3306 5664 3441 5724 alius
3475 5667 3652 5723 inter-

2059 5735 2299 5806 pretatus
2327 5749 2431 5805 est,
2466 5735 2533 5790 Et
2555 5738 2752 5791 semina
2774 5752 2839 5791 ea:
2865 5751 2923 5792 eo
2955 5737 3189 5794 stabunt.
