4038 6328
251 228 326 295 30!
878 224 1530 291 COMMENTARIORUM
1568 228 1638 291 ΙΝ
1674 226 2117 292 BZECWM
2155 232 2283 293 LIB.
2327 236 2394 294 Χ.
2435 238 2587 298 CAP.
2631 240 2822 301 XXXI.

3365 249 3470 308 502

247 369 287 410 ut
309 360 538 410 extrema
575 358 945 416 anterioribus
967 362 1239 433 jungeret,
1285 363 1408 433 quia
1442 372 1603 431 supra
1632 361 1784 416 dixe.
1809 362 1863 423 Α
1890 360 2118 416 titudine
2145 370 2198 417 et
2228 362 2295 416 ad
2323 363 2497 419 nubes
2534 376 2704 436 usque
2730 368 2973 423 erexerit
3011 377 3203 438 caput,
3242 368 3309 424 ad
3340 386 3473 441 quas

244 458 335 505 rat:
360 445 453 500 Cui
486 448 683 503 similis
716 454 891 508 factus
917 469 976 509 es
1004 456 1053 509 in
1084 455 1451 526 magnitudine
1480 463 1571 510 tua
1606 472 1619 508 :
1661 469 1787 510 ecce

245 544 383 594 Assur
407 539 573 609 quasi
603 539 818 601 Cedrns
855 546 908 600 in
944 544 1169 613 Libano,
1205 546 1429 618 pulcher
1462 550 1513 602 in
1544 548 1707 603 ramis
1735 558 1788 602 et

241 633 507 701 (uiridibus,
545 644 603 688 et
631 636 859 707 reliqua,
890 650 1037 695 nunc
1091 642 1255 695 infert
1285 660 1298 694 :
1326 642 1414 697 Sic
1442 650 1522 697 est
1552 641 1787 709 Pharao,

237 739 276 784 et
306 728 469 784 carnis
514 730 813 788 multitudo
841 738 978 803 ejus,
1006 734 1135 792 dicit
1163 736 1446 791 Dominus.
1481 735 1783 803 Quomodo,

237 825 390 895 inquit,
430 826 724 897 Assyrius,
771 829 969 885 cedrus
1009 840 1062 886 et
1113 831 1443 903 cyparissus,
1494 830 1791 903 Babylonio

236 917 533 985 succidente,
567 916 782 989 dejecta
816 933 898 978 est
925 943 938 979 ε
962 925 1040 980 sic
1070 924 1284 981 Pharao
1312 936 1364 981 et
1396 927 1624 997 populus
1651 928 1788 995 ejus,

238 1015 316 1067 hoc
338 1022 411 1067 est
441 1013 561 1081 ipsa
599 1017 764 1069 arbor
796 1027 850 1072 et
880 1020 1015 1072 rami
1048 1019 1197 1074 illius
1228 1038 1254 1073 a
1284 1021 1580 1092 Babylonio
1622 1019 1795 1074 succi-

236 1105 409 1161 dentur.
443 1104 579 1161 llam
614 1109 834 1164 interim
860 1111 1011 1180 juxta
1039 1108 1318 1168 historiam
1350 1113 1488 1168 dicta
1512 1114 1641 1182 sint,
1672 1127 1794 1183 quas

237 1200 439 1271 plerique
465 1198 520 1254 in
561 1206 1038 1260 consummatione
1064 1206 1249 1260 mundi
1279 1204 1455 1261 futura
1494 1207 1797 1276 intelligunt

239 1304 442 1361 etregem
482 1291 860 1360 Pharaonem,
906 1297 1009 1352 hoc
1063 1306 1147 1353 est
1187 1312 1305 1353 cam
1357 1306 1679 1367 potestatem
1711 1297 1795 1353 cui

246 1385 459 1459 Egyptus
489 1389 754 1459 subjecta
774 1390 861 1459 sit,
888 1393 1193 1462 comparari
1217 1394 1327 1464 regi
1344 1393 1689 1464 Assyriorum
1704 1408 1798 1465 po-

246 1479 516 1539 lentissimo.
548 1479 615 1535 id
638 1486 737 1545 est,
761 1484 1114 1539 antichristo:
1140 1485 1283 1554 quod
1314 1491 1359 1539 si
1384 1486 1478 1540 ille
1507 1487 1795 1552 corruerit,

248 1573 387 1643 utique
410 1580 457 1626 et
484 1572 587 1626 alii
614 1585 865 1632 rectores
893 1577 1238 1632 tenebrarum
1271 1578 1490 1633 istarum
1516 1586 1568 1633 et
1600 1580 1801 1649 princi-

254 1665 492 1736 pesmttndi
517 1665 751 1723 facilius
774 1676 1050 1725 corruant.
1098 1671 1347 1726 Dicamus
1374 1686 1503 1741 ergo
1531 1671 1596 1727 de
1620 1673 1804 1742 singu-

1889 455 2185 511 seuundum
2236 456 2403 510 David
2443 456 2616 526 (Psat.
2669 460 2836 528 xxxv)
2884 461 3082 515 veritas
3134 460 3228 517 Dei
3282 478 3474 533 perve-

1890 548 1987 613 nit,
2017 557 2072 603 et
2101 549 2295 619 quibus
2327 551 2613 607 mandatur
2636 568 2702 608 ne
2728 554 2914 623 pluant
2937 553 3100 627 374
3121 570 3281 626 super
3305 554 3473 615 Israel

1890 638 2143 695 imbrem.
2178 641 2528 698 Pulchritudo
2557 658 2773 714 quoque
2796 644 2943 700 illius
2964 648 3289 713 praedicatur
3308 691 3323 713 ,
3352 667 3472 719 quae

1892 732 1946 787 in
1962 734 2291 803 turpitudine
2307 750 2469 806 prava
2493 737 2769 793 voluntate
2787 748 2989 793 mutata
3007 746 3090 795 est
3107 736 3223 814 (Ps.
3243 745 3473 817 Lxxrn);

1892 823 1965 878 ita
2012 834 2069 880 nt
2110 827 2324 883 dicatur
2363 829 2431 884 de
2474 844 2541 884 eo
2574 848 2587 882 :
2618 827 2935 902 Confringet
2984 830 3238 891 Dominus
3282 836 3475 892 cedros

1894 918 2080 974 Libani
2115 921 2235 992 (Ps.
2266 934 2453 987 xxvm,
2482 920 2541 993 5)
2574 941 2587 977 :
2618 934 2671 980 et
2700 927 2949 982 excelsus
2977 926 3095 997 ipse
3121 928 3175 983 in
3213 930 3477 987 altissimo

1895 1016 2159 1070 montium
2185 1016 2391 1071 Libano
2417 1019 2773 1088 constitutus,
2808 1028 3011 1090 quanto
3059 1019 3342 1077 sublimior
3369 1024 3479 1080 lue-

1896 1118 2001 1170 rat,
2060 1118 2206 1165 tanto
2241 1110 2436 1165 fortius
2466 1111 2706 1167 caderet.
2754 1112 2921 1181 Cujus
2963 1112 3245 1185 Scriptura
3294 1127 3476 1171 sancta

1896 1204 2084 1258 volens
2137 1204 2479 1261 altitudinem
2519 1205 2916 1273 demonstrare,
2976 1209 3213 1279 appellat
3259 1211 3478 1265 cedrum

1899 1306 2187 1367 magnam,
2236 1314 2395 1368 quam
2444 1303 2752 1355 nutrierunt
2798 1316 2990 1371 aquae,
3037 1317 3143 1356 non
3194 1312 3347 1374 aquila
3395 1306 3479 1361 Si-

1899 1391 1985 1445 loe
2008 1407 2126 1461 quae
2153 1392 2354 1446 vadunt
2380 1406 2503 1447 cum
2530 1394 2748 1448 silentio
2771 1394 2873 1465 (Is.
2904 1395 3040 1466 vni),
3074 1396 3171 1451 sed
3196 1411 3349 1468 aquae
3379 1399 3485 1453 lla-

1901 1483 2010 1546 sin,
2042 1492 2098 1537 et
2124 1498 2277 1555 aqua:
2306 1484 2547 1555 ZEgypti,
2584 1488 2652 1541 de
2679 1488 2875 1557 quibus
2903 1488 3165 1559 scriptum
3197 1504 3279 1544 est
3307 1509 3318 1543 :
3346 1491 3484 1558 Quid

1902 1576 1999 1630 tibi
2027 1584 2082 1630 ut
2105 1578 2255 1632 bibas
2283 1592 2455 1649 aquas
2484 1579 2637 1634 (ἱεοπ
2663 1579 2877 1643 (Jerem.
2920 1590 2979 1646 ιι,
3030 1582 3142 1652 18),
3173 1584 3288 1637 sive
3317 1584 3486 1639 Sior?

1903 1669 2043 1739 quod
2068 1685 2233 1740 aquas
2265 1670 2513 1726 turbidas
2540 1680 2718 1727 sonat.
2761 1672 3005 1745 Ahyssus
3038 1690 3253 1745 quoque
3281 1676 3487 1730 exalta-

258 1760 535 1821 lis,breviter
561 1763 756 1816 omnia
782 1766 1229 1835 perstringentcs,
1251 1774 1422 1821 utnon
1442 1767 1795 1822 tamdissera-
1828 1764 1872 1825 Β
1900 1763 1977 1816 Vi!
2006 1777 2127 1817 eum
2170 1778 2334 1831 super
2361 1779 2520 1835 quam
2549 1765 2605 1819 in
2633 1765 2898 1835 Ρΐὶῐιοὶρὶο
2931 1766 3115 1820 ωυηῶ
3148 1768 3384 1822 ῑθηθῐπξὲ
3410 1768 3489 1824 ΓΘ-

260 1848 503 1922 “135313
535 1865 604 1907 et
637 1853 998 1924 explanemns
1024 1858 1279 1923 obscura,
1312 1872 1475 1928 quam
1504 1858 1797 1928 exiilanarc

269 1943 531 2012 capientibus
562 1948 859 2001 materiam
890 1947 1104 2004 dedisse
1127 1949 1424 2005 videamur.
1454 1951 1798 2024 Primumque

283 2037 630 2102 discutiendum,
670 2056 769 2095 cur
811 2043 1100 2099 undecimo
1136 2058 1280 2100 anno
1307 2088 1321 2112 ,
1362 2046 1523 2101 tertio
1570 2063 1758 2103 mense
1784 2090 1798 2114 ,

295 2145 363 2184 una
379 2132 434 2186 die
453 2135 669 2188 mensis
694 2177 708 2201 ,
740 2134 941 2190 factum
969 2149 1051 2191 e5t
1080 2139 1301 2194 verbum
1334 2138 1544 2194 Domini
1575 2141 1641 2195 ad
1672 2141 1803 2196 Eze-

292 2228 450 2295 riiei'em,
477 2227 687 2283 dicens
718 2247 732 2283 :
760 2227 864 2284 Fili
891 2231 1151 2297 hominis,
1176 2231 1264 2287 dic
1288 2231 1553 2287 Pharaoni
1586 2233 1801 2305 AEgypti

277 2330 313 2374 et
326 2322 628 2379 multitudini
659 2324 802 2393 ejus.
838 2325 1113 2380 Locuturo
1139 2327 1203 2380 ad
1234 2326 1570 2383 Pharaonem
1595 2374 1607 2395 ,
1640 2332 1806 2384 unde-

269 2415 359 2468 tino
378 2432 507 2472 anno
542 2433 737 2474 sermo
768 2418 829 2473 fit
864 2418 1078 2476 Domini
1104 2440 1118 2476 ε
1149 2422 1377 2477 necdum
1411 2423 1556 2478 enim
1587 2434 1808 2479 venerat

262 2508 701 2577 aiduodecimum,
725 2515 813 2583 qui
831 2522 1092 2569 numerus
1120 2516 1288 2584 plenm
1309 2529 1807 2588 constimmatzeqne

258 2602 417 2659 virtutis
467 2614 590 2659 est.
654 2605 812 2661 Unde
865 2615 920 2659 et
973 2606 1255 2662 duodecim
1316 2618 1441 2663 sunt
1499 2609 1594 2665 lilii
1643 2609 1807 2666 Jacob

253 2696 414 2763 (Cenes.
443 2699 659 2773 uxr),
700 2716 728 2755 a
780 2702 974 2771 quibus
1022 2714 1206 2773 postea
1260 2704 1545 2759 duodecim
1590 2706 1806 2761 nomina

251 2789 615 2862 Prophetarum
650 2808 759 2849 uno
783 2795 1056 2849 volumine
1078 2798 1445 2852 cuntinentur.
1477 2798 1542 2852 Et
1562 2796 1805 2868 Apostoli

246 2882 492 2941 duodecim
533 2899 675 2940 sunt
702 2886 855 2957 (Luc.
888 2888 963 2956 rt)
986 2930 1001 2953 ,
1050 2904 1277 2959 quorum
1307 2890 1432 2960 quia
1462 2907 1597 2945 unus
1642 2890 1810 2947 .ludas

247 2979 449 3046 proditor
503 2979 645 3043 fuit,
692 2981 744 3034 in
779 2980 962 3035 locum
1010 2983 1127 3052 ejus
1178 2984 1427 3038 Matthias
1463 2986 1701 3054 eligitur.
1746 2985 1812 3040 Et

244 3071 639 3144 mhisynagogi
660 3073 768 3142 (Al.
795 3073 1256 3148 archisynagogae]
1277 3076 1382 3130 illia
1398 3090 1661 3131 annorum
1678 3076 1810 3131 duo-

1898 1858 2158 1911 rebantur
2181 1854 2389 1925 (Gener.
2422 1858 2481 1929 ι),
2514 1868 2565 1912 et
2589 1857 2657 1913 ad
2684 1872 2845 1929 quam
2871 1860 2926 1914 in
2960 1858 3256 1929 Evangelia
3284 1862 3488 1916 daemo—

1900 1965 1997 2004 nes
2028 1968 2095 2003 ne
2124 1952 2428 2018 mittantur,
2461 1962 2653 2022 rogant
2684 1950 2835 2024 (Luc.
2872 1950 3009 2023 vm).
3042 1948 3293 2008 Flumina
3339 1956 3491 2025 ejus-

1901 2038 2021 2099 dem
2046 2044 2233 2116 abyssi
2258 2045 2310 2099 in
2331 2044 2558 2100 circuitu
2582 2044 2829 2098 radicum
2850 2045 2969 2114 ejus
2990 2056 3163 2110 erant,
3197 2046 3269 2100 de‘
3296 2047 3489 2113 quibus

1903 2135 2101 2191 dicitur
2128 2154 2139 2189 :
2170 2136 2309 2204 Quid
2334 2137 2429 2191 tibi
2460 2147 2511 2192 et
2538 2137 2638 2191 viae
2662 2138 3036 2206 Assyriorum,
3064 2142 3119 2191 ιιι
3148 2137 3300 2193 bibas
3322 2153 3490 2209 aquas

1904 2229 2189 2285 fluminum
2226 2230 2441 2302 (Jerem.
2492 2244 2569 2297 ιι,
2608 2230 2743 2302 18)ἱ¹
2771 2231 2841 2287 Et
2890 2233 2944 2286 in
2991 2231 3101 2285 alio
3141 2232 3299 2287 loco:
3351 2230 3491 2289 Ecce

1906 2325 2168 2380 Dominus
2210 2326 2431 2381 inducet
2460 2340 2623 2396 super
2654 2342 2750 2380 vos
2794 2342 2987 2397 aquam
3019 2326 3258 2382 fluminis
3300 2327 3490 2383 fortem

1907 2432 1958 2477 et
1991 2421 2241 2485 multam,
2290 2434 2474 2489 regem
2524 2418 2873 2491 Assyriorum
2917 2428 2972 2474 et
3010 2434 3224 2475 omnem
3265 2420 3490 2490 gloriam

1908 2514 2024 2584 ejus
2056 2512 2193 2584 (Isa.
2233 2528 2350 2578 vni,
2378 2512 2453 2582 7).
2485 2511 2649 2566 Bivos
2678 2526 2892 2583 quoque
2920 2528 3049 2568 suos
3073 2512 3250 2567 emisit
3270 2514 3496 2586 abyssus

1909 2606 1975 2660 ad
2006 2606 2257 2660 universa
2292 2605 2431 2675 ligna
2461 2603 2732 2674 regionis,
2782 2612 2838 2658 ut
2860 2619 2967 2659 non
2995 2605 3168 2659 solum
3200 2606 3492 2675 principem

1909 2699 2094 2754 mundi
2118 2699 2296 2768 hujus,
2322 2699 2417 2753 sed
2449 2708 2502 2752 et
2525 2698 2702 2753 socios
2726 2692 2873 2753 illius
2900 2698 3172 2769 irrigaret.
3200 2699 3495 2769 Propterea

1909 2794 2150 2847 elevatus
2177 2803 2277 2856 est,
2308 2803 2362 2847 et
2402 2806 2565 2862 super
2595 2793 2774 2846 omnia
2815 2792 2958 2863 ligna
2989 2793 3252 2847 altissima
3283 2808 3500 2851 succre-

1908 2886 2006 2953 vit,
2038 2895 2093 2941 et
2117 2884 2479 2955 multiplicata
2506 2892 2630 2939 sunt
2654 2886 2873 2939 arbusta
2902 2887 3040 2954 ejus,
3072 2895 3123 2939 et
3157 2888 3321 2941 totius
3352 2888 3499 2941 orbis

1910 2982 2153 3053 possedit
2184 2981 2470 3051 imperium
2499 2981 2686 3035 dicens
2720 2997 2733 3032 :
2766 2980 2892 3034 llaec
2924 2979 3103 3033 omnia
3134 2980 3265 3033 mihi
3297 2980 3496 3036 tradita

1911 3088 2033 3131 sunt
2066 3075 2279 3148 (Matth.
2308 3090 2381 3138 tv,
2414 3072 2491 3145 9).
2541 3075 2608 3128 Et
2644 3073 2840 3129 elevati
2883 3083 3009 3126 sunt
3037 3073 3175 3127 rami
3217 3073 3336 3142 ejus
3363 3119 3376 3141 ,
3410 3074 3498 3143 qui

243 3164 385 3221 decim
428 3183 458 3222 a
512 3166 753 3222 Domino
796 3169 1084 3224 suscitatur
1133 3166 1322 3241 (Marc.
1349 3170 1425 3240 v).
1454 3170 1810 3227 llemorrhou—
1835 3154 1880 3219 C
1912 3170 2064 3241 aquis
2092 3170 2269 3241 abyssi
2300 3168 2513 3223 fuerant
2539 3166 2767 3238 irrigati.
2800 3166 2902 3233 Qui
2926 3167 3193 3232 extendit,
3224 3166 3337 3221 sive
3367 3167 3502 3222 dila—

241 3272 507 3332 saquoque
538 3274 685 3316 anno
730 3261 1052 3317 duodecimo
1108 3263 1300 3332 recipit
1343 3264 1656 3319 sanitatem.
1704 3264 1811 3319 Sed

239 3354 339 3421 quia
364 3354 673 3424 corripitur
701 3353 930 3422 Pharao,
955 3364 1008 3411 et
1033 3366 1217 3425 postea
1242 3356 1534 3428 plangitur,
1563 3366 1809 3427 propter—

242 3461 290 3501 ea
322 3450 513 3504 tertius
569 3452 772 3504 mensis
815 3462 873 3505 et
912 3466 1052 3505 unus
1084 3451 1198 3507 dies
1254 3452 1506 3507 undecim
1549 3468 1812 3509 annorum

242 3554 441 3597 numero
473 3544 830 3611 copulantur.
861 3542 1018 3599 Unde
1045 3554 1098 3599 et
1128 3546 1179 3598 in
1214 3547 1669 3617 consequentibus
1691 3548 1817 3603 dno-

242 3632 427 3690 derinto
470 3648 646 3705 anno,
698 3652 885 3692 mense
930 3638 1270 3706 duodecimo,
1324 3656 1429 3695 una
1480 3643 1701 3707 mensis,
1757 3643 1818 3699 fit

245 3728 445 3783 verbum
477 3730 701 3784 Domini
727 3730 794 3784 ad
827 3730 1103 3798 Ezechiel,
1138 3732 1322 3787 dicens
1358 3751 1371 3787 :
1403 3732 1506 3788 Fili
1538 3734 1774 3789 hominis
1799 3780 1813 3804 ,

242 3836 435 3879 assume
452 3825 738 3893 planorum
752 3840 915 3894 super
935 3825 1269 3882 Pharaonem
1294 3840 1474 3897 regem
1497 3826 1740 3899 Egypti,
1766 3838 1821 3885 et

246 3916 371 3973 dices
400 3919 471 3973 ad
498 3932 650 3974 eum.
678 3920 783 3988 Qui
814 3922 959 3975 enim
994 3923 1283 3993 plangitur,
1309 3922 1430 3979 ideo
1464 3924 1736 3992 plangitur
1764 3934 1820 3978 ut

247 4006 489 4083 intelligat
545 4022 743 4083 quanta
798 4014 935 4068 bona
985 4015 1313 4082 perdiderit;
1365 4027 1417 4071 et
1462 4023 1645 4071 tamen
1693 4018 1819 4087 quia

248 4101 443 4161 Pharao
471 4115 618 4174 erat,
649 4114 703 4161 et
736 4107 1017 4161 brachium
1046 4108 1166 4177 ejus
1200 4109 1429 4163 necdum
1460 4107 1636 4165 fuerat
1664 4110 1818 4164 colli-

248 4211 409 4268 gatum
430 4242 447 4265 ,
499 4216 601 4256 nec
631 4202 910 4271 pristinam
938 4213 1215 4271 receperat
1246 4200 1615 4257 fortitudinem
1651 4221 1664 4255 :
1697 4214 1823 4272 pro—

251 4302 417 4361 pterea
438 4296 495 4349 in
535 4310 681 4349 anno
704 4296 831 4350 etin
846 4304 1032 4351 mense
1048 4296 1393 4362 duodecimo,
1419 4297 1608 4367 viginti
1628 4311 1821 4352 novem

254 4384 352 4441 dies
371 4389 553 4441 adhuc
572 4396 877 4454 remanent,
906 4397 959 4441 ut
978 4387 1267 4444 duodecim
1285 4403 1547 4443 annorum
1567 4402 1823 4444 numerus

256 4481 596 4549 coinpleatur.
622 4480 747 4535 Uno
767 4480 934 4550 igitur
961 4481 1162 4535 mensis
1190 4481 1299 4547 die,
1328 4496 1508 4537 sermo
1532 4483 1590 4537 fit
1614 4482 1821 4536 Domini

261 4548 670 4642 adPiopihctam,
685 4583 738 4627 et
751 4548 1059 4642 praecipitur
1073 4576 1122 4629 ei
1138 4586 1193 4629 ut
1211 4575 1458 4645 loquatur
1472 4575 1584 4646 regi
1599 4574 1819 4647 Egypti
1849 4548 1900 4607 D

258 4669 310 4718 et
332 4666 652 4721 multitudini
683 4666 821 4737 ejus.
852 4667 908 4722 in
950 4684 1056 4739 quo
1084 4669 1382 4723 mirandum
1422 4670 1565 4739 quod
1592 4682 1821 4741 quatuor

255 4757 563 4829 interpretes
585 4775 688 4815 non
717 4762 972 4831 pupulum
997 4761 1252 4823 dixerint,
1273 4762 1369 4817 sed
1399 4763 1817 4818 multitudinem.

253 4846 391 4907 ιιυιιι
418 4854 566 4909 enim
596 4855 797 4919 vocati,
826 4864 880 4909 et
908 4856 1061 4923 pauci
1092 4854 1249 4908 electi
1279 4853 1492 4922 (Matth.
1530 4869 1636 4908 χχιι
1660 4897 1673 4919 ,
1709 4853 1819 4927 id).

256 4941 316 4998 Et
338 4946 393 5001 in
423 4950 542 5018 lege
566 4948 826 5017 scripturn
857 4957 937 5002 est
968 4966 982 5001 :
1011 4947 1129 5001 Non
1158 4949 1264 5003 eris
1310 4962 1430 5003 cum
1482 4949 1826 5005 multitudine

256 5036 305 5091 in
327 5043 485 5095 malo.
533 5041 846 5109 Diciturque
886 5040 954 5095 ad
991 5054 1176 5112 regem
1220 5040 1433 5113 IEgypti
1466 5060 1477 5095 :
1512 5043 1607 5098 Cui
1636 5043 1825 5098 similis

259 5130 416 5189 iactus
450 5151 510 5190 es
557 5135 611 5189 in
651 5136 1041 5206 magnitudine,
1094 5138 1209 5191 sive
1261 5138 1314 5191 in
1361 5138 1651 5193 altitudine
1697 5140 1829 5194 tua?

262 5223 405 5291 Quod
430 5238 485 5285 et
514 5231 633 5300 ipse
660 5246 721 5285 se
750 5231 1089 5296 exaltaverit,
1121 5242 1176 5286 et
1208 5232 1483 5301 subjaceat
1512 5232 1590 5287 iiii
1620 5242 1830 5289 senten-

268 5318 346 5374 liae
364 5334 383 5373 ι’
400 5321 592 5378 Omnis
628 5322 722 5393 qui
751 5336 819 5377 se
856 5322 1081 5386 exultat,
1115 5322 1485 5377 humiliabitur
1510 5322 1661 5395 (Luc.
1706 5340 1790 5379 xiv
1817 5372 1831 5395 ,

268 5414 353 5482 li)
376 5434 395 5471 :
420 5419 512 5473 sed
561 5428 737 5472 tamen
772 5432 879 5471 non
932 5417 1002 5471 sit
1041 5416 1157 5485 ejus
1198 5416 1469 5471 altitudini
1499 5417 1710 5484 similis,
1744 5419 1835 5488 qui

269 5513 406 5576 quasi
435 5513 649 5577 cedrus,
686 5510 802 5564 sive
829 5511 1140 5581 cyparissus
1161 5509 1215 5563 in
1251 5509 1461 5565 Libano
1486 5509 1649 5564 fuerit
1670 5554 1683 5577 ,
1716 5510 1838 5579 pul-

270 5599 387 5657 εδει
414 5604 577 5659 ramis
603 5614 661 5658 et
690 5601 975 5657 frondibus
996 5614 1354 5666 nemorosus;
1383 5601 1740 5672 «celsusque
1761 5602 1840 5656 al.

1912 3264 2047 3317 tavit
2081 3262 2459 3315 umbraculum
2501 3276 2657 3314 suum
2688 3301 2702 3325 ,
2730 3271 2788 3313 ut
2832 3274 3022 3314 omnes
3061 3260 3353 3327 subjiceret
3391 3275 3501 3313 sua:

1912 3355 2122 3411 ditioni.
2153 3355 2211 3409 in
2238 3356 2401 3409 ramis
2429 3354 2545 3423 ejus
2578 3356 2820 3407 iecerunt
2850 3352 3013 3406 nidos
3043 3354 3227 3406 omnia
3259 3352 3502 3406 volatilia

1911 3450 2062 3505 coeli.
2087 3448 2275 3503 Omnis
2297 3448 2440 3501 enim
2463 3447 2554 3516 qui
2579 3445 2708 3500 iacit
2729 3456 3015 3514 peccatum
3034 3440 3215 3513 (Joan.
3245 3458 3358 3509 vni,
3387 3444 3501 3512 5i),

1916 3543 1984 3598 de
2013 3543 2231 3597 diabolo
2264 3550 2421 3594 natus
2459 3548 2562 3602 est,
2606 3547 2660 3592 et
2705 3537 2773 3591 de
2818 3550 3092 3591 ramorum
3125 3535 3246 3605 ejus
3277 3552 3508 3591 numero

1916 3646 2283 3707 computatur.
2332 3634 2424 3689 llla
2470 3642 2652 3689 autem
2700 3630 2939 3687 volatilia
2972 3629 3220 3685 fecerunt
3251 3624 3415 3687 nidos
3454 3631 3506 3684 in

1917 3732 2084 3786 ramis
2112 3732 2247 3802 ejus,
2287 3742 2407 3800 quae
2445 3727 2599 3798 juxta
2621 3727 2765 3780 viam
2797 3723 3177 3794 Evangelicam
3219 3723 3509 3779 comedere

1919 3832 2221 3879 sementem
2261 3821 2474 3892 (Matth.
2510 3818 2655 3889 xm),
2691 3819 2806 3872 sive
2844 3817 2968 3887 quia
3017 3829 3211 3871 omnes
3258 3830 3517 3886 peccave-

1921 3928 2067 3981 runt,
2122 3926 2176 3971 et
2222 3915 2464 3985 indigent
2504 3910 2881 3968 misericordia
2921 3908 3021 3963 Dei
3067 3909 3244 3979 (Rom.
3294 3909 3402 3980 nr),
3441 3909 3511 3965 de

1922 4014 2118 4083 quibus
2169 4011 2375 4065 dictum
2425 4015 2511 4063 est
2542 4025 2554 4059 :
2590 4006 2792 4060 Omnes
2841 4002 3294 4068 declinaverunt,
3348 4002 3509 4057 simul

1923 4104 2143 4160 inutiles
2174 4103 2301 4157 facti
2356 4109 2484 4156 sunt
2525 4096 2644 4171 (Ps.
2695 4111 2809 4164 xm,
2862 4097 2917 4167 5)
2951 4112 2962 4148 :
2992 4094 3200 4150 idcirco
3247 4094 3304 4149 in
3346 4096 3512 4150 ramis

1923 4196 2044 4266 ejus
2073 4197 2315 4253 fecerunt
2342 4193 2527 4247 nidos.
2546 4190 2802 4261 Sequitur
2833 4207 2846 4242 :
2881 4188 2947 4243 Et
2967 4190 3069 4243 sub
3091 4188 3372 4243 frondibus
3391 4189 3509 4258 ejus

1924 4301 2223 4363 genuerunt
2254 4303 2446 4344 ouines
2474 4287 2669 4341 bestia
2694 4284 2957 4349 saltuum,
2983 4296 3106 4351 quae
3130 4280 3335 4336 Christi
3359 4297 3509 4365 inan-

1925 4385 2264 4442 suetudinem
2287 4381 2663 4453 perdidertmt,
2689 4388 2745 4433 et
2770 4377 2872 4432 sub
2893 4374 3214 4429 umbraculo
3240 4374 3386 4428 illius
3408 4374 3505 4429 ha-

1927 4480 2131 4535 bitabat
2157 4486 2329 4533 castus
2356 4476 2595 4546 gentium
2627 4471 3009 4541 plurimarum,
3038 4477 3099 4522 ut
3125 4466 3311 4521 nullus
3340 4477 3504 4535 esset,

1927 4574 2017 4644 qui
2062 4588 2168 4625 non
2205 4571 2327 4639 ejus
2359 4578 2385 4605 δ
2417 4575 2692 4637 tegeretur
2739 4562 3092 4629 umbraculo,
3144 4570 3341 4631 praeter
3387 4577 3507 4617 eum

1927 4667 2017 4738 qui
2047 4664 2184 4719 dixit
2212 4678 2227 4717 :
2265 4662 2405 4715 Ecce
2432 4659 2585 4713 venit
2614 4658 2867 4726 princeps
2895 4654 3081 4711 mundi
3111 4655 3270 4709 istius
3305 4674 3318 4707 :
3351 4664 3407 4710 et
3432 4655 3513 4709 in-

1927 4766 2107 4821 teniet
2134 4763 2185 4815 in
2228 4776 2313 4815 me
2346 4759 2478 4814 nihil
2509 4756 2690 4829 (Joan.
2724 4770 2839 4821 xrv,
2869 4754 2983 4824 30).
3020 4753 3123 4807 Per
3154 4762 3323 4805 unum
3368 4750 3511 4803 enim

1931 4858 2204 4913 hominem
2247 4860 2526 4922 peccatum
2572 4851 2794 4905 intravit
2846 4850 2899 4902 in
2927 4846 3209 4909 mundum,
3259 4853 3319 4899 et
3353 4843 3513 4914 375

1932 4966 2029 5024 per
2067 4959 2345 5020 peccatum
2401 4960 2546 5002 mors
2594 4945 2772 5014 (Rom.
2805 4958 2858 5007 ν,
2889 4943 3004 5014 i2);
3034 4950 3090 4996 et
3120 4942 3198 4995 sic
3236 4939 3288 4993 in
3323 4953 3515 4993 omnes

1935 5046 2181 5100 homines
2203 5058 2351 5097 mors
2372 5040 2708 5110 pertransiit,
2736 5040 2790 5093 in
2813 5052 2919 5111 quo
2940 5051 3129 5092 omnes
3152 5033 3517 5106 peccavimus,

1935 5150 1990 5194 et
2015 5141 2067 5192 in
2101 5137 2268 5191 Adam
2290 5148 2485 5191 omnes
2511 5135 2798 5197 morimur,
2830 5132 3123 5201 cunctique
3154 5127 3518 5200 peccavimus,

1936 5241 1992 5288 et
2023 5231 2321 5302 indigemus
2350 5229 2522 5301 gloria
2547 5228 2642 5282 Dei
2673 5228 2717 5296 (i
2740 5228 2858 5281 Cor.
2888 5228 2996 5297 xv).
3030 5227 3097 5281 Et
3120 5238 3296 5280 tamen
3326 5220 3520 5289 inhipsa

1938 5323 2279 5383 habitatione
2327 5323 2541 5378 diversa
2592 5320 2837 5375 conditio
2881 5329 2985 5373 est.
3040 5316 3149 5370 Alii
3199 5313 3441 5368 habitant
3469 5313 3525 5367 in

1939 5416 2102 5471 ramis
2132 5415 2249 5487 ejus
2277 5415 2431 5485 quasi
2454 5414 2720 5475 volatilia,
2754 5411 3037 5466 scientiam
3069 5406 3174 5460 sibi
3202 5406 3255 5459 in
3289 5405 3528 5474 philoso-

1945 5508 2090 5579 phia,
2116 5520 2170 5563 et
2194 5510 2246 5562 in
2272 5507 2653 5562 haereticorum
2676 5502 3022 5572 dogmatibus
3048 5498 3391 5570 pollicentes.
3424 5500 3531 5552 Alii

1946 5604 2100 5673 quasi
2152 5602 2338 5657 bestiae
2387 5600 2535 5663 ferte,
2584 5597 2822 5652 immites
2878 5604 3042 5663 atque
3083 5590 3335 5648 crudeles
3378 5608 3392 5645 :
3441 5592 3531 5646 alii

339 5797 361 5823 ἰ
397 5791 520 5846 Cum
549 5787 785 5846 Victorio
807 5798 1085 5860 regeretur,
1117 5804 1182 5845 ea
1211 5802 1343 5845 mss.
1380 5786 1668 5856 Drixianis,
1696 5785 1951 5858 legimus.
1969 5784 2218 5843 laniati.
2247 5798 2371 5839 cum
2392 5783 2645 5851 Erasmo,
2668 5788 2978 5850 iungeretur.
