3928 6322
577 263 679 322 505

1810 266 1871 326 S.
1910 265 2181 327 EUSEBII
2222 265 2601 327 HIERONYMI

3716 264 3807 325 ωδ

572 382 725 453 quasi
748 381 1037 439 multitudo
1057 384 1296 455 gentium
1319 385 1713 457 plurimarum;
1745 395 1803 441 ut
1824 388 2155 443 commixtos
2181 393 2234 454 Α
2258 389 2374 444 sive
2389 387 2443 443 in
2465 386 2675 443 foveam
2703 380 3114 454 sempiternam.
3135 376 3270 434 Cum
3291 386 3476 435 autem
3499 380 3591 437 ille
3610 380 3809 439 desecti.

573 474 806 530 diversis
855 475 1301 547 vitiis‘signilicet
1338 488 1499 548 atque
1525 478 1785 548 peccatis.
1810 478 1944 534 Erat
1968 488 2152 535 autem

571 573 745 626 ASsur
783 570 1184 641 pulcherrimus
1210 574 1263 627 in
1296 573 1671 644 magnitudine
1699 588 1817 641 sua,
1848 583 1905 630 et
1930 574 1985 630 in
2010 574 2152 629 dila-

514 665 520 672 '
574 662 783 717 tatione
808 663 1151 719 arbustorum
1185 665 1578 737 suorumgquia
1609 665 1766 737 aquis
1787 666 1973 721 multis
1998 666 2155 722 radix

570 756 695 824 ejus
724 756 903 811 fuerat
939 756 1179 827 irrigata,
1230 758 1284 812 in
1318 768 1525 814 tantum
1572 767 1631 813 ut
1673 761 1727 814 in
1775 759 2026 830 paradiso
2056 759 2154 815 Dei

573 847 720 903 nulla
776 848 1062 906 cedrorum
1100 858 1154 906 et
1192 852 1591 922 cyparissorum
1623 861 1770 907 esset
1804 852 1965 907 altior
1995 893 2010 917 ,
2052 866 2155 908 nec

570 941 776 997 abietes
808 942 1029 1013 pinique
1056 944 1405 1015 adaequarent
1433 945 1821 1001 sublimitatem
1852 948 2000 1016 ejus;
2034 944 2155 1001 sive

573 1034 775 1102 platani
830 1049 939 1090 non
986 1046 1167 1091 essent
1214 1053 1382 1109 aequae
1407 1037 1693 1094 frondibus
1734 1039 1905 1094 illius.
1945 1037 2155 1095 Idcirco

574 1127 719 1182 nulla
744 1127 997 1184 arborum
1030 1131 1083 1184 in
1115 1131 1362 1200 paradiso
1392 1132 1696 1202 plantarum
1747 1132 1799 1188 ei
1849 1131 2027 1188 fuerat
2059 1132 2156 1187 ad-

573 1229 803 1290 mquata,
826 1223 949 1293 quia
974 1239 1133 1279 omne
1154 1224 1361 1295 lignum
1389 1225 1629 1296 paradisi
1656 1225 1755 1282 Dei
1778 1240 1884 1281 non
1914 1236 1999 1283 est
2020 1228 2157 1283 assi-

572 1313 815 1370 milatum
845 1314 922 1370 illi
949 1325 1005 1372 et
1043 1317 1431 1388 pulchritudini
1459 1320 1599 1389 ejus.
1630 1318 1981 1390 Nequaquam
2006 1318 2154 1375 enim

571 1415 769 1462 erecta:
808 1415 935 1463 sunt
979 1424 1075 1479 per
1116 1411 1447 1481 superbiam,
1482 1411 1576 1467 sed
1603 1410 1851 1468 scierunt
1880 1412 2155 1468 humilita-

573 1507 679 1554 tem
706 1515 877 1565 suam,
931 1517 1108 1574 neque
1155 1503 1566 1561 similitudinem
1600 1505 1694 1561 Dei
1743 1505 2008 1577 sacrilego
2050 1506 2156 1562 sibi

571 1596 755 1649 animo
786 1595 1063 1653 vindicare
1107 1608 1317 1655 conata:
1359 1608 1504 1655 sunt.
1553 1600 1818 1671 Quodque
1871 1601 2151 1672 sequitur:

571 1686 639 1741 Et
668 1688 922 1745 aemulata
956 1700 1085 1747 sunt
1113 1706 1232 1748 eam
1263 1694 1441 1748 omnia
1488 1694 1631 1765 ligna
1669 1694 1988 1749 deliciarum
2034 1708 2152 1764 qua:

2254 478 2395 534 derit
2426 477 2493 533 ad
2518 487 2760 533 extrema
2805 485 3004 540 terrae,
3052 481 3107 527 et
3155 486 3279 542 pars
3330 472 3558 543 vulpium
3595 473 3742 530 fuerit
3775 493 3802 533 a

2255 571 2450 642 quibus
2478 568 2799 626 lacerandus
2827 576 2912 623 est
2939 584 2953 622 :
2985 574 3114 620 tunc
3140 565 3313 620 luctus
3353 565 3453 620 erit
3481 566 3563 622 vel
3587 568 3802 623 omnium

2256 666 2530 722 sociorum
2563 665 2703 737 ejus,
2728 665 2812 720 vel
2839 672 3148 719 sanctarum
3176 661 3564 731 fortitudinum,
3604 680 3715 735 quas
3753 666 3806 721 il-

2258 757 2368 812 lum
2415 756 2677 812 dolebunt
2716 755 2786 811 ad
2832 755 3036 812 inferos
3086 753 3455 811 descendisse.
3507 753 3655 811 Unde
3700 753 3814 812 dicit

2255 846 2521 904 Dominus
2552 865 2565 901 :
2596 829 2795 919 Operui
2838 861 2963 903 eum
3008 847 3206 918 abysso
3228 888 3244 914 ,
3286 847 3441 917 cujus
3468 847 3616 918 aquis
3658 848 3816 904 fuerat

2256 949 2380 994 ante
2401 941 2669 1005 nutritus;
2694 948 2749 997 et
2771 939 3028 1011 prohibui
3046 939 3419 1009 ﬂuminaejus,
3443 939 3495 995 id
3520 952 3604 996 est
3624 940 3815 1012 abyssi,

2254 1041 2309 1087 et
2333 1033 2550 1089 coercui
2574 1048 2745 1104 aquas
2777 1034 2997 1099 multas,
3026 1048 3096 1090 ne
3121 1047 3245 1088 eum
3274 1033 3582 1104 irrigarent,
3612 1035 3700 1091 sed
3720 1051 3817 1090 ma-

2253 1128 2338 1198 gis
2370 1128 2766 1198 opprimerent.
2812 1126 3179 1185 Contristatus
3208 1138 3294 1183 est
3322 1142 3491 1199 super
3518 1143 3635 1184 eum
3678 1128 3823 1185 Liba-

2256 1216 2468 1289 nus,'in
2512 1238 2618 1292 quo
2648 1222 2866 1279 fuerant
2908 1222 3200 1288 exaltatus,
3242 1228 3300 1277 et
3330 1222 3514 1277 omnia
3553 1223 3663 1293 agri
3690 1223 3816 1294 ligna

2254 1330 2519 1372 concussa
2547 1327 2695 1383 sunt,
2725 1318 3088 1373 succisionem
3132 1316 3366 1372 similem
3398 1316 3756 1375 formidantia.
3783 1321 3820 1373 A

2255 1410 2436 1465 sonitu
2466 1409 2639 1465 ruinae
2664 1409 2779 1480 ejus
2810 1412 3077 1466 commovi
3102 1416 3295 1480 gentes
3315 1450 3331 1475 ,
3361 1417 3423 1465 ut
3449 1409 3626 1464 nullus
3662 1410 3822 1480 perdi-

2256 1501 2459 1557 tionem
2489 1502 2635 1557 illius
2678 1504 2972 1574 ignoraret,
3013 1510 3070 1559 et
3112 1501 3500 1558 deductionem
3531 1500 3599 1556 ad
3637 1500 3824 1558 inferos

2255 1610 2376 1650 cum
2448 1595 2660 1651 caeteris
2721 1595 2884 1651 sociis
2941 1594 3081 1665 ejus.
3140 1597 3601 1666 Acceperuntque
3656 1608 3825 1650 conso-

2255 1689 2514 1745 lationem
2554 1690 2735 1746 omnia
2764 1690 2909 1760 ligna
2953 1687 3277 1761 voluptatis‘,
3316 1688 3372 1743 id
3404 1699 3531 1757 est,
3570 1688 3828 1760 paradisi:

569 1788 723 1836 erant
752 1782 804 1836 in
830 1783 1116 1854 paradiso,
1161 1784 1238 1841 sic
1269 1786 1624 1843 edisserimus
1657 1803 1671 1841 :
1701 1787 1977 1844 IEmulata
2024 1796 2153 1844 sunt
2181 1801 2229 1863 Β
2254 1785 2384 1841 dum
2413 1785 2597 1841 vident
2634 1796 2690 1841 et
2733 1784 2876 1839 mala
2919 1784 3097 1852 malis,
3145 1790 3200 1839 et
3230 1782 3380 1838 bona
3422 1782 3585 1839 bonis
3614 1780 3828 1837 restitui.

567 1876 711 1945 ligna
740 1877 978 1947 paradisi
1027 1880 1426 1937 multitudinem
1476 1897 1758 1937 ramorum
1803 1882 1921 1953 ejus
1955 1901 1969 1936 :
2002 1882 2154 1938 Multi

565 1970 709 2026 enim
724 1974 921 2040 vocati,
943 1982 997 2029 et
1015 1976 1171 2043 pauci
1193 1975 1356 2031 electi
1382 1974 1602 2046 (Matth.
1628 1993 1719 2041 xx,
1750 1976 1860 2046 i6).
1890 1975 1991 2037 Et:
2019 1976 2153 2034 Lata

564 2075 619 2121 et
647 2066 887 2137 spatiosa
928 2068 1013 2123 via
1034 2084 1156 2139 quae
1194 2068 1343 2125 ducit
1363 2070 1431 2124 ad
1458 2081 1692 2126 mortem
1711 2068 1877 2140 (Ibid.
1907 2085 2005 2137 vn,
2034 2068 2148 2140 15).

556 2156 719 2230 Cupit
746 2161 892 2215 enim
921 2168 1102 2216 tantos
1131 2161 1333 2218 habere
1358 2163 1412 2217 in
1445 2164 1696 2228 salutem,
1727 2173 1959 2233 quantos
1978 2161 2151 2219 Assur

561 2249 748 2306 habuit
790 2252 843 2305 in
877 2252 1256 2322 perditionem.
1297 2253 1450 2310 Unde
1478 2253 1603 2325 quia
1633 2258 1803 2311 Assur
1831 2255 2150 2312 sublimatus

556 2352 641 2397 est
671 2344 725 2398 in
756 2343 1078 2409 altitudine;
1103 2355 1156 2399 et
1188 2344 1339 2399 dedit
1368 2344 1753 2401 sublimitatem
1784 2360 1935 2400 suam
1958 2346 2150 2401 viren-

558 2442 667 2493 tem
697 2445 863 2506 atque
891 2437 1240 2505 condensam,
1267 2441 1384 2495 sive
1414 2454 1585 2510 usque
1604 2439 1673 2494 ad
1694 2438 1866 2495 nubes
1889 2454 2150 2495 cacumen

559 2533 755 2601 erexit,
783 2544 837 2590 et
863 2534 1132 2591 elevatum
1157 2542 1242 2591 est
1265 2550 1361 2591 cor
1384 2535 1501 2605 ejus
1523 2545 1581 2590 ut
1600 2534 1807 2591 diceret
1831 2554 1844 2588 :
1870 2534 1976 2590 Ero
1999 2534 2151 2590 simi-

556 2628 623 2681 lis
677 2625 958 2682 Altissimo
985 2625 1120 2699 (Isa.
1146 2643 1259 2695 xiv,
1292 2626 1409 2699 14),
1438 2637 1720 2699 propterea
1744 2628 1969 2683 traditus
1990 2637 2072 2683 est
2093 2628 2147 2683 in

559 2735 723 2775 manu
749 2719 1029 2775 fortissimi
1076 2722 1318 2792 gentium
1352 2738 1365 2774 :
1397 2736 1557 2792 quam
1596 2721 1947 2793 intelligimus
1986 2722 2147 2777 aliam

555 2814 932 2870 detestabilem
982 2822 1345 2886 potestatem,
1394 2814 1480 2871 cui
1526 2815 1753 2870 traditur
1801 2816 1869 2870 ad
1920 2816 2148 2885 punien-

552 2910 680 2965 dum
710 2926 724 2963 :
758 2912 875 2981 ipse
901 2921 985 2967 est
1012 2911 1155 2967 enim
1185 2910 1435 2967 inimicus
1468 2919 1523 2966 et
1551 2912 1732 2975 ultor;
1765 2919 1826 2965 ut
1857 2910 2033 2966 Assur
2058 2910 2145 2965 in-

554 3006 824 3075 telligatur
873 3004 1258 3072 Antichristus,
1308 3015 1362 3060 et
1402 3002 1734 3060 fortissimus
1780 3004 2020 3074 gentium
2058 3003 2146 3060 cui

553 3098 783 3153 traditus
827 3107 932 3164 est,
977 3100 1225 3165 Satanas,
1268 3098 1424 3169 juxta
1472 3098 1608 3153 illud
1660 3097 1910 3169 Apostoli
1951 3096 2144 3165 :Quos

2255 1876 2383 1935 Haec
2420 1888 2603 1935 autem
2661 1877 2809 1950 ligna
2850 1875 3040 1933 Libani
3089 1884 3237 1943 sunt,
3286 1876 3452 1947 aquis
3491 1876 3704 1948 irrigata
3743 1875 3833 1930 ilu-

2254 1974 2461 2030 minum
2500 1973 2736 2040 Domini,
2770 1973 2825 2028 in
2866 1972 3058 2043 quibus
3088 1980 3145 2027 et
3182 1971 3274 2025 illa
3311 1970 3480 2027 arbor
3521 1970 3701 2027 fuerat
3730 1969 3832 2024 irri-

2251 2077 2372 2138 gata
2415 2084 2537 2141 qua:
2584 2068 2811 2124 corruit.
2869 2066 2999 2124 Sive
3038 2066 3222 2122 omnia
3268 2066 3462 2137 ligna,
3515 2080 3640 2136 quae
3685 2077 3834 2136 quon-

2252 2160 2375 2216 dam
2427 2161 2645 2217 fuerunt
2698 2163 2880 2228 bona,
2935 2169 2990 2215 et
3029 2159 3409 2231 irrigabantur
3456 2159 3645 2231 aquis,
3692 2167 3745 2215 et
3788 2158 3831 2212 in

2251 2252 2442 2308 Libani
2483 2253 2767 2309 altitudine
2822 2252 3177 2309 morabantur
3208 2295 3222 2320 ,
3265 2251 3555 2323 accipient
3610 2250 3834 2308 consolao

2252 2351 2456 2406 tionem
2492 2390 2506 2416 ,
2564 2350 2723 2422 377
2780 2348 2995 2420 quando
3060 2348 3371 2419 principem
3434 2363 3597 2404 suum
3664 2345 3834 2401 similia

2249 2442 2486 2498 viderint
2515 2443 2789 2499 sustinuere
2831 2451 3120 2498 tormenta.
3165 2441 3237 2497 Et
3276 2443 3403 2513 ipsa
3442 2442 3596 2498 enim
3639 2441 3835 2497 descen-

2248 2535 2381 2592 dent
2416 2536 2484 2591 ad
2525 2535 2798 2592 infernum
2827 2536 2895 2591 ad
2942 2534 3263 2591 interfectos
3313 2536 3507 2606 gladio
3540 2535 3765 2601 Domini,
3792 2540 3835 2588 et

2248 2628 2424 2695 omnis
2473 2627 2739 2684 fortitudo
2787 2629 3055 2700 lignorum
3086 2628 3362 2685 habitabit
3402 2630 3512 2685 sub
3542 2626 3829 2685 umbraculo

2246 2722 2386 2793 ejus,
2422 2721 2474 2778 id
2503 2735 2609 2789 est,
2639 2723 2693 2777 in
2724 2737 2904 2793 paena,
2959 2722 3012 2777 in
3053 2720 3237 2778 medio
3280 2720 3543 2777 omnium
3583 2720 3822 2777 nationum

2246 2833 2367 2888 quae
2395 2817 2649 2873 claustris
2679 2818 2879 2874 inferni
2900 2818 3248 2874 tenebuntur.
3276 2816 3420 2873 Post
3445 2816 3572 2873 haec
3591 2817 3660 2873 ad
3687 2816 3825 2886 ipsum

2247 2908 2583 2965 Pharaonem
2615 2925 2796 2967 sermo
2826 2909 3182 2975 convertitur,
3213 2913 3304 2964 cui
3340 2909 3560 2966 dictum
3593 2909 3759 2965 fuerat
3788 2907 3829 2960 in

2245 3005 2535 3075 principio,
2568 3005 2658 3059 cui
2695 3005 2889 3060 similis
2918 3003 3096 3059 factus
3131 3017 3190 3059 es
3219 3002 3282 3057 in
3313 3003 3709 3075 magnitudine
3733 2997 3835 3055 tua!

2243 3106 2298 3151 et
2327 3096 2530 3151 dicitur
2554 3095 2623 3151 ad
2649 3111 2771 3151 eum
2804 3113 2819 3150 :
2849 3095 2947 3150 Cui
2972 3095 3310 3151 assimilatus
3343 3110 3434 3163 es,
3465 3110 3503 3150 ο
3536 3096 3839 3166 inclyte,at—

553 3191 750 3246 tradidi
779 3191 1017 3258 Satanae,
1036 3191 1320 3247 utdiscant
1339 3208 1447 3247 non
1472 3191 1845 3262 blaspliemare
1867 3190 1911 3262 (Ι
1926 3189 2061 3245 Tim.
2076 3206 2137 3258 ιι,
2165 3190 2211 3257 C
2243 3204 2350 3260 que
2378 3188 2625 3244 sublimis
2647 3189 2793 3245 inter
2831 3188 2976 3260 ligna
3013 3188 3354 3259 voluptatis?
3386 3188 3609 3261 Nempe
3638 3186 3842 3259 Assyrio

550 3284 645 3356 9.0)
671 3303 684 3340 :
707 3284 811 3352 Qui
840 3286 1045 3343 faciens
1075 3286 1238 3343 faciet
1281 3287 1329 3342 ei
1372 3301 1729 3356 quaecumque
1757 3286 1810 3342 ei
1847 3300 1878 3339 a
1907 3284 2137 3342 Domino

548 3379 747 3435 fuerint
774 3379 1053 3448 imperata.
1088 3378 1193 3434 Ista
1224 3389 1404 3435 autem
1435 3380 1750 3451 cyparissus
1776 3379 1947 3450 ejecta
1969 3388 2053 3436 est
2070 3379 2139 3437 de

547 3473 800 3543 paradiso
827 3473 924 3529 Dei
947 3482 1171 3544 propter
1197 3473 1533 3543 impietatem
1560 3488 1713 3529 suam
1738 3490 1754 3540 ;
1787 3486 1841 3530 et
1860 3474 2142 3531 succident

544 3566 693 3621 illam
723 3566 886 3622 alieni
914 3578 971 3622 et
998 3566 1270 3634 crudeles,
1299 3568 1415 3625 sive
1445 3566 1761 3638 Pestilentes
1788 3568 1843 3624 in
1865 3569 2134 3640 gentibus,

546 3670 603 3714 ut
624 3660 788 3732 376
808 3660 1097 3730 impleatur
1113 3661 1246 3717 illud
1265 3661 1408 3732 quod
1424 3662 1685 3733 scriptum
1699 3672 1781 3717 est
1799 3680 1811 3717 :
1840 3661 2139 3719 Pestilente

548 3749 837 3820 ﬂagellato,
883 3752 1079 3808 stultus
1108 3752 1340 3809 astutior
1368 3752 1460 3809 ﬁet
1507 3753 1692 3823 (Prov.
1745 3769 1875 3820 xu,
1921 3754 2035 3825 25).
2068 3753 2138 3809 Et

540 3842 740 3898 iterum
774 3861 788 3899 :
819 3844 939 3899 Jam
967 3846 1174 3901 securis
1211 3845 1280 3902 ad
1316 3846 1531 3903 radices
1577 3847 1787 3903 arboris
1835 3849 2009 3919 posita
2054 3859 2138 3905 est

2240 3282 2333 3352 qui
2362 3281 2587 3336 corruit.
2619 3281 2684 3336 Et
2712 3292 2767 3337 tu
2787 3297 2909 3338 eras
2928 3281 3167 3353 inclytus
3191 3291 3371 3353 atque
3414 3283 3678 3339 sublimis
3720 3285 3845 3337 inter

2239 3376 2382 3447 ligna
2414 3375 2588 3443 Eden,
2625 3375 2729 3432 hoc
2754 3385 2862 3444 est,
2895 3375 3214 3432 deliciarum
3247 3388 3308 3432 et
3331 3378 3618 3449 paradisi,
3653 3385 3709 3435 et
3732 3389 3845 3433 ecce

2238 3468 2502 3525 deductus
2527 3485 2587 3525 es
2609 3469 2750 3525 sicut
2768 3470 3048 3543 Assyrius,
3075 3486 3197 3527 cum
3217 3472 3499 3529 omnibus
3530 3474 3721 3545 lignis,
3739 3484 3845 3543 qua:

2238 3564 2510 3636 quondam
2538 3564 2754 3621 fuerant
2791 3565 2846 3619 in
2884 3564 3117 3633 deliciis,
3149 3564 3217 3620 ad
3250 3575 3474 3624 terram
3508 3568 3761 3623 ultimam
3800 3573 3845 3619 et

2237 3657 2303 3712 ad
2328 3656 2555 3724 inferos,
2583 3667 2640 3713 et
2665 3656 2905 3714 dormies
2931 3672 3042 3714 non
3073 3660 3129 3713 in
3162 3661 3367 3730 requie
3388 3702 3406 3728 ,
3444 3663 3550 3719 sed
3603 3663 3662 3718 in
3689 3659 3848 3732 pinnis

2236 3749 2293 3805 in
2321 3751 2505 3807 medio
2534 3750 3035 3808 incircumcisorum
3054 3793 3069 3818 ,
3118 3752 3221 3807 hoc
3251 3764 3368 3821 est,
3412 3755 3847 3821 immundorum,

2235 3854 2291 3901 et
2315 3861 2437 3901 cum
2464 3846 2549 3903 his
2587 3846 2676 3917 qui
2699 3846 2751 3902 in
2780 3846 2963 3917 gladio
2994 3846 3208 3904 Domini
3237 3850 3659 3909 conciderunt.
3710 3852 3776 3906 Et
3800 3858 3851 3903 ut

544 3934 761 4007 (Matth.
789 3952 868 4003 ιιι,
901 3938 989 4009 10)
1026 3957 1039 3992 :
1070 3940 1163 4009 qui
1192 3949 1216 3976 α
1250 3939 1547 4009 praesident
1566 3955 1683 3995 eam
1710 3955 1877 4011 super
1897 3952 2132 4011 montes,

542 4036 603 4081 ut
629 4040 851 4084 corruat
877 4030 933 4085 in
960 4032 1213 4101 superbia
1242 4046 1363 4088 sua.
1385 4032 1447 4087 In
1468 4034 1680 4091 cunctis
1699 4044 1880 4092 autem
1910 4038 2131 4092 conval-

537 4125 686 4182 libus
710 4137 967 4185 corruent
987 4130 1124 4185 rami
1152 4130 1272 4199 ejus
1299 4148 1311 4183 :
1338 4140 1393 4186 ut
1416 4131 1484 4186 ad
1508 4140 1769 4187 tartarum
1795 4132 2132 4191 deducantur

2234 3938 2468 3994 sciamus
2489 3940 2581 4011 qui
2603 3941 2675 3996 sit
2695 3940 2791 3996 ille
2812 3941 2899 3997 cui
2923 3941 3157 3998 dixerit:
3180 3943 3224 3998 Ο
3240 3942 3490 4018 inclyte,
3509 3958 3682 4020 atque
3696 3944 3852 4002 subli-

2233 4032 2499 4091 misinter
2519 4035 2661 4106 ligna
2690 4035 3001 4107 voluptatis,
3029 4038 3180 4108 ponit
3199 4042 3610 4100 manifestius:
3639 4044 3757 4113 Ipse
3778 4048 3855 4097 est

2233 4126 2465 4196 Pharao,
2489 4140 2544 4186 et
2570 4131 2747 4186 omnis
2777 4131 3068 4187 multitudo
3095 4132 3234 4203 ejus.
3265 4133 3412 4193 Sive
3435 4137 3606 4209 juxta
3633 4138 3854 4210 Septua-

539 4236 753 4293 omnes,
785 4225 877 4295 qui
906 4222 961 4279 in
991 4224 1115 4294 ejus
1140 4223 1292 4281 fuere
1331 4225 1617 4295 comitatu,
1662 4236 1717 4283 et
1762 4228 2018 4285 recedant
2061 4230 2130 4288 de

2247 4220 2410 4290 ginta,
2439 4222 2516 4278 sic
2547 4234 2632 4279 est
2657 4222 2888 4293 Pharao,
2923 4236 2977 4280 et
3021 4230 3201 4285 omnis
3236 4230 3568 4289 multitudo
3604 4233 3761 4304 ejus,
3804 4238 3855 4282 ut

539 4316 854 4372 umbraculo
876 4316 1043 4383 illius,
1076 4326 1130 4372 et
1150 4317 1463 4388 relinquant
1483 4333 1601 4374 eam
1627 4335 1640 4371 :
1666 4328 1725 4375 ut
1741 4319 1978 4377 volatilia
2006 4322 2129 4379 cmli
2230 4314 2505 4385 quomodo
2526 4330 2690 4386 supra
2708 4314 2965 4387 Assyrius
2989 4318 3233 4376 succisus
3262 4331 3359 4377 est
3379 4363 3398 4390 ,
3431 4330 3496 4379 et
3516 4324 3762 4393 corruit,
3782 4319 3854 4376 sic

535 4418 592 4463 et
622 4409 811 4465 bestia:
843 4419 1022 4475 terrai,
1055 4427 1174 4479 quae
1198 4413 1350 4482 prius
1376 4412 1477 4468 sub
1502 4413 1593 4466 illa
1618 4412 1869 4481 fuerant,
1900 4424 1954 4471 et
1982 4416 2128 4473 illius
2230 4418 2286 4463 θῑ
2308 4406 2596 4479 Egyplius
2622 4409 2933 4466 Silbl‘ualur-

537 4500 860 4556 umbraculo
888 4502 1229 4572 tegebantur,
1258 4510 1444 4574 postea
1474 4518 1647 4573 paenae
1674 4505 1791 4575 ejus
1832 4508 2126 4577 participes
2302 4498 2454 4573 (Cap.
2490 4499 2707 4558 XXXI].
2740 4532 2808 4541 —
2835 4500 2993 4562 Vers.
3028 4504 3056 4559 1
3091 4502 3233 4576 seq.)
3263 4502 3341 4559 Et
3374 4508 3597 4579 factum
3629 4519 3711 4566 est
3733 4508 3856 4563 duo-

434 4582 445 4594 ’
534 4592 661 4647 sint.
691 4592 940 4665 Cumque
964 4594 1200 4652 viderint
1239 4605 1437 4652 caatera
1473 4597 1616 4668 ligna
1655 4598 1916 4655 silvarum
1946 4641 1961 4665 ,
2009 4602 2123 4657 sive

2247 4592 2423 4647 lecimo
2451 4609 2618 4664 anno,
2662 4595 2717 4650 in
2743 4611 2916 4650 mense
2945 4596 3248 4652 duodecimo
3280 4597 3445 4670 (sive
3491 4602 3740 4674 decimo)
3764 4643 3780 4669 ,
3809 4602 3857 4655 in

535 4686 795 4756 paradisi,
834 4690 1007 4745 Assur
1036 4689 1377 4761 cyparissum
1399 4691 1667 4747 sententia
1699 4692 1795 4747 Dei
1825 4693 2118 4761 corruisse,
2224 4703 2327 4740 una
2380 4686 2461 4741 die
2488 4685 2670 4760 [Vulg.
2715 4696 2857 4746 tacet
2881 4688 2988 4761 die]
3012 4693 3223 4760 mensis.
3252 4694 3476 4764 [αοιαηι
3520 4706 3605 4752 εει
3652 4696 3857 4754 verbum

528 4794 640 4833 non
664 4779 1029 4836 elevabuntur
1059 4782 1115 4836 in
1147 4782 1478 4854 superbiam,
1512 4798 1618 4840 nec
1661 4798 1722 4840 se
1761 4799 1884 4840 esse
1911 4786 2118 4855 aliquid

2247 4777 2439 4834 Domini
2483 4782 2551 4835 ad
2580 4797 2681 4850 me,
2711 4783 2886 4840 dicens
2914 4801 2929 4840 :
2963 4782 3075 4837 Fili
3101 4782 3362 4855 hominis,
3392 4806 3632 4847 assume
3661 4793 3859 4846 lamen-

527 4873 897 4943 zestimabunt,
926 4891 1027 4932 nec
1053 4876 1424 4948 irrigationem
1452 4892 1713 4948 aquarum
1741 4893 1961 4934 suarum
1992 4894 2119 4950 pro-

2247 4889 2331 4927 um
2379 4890 2534 4944 super
2576 4875 2906 4932 Pharaonem
2958 4895 3129 4949 regem
3172 4878 3414 4954 /Egypti
3449 4924 3466 4951 ,
3502 4895 3557 4939 et
3602 4887 3750 4942 dices
3796 4882 3859 4939 ad

528 4967 677 5036 prias
719 4968 1129 5025 arbitrabuntur
1173 4969 1430 5025 divitias:
1463 4984 1529 5026 eo
1559 4971 1705 5041 quod
1751 4987 1941 5028 omnes
1978 4975 2116 5030 rami
2222 4985 2372 5023 eum:
2417 4968 2579 5024 Leoni
2620 4973 2847 5042 gentium
2874 4974 3192 5029 assimilatas
3238 4991 3294 5029 es
3327 5017 3346 5043 ,
3384 4990 3439 5033 et
3497 4981 3744 5035 draconi
3779 4978 3861 5049 qui

523 5068 582 5115 et
610 5060 848 5116 volatilia
877 5063 1021 5130 cmli,
1051 5072 1107 5118 et
1134 5062 1325 5119 bestiae
1352 5072 1531 5130 terrae,
1560 5078 1680 5135 qua:
1699 5075 1856 5120 erant
1883 5066 1983 5122 sub
2011 5066 2112 5122 im-
2222 5072 2296 5116 est
2340 5063 2394 5116 in
2430 5065 2596 5131 mari,
2628 5074 2678 5119 et
2705 5064 2985 5120 ventitabas
3016 5082 3178 5121 cornu
3222 5066 3276 5120 in
3328 5070 3684 5138 ﬂuminibus
3716 5074 3822 5127 tuis
3843 5111 3859 5137 ,

522 5156 680 5223 perio
708 5157 900 5223 Assur,
942 5156 1280 5212 deducantur
1314 5155 1370 5211 in
1401 5167 1578 5213 morte
1624 5157 1690 5213 ad
1744 5168 1940 5214 terram
1988 5159 2114 5215 ulti-
2216 5164 2263 5210 et
2290 5156 2630 5212 conturbabas
2652 5176 2813 5231 aquas
2842 5159 3055 5230 pedibus
3086 5161 3186 5215 tuis
3212 5204 3228 5230 ,
3261 5170 3317 5215 et
3348 5170 3739 5225 conculcabas
3763 5172 3863 5239 ﬂu—

518 5262 685 5302 mam.
737 5248 813 5305 De
844 5248 1045 5320 quibus
1078 5250 1345 5320 scriptum
1382 5259 1509 5306 est:
1539 5250 1598 5306 In
1645 5260 1943 5322 conspectu
1990 5252 2109 5323 ejus
2212 5252 2354 5306 mina
2381 5268 2556 5307 eorum
2594 5252 2777 5326 [Vulg.
2810 5254 3011 5327 eorum]
3041 5256 3178 5328 (sive
3204 5256 3355 5328 tua).
3391 5258 3719 5334 Propterea
3753 5263 3860 5315 Ιιωσ

516 5338 718 5396 cadent
759 5355 952 5398 omnes
989 5342 1075 5412 qui
1108 5340 1442 5398 descendunt
1484 5343 1536 5397 in
1582 5351 1779 5398 terram
1819 5343 1939 5417 (Ps.
1972 5360 2062 5399 xxx
2090 5386 2106 5414 ,
2212 5346 2337 5402 dicit
2377 5346 2630 5404 Dominus
2664 5348 2842 5405 Deus:
2873 5349 3189 5424 Expandam
3219 5369 3393 5423 super
3428 5365 3487 5411 te
3525 5368 3646 5414 rete
3688 5371 3862 5413 meum

510 5430 625 5501 '50).
660 5433 726 5488 Et
752 5434 805 5489 in
833 5434 944 5489 alio
970 5434 1091 5490 loco
1124 5453 1135 5488 :
1168 5434 1545 5505 lngredientur
1580 5435 1647 5490 ad
1671 5445 1913 5492 extrema
1944 5444 2106 5494 terra:
2209 5441 2264 5495 in
2290 5440 2620 5497 multitudine
2665 5444 2978 5517 populorum
3005 5446 3290 5501 multorum
3313 5487 3333 5513 ,
3375 5458 3432 5503 et
3481 5450 3785 5507 extraham
3815 5458 3859 5502 te

513 5520 637 5592 (Ps.
692 5540 800 5580 un
824 5567 840 5592 ,
874 5524 965 5598 10)
1002 5545 1016 5581 :
1050 5535 1106 5582 et
1130 5537 1291 5583 erunt
1316 5542 1654 5599 nequaquam
1685 5543 1809 5583 cum
1839 5528 2100 5601 Angelis,
2207 5534 2263 5587 in
2310 5550 2500 5607 sagena
2545 5552 2661 5590 mea
2691 5535 2830 5609 (sive
2875 5537 3145 5594 extraham
3172 5548 3220 5593 te
3246 5538 3305 5593 in
3338 5538 3583 5617 hamo).
3624 5545 3698 5599 Et
3729 5560 3857 5616 pro-

511 5616 607 5672 sed
640 5632 765 5675 cum
791 5618 919 5677 filiis
952 5620 1258 5689 hominum,
1288 5621 1380 5693 qui
1418 5619 1751 5678 descendunt
1791 5621 1844 5678 in
1891 5622 2097 5695 lacum,
2154 5672 2155 5675 η
2199 5628 2383 5697 jiciam
2407 5629 2544 5701 (sive
2586 5630 2879 5703 eatraham)
2908 5632 2965 5688 in
2988 5642 3183 5690 terram
3221 5648 3241 5688 :
3267 5648 3456 5707 super
3501 5616 3713 5709 {adem
3740 5634 3859 5710 agri

572 5812 599 5841 α
642 5803 827 5861 Maluit
852 5806 1059 5865 Victor.
1093 5808 1365 5881 projicient
1393 5825 1529 5877 eam,
1563 5824 1631 5869 ex
1651 5808 1919 5881 superiori
1952 5810 2329 5885 inferiorique,
2349 5822 2412 5872 ut
2433 5816 2536 5877 sibi
2568 5817 2801 5891 videtur,
2828 5829 3109 5881 contextu.
