4038 6328
289 274 390 331 305

934 267 1582 329 COMMENTARIORUM
1620 268 1686 327 ΙΝ
1726 264 2172 327 EZEGHIELEM
2212 266 2341 324 LIB.
2385 264 2453 322 X.
2496 264 2649 324 CAP.
2693 264 2912 324 XXXII.

3449 268 3552 325 506

285 393 527 465 abjiciam
560 402 608 446 te
632 389 772 462 (sive
818 391 987 461 campi
1018 390 1355 461 replebantur
1374 388 1472 461 tui)
1500 406 1513 442 :
1544 398 1591 443 et
1637 386 1870 443 habitare
1896 392 1947 453 Α
1974 385 2252 459 perbiam,
2291 399 2416 454 quae
2445 397 2614 439 cornu
2641 392 2893 451 vocatur,
2935 392 2991 440 et
3020 383 3369 442 multitudine
3400 400 3559 443 exer-

284 486 425 561 (sive
452 486 656 559 sedere)
686 487 880 557 faciam
908 500 1061 555 super
1099 493 1149 539 te
1176 482 1350 539 omnia
1376 482 1613 537 volatilia
1638 481 1755 537 caeli
1778 524 1792 547 ,
1822 490 1871 537 et

281 580 528 636 saturabo
556 581 621 636 de
654 591 702 635 te
727 579 913 634 bestias
944 578 1193 632 universis
1233 587 1415 641 teme,
1447 583 1497 630 et
1524 574 1655 629 dabo
1693 590 1872 630 carnes

281 684 394 729 tuas
442 690 602 744 super
657 682 887 739 montes,
934 680 981 727 et
1020 669 1246 740 implebo
1289 669 1448 725 colles
1496 668 1679 741 [Vulg.
1722 667 1871 723 addit

283 769 421 843 tuos]
452 770 603 842 (sive
627 768 815 840 ualles)
857 768 1003 823 sanie
1029 775 1118 821 tua
1155 764 1267 839 (vel
1294 764 1548 837 sanguine
1576 762 1688 835 tuo)
1720 771 1767 817 et
1797 764 1872 816 ir-

278 862 463 936 rigabo
506 871 696 916 terram
738 860 875 930 (sive
920 859 1220 930 irrigabitur
1260 856 1417 929 terra)
1460 864 1642 928 putore
1686 856 1870 929 [Vulg.

281 956 480 1025 fetore;
506 954 578 1008 al.
604 952 833 1027 paedore]
854 952 1129 1025 sanguinis
1157 952 1232 1005 tui
1256 951 1395 1022 (sive
1410 950 1717 1007 stercoribus
1744 949 1868 1022 tuis)

280 1064 437 1117 super
463 1056 682 1115 montes,
697 1058 744 1102 et
757 1046 920 1119 378
939 1046 1099 1101 ualles
1121 1043 1471 1115 implebantur
1489 1058 1555 1097 ea:
1570 1052 1636 1097 te.
1657 1041 1726 1095 Et
1747 1058 1870 1113 ape-

278 1144 412 1195 rians
425 1158 545 1195 cum
571 1141 825 1195 extinctus
845 1140 1029 1211 fueris,
1059 1138 1262 1207 cmlum,
1294 1146 1342 1192 et
1368 1122 1654 1209 nigrescere
1678 1136 1869 1207 faciam

277 1235 455 1289 stellas
483 1236 600 1306 ejus
624 1250 645 1287 :
672 1229 847 1287 Solent
888 1231 1024 1286 nube
1061 1239 1229 1303 tegam
1248 1271 1264 1297 ,
1297 1238 1345 1283 et
1375 1229 1554 1283 lunam
1583 1244 1685 1282 non
1729 1227 1871 1281 dabit

276 1330 451 1382 tamen
493 1343 671 1383 suum.
725 1326 915 1382 Omnia
957 1326 1238 1381 luminaria
1279 1326 1392 1381 ctuti
1435 1341 1644 1379 maerere
1678 1325 1869 1395 faciam

275 1423 417 1493 (sive
438 1422 915 1493 contenebrescent)
936 1437 1093 1490 super
1119 1427 1166 1475 te
1194 1436 1211 1472 :
1234 1430 1281 1473 et
1306 1419 1440 1473 dabo
1469 1420 1698 1473 tenebras
1717 1435 1870 1491 super

275 1527 467 1569 terram
493 1525 639 1569 tuam
658 1556 673 1580 ,
704 1514 831 1569 dicit
859 1511 1114 1568 Dominus
1144 1513 1304 1568 Deus.
1337 1510 1407 1565 Et
1430 1513 1643 1567 irritabo
1668 1529 1758 1567 cor
1776 1531 1871 1586 po-

276 1609 526 1679 pulorum
571 1609 853 1663 multorum
878 1622 997 1663 cum
1034 1606 1292 1661 induxero
1331 1606 1684 1661 contritionem
1731 1605 1870 1678 (sive

270 1700 657 1774 captivitatem)
697 1713 839 1757 tuam
864 1702 921 1755 in
967 1701 1205 1774 gentibus
1248 1716 1402 1773 super
1444 1709 1607 1755 terras
1638 1699 1776 1771 (sive
1813 1701 1869 1753 in

1975 479 2117 536 citus
2172 477 2294 543 sui,
2347 491 2538 532 omnes
2572 491 2740 547 aquas
2769 477 3044 534 transiens
3095 487 3310 549 poterat
3336 489 3558 536 contur-

1974 573 2144 627 bare:
2186 569 2392 626 idcirco
2428 569 2740 641 expandere
2786 583 2843 625 se
2875 570 3006 625 dicit
3042 578 3158 627 rete
3188 586 3345 628 suum
3396 589 3561 647 super

1973 666 2376 723 multitudinem
2408 668 2550 736 ejus,
2578 674 2635 722 et
2653 666 2943 722 extrahere
2972 682 3095 723 eum
3121 683 3318 741 sagena
3347 686 3445 726 sua
3470 672 3559 729 vel

1974 764 2166 829 hamo,
2199 771 2254 817 et
2288 761 2587 831 projicere,
2622 762 2738 816 sive
2766 762 3064 818 extendere
3095 778 3217 819 eum
3249 780 3414 837 super
3443 776 3555 824 ter-

1973 871 2112 923 ram,
2138 857 2226 927 qui
2246 856 2399 927 quasi
2426 854 2647 911 coluber
2668 855 2849 910 multis
2872 856 3034 927 spiris
3064 857 3240 914 fuerat
3262 860 3559 933 involutus,

1975 961 2033 1005 ut
2063 966 2090 1003 a
2121 952 2332 1005 cunctis
2357 950 2481 1005 caeli
2508 949 2820 1007 volatilibus
2849 951 3161 1009 devoretur.
3188 953 3431 1027 Cumque
3452 974 3559 1014 non

1976 1042 2152 1098 solum
2186 1058 2316 1099 aves
2337 1085 2353 1110 ,
2388 1043 2485 1100 sed
2512 1059 2706 1100 omnes
2728 1044 2917 1100 bestia:
2950 1055 3112 1102 terra:
3139 1063 3261 1102 eum
3286 1048 3565 1108 lacerave-

1976 1138 2122 1202 rint,
2172 1138 2402 1208 reliquae
2445 1152 2641 1194 carnes
2680 1138 2833 1210 ejus,
2860 1150 3073 1197 montes
3120 1150 3175 1197 et
3220 1142 3387 1199 valles
3417 1159 3564 1201 cam-

1975 1245 2183 1303 posque
2211 1231 2581 1301 complebunt,
2604 1232 2675 1286 ita
2697 1246 2755 1287 ut
2781 1244 2976 1291 cuncta
3004 1235 3283 1291 vermibus
3299 1245 3563 1295 scateant.

1977 1324 2106 1379 Haec
2132 1333 2309 1379 autem
2344 1324 2587 1396 loquitur
2612 1340 2710 1396 per
2737 1327 3115 1398 metaphoram
3143 1375 3157 1400 ,
3192 1338 3250 1384 ut
3277 1338 3565 1401 postquam

1976 1417 2217 1471 volatilia
2257 1416 2378 1473 coeli
2430 1426 2484 1473 et
2514 1418 2701 1473 bestiae
2732 1419 2985 1475 carnibus
3011 1419 3129 1491 ejus
3172 1420 3375 1478 fuerint
3424 1432 3567 1479 satu-

1975 1519 2141 1576 ratae,
2175 1511 2227 1566 id
2258 1522 2366 1580 est,
2395 1514 2671 1569 exercitus
2707 1514 2846 1584 ejus,
2880 1524 2933 1570 et
2962 1516 3212 1571 universa
3266 1518 3555 1575 multitudo

1975 1606 2185 1676 reliqua
2216 1621 2344 1676 pars
2367 1607 2420 1661 in
2453 1622 2663 1663 vermes
2694 1617 2749 1663 et
2774 1608 2979 1666 saniem
3002 1620 3369 1668 convertatur.
3403 1613 3553 1673 Tune

1976 1701 2170 1771 inquit,
2204 1700 2327 1757 caeli
2372 1700 2615 1757 tenebris
2651 1701 3052 1759 obvolventur:
3082 1705 3186 1775 sol,
3227 1716 3281 1762 et
3317 1706 3474 1775 luna,
3511 1719 3566 1763 et

274 1794 431 1865 terra)
458 1811 625 1865 quam
655 1796 842 1849 nescis.
876 1792 944 1846 Et
969 1802 1259 1863 stupescere
1284 1792 1475 1861 faciam
1504 1792 1640 1864 (sive
1676 1793 1874 1846 contri-
1908 1799 1957 1861 B
1984 1802 2181 1849 caetera
2205 1793 2494 1849 luminaria
2513 1810 2622 1849 non
2645 1794 2850 1850 dabunt
2873 1796 3055 1852 lumen
3077 1813 3255 1864 suum,
3284 1799 3381 1855 sed
3403 1814 3567 1873 super

272 1888 572 1961 statuatur)
613 1905 771 1960 super
804 1897 851 1943 te
876 1896 903 1924 ⁸
932 1886 1114 1960 populi
1142 1903 1162 1942 :
1194 1887 1307 1957 (vel
1354 1895 1529 1956 gentes
1575 1886 1773 1957 multat)
1824 1897 1875 1940 et

276 1999 416 2055 reges
432 1998 621 2037 eorum
645 1982 859 2037 horrore
882 1981 1041 2036 nimio
1068 1980 1423 2052 formidabant
1452 1996 1608 2052 super
1636 1992 1685 2035 te
1706 2022 1723 2049 ,
1755 1997 1872 2035 cum

285 2081 451 2133 uolare
472 2080 687 2149 deperit
715 2077 922 2150 gladius
952 2094 1096 2133 meus
1126 2095 1280 2150 super
1300 2079 1460 2149 facies
1482 2094 1678 2144 eorum,
1711 2085 1758 2129 et
1783 2080 1873 2133 ob-

291 2179 557 2241 stupescent
595 2180 804 2243 repente
826 2171 1019 2242 singuli
1054 2187 1148 2244 pro
1177 2171 1355 2225 anima
1391 2187 1489 2225 sua
1518 2172 1572 2224 in
1600 2170 1684 2225 die
1702 2170 1872 2224 ruina:

288 2265 413 2335 (sire
425 2274 791 2335 exspectantes
812 2265 1019 2318 ruinam
1045 2280 1192 2318 suam
1213 2282 1244 2317 a
1267 2263 1351 2318 die
1371 2263 1562 2335 ruinae)
1587 2273 1709 2318 tute.
1739 2262 1871 2330 Quia

274 2360 379 2413 acc
403 2360 541 2414 dicit
573 2360 829 2415 Dominus
850 2357 993 2415 Deus
1018 2376 1038 2415 :
1067 2358 1290 2415 Gladius
1314 2360 1453 2430 regis
1482 2357 1767 2430 Babylonis
1789 2375 1871 2413 ve-

230 2481 241 2496 -
269 2454 371 2506 ilict
406 2452 525 2507 tibi.
562 2450 631 2506 In
660 2451 850 2524 gladiis
880 2454 1091 2524 fortium
1119 2452 1259 2525 (sive
1290 2450 1602 2525 gigantium)
1626 2452 1871 2527 dejiciam

264 2545 665 2600 multitudinem
702 2544 841 2616 (sive
888 2544 1264 2617 fortitudinem)
1318 2554 1505 2601 tuam:
1551 2546 1873 2618 inexpugna-

263 2638 387 2694 biles
438 2650 627 2710 gentes
670 2655 842 2694 omnes
887 2637 969 2693 Ita:
1011 2639 1170 2711 (sive
1205 2639 1495 2711 pestilentes
1534 2637 1599 2691 de
1638 2638 1872 2711 gentibus

266 2736 493 2805 cunctis)
526 2752 545 2790 :
586 2743 635 2788 et
664 2734 933 2790 vastabant
972 2734 1114 2805 (sive
1156 2734 1391 2805 perdent)
1430 2734 1723 2807 superbiam
1763 2734 1873 2805 (vel

264 2828 549 2901 injuriam)
581 2828 802 2902 {Egypli
820 2871 835 2896 ,
866 2837 910 2883 et
935 2828 1273 2901 dissipabitur
1296 2829 1576 2884 multitudo
1598 2833 1708 2903 ejus
1734 2828 1873 2902 (sive

267 2934 572 2978 conteretur
601 2924 766 2978 omnis
810 2923 1061 2995 fortitudo
1096 2921 1286 2996 illius).
1327 2922 1394 2977 Et
1439 2924 1651 2996 perdam
1699 2924 1873 2978 omnia

263 3021 507 3090 jumenta
536 3020 649 3089 ejus
672 3032 787 3088 qua
809 3026 957 3071 erant
981 3033 1133 3089 super
1154 3033 1315 3086 aquas
1342 3015 1599 3088 plurimas
1633 3017 1774 3089 (sive
1804 3019 1868 3072 ab

274 3112 424 3181 aquis
448 3109 654 3181 multis)
677 3128 688 3163 :
722 3121 891 3166 etnon
910 3110 1231 3165 conturbabit
1248 3127 1334 3165 eas
1354 3127 1440 3181 pes
1463 3112 1686 3167 hominis
1709 3114 1871 3179 ultra,

1980 1896 2034 1943 te
2061 1897 2252 1942 cuncta
2277 1887 2584 1957 nigrescent
2611 1905 2623 1942 :
2656 1886 2898 1958 nihilque
2921 1889 3016 1944 tibi
3051 1889 3229 1945 laetum
3259 1891 3383 1960 erit,
3413 1900 3471 1948 et
3498 1891 3566 1948 ad

1975 1990 2128 2036 tuum
2158 1981 2438 2036 interitum
2464 1997 2652 2037 omnes
2683 1984 2867 2055 populi
2890 1993 2947 2039 et
2977 1986 3156 2040 cuncti
3178 2001 3336 2058 reges
3367 2002 3558 2043 eorum

1978 2076 2212 2132 horrore
2259 2075 2427 2133 nimio
2473 2077 2838 2133 formidabant
2880 2079 3283 2150 conspicientes
3329 2082 3565 2153 gladium

1973 2189 2158 2230 meum
2196 2172 2300 2229 huc
2330 2173 2565 2243 illucque
2606 2172 2836 2229 volitare
2869 2182 2925 2229 et
2962 2174 3097 2229 nulli
3141 2190 3363 2245 parcere
3384 2219 3398 2245 ,
3428 2187 3485 2233 et
3516 2178 3569 2234 in

1976 2277 2069 2321 tua
2094 2267 2250 2323 ruina
2275 2309 2290 2335 ,
2325 2267 2536 2322 ruinam
2572 2266 2803 2322 similem
2844 2269 3260 2338 pertimescent.
3290 2269 3361 2327 Ut
3387 2282 3570 2328 autem

1977 2361 2120 2416 scias
2145 2361 2265 2431 quis
2288 2361 2391 2416 iste
2413 2361 2482 2415 sit
2504 2360 2746 2432 gladius,
2785 2363 2910 2416 audi
2935 2362 3272 2419 manifestius
3297 2381 3310 2417 :
3344 2363 3567 2423 Gladius

1972 2453 2127 2524 regis
2155 2452 2447 2523 Babylonis
2474 2452 2654 2508 veniet
2677 2452 2771 2507 tibi
2798 2470 2811 2506 :
2845 2453 2900 2508 in
2929 2452 3123 2526 gladiis
3169 2454 3386 2511 fortium
3407 2502 3421 2526 ,
3451 2458 3567 2514 sive

1973 2545 2275 2617 gigantium
2306 2545 2554 2615 dejiciam
2584 2560 2799 2601 omnem
2831 2546 3233 2603 multitudinem
3266 2555 3435 2604 tuam.
3463 2550 3567 2619 Qui

1976 2642 2250 2711 gigantes,
2298 2638 2749 2711 inexpugnabiles
2795 2650 2988 2712 gentes
3033 2650 3185 2709 sunt,
3222 2656 3343 2711 quae
3391 2642 3567 2715 Baby-

1977 2735 2107 2789 lonii
2131 2736 2275 2806 regis
2310 2733 2641 2790 tenebantur
2677 2734 2943 2789 exercitu.
2986 2734 3076 2790 Isti
3109 2736 3407 2790 vastabunt
3454 2737 3568 2793 sive

1978 2826 2304 2897 disperdent
2332 2829 2644 2899 superbiam
2677 2827 2907 2900 Egypti,
2939 2836 2993 2883 et
3020 2843 3234 2884 omnem
3267 2830 3571 2885 multitudi-

1978 2937 2100 2978 nem
2133 2922 2249 2993 ejus
2276 2941 2289 2975 :
2323 2921 2569 2993 nihilque
2598 2922 2651 2976 in
2682 2920 2918 2993 [Egypto
2947 2922 3289 2989 remanebit,
3322 2923 3420 2979 sed
3445 2939 3566 2979 cum

1978 3015 2319 3082 hominibus,
2363 3025 2418 3071 et
2456 3017 2706 3085 jumenta
2758 3015 3025 3086 brutaque
3071 3015 3323 3071 animalia
3367 3018 3571 3087 pariter

1978 3108 2314 3165 aulerentur.
2349 3108 2415 3164 Et
2440 3116 2586 3163 tanta
2615 3108 2721 3163 erit
2747 3108 3055 3165 solitudoin
3078 3108 3316 3183 IEgypto
3337 3157 3351 3181 ,
3384 3122 3439 3165 ut
3466 3127 3568 3166 nec

276 3221 437 3274 neque
464 3204 667 3276 ungula
688 3208 1045 3278 jumentorum
1070 3204 1292 3260 turbabit
1325 3206 1465 3277 (sive
1495 3206 1735 3276 calcabit)
1765 3224 1868 3262 eas.
1904 3201 1948 3265 C
1981 3202 2118 3273 pede
2156 3202 2387 3257 hominis
2408 3244 2424 3270 ,
2458 3216 2560 3257 nec
2591 3203 2787 3273 ungula
2812 3202 3046 3272 jumenti
3075 3218 3231 3274 aqua:
3262 3204 3408 3259 illius
3433 3218 3566 3261 con-

278 3297 427 3352 Tunc
458 3298 764 3369 purissimas
810 3300 1025 3353 reddam
1076 3317 1236 3370 aquas
1280 3316 1454 3354 eorum
1509 3300 1649 3374 (sive
1688 3311 1746 3355 ut
1774 3300 1876 3356 ali-

281 3393 485 3464 quando
535 3393 796 3463 quiescant
851 3409 999 3462 aqua:
1060 3393 1295 3463 eorum),
1328 3404 1377 3448 et
1426 3396 1649 3465 flumina
1698 3410 1873 3450 eorum

281 3486 426 3556 quasi
442 3483 611 3539 oleum
624 3485 879 3540 adducam
892 3485 1031 3555 (sive
1048 3486 1287 3540 utoleum
1303 3487 1513 3557 fluent),
1529 3488 1600 3539 ait
1618 3485 1873 3542 Dominus

285 3581 460 3650 Deus,
500 3598 618 3636 cum
673 3581 864 3637 dedero
910 3591 1099 3635 terram
1146 3581 1370 3654 /Egypti
1417 3582 1703 3636 desolatam
1734 3581 1872 3655 (sive

286 3675 581 3747 perditam).
624 3675 894 3730 Deseretur
937 3685 1107 3729 autem
1150 3683 1286 3730 terra
1328 3692 1360 3730 a
1411 3673 1736 3745 plenitudine
1774 3693 1871 3729 sua

288 3770 420 3840 (sive
460 3787 578 3825 cum
606 3771 944 3842 plenitudine)
976 3771 1182 3843 quando
1212 3787 1516 3843 percussero
1548 3772 1685 3841 (sive
1707 3772 1869 3826 disse-

285 3864 563 3934 minarero)
593 3880 764 3918 omnes
790 3863 1108 3918 habitatores
1152 3867 1264 3935 ejus
1296 3880 1315 3917 :
1346 3874 1391 3917 et
1437 3865 1598 3917 scient
1631 3864 1756 3934 quia
1780 3881 1871 3936 ego

285 3973 390 4011 sum
440 3956 712 4012 Dominus.
755 3955 1006 4011 Planctus
1048 3965 1155 4021 est,
1198 3966 1247 4011 et
1276 3957 1523 4029 plangent
1582 3972 1700 4010 eum
1746 3957 1871 4026 ﬁlia:

287 4051 508 4124 gentium
534 4048 562 4088 ι’
592 4066 747 4120 super
778 4049 1066 4121 Egyptum
1094 4058 1140 4101 et
1171 4065 1326 4119 super
1349 4049 1733 4103 multitudinem
1759 4052 1871 4122 ejus

288 4148 419 4217 (sive
446 4148 584 4201 οιηηὶ
612 4147 914 4217 fortitudine
941 4144 1111 4217 illius)
1142 4146 1385 4216 plangent
1423 4162 1560 4213 eum,
1592 4147 1663 4199 ait
1690 4145 1871 4200 Domi-

284 4257 376 4293 nus
419 4237 575 4293 Deus.
606 4238 928 4305 TEditionem
975 4248 1259 4306 utramque
1311 4240 1635 4307 miscemus,
1680 4238 1735 4293 in
1786 4239 1871 4294 his

286 4331 567 4386 dumtaxat
605 4331 658 4386 in
697 4331 893 4401 quibus
925 4330 1260 4400 discrepant.
1304 4331 1560 4401 Alioquin
1608 4330 1701 4385 ubi
1734 4347 1870 4387 unus

287 4439 477 4479 sensus
516 4433 631 4487 est,
668 4424 993 4479 Hebraicum
1036 4424 1336 4491 sequimur.
1373 4423 1428 4477 ln
1464 4423 1645 4478 multis
1689 4433 1868 4481 autem

283 4518 725 4589 exemplaribus,
770 4518 924 4587 juxta
978 4517 1123 4573 LXX
1150 4560 1164 4585 ,
1194 4516 1549 4573 duodecimus
1591 4533 1764 4575 annus
1813 4528 1867 4576 et

1976 3294 2286 3359 turbentur,
2314 3294 2407 3349 sed
2429 3294 2615 3365 quieta
2638 3296 2749 3349 sint
2774 3295 2953 3350 omnia
2988 3312 3001 3348 :
3034 3304 3088 3351 et
3111 3312 3262 3368 aqua:
3286 3295 3568 3353 ﬂuminum

1977 3391 2095 3459 ejus
2143 3390 2294 3461 quasi
2348 3389 2529 3445 oleum
2586 3388 2758 3445 ﬂuant
2813 3389 3119 3459 purissimae
3166 3404 3229 3446 ac
3288 3391 3566 3461 nitentes,

1976 3482 2128 3538 nullo
2178 3498 2275 3552 per
2304 3495 2398 3537 eas
2438 3490 2755 3538 transeunte
2780 3525 2795 3550 ,
2845 3498 2945 3538 nec
2986 3498 3175 3538 earum
3214 3482 3416 3539 ﬂuenta
3454 3493 3570 3540 tur-

1974 3577 2157 3635 bante.
2192 3578 2305 3632 Hoc
2334 3587 2515 3633 autem
2548 3576 2642 3633 fiet
2673 3585 2896 3649 propter
2936 3574 3158 3650 Egypti
3190 3577 3565 3648 solitudinem,

1975 3685 2098 3741 qua:
2117 3669 2393 3740 redigetur
2414 3670 2469 3725 in
2498 3669 2777 3725 desertum
2800 3670 2870 3725 ab
2888 3674 3035 3725 omni
3061 3670 3405 3726 multitudine
3429 3685 3523 3726 sua
3550 3691 3564 3727 :

1974 3760 2194 3834 quando
2224 3761 2555 3817 habitatores
2580 3764 2697 3833 ejus
2729 3762 2989 3817 Dominus
3011 3763 3175 3835 380
3206 3765 3558 3834 percusserit,

1972 3865 2035 3909 ut
2058 3854 2367 3925 intelligant
2388 3855 2478 3925 qui
2502 3856 2868 3910 remanserint
2890 3854 3033 3925 quod
3056 3854 3172 3927 ipse
3193 3854 3264 3909 sit
3284 3853 3568 3911 Dominus.

1974 3947 2181 4003 Idcirco
2213 3948 2461 4017 planctus
2492 3958 2576 4003 est
2605 3947 2906 4004 Pharaonis
2926 3993 2939 4015 ,
2974 3955 3031 4002 et
3062 3947 3316 4018 plangent
3349 3962 3470 4003 eum
3500 3947 3565 4003 li-

1975 4042 2061 4098 liae
2082 4042 2326 4114 gentium
2352 4043 2405 4097 in
2429 4044 2683 4098 circuitu.
2709 4041 2826 4097 Non
2852 4043 3030 4097 solum
3056 4052 3235 4098 autem
3264 4057 3428 4114 super
3448 4043 3567 4111 illo,

1973 4139 2073 4195 sed
2127 4152 2179 4195 et
2225 4156 2390 4211 super
2434 4140 2781 4197 multitudine
2812 4141 2965 4213 ejus,
2994 4158 3115 4214 qua:
3138 4185 3153 4209 ,
3184 4142 3416 4199 Domino
3464 4159 3563 4199 va-

1972 4243 2151 4291 stante
2169 4278 2184 4301 ,
2209 4235 2385 4292 deleta
2416 4245 2518 4293 est.
2554 4237 2681 4292 Haec
2710 4252 2873 4309 super
2899 4238 3134 4308 simplici
3159 4239 3336 4296 littera
3362 4241 3565 4297 cursim

1972 4328 2177 4385 dixisse
2229 4330 2503 4401 sufﬁciat,
2528 4334 2815 4388 veniamus
2850 4333 2920 4388 ad
2955 4334 3375 4404 intelligentiam
3398 4336 3561 4408 Spiri-

1973 4423 2193 4477 tualem.
2227 4421 2337 4477 Nec
2379 4433 2511 4494 puto
2540 4439 2871 4495 magnopere
2904 4424 3258 4480 laborandum
3289 4442 3452 4484 nosse
3477 4428 3569 4501 qui

1971 4516 2040 4571 sit
2063 4515 2275 4570 Pharao
2290 4532 2385 4573 rex
2403 4516 2790 4590 Egypti,'cum
2819 4533 2979 4588 supra
3003 4518 3220 4588 plenius
3242 4519 3566 4590 dixerimus,

286 4615 486 4668 mensis
506 4612 751 4667 decimus
772 4612 1020 4682 ponitur;
1049 4615 1202 4682 juxta
1229 4619 1461 4667 caeteros
1490 4621 1670 4667 autem
1698 4612 1869 4669 inter—
1895 4604 1948 4665 D
1974 4623 2093 4663 eam
2155 4608 2409 4665 videlicet
2479 4618 2801 4678 potestatem
2824 4653 2838 4677 ,
2883 4610 2969 4665 cui
3034 4609 3307 4684 Egyptus
3361 4615 3569 4672 credita

286 4718 493 4775 pretes,
548 4705 793 4760 decimus
836 4719 1013 4759 annus
1058 4714 1112 4760 et
1140 4703 1495 4761 duodecimus
1543 4705 1783 4773 mensis,
1820 4716 1879 4762 ut

285 4799 369 4853 vel
395 4800 507 4868 jam
540 4807 695 4869 capta
722 4798 795 4852 sit
814 4796 1114 4854 Jerusalem
1134 4840 1149 4864 ,
1180 4809 1232 4853 et
1262 4797 1514 4869 gaudium
1546 4798 1871 4871 Pharaonis,

285 4895 445 4948 malis
471 4894 636 4965 3'79
651 4893 750 4948 sibi
784 4892 1212 4961 imminentibus,
1244 4893 1517 4949 auferatur
1551 4912 1565 4949 :
1608 4895 1691 4950 vel
1724 4906 1875 4949 certe

282 4985 582 5054 capienda,
634 4994 688 5040 et
743 4985 857 5039 suis
926 4986 1096 5056 magis
1160 4985 1390 5042 miseriis
1442 4987 1665 5053 doleat,
1707 5003 1871 5059 quam

284 5078 514 5133 aliorum
542 5078 861 5147 captivitate
881 5078 1115 5133 laetetur.
1134 5077 1201 5133 Et
1228 5079 1447 5134 interim
1471 5080 1714 5136 breviter
1736 5095 1874 5151 qua:-

284 5171 408 5226 dam
465 5172 712 5226 historia:
760 5172 1113 5227 fundamenta
1152 5172 1448 5243 iacientes,
1491 5176 1617 5245 quid
1660 5175 1872 5230 Hebraei

284 5280 451 5335 super
481 5265 584 5319 hoc
611 5264 733 5319 loco
762 5264 1072 5337 intelligant
1097 5281 1500 5334 percurramus.
1529 5269 1698 5324 Leoni
1726 5282 1875 5323 com-

285 5365 513 5427 paratur
549 5355 798 5424 Pharao,
844 5373 950 5411 non
984 5359 1146 5413 unius
1178 5360 1357 5429 gentis
1379 5402 1393 5423 ,
1440 5359 1538 5414 sed
1579 5360 1870 5416 multarum

282 5452 558 5522 gentium;
591 5451 710 5505 sive
738 5450 964 5506 draconi
993 5451 1046 5506 in
1079 5453 1247 5519 mari,
1276 5461 1336 5508 ut
1369 5463 1569 5509 terram
1599 5469 1877 5526 aquasque

284 5543 570 5615 possideat
594 5543 689 5616 qui
715 5543 1037 5615 irrigatione
1056 5543 1339 5601 ﬂuminum
1365 5546 1678 5617 erigebatur
1708 5548 1761 5602 in
1790 5561 1881 5603 su-

343 5696 371 5723 ⁸
403 5684 640 5751 Victor.,
670 5685 891 5757 populos
915 5687 1124 5758 multos,
1153 5689 1231 5743 uel
1256 5697 1427 5758 gentes
1443 5686 1647 5758 multae,
1665 5688 1730 5744 ad
1756 5688 1886 5744 Vul—

281 5767 432 5830 gatae
456 5756 745 5832 praecipue
760 5766 939 5832 textus
966 5757 1125 5815 fidem
1156 5778 1175 5832 ξε
1206 5756 1404 5832 vixque
1430 5774 1540 5816 uno
1561 5756 1727 5818 verbo
1749 5761 1885 5815 mul-

282 5842 366 5886 tas
400 5845 499 5901 pro
530 5831 707 5885 multa
724 5830 983 5886 Rabanus
1012 5830 1236 5886 abludit.

1977 4712 2100 4767 est;
2129 4702 2217 4755 vel
2244 4717 2351 4756 una
2384 4703 2660 4774 provincia
2680 4745 2695 4769 ,
2729 4703 2812 4758 vel
2844 4702 3114 4776 Egyptus
3147 4706 3311 4764 tutius
3338 4708 3565 4777 mundi,

1977 4809 2099 4865 quae
2128 4809 2234 4850 non
2265 4804 2351 4851 est
2389 4795 2473 4851 leo
2501 4794 2718 4850 condita
2744 4840 2759 4864 ,
2792 4796 2886 4851 sed
2917 4800 3138 4868 proprio
3185 4800 3323 4856 vitio
3352 4802 3569 4857 assimi-

1975 4888 2084 4946 lata
2135 4890 2282 4945 leoni
2330 4889 2592 4962 gentium.
2649 4890 2820 4945 llomo
2880 4892 3023 4947 enim
3076 4906 3200 4948 cum
3257 4896 3308 4949 in
3356 4894 3566 4953 honore

1976 4991 2143 5048 esset,
2191 4997 2298 5037 non
2343 4982 2637 5054 intelligit;
2669 4992 3011 5054 comparatus
3060 4996 3143 5041 est
3176 4988 3437 5057 jumentis
3483 4991 3566 5046 in-

1977 5077 2327 5144 sipientibus,
2347 5077 2610 5134 etsimilis
2631 5077 2803 5133 factus
2824 5087 2909 5134 est
2933 5078 3039 5133 illis
3061 5077 3234 5153 (Psal.
3256 5084 3560 5154 vattr,15).

1972 5169 2051 5225 De
2077 5169 2180 5224 hoc
2201 5169 2359 5226 leone
2380 5179 2435 5227 et
2457 5170 2652 5227 Petrus
2676 5171 2916 5243 loquitur
2946 5190 2959 5228 :
2982 5172 3352 5230 Adversarius
3380 5188 3566 5233 noster

1973 5263 2223 5319 diabolus
2262 5264 2413 5335 quasi
2458 5264 2541 5319 leo
2591 5265 2813 5337 rugiens
2857 5266 3080 5335 circuit,
3111 5282 3361 5338 quatrens
3404 5286 3567 5342 quem

1974 5358 2195 5414 devoret
2236 5356 2281 5431 (Ι
2318 5358 2463 5413 Petr.
2491 5375 2542 5426 v,
2570 5359 2644 5431 8).
2677 5358 2745 5415 Et
2786 5360 2840 5416 in
2872 5377 3017 5417 nono
3065 5363 3272 5435 psalmo
3299 5363 3476 5437 (Vers.
3508 5364 3564 5438 9)

1974 5454 2238 5525 scriptum
2278 5462 2401 5511 est:
2438 5453 2735 5511 insidiatur
2774 5457 2827 5511 in
2858 5455 3181 5512 abscondito
3212 5458 3370 5530 quasi
3396 5459 3480 5516 leo
3510 5460 3564 5515 in

1974 5549 2234 5621 spelunca
2247 5563 2365 5613 sua;
2382 5548 2669 5604 insidiatur
2693 5558 2748 5604 ut
2772 5550 2951 5619 rapiat
2971 5564 3283 5622 pauperem.
3311 5552 3379 5607 Et
3398 5553 3451 5609 in
3475 5552 3570 5609 Je-

2058 5689 2261 5764 1fidem
2303 5690 2505 5764 repetit
2544 5705 2729 5758 voces,
2771 5690 3186 5764 plangentgeum,
3217 5708 3338 5764 quae
3380 5694 3464 5751 bis
3512 5696 3568 5751 in

1991 5763 2221 5839 llebraao
2245 5803 2260 5827 ,
2308 5770 2388 5839 et_
2408 5760 2633 5839 yulgata
2680 5760 2913 5831 quoque
2953 5761 3191 5821 editione
3234 5760 3405 5836 sunt,
3433 5769 3567 5839 quin

1991 5834 2151 5888 etiam
2176 5848 2338 5903 penes
2366 5831 2529 5888 LXX.
