4038 6328
452 301 557 359 507

1682 299 1739 355 S.
1780 290 2486 371 ΕΙΕΕΒΙΙΞἩΙΕΒΟΙΎΜ

3618 295 3727 354 se:

446 419 615 481 remia
647 416 889 489 Spiritus
914 421 1134 481 sanctus
1162 412 1239 473 ait
1266 428 1281 466 :
1320 404 1537 471 Leo‘de
1585 412 1723 468 silva
1768 413 2043 483 percussit
2072 416 2119 485 Α
2150 423 2258 477 tur,
2282 412 2364 467 vel
2391 409 2579 471 beatis
2604 396 2769 467 terrm
2794 410 3011 481 (Matth.
3046 426 3172 476 xui;
3202 410 3329 465 Luc.
3359 409 3503 481 vin).
3536 409 3729 467 Velati—

453 527 549 577 BOS
580 511 716 582 (Jer,
750 525 806 580 v,
832 508 911 579 6),
942 508 1243 569 Drusonem
1268 515 1451 571 autem
1478 507 1583 565 dici
1612 505 1885 565 diabolum
1915 506 2041 577 (pro

450 621 557 674 quo
584 603 775 673 Aquila
800 604 1196 673 interpretatus
1218 612 1304 663 est
1322 602 1625 663 Leviatban
1648 642 1663 665 ,
1697 615 1892 657 nomen
1918 600 2039 655 dra-

2146 507 2390 574 lia,,quae
2420 514 2747 569 sementem,
2772 514 2833 563 ut
2854 505 3112 571 diximus,
3137 510 3289 575 juxta
3318 506 3461 563 viam
3493 506 3729 575 rapiunt.

2148 597 2343 658 Bestia:
2374 608 2534 657 terrae
2554 638 2571 661 ,
2603 597 2747 652 vitiis
2773 595 3044 663 eﬁ'eratae,
3075 598 3218 667 quod
3246 598 3313 655 ad
3342 598 3628 657 hereticos
3654 608 3737 655 at-

451 699 602 754 conis
664 697 966 768 exponens)
1010 698 1166 767 juxta
1210 695 1553 765 superiorem
1606 693 2039 764 explanationem
2144 706 2252 761 que
2274 689 2503 758 gentiles
2530 688 2724 745 referri
2754 697 2953 758 potest.
2980 688 3140 755 Quod
3169 701 3347 751 autem
3372 692 3640 761 sequitur:
3668 692 3738 749 Et
3818 762 3821 765 _

448 793 634 849 multis
657 792 990 857 testimoniis
1010 789 1211 859 docui,
1241 789 1333 857 qui
1362 789 1611 844 dixerat:
1648 788 1765 842 Mea
1790 796 1916 841 sunt
1942 786 2042 840 ilu-

455 886 603 941 mina
628 895 684 941 et
710 899 811 954 ego
832 884 934 945 feci
961 899 1046 937 ea.
1076 881 1184 936 lste
1218 881 1385 951 igitur
1412 881 1576 936 draco
1598 878 1909 941 ﬂuminibus
1932 880 2044 935 suis

454 981 610 1050 quasi
663 978 923 1035 cornibus
959 976 1257 1033 ventilabat
1302 974 1563 1047 plurimas
1603 974 1892 1028 nationes:
1924 988 2042 1042 qua:

456 1088 615 1143 super
647 1071 948 1135 Marcione,
979 1069 1272 1129 Valentino
1296 1114 1310 1137 ,
1338 1070 1489 1134 Ario,
1524 1066 1790 1129 Eunomio
1815 1108 1832 1133 ,
1877 1074 2042 1122 caue.-

452 1166 633 1235 risque
664 1167 943 1220 brereseon
988 1162 1329 1233 principibus
1371 1159 1675 1230 intelligere
1708 1174 1993 1231 possumus
2025 1203 2039 1228 ,

452 1260 543 1327 qui
576 1260 853 1317 imitantur
900 1256 1301 1312 ecclesiasticos
1347 1252 1491 1309 viros
1516 1294 1530 1317 ,
1562 1251 1810 1308 dicentes
1837 1250 1903 1313 ad
1939 1251 2044 1305 Do.

456 1353 659 1409 minum
684 1353 1019 1411 Salvatorem
1049 1370 1063 1404 :
1095 1351 1149 1407 In
1175 1359 1227 1405 te
1249 1349 1498 1409 inimicos
1520 1357 1740 1403 nostros
1766 1346 2047 1403 ventilabi-

460 1463 579 1502 mus
600 1462 767 1503 cornu
791 1445 909 1518 (Ps.
936 1461 1085 1510 xun,
1105 1444 1183 1517 6):
1217 1453 1271 1499 et
1289 1459 1394 1499 non
1413 1443 1683 1499 ventilant
1705 1442 1769 1497 ad
1796 1443 2043 1507 salutem,

460 1549 522 1593 ut
552 1541 620 1595 de
662 1550 811 1599 terra
846 1540 911 1599 ad
945 1539 1141 1597 (mlum
1175 1537 1394 1604 levent,
1424 1536 1520 1591 sed
1552 1545 1612 1590 ut
1641 1536 1693 1591 in
1724 1536 2045 1605 profundum

460 1633 742 1701 abjiciant.
778 1633 1020 1703 Denique
1060 1633 1343 1701 sequitur:
1378 1629 1446 1685 Et
1486 1630 1855 1689 conturbabas
1881 1644 2047 1699 aquas

461 1726 691 1797 pedibus
725 1727 829 1787 tuis
853 1743 867 1793 ;
891 1728 1043 1797 juxta
1088 1724 1220 1778 illud
1250 1724 1496 1795 Apostoli
1527 1740 1541 1776 :
1575 1723 1678 1788 Qui
1708 1731 1886 1777 autem
1917 1736 2050 1778 con-

2148 782 2294 837 dabo
2324 796 2517 837 carnes
2546 789 2668 837 tuas
2708 797 2877 853 super
2922 792 3167 853 montes,
3198 794 3253 839 et
3286 783 3521 855 implebo
3568 784 3741 843 colles

2154 887 2275 939 tuos
2308 877 2460 931 sanie
2492 887 2617 943 tua;
2650 876 2798 945 sive,
2829 877 3070 948 implebo
3110 878 3278 935 valles
3305 879 3565 950 sanguine
3598 888 3696 934 tuo
3719 921 3736 945 ,

2152 970 2297 1025 hunc
2341 970 2506 1025 habet
2546 985 2813 1029 sensum:
2844 980 2907 1027 ut
2946 971 3191 1029 volatilia
3236 972 3401 1039 cali,
3430 981 3487 1029 et
3535 973 3738 1033 bestias

2154 1075 2312 1122 terrae
2332 1107 2348 1133 ,
2380 1065 2735 1136 deceptorum
2766 1067 2996 1138 populos
3022 1067 3419 1140 intelligamus,
3440 1068 3739 1125 crudelita-

2152 1167 2372 1229 temque
2399 1159 2682 1228 gentilium
2700 1206 2713 1229 ,
2744 1170 2961 1216 montes
2984 1172 3165 1217 autem
3193 1162 3262 1216 ad
3296 1161 3569 1233 principes
3595 1160 3737 1217 refe-

2152 1266 2338 1307 ramus
2367 1251 2645 1308 hmreseon
2673 1296 2689 1318 ,
2722 1254 2895 1324 qualis
2920 1253 3025 1313 fuit
3047 1254 3370 1310 Valentinus
3399 1264 3455 1310 et
3476 1255 3740 1321 Marcion,

2152 1345 2431 1414 collesque
2476 1360 2826 1402 successores
2870 1362 3061 1405 eorum
3104 1348 3196 1418 qui
3241 1358 3557 1405 saturantur
3592 1348 3743 1404 sanie
3793 1339 3799 1345 ’

2152 1438 2440 1504 draconis;
2472 1439 2589 1495 sive
2617 1440 2823 1503 valles,
2854 1456 2977 1510 quae
3009 1442 3310 1511 implentur
3332 1442 3588 1499 draconis
3614 1457 3745 1497 san-

2152 1533 2355 1601 guine,
2404 1532 2694 1591 inferiores
2732 1548 2982 1602 quosque
3024 1532 3392 1593 credentium.
3442 1536 3551 1590 Aut
3596 1543 3745 1590 certe

2152 1634 2369 1685 montes
2414 1624 2757 1683 adversariae
2806 1634 3140 1695 potestates,
3169 1642 3294 1697 quae
3339 1627 3390 1682 in
3420 1641 3553 1683 aere
3584 1626 3745 1700 383

2153 1718 2507 1785 discurrunt,
2560 1727 2616 1774 et
2645 1719 2851 1785 valles,
2896 1734 3021 1789 qua;
3064 1718 3273 1776 inferna
3322 1730 3641 1789 penetrant,
3692 1730 3747 1775 et

461 1820 645 1879 turbat
671 1835 787 1887 vos,
824 1819 1063 1888 portabit
1088 1816 1347 1887 judicium
1380 1814 1525 1888 (Gal.
1557 1832 1621 1881 v,
1650 1815 1758 1886 10).
1788 1814 1907 1869 Non
1940 1816 2128 1889 vulth
2155 1814 2379 1871 atternis
2408 1814 2694 1883 suppliciis
2722 1814 3048 1884 mancipata
3072 1823 3220 1871 sunt.
3247 1815 3414 1871 Porro
3438 1815 3582 1886 quod
3616 1815 3751 1873 dici-

460 1913 611 1967 enim
646 1926 815 1980 aquas
848 1911 999 1966 Siloe
1026 1910 1248 1977 bibere,
1284 1924 1402 1977 qnze
1434 1909 1640 1963 vadunt
1668 1922 1791 1962 cum
1835 1908 2054 1965 silentio

464 2004 596 2078 (Isa.
634 2007 774 2081 vui),
809 2006 908 2069 sed
938 2020 1105 2075 aquas
1135 2004 1353 2075 Egypti
1400 2002 1646 2061 turbidas
1680 2012 1844 2075 atque
1871 2019 2056 2060 ρωπο-

461 2115 581 2165 sas,
613 2114 735 2169 quae
777 2108 1067 2169 antequam
1098 2098 1328 2169 pedibus
1358 2098 1817 2153 conculcarentur
1862 2095 2058 2151 draco—

466 2193 571 2256 nis,
616 2207 763 2260 pura:
806 2202 961 2257 erant
986 2236 1001 2262 ,
1034 2200 1091 2247 et
1120 2207 1217 2251 suo
1244 2191 1476 2247 ﬂuentes
1497 2190 1692 2247 ordine
1719 2209 1731 2243 :
1768 2200 2056 2261 postquam

467 2293 646 2339 autem
667 2286 893 2355 pedibus
915 2285 1060 2340 illius
1085 2285 1420 2340 conturbatae
1434 2292 1788 2348 sunt,cursus
1811 2285 1893 2339 sui
1916 2284 2061 2339 ordi-

467 2397 588 2435 nem
642 2381 1017 2451 perdiderunt.
1072 2379 1259 2451 Neque
1318 2380 1459 2437 enim
1533 2388 1756 2441 utuntur
1813 2377 2059 2437 haeretici

470 2475 795 2531 testimoniis
856 2475 1261 2545 Scripturarum
1319 2474 1424 2535 sibi
1473 2471 1916 2538 cohaerentibus,
1964 2470 2060 2527 sed

470 2568 798 2627 conturbant
815 2569 1017 2622 omnia.
1046 2567 1113 2622 Et
1140 2568 1264 2637 quia
1289 2567 1403 2639 ipse
1428 2576 1515 2629 est
1535 2565 1794 2629 inimicus
1816 2575 1870 2627 et
1892 2567 2060 2632 ultor,

474 2678 581 2717 non
623 2662 797 2717 solum
832 2676 1000 2732 aquas
1030 2661 1239 2717 alienas
1267 2660 1434 2717 draco
1461 2659 1746 2731 Aigyptius
1776 2658 2065 2714 conturbat

475 2757 699 2825 pedibus
745 2756 889 2821 suis,
922 2755 1016 2809 sed
1066 2754 1354 2813 conculcet
1394 2753 1618 2813 ﬂumina
1663 2767 1792 2817 sua,
1829 2769 1895 2809 ne
1944 2768 2063 2821 par-

475 2856 561 2900 cat
612 2847 694 2903 eis
724 2887 740 2913 ,
774 2862 910 2918 quos
940 2848 1109 2911 semel
1143 2847 1198 2902 in
1224 2863 1376 2907 suam
1407 2845 1681 2917 redegerit
1714 2854 2062 2912 potestatem.

474 2942 633 3014 381
662 2941 810 3009 Quod
852 2941 1095 2999 devitarc
1118 2940 1345 3010 cupiens
1383 2940 1593 3009 justus,
1627 2949 1878 3009 precatur
1904 2957 1917 2992 :
1943 2938 2061 2994 Non

475 3036 658 3089 veniat
688 3034 817 3095 mihi
845 3050 937 3102 pes
964 3036 1236 3103 superbia:
1269 3033 1387 3104 (Ps.
1420 3050 1588 3101 xxxv,
1620 3034 1731 3103 η).
1762 3033 1830 3088 Ει
1871 3033 1925 3087 in
1961 3033 2065 3087 alio

476 3130 627 3194 loco,
656 3129 1000 3193 conculcatus
1025 3131 1166 3199 petit
1192 3145 1259 3183 ne
1293 3129 1489 3183 iterum
1540 3128 1927 3183 conculcetur:
1962 3128 2064 3182 Mi-

2160 1919 2278 1963 tur:
2304 1908 2375 1965 Et
2405 1908 2649 1979 irrigabo
2677 1917 2878 1964 terram
2910 1921 3104 1977 putore
3130 1908 3236 1982 [Αι.
3268 1909 3510 1982 paedore]
3536 1911 3751 1981 sangui-

2161 2004 2248 2059 nis
2274 2008 2347 2058 tui
2374 2019 2545 2073 super
2574 2012 2819 2071 montes,
2852 2004 3315 2074 sive,irrigabitur
3345 2016 3487 2060 terra
3518 2004 3585 2060 de
3612 2014 3756 2059 sterc-

2161 2099 2382 2157 coribns
2408 2098 2515 2159 tuis
2544 2114 2708 2168 super
2734 2108 2969 2164 montes,
2998 2111 3058 2154 et
3088 2100 3255 2155 valles
3285 2099 3657 2168 implebantur
3686 2116 3756 2154 ex

2164 2200 2248 2258 te,
2280 2191 2417 2247 illud
2442 2192 2713 2261 signiﬁcat
2740 2192 2889 2262 quod
2921 2192 3101 2251 omnis
3126 2193 3379 2261 superbia
3412 2203 3469 2246 et
3498 2207 3760 2263 arrogans

2167 2282 2551 2343 haereticorum
2595 2293 2798 2351 tumor,
2831 2300 2938 2340 nou
2972 2294 3079 2339 tam
3110 2285 3257 2339 vitali
3291 2296 3344 2338 et
3378 2300 3543 2354 puro,
3598 2300 3758 2354 quam

2168 2376 2386 2446 putrido
2414 2387 2580 2447 atque
2624 2378 2815 2433 fatenti
2842 2380 3105 2448 sanguine
3127 2379 3490 2449 compleatur,
3515 2380 3668 2448 juxta
3700 2379 3761 2433 il-

2166 2471 2257 2525 lud
2287 2471 2430 2541 quod
2454 2472 2716 2541 scriptum
2744 2482 2828 2527 est
2858 2489 2871 2524 :
2896 2471 3050 2531 Pone
3072 2486 3170 2527 eos
3200 2471 3340 2531 sicut
3368 2482 3579 2527 stercus
3605 2482 3789 2529 terra.

2172 2562 2291 2634 (Ps.
2326 2579 2539 2632 Lxxxn,
2576 2562 2684 2637 ll).
2718 2564 2794 2619 De
2823 2580 2934 2635 quo
2981 2572 3203 2621 sanctus
3232 2580 3263 2619 a
3310 2566 3537 2623 Domino
3568 2565 3767 2621 libera-

2170 2664 2294 2712 tur:
2321 2656 2424 2724 Qui
2475 2660 2705 2712 suscitat
2752 2658 2822 2717 de
2861 2666 3006 2713 terra
3058 2658 3274 2727 inopem
3298 2667 3392 2721 ,et
3416 2657 3485 2713 de
3522 2667 3766 2713 stercore

2170 2747 2331 2818 erigit
2359 2763 2673 2820 pauperem.
2708 2748 2777 2805 Ut
2826 2749 3058 2803 collucet
3089 2765 3213 2809 eum
3256 2765 3375 2805 cum
3410 2749 3761 2819 principibus,

2170 2859 2290 2897 cum
2338 2843 2673 2913 principibus
2721 2842 2907 2913 populi
2948 2844 3031 2897 sui
3064 2842 3182 2912 (Ps.
3215 2860 3354 2911 cm,
3382 2846 3434 2909 7,
3464 2844 3543 2915 8).
3576 2844 3761 2903 Valles

2171 2947 2347 2991 autem
2398 2938 2450 2991 in
2494 2937 2599 2990 ima
2632 2936 2910 3003 depressa:
2935 2978 2948 2999 ,
2981 2945 3038 2991 ut
3059 2952 3220 3006 supra
3253 2936 3524 3001 diximus,
3553 2947 3645 2991 aut
3674 2938 3760 2993 in-

2171 3030 2325 3087 fcrna
2356 3031 2693 3101 signiﬁcant,
2726 3040 2821 3083 aut
2852 3030 3113 3085 humilem
3138 3030 3517 3089 hereticorum
3544 3045 3765 3089 sensum

2174 3136 2395 3199 propter
2438 3125 2771 3193 voluptatem
2800 3134 2853 3177 et
2888 3132 3134 3181 terrenas
3162 3138 3298 3192 opes
3340 3133 3534 3181 cuneta
3566 3126 3770 3180 iaciem-

480 3235 697 3285 serere,
726 3221 930 3289 inquit,
966 3220 1101 3287 mei,
1138 3220 1396 3283 Domine,
1426 3219 1682 3288 quoniam
1727 3218 2068 3275 conculcavit
2095 3210 2140 3275 C
2176 3220 2328 3275 tium.
2379 3219 2535 3286 Quod
2580 3230 2761 3273 autem
2800 3218 3080 3288 jungitur:
3114 3217 3183 3279 Et
3212 3221 3454 3287 operiant
3499 3234 3624 3275 cum
3670 3234 3770 3275 ex-

479 3329 565 3369 me
596 3314 755 3371 homo
787 3314 905 3386 (Ps.
937 3330 1024 3382 Lv,
1059 3312 1133 3388 l).
1166 3313 1427 3375 Inimicus
1469 3322 1648 3368 autem
1685 3312 1847 3377 homo
1873 3314 2063 3377 diabo-

474 3409 559 3463 lus
586 3420 669 3463 est
692 3450 707 3477 ,
735 3408 804 3464 de
847 3424 955 3478 quo
985 3417 1040 3463 et
1089 3408 1227 3463 alter
1273 3408 1514 3481 psalmus
1546 3408 1818 3479 loquitur:
1853 3409 1919 3465 Ut
1955 3425 2064 3467 non

480 3502 853 3571 magnilicetnr
897 3502 1036 3556 ultra
1082 3500 1244 3561 homo
1292 3517 1458 3569 super
1503 3511 1725 3557 terram.
1773 3502 2063 3571 Propterea

482 3594 599 3647 haec
626 3593 757 3649 dicit
808 3594 1070 3649 Dominus
1097 3594 1238 3653 Deus
1265 3612 1277 3649 :
1308 3594 1620 3665 Expandam
1668 3610 1830 3665 super
1876 3606 1926 3652 te
1949 3607 2065 3653 rete

482 3700 660 3740 meum
683 3726 699 3753 ,
734 3686 786 3739 in
821 3685 1225 3739 multitudinem
1254 3686 1576 3757 populorum
1616 3687 1909 3751 multorum
1943 3686 2060 3759 (Ps.

478 3794 531 3833 ιχ
552 3819 565 3843 ,
596 3780 704 3849 18).
738 3779 873 3833 ﬂete
907 3778 1121 3835 Domini
1149 3779 1351 3833 veteris
1382 3788 1436 3835 et
1466 3780 1588 3833 novi
1616 3778 1949 3845 Testamenti
1982 3797 2068 3836 ra-

480 3873 629 3925 tione
657 3881 972 3925 contextum
992 3914 1005 3935 ,
1038 3871 1271 3933 mittitur
1296 3886 1463 3941 super
1500 3872 1791 3929 draconem
1810 3916 1825 3941 ,
1851 3874 1944 3945 qui
1974 3875 2067 3939 ha-

475 3964 611 4017 bitat
649 3964 701 4017 in
726 3962 1050 4037 populorum
1080 3961 1455 4028 multitudine,
1485 3971 1542 4017 et
1570 3977 1784 4034 semper
1811 3966 1984 4025 turbis
2012 3973 2068 4022 et

478 4057 800 4127 p0pulorum
828 4055 1176 4110 multitudine
1201 4055 1503 4117 delectatur
1528 4074 1542 4112 :
1578 4067 1637 4112 ut
1660 4058 1913 4121 extrahat
1941 4076 2064 4123 eum

478 4148 534 4205 in
566 4164 766 4219 sagena
798 4163 928 4211 sua,
960 4148 1075 4201 sive
1125 4147 1180 4201 in
1219 4146 1381 4203 hamo
1416 4164 1535 4203 suo.
1568 4149 1673 4215 ista
1697 4158 1782 4204 est
1828 4166 2025 4220 sagena
2047 4196 2063 4221 ,

477 4261 600 4316 quae
630 4244 681 4297 in
711 4256 864 4297 mare
895 4240 1057 4311 hujus
1081 4241 1273 4297 saeculi
1300 4242 1554 4308 mittitur,
1587 4251 1643 4297 et
1680 4244 1917 4299 extrahit
1952 4246 2064 4316 pis-

479 4354 572 4394 ces
627 4337 828 4392 multos
884 4336 1020 4391 alios
1062 4335 1343 4406 eligendos
1376 4381 1389 4401 ,
1436 4346 1489 4390 et
1536 4338 1672 4393 alios
1729 4338 2067 4409 abjiciendos

479 4429 699 4503 (Illuttli.
754 4429 897 4498 xm).
947 4425 1073 4483 Sive
1114 4428 1219 4483 iste
1267 4437 1347 4481 est
1393 4427 1605 4500 hamus,
1637 4431 1704 4486 de
1743 4447 1850 4503 quo
1882 4434 1932 4486 in
1963 4432 2066 4493 Job

476 4526 738 4594 scriptum
769 4532 882 4579 est:
910 4522 1159 4579 Adduces
1184 4532 1365 4578 autem
1390 4523 1681 4583 draconem
1714 4526 1767 4581 in
1797 4526 1977 4603 hamo,
2013 4535 2068 4584 et

2172 3312 2403 3367 Stinctus
2446 3311 2647 3379 fueris,
2674 3313 2904 3379 coelum,
2939 3320 2994 3366 et
3022 3312 3330 3381 nigrescere
3352 3310 3548 3371 faciam
3581 3311 3767 3368 stellas

2171 3408 2323 3477 ejus:
2366 3406 2537 3462 solem
2584 3406 2726 3460 nube
2777 3417 2954 3474 tegam
3001 3414 3058 3458 et
3088 3405 3213 3459 luna
3242 3420 3350 3465 non
3379 3403 3531 3463 dabit
3576 3404 3763 3463 lumen

2168 3517 2360 3569 suum,
2400 3502 2581 3559 omnia
2611 3501 2897 3557 luminaria
2924 3500 3046 3557 creli
3077 3515 3343 3566 mouere,
3392 3499 3478 3557 vel
3510 3500 3765 3554 tenebrev

2169 3610 2326 3649 scere
2352 3594 2545 3649 faciam
2575 3610 2739 3664 super
2760 3604 2907 3660 te,et
2930 3593 3068 3648 dabo
3091 3594 3342 3649 tenebras
3368 3608 3530 3662 super
3562 3602 3759 3648 terram

2172 3696 2344 3747 tuam.
2377 3685 2453 3739 ait
2479 3684 2740 3741 Dominus
2771 3684 2942 3751 Deus,
2968 3684 3011 3738 si
3044 3698 3335 3753 sequamur
3364 3684 3630 3749 litteram,
3668 3700 3761 3752 pe-

2168 3780 2315 3835 nitus
2346 3779 2571 3848 intelligi
2625 3793 2730 3832 non
2782 3788 2983 3847 potest.
3013 3778 3240 3847 Quando
3291 3777 3435 3832 enim
3468 3777 3760 3837 interfecto

2170 3872 2486 3947 Pharaone,
2519 3871 2634 3925 sive
2663 3870 2903 3926 dracone
2925 3871 3038 3935 sol,
3096 3881 3149 3931 et
3178 3871 3302 3931 luna
3322 3913 3338 3938 ,
3371 3881 3425 3925 et
3453 3870 3621 3925 stella:
3652 3886 3760 3929 non

2169 3964 2440 4019 dederunt
2469 3964 2646 4018 lumen
2678 3978 2861 4031 suum,
2894 3973 2949 4016 et
2984 3962 3180 4023 cmlnm
3214 3960 3579 4032 opertum'est
3607 3971 3759 4019 teneo

2169 4060 2317 4125 bris,
2344 4059 2497 4128 juxta
2528 4057 2659 4114 illud
2693 4060 2966 4127 poeticum
2999 4056 3247 4130 (Virgil.,
3281 4072 3298 4109 ι
3339 4054 3552 4127 Georg.)
3584 4074 3594 4108 :

2293 4194 2545 4259 Impiaque
2570 4200 2802 4245 atternam
2824 4196 3094 4245 timuerunt
3115 4194 3291 4243 saecula
3312 4198 3527 4243 noctem.

2168 4345 2312 4415 Ergo
2356 4344 2458 4399 hoc
2486 4343 2773 4401 dicendum
2797 4353 2912 4410 est,
2944 4342 3086 4413 quod
3130 4344 3401 4397 exstincto
3430 4343 3711 4397 Pharaone
3732 4382 3751 4410 ,

2167 4441 2257 4511 qui
2305 4438 2720 4508 transligurabat
2762 4452 2821 4493 se
2871 4440 2923 4495 iu
2973 4437 3234 4507 Angelum
3264 4436 3433 4501 lucis,
3459 4436 3530 4492 de
3551 4451 3654 4505 quo
3695 4435 3751 4491 in

2167 4534 2273 4587 alio
2300 4532 2418 4587 loco
2446 4532 2713 4600 scriptum
2737 4541 2819 4585 est
2857 4548 2865 4581 :
2902 4529 3015 4593 Lux
3047 4530 3338 4599 impiorum
3380 4530 3753 4599 exstinguetur

476 4616 840 4675 circumdabis
859 4616 1153 4685 capistrum
1177 4617 1323 4670 circa
1341 4631 1499 4671 nares
1522 4617 1639 4689 ejus
1670 4617 1791 4695 (Job
1818 4636 1911 4687 xc,
1949 4620 2059 4693 l9);
2088 4603 2139 4664 Ῑ)
2168 4624 2290 4691 (Job
2335 4622 2515 4696 xvtn),
2560 4624 2757 4681 cmlum
2808 4623 2925 4678 sive
2953 4623 3077 4679 coeli
3126 4625 3445 4694 operientur
3491 4624 3752 4679 tenebris.

475 4730 576 4784 pro
606 4728 714 4785 quo
757 4713 1147 4779 interpretatus
1176 4720 1260 4766 est
1304 4713 1498 4781 Aquila
1526 4731 1539 4766 :
1573 4712 1839 4775 Extrahes
1867 4716 2061 4771 Levia.

472 4809 602 4862 than
652 4807 704 4859 in
739 4804 932 4872 hamo,
968 4814 1021 4858 et
1064 4803 1280 4859 funibus
1318 4804 1604 4877 colligabis
1644 4806 1878 4879 linguam
1918 4809 2060 4874 ejus.

473 4902 794 4969 Extrahitur
840 4913 1021 4958 autem
1072 4902 1269 4967 draco,
1313 4904 1435 4958 sive
1478 4902 1775 4963 Leviatban
1820 4902 1887 4963 de
1928 4903 2064 4959 mari

475 5000 669 5063 hamo,
698 4997 784 5052 vel
832 5012 1031 5069 sagena
1080 4998 1326 5067 Domini,
1361 5008 1419 5059 ut
1458 4998 1793 5067 projiciatut',
1825 4998 1941 5059 sive
1968 5014 2062 5057 ex-

473 5092 729 5148 tendatur
755 5105 917 5159 super
946 5102 1141 5146 terram
1165 5136 1179 5161 ,
1207 5099 1262 5145 et
1290 5105 1475 5153 omnes
1496 5092 1657 5167 spira:
1686 5090 1803 5159 ejus
1822 5130 1835 5153 ,
1865 5089 2064 5160 quibus

476 5201 603 5241 suas
632 5183 859 5239 insidias
881 5185 1220 5253 occultabat,
1252 5186 1574 5255 aperiantur
1618 5194 1673 5240 et
1719 5185 2065 5257 proferantur

474 5281 530 5335 in
565 5280 837 5349 publicum
861 5319 876 5345 ,
907 5286 963 5334 et
992 5279 1043 5334 in
1071 5285 1270 5334 terram
1303 5278 1655 5349 abjiciantur,
1686 5288 1740 5339 et
1760 5282 1942 5347 jaceat
1970 5278 2063 5349 qui

476 5374 532 5428 in
564 5374 705 5429 caelo
736 5380 989 5455 posuerat
1016 5385 1079 5425 os
1128 5387 1314 5439 suum,
1349 5382 1404 5433 et
1430 5389 1490 5429 se
1519 5372 1804 5435 Altissimc
1829 5373 2058 5433 similem

476 5485 597 5525 esse
626 5470 884 5540 jactabat.
919 5468 1075 5525 Unde
1103 5469 1386 5540 sequitur:
1416 5469 1485 5529 Et
1516 5468 1761 5535 habitare
1784 5508 1797 5531 ,
1823 5469 1937 5527 sive
1967 5483 2056 5524 se-

476 5565 608 5620 dere
634 5563 823 5620 faciam
866 5579 1030 5633 super
1062 5574 1113 5619 te
1140 5566 1325 5620 omnia
1354 5563 1597 5621 volatilia
1646 5562 1766 5619 (εωιί
1813 5572 1868 5621 et
1911 5572 2056 5621 satu-

475 5658 609 5712 rabo
638 5660 705 5713 de
744 5667 796 5713 te
838 5658 1044 5713 bestias
1075 5660 1342 5714 universae
1372 5668 1565 5725 terrm,
1599 5658 1891 5712 secundum
1924 5659 2053 5713 illud

473 5750 618 5819 quod
675 5751 932 5821 scriptum
985 5762 1107 5807 est:
1158 5752 1366 5808 Dedisti
1422 5767 1546 5808 eum
1600 5765 1779 5808 escam
1834 5755 2052 5825 populis

472 5838 787 5913 Ethiopum
823 5836 940 5907 (Ps.
968 5848 1166 5906 Lxxm,
1202 5845 1313 5915 14).
1345 5844 1446 5912 Qui
1470 5845 1553 5902 vel
1583 5844 1823 5902 volatilia
1850 5861 2051 5903 vocan-

2167 4719 2245 4775 De
2269 4718 2462 4789 quibus
2486 4729 2540 4772 et
2564 4716 2759 4771 Paulus
2783 4715 3048 4786 loquitur:
3070 4716 3135 4770 Et
3167 4715 3470 4785 spiritualia
3496 4704 3756 4786 nequitia

2166 4813 2221 4867 in
2270 4811 2583 4869 ccelcstibus
2614 4808 2831 4881 (Ephes,
2858 4826 2951 4877 v1,
2988 4810 3099 4881 1‘2).
3134 4811 3201 4865 Et
3239 4808 3549 4879 nigrescere
3592 4808 3759 4869 iaciet-

2165 4903 2427 4960 Dominus
2457 4903 2644 4959 stellas
2669 4903 2817 4973 ejus,
2847 4903 2932 4959 vel
2961 4903 3217 4961 draconis
3238 4950 3253 4971 ,
3286 4902 3371 4959 vel
3401 4902 3544 4958 cmli.
3576 4901 3757 4972 Super

2165 5014 2271 5069 quo
2314 5009 2367 5055 et
2413 4998 2583 5061 Judas
2630 4999 2921 5068 Apostolus
2968 4999 3199 5055 scribit:
3228 4996 3420 5057 Sidera
3471 4997 3706 5055 errantia
3734 5039 3750 5065 ,

2165 5094 2361 5164 quibus
2397 5092 2575 5163 caligo
2625 5091 2973 5148 tenebrarum
3021 5091 3075 5147 in
3128 5099 3396 5155 aeternum
3443 5099 3757 5151 reservatur

2163 5185 2340 5258 (Judw
2358 5188 2498 5255 xm).
2531 5184 2621 5240 Sol
2647 5200 2861 5256 quoque
2885 5184 3026 5239 nube
3060 5192 3293 5253 tegetur,
3317 5182 3397 5236 sol
3424 5181 3751 5252 iniquitatis,

2161 5286 2253 5355 qui
2279 5284 2581 5347 contrarius
2607 5294 2689 5345 est
2716 5283 2817 5341 soli
2842 5282 3088 5352 iustitiae,
3111 5281 3257 5337 nube
3286 5291 3491 5345 autem,
3522 5282 3606 5337 vel
3631 5280 3755 5349 ipso

2163 5377 2395 5435 Domino
2424 5377 2735 5442 Salvatore,
2765 5377 2855 5448 qui
2879 5375 3161 5435 descendit
3190 5376 3240 5430 in
3267 5374 3564 5447 [Egyptum
3586 5389 3754 5443 super

2163 5470 2362 5527 nubem
2393 5471 2566 5527 levem
2598 5469 2733 5541 (Isa.
2758 5468 2895 5541 XIX),
2927 5469 3073 5525 nullo
3116 5477 3465 5538 peccatorum
3506 5469 3754 5536 pondere

2161 5572 2551 5636 prtegravatam
2570 5605 2584 5628 ,
2611 5562 2691 5617 vel
2722 5561 3000 5632 prophetis
3031 5571 3086 5619 et
3123 5562 3419 5632 apostolis,
3452 5563 3521 5617 de
3552 5562 3753 5631 quibus

2158 5659 2420 5729 legimus:
2451 5655 2712 5711 Mandabo
2742 5654 2972 5710 nubibus
2994 5670 3061 5709 ne
3089 5656 3273 5725 pluant
3306 5671 3469 5727 super
3495 5671 3611 5717 eam
3646 5656 3747 5709 im-

2158 5752 2309 5809 brem
2339 5750 2470 5825 (Isa.
2505 5766 2558 5817 v,
2587 5749 2662 5820 6).
2697 5746 2765 5803 Et
2796 5750 2845 5804 in
2878 5748 3144 5805 Psalmis:
3182 5749 3393 5807 Veritas
3438 5757 3527 5805 tua
3570 5764 3746 5819 usque

2156 5845 2222 5902 ad
2253 5846 2421 5903 nubes
2464 5842 2579 5915 (Ps.
2609 5858 2777 5913 xxxv,
2803 5841 2881 5916 6).
2914 5841 3047 5902 Cum
3081 5854 3265 5904 autem
3311 5845 3394 5901 sol
3438 5842 3745 5913 iniquitatis
