4038 6328
385 280 486 337 5H

1635 274 1693 329 S.
1736 272 2012 332 EUSEBII
2049 271 2427 330 lllERONYMl

3565 267 3669 328 512

395 418 414 451 ι
461 397 615 467 ejus:
648 395 702 450 in
724 392 951 449 circuitu
996 391 1117 461 ejus
1165 388 1471 460 sepulcrum
1496 388 1664 445 illius.
1694 388 1897 444 Omnes
1923 388 1975 444 hi
2003 390 2060 453 Α
2083 389 2191 443 dio.
2226 388 2317 462 (Et
2349 389 2546 443 iterum
2577 387 2648 444 de
2682 386 3073 445 Theodotionis
3110 387 3367 445 Editione
3396 387 3497 444 sub
3531 396 3672 444 aste-

393 512 413 547 s
460 487 843 549 incircumcisi.
869 484 1247 555 interfectique
1267 482 1466 554 gladio.
1496 481 1970 555 Dederant[Vulg.

394 606 414 638 ι
462 579 756 653 Dederunl]
786 579 932 636 enim
988 587 1252 633 terrorem
1284 576 1469 649 [Vulg.
1521 577 1667 630 addit
1713 576 1891 648 suum]
1919 576 1973 631 in

396 700 415 733 ι
461 688 602 733 terra
634 674 931 731 viventium
950 717 965 741 ,
992 683 1046 728 et
1075 681 1431 743 portaverunt
1452 670 1799 741 ignominiam
1819 685 1973 724 suam

392 790 412 824 s
459 786 580 826 cum
606 768 690 822 his
721 768 813 839 qui
841 765 1178 821 descendunt
1208 766 1261 818 in
1285 764 1462 818 lacum
1486 781 1498 816 :
1520 764 1573 817 in
1599 762 1779 819 medio
1804 763 1975 819 inter-

392 884 411 917 ι
457 862 725 919 lectorum
772 860 931 931 positi
982 866 1130 914 sunt.
1166 857 1242 913 lbi
1287 857 1503 912 Mosoch
1532 868 1586 912 et
1630 856 1877 923 Thubal,
1921 866 1976 911 et

390 974 409 1007 ‹
457 953 638 1009 omnis
687 951 975 1006 multitudo
1021 951 1138 1021 ejus
1171 950 1223 1003 in
1266 949 1501 1004 circuitu
1535 949 1681 1003 illius
1724 950 1973 1018 sepulcra

392 1068 411 1099 ι
459 1048 596 1118 ejus.
626 1046 826 1101 Omnes
860 1045 912 1099 hi
946 1043 1332 1105 incircumcisi.
1360 1042 1742 1114 interfectique
1771 1042 1972 1099 caden-

391 1164 411 1197 ι
462 1154 545 1199 tes
580 1141 764 1212 gladio
789 1182 804 1206 ,
835 1150 857 1177 ⁸
882 1140 974 1211 qui
1015 1138 1287 1194 dederunt
1334 1138 1681 1193 formidinem
1734 1153 1887 1192 suam
1920 1138 1973 1193 in

394 1255 413 1289 ί
461 1246 602 1289 terra
635 1232 953 1287 viventium.
1005 1230 1071 1285 Et
1101 1247 1209 1285 non
1239 1230 1517 1285 dormient
1545 1246 1664 1284 cum
1699 1231 1932 1285 fortibus
1957 1274 1971 1296 ,

394 1347 413 1381 ‹
459 1325 884 1396 cadentibusqne
913 1365 928 1391 ,
978 1334 1033 1380 et
1082 1323 1510 1388 incircumcisis,
1544 1324 1636 1393 qui
1678 1324 1976 1380 descende-

395 1438 415 1473 t
462 1429 590 1475 runt
618 1420 685 1473 ad
718 1415 989 1472 infernum
1038 1432 1159 1472 cum
1201 1417 1363 1471 armis
1412 1415 1524 1472 suis
1553 1461 1564 1483 ,
1593 1427 1647 1471 et
1678 1426 1977 1487 posuerunt

392 1535 411 1567 ‹
458 1514 668 1586 gladios
700 1527 826 1568 suos
853 1511 953 1567 sub
979 1510 1250 1581 capitibus
1276 1510 1421 1564 suis:
1451 1519 1508 1566 et
1530 1508 1750 1566 fuerunt
1780 1510 1975 1581 iniqui-

391 1628 411 1661 ‹
460 1619 597 1663 tates
623 1622 811 1662 eorum
841 1606 895 1660 in
921 1606 1135 1662 ossibus
1162 1604 1513 1674 eorum,quia
1543 1615 1726 1660 terror
1756 1605 1973 1659 fortium

390 1720 411 1754 ι
456 1700 584 1755 facti
614 1708 744 1754 sunt
774 1699 827 1754 in
864 1709 1007 1754 terra
1028 1698 1349 1753 viventium.
1375 1696 1445 1752 Et
1477 1706 1529 1751 tu
1561 1711 1693 1767 ergo
1717 1697 1769 1751 in
1795 1696 1973 1751 medio

2075 482 2235 537 riscis
2259 480 2503 536 additum
2529 489 2614 536 est
2641 498 2655 534 :
2784 480 2887 549 Qui
2924 481 3173 537 dederunt
3206 483 3443 552 sepulcra
3476 482 3587 551 ejus
3616 483 3670 536 in

2075 572 2321 628 lateribus
2362 570 2596 650 laci;
2635 583 2681 626 et
2711 574 2852 643 facta
2881 585 2955 629 est
2984 577 3315 647 congregatio
3363 576 3415 629 in
3453 576 3673 629 circuitu

2074 664 2302 738 sepulcri
2347 670 2481 738 ejus.
2634 665 2824 721 Omnes
2867 668 2952 720 isti
2996 667 3282 736 vulnerati,
3335 671 3677 738 cadentesque

2074 761 2273 830 gladio.
2308 784 2309 787 η
2347 759 2475 814 Post
2498 776 2618 832 quzc
2650 776 2884 830 posuere
2915 760 3297 831 Septuaginta)
3333 779 3344 814 :
3385 761 3484 828 Qui
3524 762 3678 815 dede-

2073 861 2195 906 runt
2223 852 2457 906 timorem
2486 869 2638 907 suum
2664 853 2717 907 in
2746 862 2883 907 terra
2911 855 3048 908 uiue.
3084 853 3164 908 Ibi
3194 854 3264 908 Ai
3270 856 3395 921 lam,
3430 865 3476 909 et
3509 859 3678 912 omnis

2075 945 2327 1016 fortitudo
2342 948 2453 1018 ejus
2470 946 2523 998 in
2544 946 2767 1000 circuitu
2792 947 3017 1014 sepulcri
3037 950 3173 1019 ejus,
3199 963 3372 1001 omnes
3398 948 3677 1019 vulnerati,

2075 1050 2123 1093 et
2162 1041 2405 1094 cadentes
2433 1039 2614 1111 gladio
2640 1056 2658 1093 :
2688 1050 2735 1093 et
2774 1041 2861 1108 qui
2901 1041 3221 1095 descendunt
3256 1041 3597 1095 incircumcisi
3624 1043 3679 1097 in

2074 1142 2227 1185 terra:
2248 1132 2587 1203 profundum,
2616 1133 2705 1201 qui
2732 1132 2985 1187 dederunt
3017 1142 3263 1187 terrorem
3289 1150 3440 1187 suum
3460 1135 3517 1187 in
3544 1144 3679 1188 terra

2073 1225 2211 1291 uiue,
2244 1236 2292 1279 et
2321 1236 2631 1295 acceperunt
2669 1236 2979 1282 tormentum
3018 1244 3169 1282 suum
3194 1243 3308 1282 cum
3335 1227 3416 1281 his
3467 1230 3553 1299 qui
3584 1232 3680 1283 de-

2075 1321 2325 1375 scendunt
2348 1322 2403 1375 in
2426 1322 2625 1392 foveam
2649 1323 2701 1376 in
2726 1323 2895 1378 medio
2915 1322 3325 1377 vulneratorum.
3349 1320 3435 1376 Ibi
3445 1324 3550 1377 dati
3563 1334 3681 1376 sunt

2079 1414 2294 1469 Mosoch
2316 1458 2329 1482 ,
2362 1426 2411 1470 et
2443 1416 2675 1484 Thubal,
2705 1422 2752 1472 et
2784 1419 2949 1472 omnis
2988 1418 3239 1487 fortitudo
3281 1435 3455 1473 eorum
3490 1420 3543 1473 in
3581 1422 3683 1472 cir-

2076 1509 2217 1562 cuitu
2257 1510 2482 1581 sepulcri
2516 1514 2651 1582 ejus,
2701 1526 2874 1565 omnes
2905 1511 3065 1583 387
3112 1512 3364 1566 uulnerati
3394 1514 3524 1583 ejus,
3563 1513 3682 1565 uni-

2077 1601 2208 1654 versi
2250 1602 2623 1669 incircumcisi,
2652 1613 2700 1657 et
2746 1604 3004 1657 vulnerati
3048 1603 3246 1674 gladio,
3294 1606 3383 1676 qui
3433 1605 3682 1660 dederunt

2078 1704 2323 1750 terrorem
2363 1714 2517 1752 suum
2544 1715 2701 1766 super
2731 1709 2919 1754 terram
2961 1702 3101 1768 vita,
3144 1711 3191 1755 et
3230 1718 3333 1755 non
3362 1702 3683 1756 dormierunt

392 1813 411 1847 ι
460 1794 961 1850 incircumcisorum
993 1791 1295 1846 contereris
1321 1832 1336 1856 ,
1370 1802 1427 1846 et
1462 1788 1700 1845 dormies
1724 1804 1847 1845 cum
1892 1789 1973 1844 in-
2003 1791 2051 1851 B
2077 1803 2193 1840 cum
2226 1788 2519 1860 gigantibus
2548 1790 2637 1858 qui
2675 1792 2971 1846 ceciderunt
2995 1792 3058 1846 ab
3088 1801 3275 1847 wlerno
3306 1809 3325 1847 :
3360 1796 3449 1865 qui
3479 1794 3685 1849 descen-

394 1906 415 1942 t
462 1887 709 1944 terfectis
737 1886 939 1957 gladio.
969 1885 1047 1940 lbi
1081 1884 1335 1950 ldumara,
1354 1892 1409 1939 et
1434 1898 1591 1952 reges
1619 1884 1755 1954 ejus,
1780 1892 1833 1939 et
1860 1899 1977 1938 om.

394 2002 413 2035 ι
462 1998 558 2037 nes
585 1981 754 2036 duces
781 1980 900 2048 ejus
921 1979 1011 2050 qui
1042 1979 1153 2034 dati
1180 1986 1306 2033 sunt
1323 1993 1446 2033 cum
1468 1977 1709 2033 exercitu
1734 1992 1833 2032 suo
1853 1993 1975 2032 cum

395 2096 415 2130 ι
464 2076 765 2132 interfectis
792 2075 976 2146 gladio
1004 2120 1017 2143 ,
1053 2084 1105 2129 et
1136 2073 1227 2143 qui
1272 2089 1396 2128 cum
1426 2073 1822 2128 incircumcisis
1850 2073 1976 2127 dor-

394 2189 413 2223 (
462 2171 729 2234 mierunt,
773 2179 829 2224 et
858 2184 980 2222 cum
1013 2166 1099 2222 his
1125 2167 1216 2237 qui
1244 2165 1646 2221 descenderunt
1676 2164 1861 2238 [ναις.
1885 2165 1981 2219 de-

394 2283 414 2316 ι
462 2262 753 2335 scendunt]
775 2264 824 2317 in
845 2263 1046 2318 lacum.
1068 2262 1142 2316 lbi
1166 2259 1438 2331 principes
1464 2260 1747 2330 Aquilonis
1768 2274 1977 2315 omnes:

396 2375 416 2408 (
462 2366 518 2412 et
548 2355 793 2411 universi
840 2354 1050 2411 Sidonii
1093 2354 1220 2425 (sive
1266 2351 1579 2423 venatores)
1622 2352 1713 2421 qui
1762 2351 1982 2407 deducti

393 2469 414 2502 ι
464 2457 594 2505 sunt
619 2463 745 2503 cum
776 2446 1075 2503 interfectis
1106 2456 1368 2515 paventes
1393 2487 1409 2512 ,
1458 2454 1515 2499 et
1540 2444 1593 2499 in
1623 2460 1718 2498 sua
1768 2442 1984 2498 fortitu-

396 2561 415 2595 ι
461 2542 590 2598 dine
615 2540 642 2579 δ
661 2539 906 2607 confusi,
938 2539 1064 2611 quia
1094 2537 1284 2612 [Vulg.
1310 2537 1427 2611 qui]
1452 2536 1792 2593 dormierunt
1819 2536 1983 2591 incir-

397 2655 417 2689 ι
466 2634 698 2691 cumcisi
745 2648 868 2689 cum
912 2633 1215 2688 interfectis
1263 2632 1489 2704 gladio,
1538 2641 1592 2687 et
1633 2638 1987 2700 portaverant

400 2750 420 2785 ‹
464 2730 840 2787 confusionem
869 2744 1021 2784 suam
1052 2743 1176 2783 cum
1207 2727 1293 2782 his
1322 2725 1416 2797 qui
1437 2724 1779 2781 descendunt
1810 2725 1861 2779 in
1907 2726 1986 2779 la—

400 2844 420 2879 s
461 2839 607 2881 cum.
640 2822 789 2878 Vidit
835 2836 930 2877 eos
983 2820 1196 2875 Pharao
1220 2859 1237 2885 ,
1267 2828 1320 2874 et
1352 2818 1664 2874 consolatus
1712 2828 1795 2871 est
1824 2832 1987 2887 super

397 2937 417 2971 ι
466 2918 718 2973 universa
752 2912 1102 2969 multitudine
1133 2928 1230 2969 sua
1250 2954 1267 2980 ,
1300 2928 1418 2983 qua:
1447 2911 1731 2967 interfecta
1761 2920 1845 2967 est
1874 2911 1988 2981 gla-

402 3030 422 3064 ι
468 3010 560 3067 dio
584 3053 600 3078 ,
635 3009 847 3063 Pharao
876 3050 891 3075 ,
916 3018 971 3063 et
996 3008 1178 3062 omnis
1207 3006 1483 3062 exercitus
1510 3005 1625 3076 ejus
1652 3047 1667 3073 ,
1693 3007 1769 3059 ait
1796 3005 1986 3059 Domi-

401 3121 420 3155 ι
467 3116 570 3157 nus
592 3100 759 3156 Deus.
792 3097 927 3166 Quia
955 3097 1077 3154 dedi
1126 3097 1221 3170 [ιιι.
1253 3097 1427 3171 dedit]
1456 3106 1718 3153 terrorem
1756 3107 1778 3135 ο
1804 3112 1984 3152 meum

2079 1878 2265 1932 derunt
2313 1881 2364 1934 in
2410 1882 2671 1949 infernum
2718 1900 2834 1938 cum
2881 1886 3042 1939 armis
3083 1885 3271 1957 quibus
3312 1886 3586 1942 utebantur
3614 1888 3684 1941 ad

2080 1971 2236 2038 bella,
2270 1984 2314 2026 et
2347 1985 2625 2041 posuerunt
2653 1977 2856 2046 gladios
2896 1994 3020 2033 suos
3049 1978 3143 2033 sub
3174 1980 3430 2049 capitibus
3470 1981 3600 2049 suis,
3636 1994 3685 2038 et

2081 2063 2233 2134 factte
2253 2075 2372 2120 sunt
2393 2067 2690 2137 iniquitates
2718 2085 2897 2123 eorum
2925 2072 2977 2125 in
3003 2072 3199 2126 ossibus
3220 2088 3421 2137 eorum,
3444 2075 3565 2142 quia
3584 2084 3688 2128 ter-

2080 2168 2300 2212 ruerunt
2329 2160 2567 2232 gigantes
2591 2162 2645 2215 in
2665 2163 2771 2216 vita
2804 2179 2920 2219 sua.
2958 2162 3029 2218 Et
3050 2174 3103 2219 tu
3124 2166 3177 2220 in
3207 2166 3377 2221 medio
3396 2168 3685 2221 incircum-

2083 2252 2307 2306 cisorum
2334 2258 2635 2320 contereris,
2674 2266 2724 2311 et
2753 2257 2977 2312 dormies
3018 2275 3132 2312 cum
3172 2260 3452 2315 vulneratis
3481 2262 3683 2329 gladio.

2087 2343 2171 2399 Ibi
2199 2345 2387 2414 Edam,
2418 2357 2469 2401 et
2495 2364 2642 2419 reges
2669 2352 2806 2423 ejus,
2830 2360 2879 2405 et
2900 2367 3073 2406 omnes
3103 2353 3359 2423 principes
3385 2353 3570 2421 Assur,
3599 2356 3688 2424 qui

2086 2438 2339 2494 dederunt
2372 2440 2734 2510 fortitudinem
2762 2447 2875 2517 ejus
2899 2445 2953 2499 in
2981 2445 3190 2500 vulnere
3211 2447 3375 2518 gladii
3404 2464 3423 2501 :
3451 2448 3539 2502 isti
3569 2465 3688 2509 cum

2086 2536 2369 2591 rulneratis
2395 2538 2715 2593 dormierunt
2746 2556 2865 2594 cum
2890 2539 2974 2594 his
3002 2542 3090 2611 qui
3119 2540 3492 2597 descenderunt
3522 2545 3573 2597 in
3603 2549 3707 2617 fo-_

2088 2647 2253 2685 veani.
2280 2629 2363 2685 Ibi
2393 2632 2652 2703 principes
2672 2632 2945 2701 Aquilonis
2968 2649 3140 2688 omnes
3170 2636 3393 2689 universi
3412 2638 3686 2707 magistra-

2089 2733 2171 2779 tus
2200 2725 2384 2791 Assur,
2412 2726 2499 2794 qni
2530 2726 2904 2781 descenderunt
2930 2728 3186 2783 vulnerati
3212 2745 3326 2783 cum
3352 2739 3547 2785 terrore
3564 2748 3683 2798 suo,

2089 2827 2135 2871 et
2164 2818 2217 2870 in
2246 2818 2551 2889 fortitudine
2591 2836 2688 2873 sua
2717 2821 2924 2890 confusi
2968 2820 3292 2876 dormierunt
3338 2823 3684 2878 incircumcisi

2089 2928 2203 2965 cum
2229 2913 2510 2967 vulneratis
2538 2912 2737 2986 gladio,
2772 2924 2818 2969 et
2842 2914 3168 2970 abstulerunt
3192 2926 3504 2971 tormentum
3533 2934 3682 2972 suum

2088 3021 2203 3059 cum
2233 3005 2658 3061 descendentibus
2686 3008 2737 3061 in
2770 3010 2988 3078 foueam.
3029 3007 3238 3063 Videbit
3263 3025 3347 3064 eos
3375 3008 3608 3078 Pharao,
3636 3019 3685 3065 et

2090 3096 2493 3152 consolationem
2529 3100 2748 3169 accipiet
2780 3116 2933 3172 super
2971 3102 3109 3154 omni
3136 3101 3442 3173 fortitudine
3461 3119 3639 3158 eorum
3666 3120 3687 3159 :

399 3212 419 3247 ι
468 3195 522 3249 in
549 3204 692 3248 terra
720 3192 1019 3248 viventium
1046 3234 1062 3259 ,
1112 3203 1164 3247 et
1209 3190 1467 3247 dormivit
1514 3192 1566 3246 in
1605 3190 1788 3246 medio
1816 3190 1984 3245 incir-
2013 3190 2059 3253 C
2090 3190 2347 3244 uulnerati
2373 3191 2551 3262 gladio
2580 3190 2813 3257 Pharao,
2845 3201 2894 3246 et
2922 3193 3086 3247 onmis
3114 3195 3368 3264 fortitudo
3396 3196 3530 3265 ejus,
3564 3196 3690 3250 dicit

405 3307 426 3342 ‹
471 3287 838 3344 cumcisorum
871 3301 995 3341 eum
1020 3282 1701 3356 interfectisMgladio
1728 3325 1743 3348 ,
1778 3281 1988 3338 Pharao

400 3403 423 3436 ‹
468 3390 523 3443 et
565 3382 745 3437 omnis
787 3377 1076 3435 multitudo
1119 3378 1237 3448 ejus
1263 3418 1278 3443 ,
1321 3379 1398 3431 ait
1441 3377 1701 3432 Dominus
1752 3376 1913 3432 Deus.
1962 3394 1981 3428 ι

396 3473 624 3530 Multum
657 3473 711 3528 in
743 3472 847 3527 hoc
878 3472 996 3527 loco
1022 3470 1376 3541 Septuaginta
1406 3470 1764 3539 interpretum
1795 3469 1984 3535 editio,

398 3576 456 3623 et
478 3567 671 3623 ordine
697 3574 753 3621 et
774 3565 1131 3619 translatione
1159 3562 1459 3629 discordat,
1485 3571 1541 3618 et
1566 3562 1813 3633 quaedam
1841 3561 1893 3616 in
1924 3578 1987 3617 ea

398 3661 467 3716 de
494 3659 871 3716 Theodotione
893 3657 1075 3713 addita
1107 3668 1253 3713 sunt.
1280 3657 1428 3713 Unde
1454 3671 1681 3713 necesse
1705 3657 1987 3713 habuimus

395 3762 452 3809 et
479 3753 649 3823 ipsam
678 3766 913 3823 ponere,
947 3764 1291 3820 nequaquam
1321 3758 1607 3818 parcentes
1640 3748 1984 3820 longitudini,

397 3853 452 3900 et
482 3843 723 3899 studiosi
750 3843 970 3898 lectoris
994 3842 1291 3913 diligentiae
1322 3842 1647 3898 servientes.

464 3935 632 3991 LXX.
668 3935 733 3990 Et
757 3938 953 4008 factum
991 3945 1064 3989 est
1106 3936 1162 3989 in
1201 3935 1506 3990 duodecimo
1544 3952 1681 3990 anno
1718 3938 1773 3992 in
1810 3938 1990 4007 quinta

392 4030 591 4085 decima
635 4030 824 4083 mensis
856 4045 875 4083 :
903 4029 1069 4099 factus
1108 4038 1179 4082 est
1204 4045 1371 4084 sermo
1402 4029 1615 4084 Domini
1658 4032 1726 4084 ad
1752 4049 1830 4087 me
1859 4050 1878 4087 :
1908 4035 1988 4087 di-

394 4141 510 4179 cens
528 4123 607 4177 :F
612 4125 670 4178 ili
690 4124 936 4191 hominis,
963 4125 1148 4195 plunge
1165 4141 1318 4196 super
1344 4126 1724 4181 multitudinem
1745 4128 1985 4201 Egypti,

390 4226 437 4271 et
477 4216 729 4271 deducent
774 4217 912 4286 ﬁlias
945 4218 1058 4288 ejus
1100 4227 1273 4288 gentes
1320 4228 1549 4274 mortuas
1576 4221 1631 4274 in
1674 4223 1988 4291 profundum

394 4318 563 4375 terrai,
593 4311 662 4363 ad
691 4326 775 4364 eos
829 4311 916 4380 qui
953 4310 1267 4364 descendunt
1313 4312 1366 4365 in
1404 4313 1601 4382 foveam
1628 4314 1648 4383 (
1679 4313 1848 4369 Porro
1887 4317 1989 4370 sub

398 4402 677 4459 asteriscis
715 4401 958 4457 additum
986 4412 1107 4457 est:
1256 4400 1337 4457 De
1361 4420 1495 4468 aqua
1533 4404 1879 4474 pulcherrima
1900 4408 1990 4462 de-

391 4497 611 4565 scende;
738 4505 788 4552 et
814 4497 981 4551 dormi
1006 4498 1506 4554 cumincircumcisis
1536 4503 1551 4555 ἰ
1582 4500 1818 4556 Rursum
1849 4502 1986 4557 ordo

2090 3279 2344 3337 Dominus
2375 3282 2533 3338 Deus.
2579 3282 2716 3349 Quia
2741 3284 2862 3338 dedi
2890 3284 3221 3353 formidinem
3257 3288 3369 3357 ejus
3398 3304 3554 3356 super
3583 3296 3691 3342 ter-

2088 3396 2200 3435 ram
2227 3381 2365 3448 uiue,
2397 3390 2457 3448 _et
2498 3381 2722 3435 dormiet
2763 3382 2815 3433 in
2857 3382 3028 3436 medio
3067 3383 3544 3438 incircumcisorum
3569 3401 3689 3439 cum

2086 3474 2370 3529 vulneratis
2392 3475 2591 3547 gladio,
2623 3474 2837 3530 Pharao
2862 3486 2913 3530 et
2940 3478 3104 3532 omnis
3127 3477 3407 3533 multitudo
3436 3481 3571 3551 ejus,
3597 3479 3687 3533 di-

2088 3568 2158 3620 cit
2188 3565 2446 3621 Dominus
2474 3567 2637 3622 Deus.
2669 3567 2788 3623 Non
2822 3570 3034 3640 ignoro,
3068 3569 3409 3627 fastidiosam
3443 3573 3557 3628 fore
3586 3573 3686 3628 de-

2088 3658 2254 3715 licato
2282 3661 2476 3716 lectori
2506 3671 2711 3717 tantam
2743 3662 2885 3718 inter
2905 3663 3043 3720 duas
3073 3664 3346 3721 editiones
3372 3666 3686 3737 discrepan-

2087 3755 2238 3809 tiam.
2273 3755 2382 3811 Sed
2411 3756 2539 3826 quid
2567 3756 2759 3811 faciam
2787 3758 3277 3815 calumniatoribus
3318 3760 3476 3827 meis,
3515 3762 3604 3832 qui
3635 3762 3682 3815 si

2088 3846 2293 3917 aliquid
2316 3847 2385 3903 de
2404 3846 2549 3903 LXX
2571 3849 2933 3919 interpretum
2959 3852 3315 3907 translatione
3334 3852 3681 3921 subtraxero,

2090 3957 2178 3999 me
2203 3943 2529 4013 sacrilegum
2568 3953 2623 3998 et
2658 3943 2865 4015 absque
2904 3944 3105 4001 timore
3139 3946 3351 4002 Domini
3382 3946 3685 4003 vociferan-

2089 4046 2199 4104 tur,
2232 4037 2468 4091 maxime
2496 4038 2589 4107 qui
2618 4052 2742 4093 cum
2771 4037 2823 4092 in
2855 4037 2983 4093 fidei
3007 4040 3235 4094 veritate
3260 4040 3595 4107 discordent,
3629 4052 3684 4095 et

2087 4128 2512 4187 Manichaeorum
2543 4140 2842 4201 sequantur
2867 4146 3109 4197 errores,
3134 4132 3187 4187 in
3213 4148 3279 4188 eo
3306 4133 3679 4205 imperitorum

2087 4224 2298 4279 animas
2314 4233 2684 4289 commovent,
2708 4225 2755 4279 si
2783 4225 2849 4280 de
2873 4224 3044 4280 veteri
3067 4224 3342 4294 quidpiam
3370 4234 3680 4281 monstrare

2089 4316 2370 4387 potuerint
2412 4326 2676 4372 mutatum
2722 4317 3143 4385 consuetudine,
3188 4317 3448 4375 libentius
3494 4335 3678 4375 errare

2088 4411 2391 4481 cupientes,
2424 4426 2586 4482 quam
2619 4411 2824 4483 aliquid
2861 4412 2930 4467 ab
2961 4414 3158 4468 aemulo
3201 4428 3392 4469 verum
3442 4414 3672 4470 discere.

2088 4503 2157 4559 Et
2176 4504 2394 4559 interim
2423 4504 2580 4575 juxta
2607 4505 2893 4560 historiam
2922 4505 3247 4562 manifestus
3275 4517 3359 4562 est
3380 4523 3593 4563 sensus.
3618 4508 3674 4564 ln

388 4563 715 4662 sequitur).:
747 4590 817 4645 In
842 4592 1012 4648 medio
1041 4593 1425 4648 vulneratorum
1454 4594 1628 4666 gladio
1658 4595 1841 4650 cadent
1867 4613 1984 4651 cum
2014 4585 2061 4645 1)
2087 4596 2281 4653 eodem
2308 4597 2453 4652 enim
2486 4613 2632 4652 anno
2662 4598 2989 4653 duodecimo
3022 4641 3035 4665 ,
3069 4608 3122 4654 et
3154 4598 3209 4654 in
3239 4599 3457 4666 eodem,
3499 4611 3555 4655 ut
3576 4616 3677 4671 pu-

385 4698 467 4749 eo,
500 4692 547 4736 et
571 4682 785 4737 dormiet
813 4685 978 4739 omnis
998 4684 1246 4754 fortitudo
1271 4689 1406 4758 ejus,
1430 4695 1476 4738 et
1494 4687 1660 4741 dicent
1681 4687 1776 4741 tibi
1802 4688 1981 4759 gigan-

386 4782 478 4841 tes,
510 4774 565 4828 in
591 4776 848 4847 profundo
880 4777 1062 4847 fovete,
1095 4778 1362 4845 descende,
1404 4795 1503 4851 quo
1533 4779 1713 4834 melior
1766 4797 1836 4845 es,
1887 4782 1979 4833 (le-

388 4868 595 4935 scende,
624 4876 673 4923 et
702 4868 869 4923 dormi
890 4886 1005 4924 cuin
1026 4872 1398 4927 incircumcisis
1415 4873 1468 4927 in
1494 4875 1661 4928 medio
1679 4873 1978 4930 vulnerato-

389 4979 503 5016 rum
554 4963 751 5033 gladio.
794 4963 879 5018 Ibi
924 4965 1107 5034 Assur,
1164 4977 1211 5020 et
1257 4968 1423 5022 omnis
1470 4969 1795 5040 congregatio
1845 4972 1978 5040 ejus.

387 5055 674 5129 (Quodque
700 5058 944 5129 sequitur
969 5078 982 5114 :
1028 5063 1081 5128 -ξ-
1112 5060 1298 5115 Omnes
1323 5062 1576 5117 vulnerati
1604 5063 1670 5117 ibi
1701 5064 1812 5117 dati
1841 5075 1980 5130 sunt,

405 5153 461 5213 -Ξ-
487 5159 534 5203 et
561 5152 850 5223 sepulcrum
879 5156 991 5226 ejus
1016 5155 1069 5207 in
1099 5156 1356 5226 profundo
1378 5161 1555 5228 fovete,
1596 5161 1650 5222 -ἓ-
1674 5167 1720 5212 et
1740 5158 1883 5229 facta
1904 5169 1979 5214 est

389 5246 716 5314 congregatio
765 5249 876 5319 ejus
904 5250 917 5301 ζ
945 5247 1001 5301 in
1048 5246 1320 5304 llebraico
1364 5265 1474 5304 non
1521 5249 1771 5320 habetur,
1817 5251 1915 5306 sed
1942 5269 1971 5307 a

387 5332 740 5407 Septuaginta
771 5339 1016 5395 additum
1057 5351 1161 5396 est.
1192 5341 1429 5398 Rursum
1461 5342 1684 5415 dicitur)
1727 5364 1740 5397 :
1779 5342 1847 5398 In
1873 5346 1977 5399 cir-

384 5430 525 5485 cuitu
553 5435 774 5504 sepulcri
804 5439 921 5509 ejus
949 5453 1122 5492 omnes
1156 5436 1410 5493 uulnerati
1436 5439 1526 5511 qui
1559 5439 1842 5493 ceciderant
1862 5440 1978 5512 gla-

462 5558 487 5622 _'
524 5547 670 5622 idem
702 5551 823 5617 quia
853 5568 950 5621 pro
976 5552 1065 5622 qui
1092 5552 1281 5608 maluit
1307 5568 1371 5607 ex
1400 5551 1646 5607 Hebraeo.
1671 5558 1745 5609 ν).

457 5617 484 5657 δ
521 5617 951 5692 Rescripsimus,
988 5617 1116 5695 post
1153 5623 1480 5691 Victorium,
1516 5622 1837 5695 fortitudine,
1872 5637 1969 5691 pro

381 5707 491 5763 quo
520 5704 637 5748 erat
662 5696 970 5767 formidine;
993 5693 1114 5752 nam
1139 5706 1335 5766 prmter
1358 5695 1572 5767 Vulgat.
1602 5702 1657 5748 et
1681 5693 1965 5767 Hebraeum

377 5776 606 5835 textum,
636 5766 715 5824 sic
744 5769 873 5825 olim
914 5780 970 5824 et
1004 5768 1258 5823 Rabanus
1291 5767 1440 5838 legit,
1465 5766 1653 5837 sicque
1683 5780 1712 5820 a
1740 5780 1797 5821 se
1824 5766 1968 5836 posi-

2089 4700 2291 4759 tamus,
2320 4705 2531 4759 mense,
2561 4691 2656 4747 sed
2680 4706 2787 4747 non
2816 4692 2866 4746 in
2891 4706 3019 4759 una,
3042 4701 3104 4746 ut
3130 4707 3317 4763 supra,
3342 4695 3570 4757 mensis,
3596 4710 3681 4751 ve-

2087 4800 2207 4839 rum
2238 4786 2289 4839 in
2319 4785 2509 4856 quinta
2539 4785 2750 4841 decima
2790 4785 2901 4853 die,
2943 4800 3288 4857 nequaquam
3328 4803 3495 4857 super
3539 4788 3682 4845 Pha-

2084 4893 2275 4943 raone,
2296 4878 2392 4935 sed
2410 4894 2575 4948 super
2590 4879 2930 4945 fortitudine,
2952 4882 3068 4935 sive
3083 4880 3431 4936 multitudine
3458 4881 3679 4954 Egypti

2085 4974 2332 5043 planctus
2357 4974 2674 5041 assumitur,
2716 4974 2809 5045 qui
2851 4974 3157 5029 detrahitur
3197 4975 3265 5031 de
3294 4978 3547 5045 superbia
3578 4992 3677 5032 sua

2079 5082 2202 5123 cum
2230 5067 2500 5122 universis
2519 5066 2733 5123 ﬁliabus
2754 5069 2891 5137 suis,
2917 5069 3038 5123 sive
3054 5067 3299 5139 gentium
3324 5069 3675 5125 robustorum

2080 5160 2145 5214 ad
2178 5168 2379 5215 terram
2412 5159 2687 5225 ultimam,
2718 5159 2769 5214 id
2803 5167 2920 5226 est,
2974 5160 3027 5214 in
3084 5158 3413 5229 profundum
3454 5161 3673 5227 inferni,

2079 5252 2387 5322 diciturque
2405 5252 2471 5307 ad
2492 5268 2673 5321 regem
2697 5251 2955 5323 Egypti:
2980 5251 3101 5318 Quo
3124 5252 3318 5308 melior
3338 5268 3420 5318 es,
3446 5264 3504 5308 ut
3527 5269 3674 5309 mor-

2082 5355 2189 5400 tem
2224 5345 2485 5401 merearis
2515 5345 2785 5401 evadere?
2814 5343 2947 5400 Cum
2978 5345 3125 5400 enim
3149 5349 3343 5413 Assur,
3376 5355 3433 5402 et
3464 5345 3667 5413 IElam,

2082 5438 2133 5492 id
2163 5447 2265 5504 est,
2301 5437 2502 5505 Persa),
2533 5446 2589 5493 et
2612 5436 2857 5503 Mosoch,
2884 5436 2975 5507 qui
3007 5437 3438 5508 interpretantur
3460 5439 3674 5509 Cappa-

2072 5559 2184 5605 tum
2215 5559 2444 5604 testatur
2470 5550 2524 5604 in
2557 5549 2799 5621 subnexa
2832 5547 3183 5621 expositione
3206 5548 3589 5621 Hieronymus.

2150 5633 2171 5660 ε
2213 5621 2451 5677 Tametsi
2490 5620 2823 5692 ambiguadiu
2858 5619 3088 5674 llebraso
3118 5636 3220 5675 vox
3265 5630 3382 5687 est,
3412 5619 3664 5692 'Vulgata

2075 5704 2257 5820 autIem
2281 5710 2448 5749 meum
2470 5691 2714 5763 priefert;
2743 5690 2971 5758 Victor.,
2989 5708 3161 5761 suum,
3185 5693 3462 5750 exerco
3476 5690 3662 5763 αὐῖτοῡ,

2075 5782 2161 5820 ma
2189 5768 2285 5820 uit.

2074 5768 2285 5821 maluit.
