4038 6328
312 282 412 339 315

952 274 1591 339 COMMENTARIORUM
1629 277 1696 337 IN
1737 277 2173 341 EZECHIELEM
2213 281 2342 339 LIB.
2385 282 2454 339 Χ.
2495 281 2651 341 CAP.
2695 282 2915 343 XXXII.

3472 285 3578 343 514

303 398 490 466 doces,
525 406 585 455 et
614 398 850 467 Thubal,
883 412 1021 470 quos
1047 396 1140 452 alii
1169 395 1380 465 lberos,
1414 396 1505 452 alii
1533 396 1698 452 ltalos
1724 396 1888 453 intel-
1916 402 1969 463 Α
1994 397 2210 469 ejicitur
2230 396 2297 452 de
2317 396 2579 468 Ecclesia,
2612 399 2884 457 etdicitur
2907 401 2974 457 ad
2995 417 3117 459 eum
3143 418 3157 455 :
3185 403 3262 460 De
3285 416 3422 472 aqua
3457 404 3579 473 pul-

304 490 395 559 ligi
422 491 620 546 volunt
651 508 664 546 :
687 488 1094 563 3881dumaei
1121 503 1336 560 quoque
1356 498 1411 544 et
1434 488 1709 559 principes
1732 489 1901 559 Aqui-

300 584 466 649 lonis,
516 601 585 641 ac
631 585 843 642 Sidonii
894 599 1015 638 cum
1071 582 1338 637 universis
1388 584 1721 638 exercitibus
1759 585 1894 650 suis,

301 692 535 748 quorum
570 677 789 732 attxilio
819 678 1102 732 horrorem
1127 676 1338 731 cunctis
1364 676 1614 746 gentibus
1645 675 1895 745 praebue-

299 778 449 833 runt,
482 769 694 825 mortui
726 772 857 837 sint,
903 776 958 823 et
986 767 1257 823 interfecti
1287 767 1494 837 gladio,
1535 776 1591 823 et
1618 768 1897 837 posuerint

298 860 511 932 gladios
543 878 676 917 suos
701 864 801 917 sub
828 863 1098 933 capitibus
1128 860 1262 930 suis,
1294 862 1434 932 quod
1455 862 1659 917 dictum
1681 866 1893 935 ἐμφατι-

297 964 521 1040 ιὼτερον
549 961 929 1031 accipiendum
958 970 1063 1025 est,
1088 968 1145 1013 tu
1168 959 1321 1013 solus
1346 959 1552 1029 poteris
1573 974 1679 1013 non
1704 959 1894 1015 eadem

296 1056 614 1111 sustinere?
651 1056 792 1123 Quin
836 1056 1016 1125 potius
1063 1070 1182 1109 cum
1228 1053 1431 1109 videris
1461 1060 1668 1108 tantam
1717 1062 1893 1107 tecum

298 1150 443 1216 apud
490 1149 700 1205 inferos
726 1149 1128 1205 multitudinem
1156 1147 1566 1213 dormientium,
1612 1156 1667 1202 et
1712 1146 1894 1217 sepul-

295 1258 449 1297 crum
496 1252 651 1298 tuum
695 1243 1116 1298 fortissimorum
1149 1242 1418 1313 quondam
1452 1242 1758 1312 principum
1787 1242 1894 1296 cir-

292 1334 547 1389 cumdari
597 1336 901 1401 memoriis,
946 1335 1170 1391 habebis
1198 1336 1651 1401 consolationem,
1685 1335 1893 1391 leviora

293 1437 583 1483 tormenta
620 1429 900 1486 aestimans
927 1431 1206 1486 consortio
1240 1430 1619 1500 plurimorum.
1654 1432 1778 1486 ΙΙωο
1808 1432 1891 1486 in-

290 1525 631 1593 terimjuxta
666 1524 965 1597 simplicem
994 1540 1213 1580 sensum
1249 1525 1480 1580 strictim
1512 1526 1715 1581 dixisse
1744 1526 1894 1581 sufﬁ-

285 1620 416 1674 ciat.
450 1618 613 1674 Nunc
639 1618 829 1676 eadem
860 1620 1152 1685 brevitate,
1190 1628 1449 1690 quantum
1491 1619 1893 1689 explanationis

288 1714 499 1783 patitur
540 1712 869 1783 difﬁcultas,
916 1713 1221 1785 spiritualis
1265 1714 1637 1785 intelligentia
1682 1729 1891 1769 summa

2001 490 2269 548 cherrima
2301 490 2597 556 descende,
2630 503 2686 548 et
2726 494 2899 549 dormi
2925 510 3046 550 cum
3082 494 3497 562 incircumcisis,
3528 493 3581 549 id

2001 594 2106 654 est,
2138 600 2257 642 cum
2281 586 2595 654 immundis,
2613 586 2764 657 juxta
2796 589 2943 645 illum
2971 605 3191 647 sensum
3222 606 3383 661 quem
3431 591 3587 662 ponit

1999 677 2289 748 Apostolus
2316 697 2326 732 :
2360 679 2465 735 Nos
2492 694 2677 735 sumus
2705 680 3048 738 circumcisio
3078 682 3342 754 (Philipp.
3373 699 3450 751 ιιι,
3481 681 3535 754 Ξ)
3561 723 3577 747 ,

1998 770 2090 841 qui
2110 769 2162 825 in
2186 771 2374 841 spiritu
2397 771 2508 828 Deo
2527 773 2847 840 servientes,
2867 783 2921 829 et
2936 774 3230 846 gloriantes
3251 776 3303 832 in
3328 775 3581 844 Domino,

1996 873 2052 918 et
2083 879 2187 918 non
2222 864 2272 919 in
2301 880 2466 920 carne
2495 865 2849 922 confidentes.
2878 867 2943 922 Hi
2971 869 3235 925 omnesin
3264 869 3441 925 medio
3464 868 3582 925 vul-

1999 969 2343 1027 neratorum,
2398 960 2518 1016 sive
2554 959 2969 1017 interfectorum
3020 963 3215 1018 cadent
3270 978 3392 1018 cum
3439 961 3583 1018 Pha-

1997 1065 2183 1119 raone,
2214 1052 2308 1107 illo
2329 1051 2509 1123 gladio
2539 1067 2699 1125 quem
2721 1054 2871 1109 venit
2891 1055 3111 1112 mittere
3137 1056 3395 1111 Dominus
3419 1071 3584 1128 super

1997 1155 2220 1202 terram.
2252 1147 2404 1203 Sicut
2424 1148 2569 1203 enim
2593 1145 2793 1204 Christi
2821 1150 3034 1221 gladius
3064 1151 3236 1206 honos
3266 1166 3294 1205 a
3318 1151 3475 1206 malis
3500 1166 3588 1210 se-

1996 1247 2173 1311 parat,
2206 1239 2393 1296 dicens
2438 1260 2451 1294 :
2510 1241 2625 1296 Non
2652 1243 2773 1297 veni
2806 1258 2995 1313 pacem
3024 1244 3248 1299 mittere
3279 1258 3443 1315 super
3473 1252 3585 1299 ter-

1994 1350 2131 1400 ram,
2161 1334 2255 1391 sed
2296 1336 2532 1407 gladium
2564 1335 2788 1409 (Matth.
2822 1354 2878 1403 ι,
2908 1338 3009 1409 54)
3038 1357 3048 1391 :
3082 1338 3163 1393 sic
3203 1338 3583 1394 hmreticorum

1994 1427 2206 1497 gladius
2236 1444 2423 1483 omnes
2451 1428 2790 1500 truncat[Al.
2820 1428 3075 1502 trucidat]
3108 1431 3357 1501 populos,
3388 1440 3443 1486 et
3466 1431 3588 1485 vul-

1996 1533 2217 1578 neratos
2260 1523 2325 1577 ad
2349 1523 2615 1579 infernum
2642 1522 2884 1580 deducit.
2915 1523 3009 1578 Isti
3038 1533 3166 1579 sunt
3194 1523 3444 1596 gigantes
3482 1539 3585 1595 po-

1997 1620 2285 1675 tentissimi
2316 1664 2330 1688 ,
2377 1628 2431 1675 et
2457 1620 2708 1689 rebelles,
2740 1629 2796 1675 et
2818 1630 3082 1691 ponentes
3137 1621 3191 1676 in
3220 1620 3490 1675 excelsum
3520 1634 3584 1674 os

1996 1728 2174 1779 suum,
2204 1723 2259 1769 et
2286 1723 2486 1785 quanto
2519 1729 2617 1783 per
2641 1715 2949 1785 superbiam
2970 1728 3031 1769 se
3053 1714 3119 1770 ad
3140 1714 3357 1770 excelsa
3385 1713 3585 1769 sustol-

284 1824 521 1879 quaeque
552 1825 867 1880 carpamus.
901 1808 1075 1879 Supra
1110 1826 1213 1866 una
1260 1810 1461 1865 mensis
1490 1809 1575 1865 die
1609 1809 1782 1866 factus
1807 1820 1891 1866 est
1920 1807 1967 1867 B
1994 1808 2129 1873 lunt,
2156 1817 2307 1862 tanto
2337 1809 2402 1863 ad
2433 1810 2753 1877 profundum
2776 1808 2967 1875 foveae,
2996 1817 3051 1864 et
3076 1808 3271 1864 inferni
3292 1808 3583 1864 novissima

288 1919 467 1959 sermo
499 1904 727 1959 Domini
748 1905 815 1960 ad
844 1904 1171 1975 Pr0phetam
1202 1923 1214 1958 :
1245 1905 1333 1960 hic
1354 1905 1543 1975 quinta
1574 1905 1803 1960 decima.
1832 1904 1887 1959 ln

293 2000 463 2069 prima
494 2007 693 2054 autem
717 2000 819 2063 eis,
849 1998 953 2053 hoc
981 2007 1095 2061 est,
1123 1999 1177 2053 in
1203 1997 1471 2065 kalendis,
1502 1999 1708 2053 mensis
1730 2013 1890 2053 exor-

306 2092 442 2147 dium
464 2100 555 2146 est
590 2109 605 2146 :
639 2092 693 2147 in
725 2094 916 2162 quinta
948 2093 1180 2159 decima,
1210 2091 1427 2162 quando
1458 2101 1603 2147 totus
1632 2092 1776 2147 lunte
1798 2107 1889 2148 or-

314 2188 386 2243 bis
412 2188 694 2259 impletur,
742 2197 796 2244 et
843 2187 1108 2259 siquidem
1157 2188 1362 2256 primus
1431 2187 1633 2243 mensis
1696 2185 1883 2252 fuerit,

306 2295 613 2351 azymorum
641 2289 726 2336 est
756 2281 927 2351 prima
957 2281 1102 2345 dies;
1132 2282 1215 2335 sin
1248 2290 1427 2335 autem
1457 2281 1743 2351 septimus,
1773 2296 1889 2335 scc-

295 2374 681 2442 nopegiarum,
707 2374 923 2443 quando
952 2374 1186 2444 figuntur
1217 2374 1567 2429 tabernacula
1600 2372 1621 2446 (
1650 2389 1770 2443 quae
1795 2388 1885 2429 so-

288 2468 610 2524 lemnitates
639 2468 782 2538 apud
812 2468 1091 2533 Hebraeos,
1118 2468 1205 2523 vel
1231 2469 1463 2523 maxime
1485 2466 1655 2537 sunt).
1687 2466 1772 2521 Fit
1793 2483 1887 2521 au-

286 2571 391 2616 tem
414 2563 679 2631 planctus
700 2577 863 2631 super
890 2560 1263 2617 fortitudinem
1297 2559 1547 2633 Egypti,
1575 2569 1632 2616 ut
1654 2561 1807 2615 fortis
1832 2561 1885 2615 in

288 2655 433 2709 malo
481 2670 614 2711 esse
658 2653 887 2710 desistat
941 2672 956 2709 :
1002 2663 1058 2710 et
1104 2654 1333 2723 recipiat
1384 2654 1784 2720 infirmitatem,
1832 2662 1887 2709 et

290 2747 509 2814 quando
545 2748 811 2803 infirmior
841 2748 1023 2816 fuerit,
1054 2758 1181 2803 tunc
1212 2747 1419 2802 fortior.
1456 2747 1560 2802 Pro
1582 2748 1885 2817 fortitudine

291 2840 539 2913 ASgypti,
568 2844 621 2896 in
658 2841 921 2897 Hebraico
952 2840 1115 2896 habet
1141 2841 1543 2896 multitudinem.
1581 2840 1712 2895 Lata
1740 2840 1881 2895 enim

294 2943 347 2989 et
376 2934 619 3004 spatiosa
646 2934 731 2989 via
754 2942 839 2989 est
858 2950 979 3005 qua:
1006 2934 1155 2988 ducit
1175 2932 1242 2987 ad
1272 2941 1522 2996 mortem,
1549 2942 1604 2989 et
1622 2933 1777 2987 multi
1802 2932 1883 2987 in-

294 3026 616 3097 grediuntur
640 3043 736 3096 per
757 3042 874 3082 eam
902 3027 1117 3100 (Matth.
1142 3043 1237 3095 vn,
1258 3027 1345 3096 15)
1372 3044 1384 3081 :
1406 3029 1546 3081 sicut
1566 3026 1882 3082 econtrario

297 3119 496 3175 dicitur
525 3121 592 3175 ad
620 3121 786 3176 Israel
812 3120 952 3176 :Vos
974 3130 1152 3175 autem
1182 3120 1313 3174 estis
1340 3119 1499 3190 pauci
1526 3119 1667 3174 inter
1692 3134 1881 3174 omnes

1993 1904 2373 1969 detrahuntur,
2397 1905 2487 1974 qui
2518 1917 2711 1959 omnes
2742 1901 3018 1959 interfecti
3045 1909 3171 1957 sunt
3194 1902 3397 1972 gladio.
3430 1901 3500 1956 Et
3528 1908 3587 1955 ut

1992 1999 2159 2052 sciret
2188 1997 2271 2052 vel
2303 1996 2533 2063 Pharao,
2566 1997 2652 2053 vel
2685 1997 2861 2051 omnis
2890 1994 3115 2067 ASgypti
3145 1994 3429 2061 fortitudo,
3462 2009 3582 2065 qua:

1990 2092 2057 2148 ad
2075 2092 2277 2147 inferna
2298 2092 2542 2146 detracta
2569 2102 2675 2157 est,
2699 2107 2839 2163 quos
2856 2090 3080 2145 haberet
3108 2090 3160 2144 in
3184 2090 3360 2162 poenis
3381 2090 3582 2155 socios,

1989 2202 2222 2258 sequens
2247 2202 2431 2243 sermo
2460 2187 2797 2242 demonstrat
2823 2185 3135 2251 :lbiAssur,
3163 2193 3217 2240 et
3242 2183 3417 2240 omnis
3440 2182 3584 2238 mul—

1990 2280 2161 2334 titudo
2190 2280 2329 2351 ejus,
2361 2281 2443 2335 vel
2466 2295 2741 2352 synagoga
2772 2278 2912 2349 ejus.
2946 2278 3206 2349 Princeps
3233 2277 3377 2333 enim
3402 2277 3581 2331 haere-

1989 2375 2218 2430 ticorum
2264 2372 2537 2439 diabolus,
2578 2372 2733 2443 cujus
2761 2387 2892 2427 vere
2917 2370 3272 2441 congregatio
3302 2383 3582 2441 synagoga

1988 2477 2073 2523 est
2094 2510 2107 2529 .
2141 2468 2208 2523 de
2241 2483 2344 2538 qua
2370 2468 2419 2520 in
2445 2465 2772 2538 Apocalypsi
2801 2465 2997 2519 dicitur
3029 2483 3041 2517 :
3074 2464 3175 2532 Qui
3198 2472 3331 2519 sunt
3352 2477 3582 2534 synago-

1988 2577 2070 2632 gae
2094 2561 2309 2616 Satanae
2341 2562 2359 2631 (
2387 2562 2548 2632 Apoc.
2581 2577 2639 2625 ιι,
2667 2560 2699 2615 9
2727 2561 2765 2629 ).
2796 2560 3104 2629 Sequentes
3128 2568 3310 2614 autem
3339 2557 3581 2612 versicu-

1987 2656 2094 2721 los,
2123 2656 2215 2725 qui
2242 2654 2270 2692 ι
2302 2655 2459 2709 obelo
2488 2660 2860 2723 prmuotantur
2888 2694 2903 2719 ,
2954 2649 3362 2721 prmtereundos
3407 2660 3540 2722 puto
3563 2690 3579 2715 ,

1988 2749 2383 2820 dicendumque
2414 2736 2808 2818 quodhabetur
2839 2747 2889 2800 in
2924 2746 3190 2801 chraico
3217 2764 3228 2799 :
3255 2743 3313 2799 In
3342 2744 3575 2798 circuitu

1986 2842 2154 2910 illius,
2186 2844 2441 2913 sepulcra
2490 2857 2705 2904 eorum,
2732 2840 2986 2895 videlicet
3012 2839 3365 2908 deceptorum
3396 2837 3463 2891 ab
3489 2851 3577 2891 eo.

1985 2936 2091 3005 Qui
2122 2952 2313 2993 omnes
2335 2936 2607 2991 vulnerati
2633 2976 2648 3000 ,
2681 2935 2766 2990 vel
2801 2934 3073 2990 interfecti
3102 2942 3228 2988 sunt
3255 2931 3434 3003 gladio
3464 2973 3479 2998 ,
3529 2939 3585 2986 et

1986 3031 2111 3087 ideo
2139 3039 2490 3094 corruerunt,
2546 3042 2779 3099 quorum
2808 3026 3061 3096 sepulcra
3091 3026 3216 3079 data
3246 3034 3376 3078 sunt
3404 3022 3455 3077 in
3487 3040 3583 3077 nn-

1984 3125 2224 3181 vissimis
2256 3125 2377 3180 laci.
2412 3123 2567 3191 Quod
2619 3130 2799 3177 autem
2832 3121 2979 3175 lacus
3027 3128 3253 3175 vocetur
3315 3116 3581 3186 infernus,

299 3223 489 3282 gentes
518 3211 695 3283 (Deut.
739 3212 928 3285 xxvtn)
959 3233 970 3267 :
1006 3227 1223 3283 semper
1262 3215 1405 3269 enim
1433 3213 1603 3267 virtus
1634 3228 1751 3266 rara
1777 3221 1877 3279 est,
1912 3203 1956 3269 C
1989 3220 2272 3291 perSpicue
2315 3218 2561 3289 psalmus
2584 3216 2673 3272 ille
2703 3216 3065 3279 demonstrat,
3096 3214 3148 3269 in
3179 3230 3284 3283 quo
3308 3213 3582 3282 paenitens

302 3314 354 3359 et
382 3315 538 3360 arcta
565 3315 621 3360 et
648 3314 874 3375 angusta
898 3306 983 3359 via
1015 3321 1135 3373 quae
1164 3305 1311 3360 ducit
1340 3306 1406 3359 ad
1428 3304 1619 3375 vitam,
1647 3312 1702 3360 et
1734 3305 1884 3372 pauci

300 3413 422 3457 sunt
452 3403 543 3473 qui
572 3402 947 3473 ingrediuntur
975 3417 1074 3472 per
1096 3417 1235 3456 eam.
1266 3401 1424 3468 Quod
1464 3411 1645 3457 autem
1676 3399 1885 3471 Egyp-

304 3505 387 3550 tus
419 3496 714 3567 plangitur,
743 3505 799 3552 et
823 3506 1051 3550 mortuae
1081 3496 1207 3550 filiae
1239 3495 1378 3565 ejus,
1400 3495 1551 3564 juxta
1577 3493 1744 3559 LXX,
1772 3495 1886 3549 sive

304 3590 542 3661 gentium
569 3591 914 3645 robustarum
945 3589 1291 3645 deducuntur
1318 3588 1384 3643 ad
1417 3597 1616 3643 terram
1645 3587 1885 3642 ultimam

304 3685 356 3741 in
388 3684 589 3752 lacum,
623 3685 736 3740 sive
765 3685 818 3739 in
868 3685 1079 3740 foveam
1130 3682 1630 3754 profundissimam,
1680 3680 1885 3752 signifi-

302 3790 492 3836 cantur
520 3781 714 3835 animze
740 3780 793 3834 in
824 3779 1059 3850 IEgypto
1081 3779 1240 3849 hujus
1271 3778 1461 3833 smeuli
1490 3785 1887 3834 commorantes

303 3891 423 3948 qua:
447 3877 801 3947 perdiderunt
829 3893 949 3932 eum
974 3878 1064 3948 qui
1094 3876 1223 3931 dicit
1255 3894 1267 3929 :
1296 3876 1406 3947 Ego
1428 3890 1545 3928 sum
1570 3874 1675 3928 vita
1701 3872 1884 3945 (Joan.

304 3988 410 4038 nv,
441 3973 496 4042 6)
534 3989 550 4029 :
581 3983 635 4029 et
666 3975 904 4043 peccatis
932 3982 1183 4040 mortuae,
1216 3971 1455 4042 pondere
1484 3985 1672 4026 eorum
1707 3969 1771 4023 ad
1805 3970 1887 4023 in-

302 4065 444 4120 feros
469 4064 851 4131 detrahuntur,
884 4065 1103 4120 dicente
1130 4073 1414 4134 peccatore
1443 4079 1456 4117 :
1492 4061 1758 4130 Quoniam
1784 4062 1887 4115 ini-

302 4160 530 4227 quitates
557 4175 694 4216 mea:
721 4175 1091 4232 supergressa:
1121 4168 1245 4215 sunt
1274 4169 1438 4231 caput
1459 4175 1663 4225 meum,
1694 4169 1749 4214 et
1778 4159 1885 4213 sic-

300 4263 355 4309 ut
376 4269 514 4308 onus
553 4269 720 4325 grave
744 4263 982 4325 gravatae
1002 4263 1127 4308 sunt
1144 4268 1310 4324 super
1328 4269 1411 4307 me
1433 4251 1548 4323 (Ps.
1573 4268 1781 4319 xxxvii,
1805 4250 1880 4323 5).

301 4346 419 4403 Ista:
445 4356 573 4402 sunt
594 4347 662 4403 de
684 4349 878 4419 quibus
907 4349 1173 4419 scriptum
1206 4348 1362 4404 estin
1388 4348 1495 4401 alio
1518 4347 1638 4401 loco
1665 4365 1676 4401 :
1703 4345 1888 4417 ingre-

298 4438 517 4496 dientur
536 4440 591 4496 in
616 4438 867 4496 inferiora
894 4449 1077 4505 terrm,
1105 4440 1391 4495 tradentur
1415 4440 1466 4493 in
1487 4454 1679 4493 manus
1698 4437 1884 4507 gladii,

301 4542 481 4603 partes
504 4534 740 4603 vulpium
761 4544 923 4589 erunt
947 4534 1065 4604 (Ps.
1086 4548 1214 4597 uti,
1236 4531 1345 4601 10).
1364 4532 1466 4600 Qui
1490 4530 1634 4586 enim
1659 4531 1794 4585 fodit
1813 4530 1885 4583 fo-

1986 3314 2225 3385 loquitur
2255 3331 2265 3367 :
2302 3311 2654 3367 Assimilatus
2682 3324 2801 3363 sum
2816 3324 2937 3362 cum
2956 3308 3037 3361 Itis
3058 3304 3503 3377 quidesccnduut
3527 3304 3579 3357 in

1986 3407 2164 3463 lacum
2180 3404 2721 3479 390(Psaf.xxvu,
2752 3402 2829 3471 l).
2850 3400 3021 3468 Quem
3039 3413 3382 3470 nequaquam
3413 3397 3579 3452 debe-

1988 3518 2105 3557 mus
2130 3500 2283 3570 juxta
2310 3498 2486 3554 Latini
2524 3496 2797 3552 sermonis
2830 3496 3216 3565 proprietatem
3241 3508 3363 3549 eutn
3388 3492 3582 3547 intelli-

1984 3610 2114 3665 gere
2135 3592 2227 3663 qui
2249 3593 2437 3647 Grazce
2462 3594 2606 3662 λίμνη
2632 3588 2849 3656 dicitur,
2876 3599 2935 3642 nt
2959 3598 3043 3643 est
3070 3588 3218 3642 lacus
3241 3585 3580 3659 Tyberiadis,

1988 3697 2042 3743 et
2073 3687 2223 3742 lacus
2246 3686 2459 3749 Larius,
2486 3693 2539 3738 et
2564 3684 2868 3748 Bcnachus,
2901 3682 3164 3751 multique
3192 3680 3303 3746 alii,
3330 3680 3423 3735 sed
3447 3694 3581 3747 quas

1989 3796 2095 3834 non
2140 3778 2378 3833 solemus
2409 3777 2682 3848 appellare
2732 3777 3019 3832 cisternas.
3052 3774 3199 3841 Quos
3229 3774 3396 3838 lacus,
3456 3773 3582 3842 quia

1985 3892 2153 3945 aquas
2177 3873 2521 3944 refrigerant,
2554 3879 2607 3926 et
2635 3886 2854 3927 omnem
2888 3870 2956 3925 ab
2985 3869 3064 3924 eis
3098 3868 3335 3923 calorem
3360 3865 3584 3937 spiritus

1985 3967 2243 4023 auferunt
2297 3975 2611 4036 peccatores
2640 3965 2930 4034 cunctique
2963 3960 3211 4017 haeretici
3261 3959 3496 4026 fodiunt,
3530 3968 3586 4012 et

1986 4072 2247 4131 quantum
2282 4059 2331 4113 in
2367 4074 2484 4114 mea
2516 4058 2774 4113 memoria
2799 4066 2902 4121 est,
2933 4056 3141 4111 nullum
3172 4062 3483 4110 sanctorum
3510 4054 3588 4106 la-

1988 4169 2130 4221 cum,
2176 4152 2227 4207 id
2283 4162 2387 4217 est,
2418 4152 2713 4207 cisternam
2741 4150 2964 4217 fodisse,
3011 4149 3291 4218 Scriptura
3325 4154 3584 4206 testatur:

1988 4246 2083 4300 sed
2113 4259 2299 4300 omnes
2327 4252 2664 4315 peccatores,
2693 4259 2920 4315 quorum
2954 4243 3059 4297 fuit
3095 4242 3255 4298 Ozias
3286 4257 3379 4297 rex
3407 4242 3587 4311 iepru-

1989 4353 2083 4393 sus
2113 4347 2167 4392 et
2193 4337 2285 4407 qui
2315 4352 2408 4406 per
2439 4352 2590 4391 suam
2616 4335 2928 4403 superbiam
2956 4333 3199 4400 corruit,
3228 4332 3298 4387 de
3324 4348 3429 4402 quo
3450 4330 3588 4386 scri-

1989 4430 2136 4486 bitur
2156 4429 2298 4499 quod
2348 4429 2510 4484 homo
2539 4430 2700 4483 fuerit
2724 4440 2885 4483 terra:
2915 4427 3170 4495 operibus
3198 4427 3482 4489 incubans,
3533 4434 3588 4479 ct

1990 4523 2191 4578 multas
2215 4522 2484 4591 superbia:
2506 4530 2690 4577 turres
2714 4521 2997 4576 :editicarit
3020 4521 3070 4573 in
3096 4520 3331 4589 angulis,
3360 4526 3415 4573 et
3436 4518 3588 4574 lacus

297 4598 1885 4701 veam,incidetineam(Eccli.xxm,29;Ps.m,16).Un-
1910 4598 1961 4657 Ῑ)
1990 4616 2187 4671 foderit
2235 4612 2319 4687 (ll
2353 4613 2485 4668 Par.
2516 4630 2639 4669 xxvi
2663 4613 2703 4686 ).
2751 4615 2789 4668 Ε
2817 4613 3096 4668 contrario
3127 4612 3417 4681 adjustum
3449 4611 3587 4666 dici-

296 4720 363 4774 de
388 4720 553 4793 389
578 4731 635 4775 et
662 4721 923 4792 legimus:
952 4720 1153 4775 Lat-um
1186 4720 1416 4790 aperuit,
1444 4728 1501 4773 et
1529 4716 1713 4773 effodit
1737 4732 1882 4783 eum,

294 4826 347 4870 et
380 4815 570 4870 incidit
596 4815 648 4869 in
679 4814 892 4871 foveam
919 4830 1080 4885 quam
1114 4814 1257 4869 fecit.
1289 4812 1552 4883 Quodque
1601 4810 1885 4881 sequitur:

293 4904 414 4973 Quo
440 4906 718 4977 pulchrior
748 4922 806 4962 es
826 4905 1117 4971 descende,
1168 4915 1224 4962 et
1251 4904 1427 4960 dormi
1447 4919 1569 4959 cum
1597 4902 1888 4958 incircum-

293 4998 447 5064 cisis,
484 4999 699 5069 proprie
746 4998 813 5054 ad
843 4998 1178 5055 Pharaonem
1228 5013 1410 5068 regem
1441 4996 1656 5069 Egypti
1711 5012 1888 5051 sermo

293 5092 569 5164 dirigitur,
601 5093 717 5148 sive
762 5102 820 5147 ut
860 5093 914 5148 in
967 5092 1111 5147 LXX
1136 5092 1205 5147 de
1233 5090 1607 5146 Theodotione
1641 5088 1883 5143 additum

292 5195 401 5253 est,
450 5185 516 5240 ad
545 5186 714 5256 ipsam
747 5183 1037 5257 Egyptum
1067 5204 1079 5239 :
1120 5183 1198 5240 De
1224 5198 1363 5254 aqua
1398 5182 1761 5251 pulcherrima
1793 5181 1888 5236 de-

295 5278 522 5347 scende,
544 5288 599 5334 et
621 5279 791 5333 dormi
815 5294 935 5334 cum
960 5277 1375 5334 incircumcisis.
1401 5275 1553 5344 Quod
1577 5274 1888 5347 specialiter

296 5374 364 5426 ad
405 5388 528 5428 eum
561 5374 823 5442 pertinet,
853 5372 944 5442 qui
976 5371 1029 5426 in
1056 5371 1378 5440 baptismate
1417 5365 1617 5423 Christi
1639 5376 1884 5431 renatus,

292 5474 353 5522 et
380 5464 608 5521 audiens
633 5479 757 5519 cum
788 5463 1029 5519 Ecclesia
1063 5482 1075 5517 :
1107 5462 1238 5531 Quae
1267 5470 1351 5517 est
1379 5460 1479 5516 ista
1500 5475 1618 5531 qum
1648 5458 1891 5514 ascendit

296 5559 579 5623 dealbata,
602 5557 845 5613 innitens
878 5571 1043 5628 super
1056 5544 1371 5611 fratruelem
1394 5568 1550 5610 suum
1574 5551 1750 5625 (Cant.
1768 5568 1881 5617 vut,

295 5654 393 5724 5)?
417 5661 608 5725 postea
633 5653 718 5711 vel
739 5652 1127 5719 fornicatione,
1144 5651 1230 5708 vel
1243 5651 1364 5707 aliis
1384 5649 1531 5706 vitiis
1554 5649 1881 5716 sordidatus,

376 5805 401 5833 ι
431 5794 588 5868 Legit
606 5794 861 5853 Rabanus
890 5793 979 5864 qui
1007 5792 1147 5865 apud
1177 5789 1323 5848 LXX
1345 5790 1513 5859 obelo,
1545 5798 1653 5847 etc.

1989 4719 2079 4766 tur
2113 4728 2126 4763 :
2163 4709 2294 4764 Bibe
2314 4723 2507 4778 aquam
2540 4708 2607 4762 de
2639 4709 2745 4761 tuis
2776 4707 2942 4770 vasis.
2969 4718 3023 4761 et
3044 4706 3110 4761 de
3142 4718 3427 4777 puteorum
3460 4717 3584 4760 tuo-

1988 4819 2110 4859 rum
2142 4799 2383 4856 fontibus
2410 4798 2607 4869 (Prov.
2637 4815 2691 4866 v,
2722 4799 2843 4868 lii).
2876 4798 2943 4852 Et
2970 4814 3184 4854 rursum
3218 4817 3229 4853 :
3263 4799 3405 4854 Fons
3433 4813 3587 4868 aquae

1988 4905 2094 4951 tua:
2120 4896 2190 4949 sit
2220 4896 2488 4964 proprius.
2528 4891 2679 4948 Unde
2700 4891 2940 4961 loquitur
2961 4899 3018 4946 et
3038 4891 3302 4946 Dominus
3337 4911 3347 4945 :
3380 4890 3463 4946 Me
3486 4891 3585 4945 de-

1992 4990 2332 5059 reliquernnt
2353 4989 2554 5042 fontem
2570 5001 2726 5056 aqua:
2743 4984 2876 5039 viva:
2899 5028 2913 5051 ,
2950 4995 3006 5039 et
3025 4983 3279 5039 foderunt
3300 4984 3583 5051 sibilacns,

1989 5084 2041 5138 id
2075 5092 2177 5147 est,
2200 5082 2468 5136 cisternas
2490 5125 2503 5149 ,
2533 5094 2654 5151 quae
2681 5094 2849 5148 aquas
2895 5076 3177 5133 continere
3204 5092 3309 5132 non
3356 5085 3588 5147 possunt

1991 5175 2139 5249 (lar.
2174 5173 2261 5241 Ill,
2289 5174 2398 5245 15).
2434 5172 2691 5245 Sequitur
2722 5190 2732 5226 :
2769 5171 2835 5227 Et
2867 5173 3007 5227 facta
3035 5178 3118 5226 est
3140 5168 3430 5224 multitudo
3460 5168 3580 5237 ejus

1990 5282 2089 5340 per
2113 5283 2304 5339 gyrum
2340 5267 2572 5337 sepulcri
2616 5267 2751 5337 ejus.
2809 5267 2871 5320 lli
2914 5280 3101 5321 omnes
3148 5262 3369 5334 cingunt
3412 5263 3582 5332 Assy-

1992 5369 2159 5433 rium,
2183 5374 2239 5422 et
2266 5373 2347 5420 est
2371 5379 2558 5420 eorum
2584 5361 2818 5434 plurima
2867 5360 3174 5426 multitudo,
3208 5360 3296 5430 qui
3346 5358 3586 5413 universi

1994 5458 2261 5516 vulnerati
2289 5468 2413 5513 sunt
2439 5466 2497 5515 et
2515 5456 2807 5521 interfecti,
2828 5467 2881 5512 et
2905 5454 3161 5511 cadentes
3186 5451 3381 5524 gladio.
3414 5449 3585 5507 Nemo

1994 5557 2138 5611 enim
2170 5571 2360 5610 eorum
2393 5562 2542 5609 stare
2570 5561 2752 5624 potest
2796 5566 2916 5608 cum
2966 5551 3170 5623 Moyse,
3224 5564 3326 5604 nec
3353 5547 3581 5603 audire:

1991 5648 2095 5719 Qui
2137 5647 2294 5705 statis
2335 5647 2388 5703 in
2436 5647 2599 5704 domo
2664 5645 2877 5702 Domini
2935 5645 2954 5718 (
2993 5643 3141 5700 Psal.
3191 5659 3434 5713 cxxxrv,
3484 5640 3582 5707 9);
