3928 6322
309 258 414 314 διδ

1561 251 1618 312 s.
1663 249 1938 316 unseen
1979 251 2362 319 HIERONYMI
3171 231 3184 260 ‘

3483 245 3592 310 sic
3687 201 3690 204 ’

306 376 398 430 sci
463 386 653 428 omnes
701 371 968 430 vulnerati
997 371 1378 442 interfectique
1401 379 1550 438 sunt,
1591 379 1647 426 et
1690 370 1891 432 cadens
1921 369 1971 438 Α
1996 385 2117 426 cum
2149 369 2400 435 fortibus,
2435 368 2552 424 sive
2580 367 2890 439 gigantibus
2917 365 3377 437 cedentibusque,
3405 371 3595 426 etnon

307 477 390 524 tes
460 467 549 538 qui
602 463 873 534 quondam
924 462 1187 519 dederant
1255 462 1600 520 formidinem
1651 464 1703 518 in
1759 473 1904 522 terra

310 561 650 624 viventium,
708 556 1056 614 formidinem
1107 567 1288 611 autem
1350 557 1432 612 his
1485 557 1576 628 qui
1608 565 1761 614 erant
1805 556 1905 612 Ec-

306 651 489 707 clesiis
518 651 832 721 praepositi,
887 666 953 706 ne
1013 650 1065 705 in
1119 661 1265 706 terra
1320 650 1622 706 viventium
1671 650 1909 706 facerent

309 745 537 816 p0pulos
558 755 917 808 mortuorum,
941 753 996 798 et
1017 742 1292 814 simplices
1311 759 1558 816 quosque
1570 741 1906 812 deciperent.

313 838 470 895 Unde
496 847 551 893 et
581 838 782 894 Paulus
810 837 990 892 aiebat
1021 857 1031 891 :
1057 839 1244 893 Timeo
1272 846 1476 904 autem,
1509 852 1576 890 ne
1605 837 1746 891 forte
1771 836 1910 890 sicut

311 947 538 1002 serpens
565 931 784 1002 decepit
813 931 981 986 Evam
1011 931 1212 986 malitia
1243 947 1362 996 sua,
1387 931 1460 986 ita
1492 938 1914 1000 corrumpantur

308 1039 499 1082 scus-ts
525 1025 691 1080 vestri
709 1041 737 1080 a
759 1025 1111 1095 simplicitate
1139 1039 1258 1097 quae
1281 1025 1440 1080 estin
1473 1024 1690 1082 Christo
1709 1022 1910 1096 (llCor.

309 1134 383 1184 χι,
409 1119 483 1186 7i).
505 1117 612 1173 Sed
628 1117 713 1172 hic
733 1118 897 1172 timor
923 1131 1022 1188 spe
1040 1117 1254 1172 Domini
1273 1117 1570 1187 mitigatur,
1589 1117 1803 1172 dicente
1817 1118 1915 1174 Ec-

309 1209 621 1266 clesiastico
652 1209 768 1264 viro
803 1229 814 1263 :
845 1210 1108 1264 Dominus
1139 1210 1467 1266 illuminatio
1499 1225 1640 1278 mea,
1673 1221 1728 1266 et
1767 1212 1916 1266 salus

314 1318 453 1369 mea,
472 1318 633 1373 quem
651 1302 874 1358 timebo?
892 1304 1148 1360 Dominus
1164 1312 1440 1370 protector
1455 1305 1577 1358 vitae
1594 1319 1747 1368 meae,
1765 1321 1791 1356 a
1809 1322 1916 1376 quo

315 1395 601 1464 trepidabo
631 1395 750 1468 (Ps.
779 1412 928 1462 xxvr,
961 1396 1135 1466 1,2)?
1165 1397 1292 1450 Post
1325 1395 1440 1450 [nec
1462 1395 1658 1450 dicitur
1680 1415 1690 1449 :
1715 1396 1788 1451 lbi
1822 1398 1911 1450 AZ.

321 1488 429 1543 lam
461 1487 582 1562 [Αι.
608 1488 843 1561 Assur],
874 1500 928 1544 et
959 1490 1135 1544 omnis
1162 1488 1446 1544 multitudo
1471 1489 1588 1559 ejus
1612 1504 1706 1558 per
1725 1504 1917 1563 gyrum

317 1569 555 1650 sepulcri
586 1581 725 1652 ejus,
781 1583 922 1638 haud
956 1583 1178 1637 dubium
1207 1583 1336 1656 quin
1362 1585 1588 1654 Assyrii.
1648 1583 1826 1640 IElam
1864 1586 1918 1640 in

319 1674 561 1748 linguam
615 1684 858 1730 nostram
906 1677 1154 1741 vertitur,
1190 1692 1448 1732 ascensus
1476 1692 1686 1732 eorum.
1721 1678 1921 1734 Omnes

2005 464 2363 528 circumcisis,
2393 463 2487 532 qui
2516 461 2920 518 descenderunt
2952 461 3018 518 ad
3065 461 3336 520 infernum
3363 475 3488 516 cum
3512 475 3598 514 ar-

2008 556 2109 612 mis
2125 557 2267 612 suis:
2287 565 2338 610 et
2353 563 2650 626 posuerunt
2671 552 2877 623 gladios
2901 567 3030 608 suos
3050 551 3152 608 sub
3172 550 3443 619 capitibus
3459 551 3594 618 suis;

2009 659 2064 706 et
2086 651 2304 708 fuerunt
2331 648 2647 720 iniquitates
2675 663 2866 704 eorum
2891 647 2946 703 in
2967 647 3185 703 ossibus
3214 661 3403 700 eorum
3428 661 3444 710 ;
3473 645 3600 715 quia

2012 756 2187 802 terror
2204 745 2418 800 fortium
2439 745 2601 816 392
2626 743 2749 799 facti
2776 742 2975 798 suntin
3000 751 3145 798 terra
3163 739 3482 798 viventium.
3511 738 3598 804 lli,

2011 839 2225 910 inquit,
2258 840 2347 910 qui
2383 839 2761 898 hmretiCorum
2813 834 3087 906 principes
3114 834 3474 898 exstiterant,
3529 829 3600 886 ad

2013 941 2219 988 tantum
2259 932 2479 988 malitiae
2513 945 2814 998 pervenere
2842 930 3056 991 culmen
3085 939 3248 998 atque
3275 927 3598 993 cruciatum,

2013 1033 2194 1084 utnec
2222 1040 2343 1080 cum
2367 1024 2597 1082 fortibus
2619 1035 2782 1093 atque
2809 1023 3135 1094 gigantibus,
3158 1019 3251 1089 qui
3276 1035 3304 1073 a
3337 1019 3604 1089 principio

2014 1127 2372 1184 corruerunt,
2423 1116 2622 1174 similia
2649 1126 2958 1172 mereantur
2981 1115 3136 1172 ferre
3161 1111 3445 1183 supplicia.
3477 1110 3606 1178 Qui,

2017 1228 2355 1284 nequaquam
2400 1211 2605 1268 erroris
2654 1211 2742 1267 sui
2773 1221 2893 1266 acta
2926 1208 3268 1280 ptenitentia,
3305 1205 3607 1262 descende-

2019 1317 2144 1364 runt
2195 1307 2262 1362 ad
2313 1305 2514 1362 inferos
2570 1320 2691 1360 cum
2735 1305 2904 1362 armis
2931 1303 3086 1369 suis,
3135 1301 3374 1358 rebelles
3413 1307 3608 1355 contra

2020 1399 2211 1466 Deum,
2241 1408 2296 1453 et
2321 1397 2623 1454 Ecclesium
2661 1396 2817 1467 ejus;
2851 1410 3035 1450 secum
3069 1409 3220 1450 arma
3259 1392 3572 1449 deferentes
3593 1433 3612 1460 ,

2020 1492 2091 1547 de
2130 1491 2324 1562 quibus
2355 1490 2620 1560 scriptum
2648 1497 2731 1544 est
2761 1507 2773 1542 :
2810 1487 2928 1543 Filii
2960 1486 3239 1542 hominum
3289 1484 3480 1540 dentes
3519 1499 3617 1540 eo-

2023 1601 2140 1640 rum
2169 1601 2320 1640 arma
2362 1595 2414 1639 et
2460 1584 2670 1654 sagitta
2704 1579 2880 1654 (Psal.
2941 1595 3046 1647 Lvt,
3097 1580 3184 1650 5);
3212 1587 3269 1634 et
3292 1587 3614 1648 posuerunt,

2025 1680 2102 1734 ait
2128 1723 2142 1748 ,
2172 1679 2382 1751 gladios
2408 1692 2539 1733 suos
2569 1677 2671 1732 sub
2701 1675 2973 1748 capitibus
3003 1677 3119 1730 suis
3153 1715 3166 1738 ,
3199 1675 3618 1743 requiescentes

321 1772 467 1825 enim
503 1769 596 1839 qui
635 1768 838 1824 Christi
867 1769 1170 1826 humilitate
1219 1778 1526 1840 contempta
1550 1815 1564 1840 ,
1598 1770 1798 1826 diaboli
1831 1786 1918 1827 as-
1947 1769 1996 1832 Β
2023 1775 2076 1830 in
2106 1775 2286 1828 animo
2313 1771 2615 1842 perduelli;
2649 1782 2705 1825 et
2733 1785 2836 1841 pro
2859 1785 3074 1824 summa
3103 1768 3354 1833 victoria,
3396 1775 3620 1822 senten-

323 1861 557 1918 ceudere
601 1862 935 1931 superbiam,
991 1874 1044 1916 et
1068 1877 1126 1916 se
1168 1862 1220 1916 in
1254 1863 1372 1916 falsi
1405 1862 1636 1920 nominis
1689 1863 1920 1918 scientia

323 1971 444 2011 esse
475 1955 681 2026 aliquid
731 1955 1173 2020 :estimaverunt,
1207 1953 1486 2010 lElamita“:
1536 1966 1661 2012 sunt
1709 1971 1920 2012 nuncu-

327 2048 508 2117 pandi,
540 2048 629 2120 qui
667 2048 912 2119 Assyriis
945 2049 1088 2118 regis
1113 2048 1426 2118 sepulcrum
1463 2049 1730 2114 ambiunt,
1761 2050 1920 2122 391

326 2153 381 2198 et
413 2143 677 2199 interfecti
711 2153 837 2198 sunt
867 2142 1245 2212 vulneratique
1269 2143 1467 2212 gladio.
1495 2143 1564 2197 Et
1591 2143 1716 2198 licet
1745 2145 1798 2198 in
1825 2159 1921 2198 ex-

327 2236 474 2291 celso
533 2237 812 2306 posuerint
841 2250 903 2290 os
931 2253 1111 2304 suum,
1164 2243 1346 2289 tamen
1387 2236 1790 2291 descenderunt
1817 2238 1923 2291 im-

327 2330 510 2385 mundi
539 2373 553 2396 ,
583 2340 633 2384 et
667 2330 1029 2385 incircumcisi
1055 2330 1120 2384 ad
1155 2341 1352 2386 terram
1376 2330 1644 2392 ultimam,
1677 2341 1732 2386 ut
1755 2348 1925 2404 quarto

326 2433 383 2477 to
413 2422 695 2478 sublimius
741 2423 957 2478 fuerant
988 2423 1208 2491 elevati,
1239 2433 1396 2479 tanto
1428 2423 1620 2480 fortius
1645 2425 1920 2482 caderent.

331 2517 423 2573 Isti
474 2527 774 2588 posuerunt
828 2528 1096 2574 terrorem
1137 2534 1292 2574 suum
1353 2535 1458 2573 non
1496 2519 1686 2585 semel,
1717 2520 1812 2574 sed
1842 2535 1929 2576 se—

331 2611 512 2664 cundo
539 2610 592 2666 in
622 2619 766 2666 terra
814 2611 1137 2665 viventium.
1165 2611 1294 2678 Quis
1325 2611 1470 2665 enim
1519 2611 1928 2667 Ecclesiastico,

331 2717 452 2758 rum
483 2703 553 2758 ab
608 2703 977 2772 hujuscemodi
1007 2703 1388 2759 {Elamitarum
1436 2711 1654 2758 terrore
1702 2718 1930 2760 securus

333 2809 438 2863 est,
469 2809 523 2854 et
551 2815 656 2854 non
685 2799 921 2870 aliquem
947 2801 1031 2854 sui
1058 2799 1295 2869 perdidit
1321 2799 1501 2872 gregis
1529 2800 1551 2853 ?
1595 2798 1931 2870 Pulchreque

333 2895 575 2950 Ecclesia
594 2893 800 2950 Christi
827 2894 1135 2965 appellatur
1161 2905 1304 2950 terra
1330 2895 1644 2960 viventium,
1669 2903 1728 2949 ιιι
1753 2909 1782 2948 e
1797 2908 1931 2952 con.

330 2985 896 3042 trariohazreticorum
910 2987 1268 3042 conciliabula
1289 2997 1626 3042 mortuorum
1644 2995 1786 3043 terra
1810 3001 1932 3044 esse

337 3081 650 3136 credantur.
675 3081 742 3134 Et
770 3090 1146 3151 portaverunt,
1183 3081 1373 3152 inquit,
1411 3081 1785 3152 ignominiam,
1813 3083 1928 3136 sive

2021 1871 2218 1926 tiarum
2251 1883 2467 1922 suarum
2495 1867 2678 1938 jacula
2725 1866 3138 1936 complexantes
3189 1883 3200 1918 :
3235 1865 3290 1918 in
3322 1873 3528 1920 tantum
3559 1870 3622 1916 ut

2023 1963 2331 2034 iniquitates
2373 1976 2558 2015 eorum
2589 1959 2792 2015 fuerint
2815 1961 2867 2012 in
2897 1957 3110 2014 ossibus
3136 1972 3348 2022 eorum,
3379 1955 3484 2010 hoc
3509 1963 3619 2021 est,

2025 2056 2318 2112 fortissima
2351 2056 2630 2122 figmenta,
2663 2064 2715 2108 et
2733 2054 2940 2108 erroris
2965 2050 3314 2120 suidogmata
3333 2049 3623 2118 possideri-.-

2027 2159 2126 2203 tes.
2159 2149 2292 2216 Quia
2316 2156 2490 2204 terror
2523 2146 2742 2204 fortium
2771 2145 2904 2200 facti
2928 2154 3054 2198 sunt
3102 2143 3155 2198 in
3185 2143 3291 2198 vita
3323 2157 3421 2197 sua
3447 2182 3464 2208 ,
3499 2143 3622 2198 sive

2025 2241 2080 2297 in
2105 2253 2246 2296 terra
2280 2240 2605 2296 viventium.
2635 2238 2789 2306 Quod
2819 2250 3014 2308 quarto
3037 2237 3235 2292 dicitur
3256 2276 3272 2303 ,
3302 2245 3360 2292 ut
3386 2234 3623 2292 fortissi—

2027 2351 2144 2390 mos
2165 2349 2409 2405 quosque
2432 2377 2447 2399 ,
2474 2315 2534 2387 et
2568 2334 2830 2386 habentes
2859 2331 3144 2386 scientiam
3169 2330 3575 2399 Scripturarum
3601 2368 3620 2396 ,

2027 2428 2190 2500 etqui
2213 2434 2399 2481 essent
2423 2425 2493 2480 de
2523 2426 2743 2495 regione
2767 2424 3084 2491 viventium,
3129 2437 3228 2478 sua
3261 2419 3624 2492 perversitate

2030 2529 2338 2586 terrerent,
2387 2519 2512 2576 dum
2537 2517 2875 2574 descendunt
2901 2517 2965 2572 ad
3011 2517 3277 2574 infernum
3307 2529 3428 2570 cum
3455 2514 3624 2568 armis

2030 2618 2162 2683 suis,
2189 2626 2242 2671 et
2269 2624 2472 2686 ponunt
2492 2614 2704 2685 gladios
2730 2627 2858 2670 suos
2883 2613 2984 2667 sub
3006 2611 3269 2682 capitibus
3292 2609 3427 2674 suis,
3447 2608 3622 2664 etini-

2029 2712 2261 2778 quitates
2283 2725 2473 2764 eorum
2504 2725 2678 2780 usque
2699 2709 2768 2764 ad
2808 2723 2926 2764 ossa
2960 2707 3297 2776 perveniunt.
3329 2705 3462 2764 Post
3503 2702 3620 2758 hate

2031 2807 2292 2872 scriptum
2324 2811 2447 2858 est:
2481 2804 2549 2856 Et
2573 2810 2632 2856 tu
2660 2817 2790 2872 ergo
2813 2803 2864 2856 iu
2889 2801 3067 2856 medio
3112 2799 3618 2858 incircumcisorum

2033 2897 2333 2952 contereris
2356 2898 2374 2965 (
2397 2895 2547 2950 Rom.
2580 2911 2687 2964 xv1,
2714 2895 2805 2966 ί20)
2831 2938 2845 2960 ,
2879 2894 3023 2964 quod
3048 2894 3129 2948 vel
3157 2893 3226 2950 ad
3255 2892 3620 2960 Pharaonem,

2032 2991 2118 3046 vel
2147 2989 2213 3044 ad
2237 2989 2605 3044 fortitudinem
2632 3031 2647 3055 ,
2671 2989 2784 3044 sive
2809 2987 3213 3044 multitudinem
3241 2983 3460 3056 Egypti
3489 2983 3624 3037 dici-

2037 3093 2140 3148 tur,
2171 3092 2228 3138 et
2253 3081 2396 3153 quod
2421 3081 2537 3152 ipsa
2564 3091 2901 3146 cooteratur,
2924 3081 3079 3149 juxta
3103 3077 3235 3132 illud
3287 3075 3427 3146 quod
3459 3079 3626 3144 scrip»

337 3182 671 3228 tormentum
725 3190 881 3227 suum
911 3189 1033 3229 cum
1081 3173 1184 3238 his,
1216 3188 1352 3243 quos
1375 3189 1560 3229 secum
1583 3174 1934 3232 detraxerunt
1957 3161 2003 3224 Ο
2039 3188 2149 3232 tum
2173 3188 2253 3232 est
2280 3194 2294 3229 :
2324 3175 2471 3230 Deus
2497 3181 2674 3229 autem
2705 3181 2954 3228 conterat
2984 3170 3239 3226 Satanam
3269 3168 3367 3223 sub
3397 3165 3628 3236 pedibus

339 3265 394 3321 in
423 3266 620 3332 lacum,
655 3275 710 3321 et
737 3268 788 3319 in
821 3265 1142 3336 profundum
1167 3266 1364 3321 inferni
1387 3286 1398 3320 :
1425 3283 1651 3336 quorum
1679 3267 1859 3324 cubile
1883 3269 1937 3323 in

341 3361 520 3416 medio
550 3359 962 3416 interfectorum
995 3369 1079 3417 est
1105 3379 1116 3413 :
1147 3375 1336 3416 eorum
1370 3360 1626 3416 videlicet
1655 3376 1790 3432 quos
1838 3376 1938 3416 suo

343 3471 602 3511 mucrone
636 3455 974 3526 jugularunt,
1015 3466 1070 3510 et
1097 3453 1506 3510 circumdantur
1559 3453 1938 3522 hujuscemodi

343 3549 575 3620 populis.
615 3547 680 3604 lli
709 3548 925 3616 populi,
965 3545 1174 3620 Assyrii
1207 3549 1350 3618 regis
1383 3547 1563 3618 populi
1603 3553 1751 3612 sunt,
1787 3557 1841 3600 et
1872 3546 1940 3600 li-

342 3652 430 3696 cet
459 3641 811 3696 circumcisos
839 3656 959 3695 esse
989 3656 1049 3695 se
1070 3643 1277 3708 jactent
1313 3660 1325 3694 :
1362 3649 1543 3695 tamen
1576 3639 1940 3694 incircumcisi

342 3734 725 3806 interfectique
746 3744 874 3788 sunt
897 3733 1098 3803 gladio,
1129 3743 1183 3789 et
1205 3734 1366 3788 tertio
1389 3733 1656 3788 dederunt
1681 3743 1939 3788 terrorem

348 3843 511 3900 atque
543 3829 888 3885 formidinem
919 3829 970 3883 in
1005 3838 1145 3882 terra
1173 3827 1491 3883 viventium.
1521 3826 1671 3906 Unde
1694 3835 1946 3897 portave-

349 3935 477 3980 runt
523 3932 852 3978 tormentum
891 3937 1047 3976 suum
1098 3931 1257 3992 atque
1309 3921 1630 3992 supplicium
1681 3922 1732 3974 in
1766 3919 1946 3974 medio

352 4031 560 4084 eorum,
591 4031 728 4088 quos
773 4015 885 4068 suis
915 4014 1197 4068 fraudibus
1227 4013 1574 4082 deceperunt.
1608 4012 1684 4066 Ibi
1730 4027 1946 4083 quoque

353 4118 470 4174 cst,
507 4107 557 4161 id
589 4116 710 4173 est,
748 4106 901 4176 juxta
931 4107 1212 4178 Assyrium
1261 4104 1496 4170 Mosoch,
1527 4113 1581 4159 et
1627 4104 1859 4168 Tltubal,
1894 4111 1949 4158 et

356 4202 534 4256 omnis
565 4201 852 4254 multitudo
883 4199 998 4270 ejus
1030 4200 1082 4252 in
1116 4199 1344 4252 circuitu
1372 4197 1608 4267 sepulcri
1638 4197 1757 4267 ejus
1785 4214 1797 4250 :
1831 4211 1949 4248 om-

358 4311 454 4350 nes
486 4293 848 4348 incircumcisi
901 4291 1302 4361 interfectique,
1331 4300 1384 4345 et
1429 4290 1690 4346 cadentes
1738 4288 1944 4360 gladio,

357 4387 446 4458 qui
475 4386 742 4442 dederant
791 4385 1131 4441 formidinem
1187 4398 1340 4438 suam
1372 4384 1426 4438 in
1459 4392 1598 4439 terra
1626 4384 1944 4438 viventium.

361 4483 464 4536 Pro
497 4481 712 4536 Mosoch
745 4490 804 4535 et
824 4480 1055 4544 ’l‘hubal,
1082 4477 1438 4546 Symmachus
1459 4486 1513 4531 et
1542 4476 1844 4533 Theodotio
1867 4477 1951 4534 in-

2038 3272 2236 3324 vestris
2266 3268 2546 3325 velociter.
2583 3269 2647 3322 Et
2699 3267 2962 3332 dormies,
2994 3264 3208 3335 inquit,
3236 3277 3360 3320 cum
3403 3261 3631 3316 interfe-

2039 3365 2140 3421 ctis
2165 3365 2371 3434 gladio,
2397 3379 2588 3418 somno
2613 3374 2899 3432 perpetuo.
2916 3360 2993 3415 lbi
3018 3375 3142 3416 cum
3164 3356 3412 3430 Assyrio,
3433 3366 3487 3412 et
3504 3371 3628 3414 cum

2040 3458 2292 3532 Egyptia
2314 3458 2658 3514 multitudine
2684 3457 2780 3511 erit
2797 3455 3058 3518 ldumtea,
3087 3463 3140 3508 et
3172 3468 3328 3523 reges
3347 3452 3484 3521 ejus,
3508 3465 3632 3506 om—

2042 3571 2140 3608 nes
2171 3554 2259 3623 qui
2304 3553 2540 3608 terrenis
2568 3547 2824 3620 Operibus
2853 3549 3166 3605 serviet-unt
3188 3589 3203 3614 ,
3233 3547 3347 3602 sive
3369 3545 3634 3615 sanguine

2043 3649 2292 3705 delectati
2325 3658 2474 3703 sunt.
2503 3648 2717 3702 Etenim
2745 3645 3002 3710 ldumaea,
3029 3653 3085 3700 et
3108 3653 3402 3707 terrenam,
3431 3652 3486 3697 et
3507 3656 3635 3696 san-

2043 3741 2341 3812 guinariam
2373 3748 2549 3794 sonat.
2576 3738 2774 3804 Omnes
2819 3751 2976 3806 reges
3005 3747 3056 3791 et
3083 3735 3327 3790 universi
3362 3733 3637 3804 principes

2045 3834 2113 3890 de
2144 3834 2341 3904 quibus
2368 3832 2560 3888 crebro
2591 3840 2646 3885 et
2677 3830 2972 3899 Apostolus
2997 3827 3233 3896 loquitur
3287 3823 3464 3898 (Phil.
3495 3821 3588 3893 Ill)
3617 3863 3635 3890 ,

2048 3926 2279 3983 terrenis
2325 3924 2586 3994 operibus
2632 3921 2976 3990 incubantes,
3009 3933 3061 3973 et
3091 3917 3428 3974 effundentes
3458 3913 3644 3986 quoti-

2047 4019 2136 4074 die
2187 4017 2500 4088 sanguinem
2530 4031 2715 4070 eorum
2765 4030 2901 4086 quos
2932 4028 3026 4070 sua
3079 4012 3266 4067 fraude
3295 4008 3640 4079 deceperint,

2048 4127 2170 4167 cum
2193 4109 2587 4167 incircumcisis
2627 4118 2679 4163 et
2711 4107 3004 4164 immundis
3031 4106 3404 4170 dormierunt,
3432 4115 3487 4160 et
3516 4119 3641 4164 cum

2051 4204 2137 4258 his
2164 4204 2256 4274 qui
2286 4202 2688 4259 descenderunt
2727 4201 2778 4256 in
2809 4201 3006 4268 lacum,
3039 4199 3107 4256 de
3149 4199 3346 4270 quibus
3367 4214 3532 4270 supra
3559 4198 3646 4254 di-

2049 4299 2246 4370 ximus.
2271 4298 2328 4352 In
2361 4297 2477 4366 ipso
2501 4297 2764 4352 comitatu
2802 4306 2986 4362 erunt,
3016 4304 3073 4350 et
3103 4295 3374 4368 principes
3424 4293 3645 4361 Aquilo-

2053 4392 2160 4456 nis,
2185 4407 2215 4446 a
2240 4405 2348 4460 quo
2371 4389 2733 4444 exardescth
2759 4389 2898 4444 mala
2931 4403 3096 4458 super
3129 4400 3350 4444 terram.
3383 4386 3453 4442 Et
3479 4402 3508 4440 a
3536 4401 3645 4455 quo

2054 4486 2139 4539 vel
2175 4485 2230 4539 in
2259 4485 2500 4542 Jcretnia
2533 4481 2685 4556 (Jer.
2716 4481 2766 4555 ι)
2791 4525 2805 4551 ,
2837 4483 2918 4538 vel
2947 4484 3001 4538 iu
3027 4484 3129 4538 hoc
3157 4481 3347 4538 eodem
3381 4480 3644 4552 propheta

361 4575 644 4645 terpretati
674 4585 796 4629 sunt
821 4584 848 4612 ιι
873 4574 1050 4630 cubile
1099 4587 1310 4638 eorum,
1347 4580 1403 4625 ut
1429 4570 1777 4626 ostenderent
1801 4570 1952 4626 cubi-
1977 4555 2031 4616 Ῑ)
2059 4579 2278 4650 (Supra
2307 4575 2454 4648 χχιι)
2477 4619 2491 4641 ,
2550 4576 2653 4630 olla
2699 4576 2788 4630 illa
2836 4575 2996 4646 plena
3031 4575 3272 4630 carnium
3330 4577 3646 4642 ossiumque

360 4669 427 4720 lia
461 4667 866 4730 haereticorum,
903 4667 1066 4720 immo
1099 4666 1278 4720 foveas
1322 4664 1708 4734 sempiternas,
1742 4663 1953 4736 Assyrii

361 4761 507 4828 regis
533 4775 657 4816 esse
683 4760 976 4830 supplicia.
1007 4758 1226 4814 Mosoch
1277 4759 1665 4828 interpretatur
1693 4757 1899 4812 insania
1935 4775 1946 4810 :

363 4856 596 4920 Thubal,
619 4855 924 4920 conversio,
951 4869 1054 4908 non
1081 4853 1133 4906 in
1153 4853 1352 4908 bonum
1375 4867 1404 4904 a
1423 4850 1586 4916 malo,
1612 4850 1703 4904 sed
1726 4850 1793 4904 de
1809 4851 1952 4905 bono

361 4952 416 5006 in
448 4949 682 5014 malum;
715 4949 830 5002 sive
857 4946 1129 5009 universa,
1163 4939 1221 5000 ui
1247 4943 1486 4999 offendat
1515 4959 1705 4999 omnes
1735 4943 1952 4998 lucreti-

361 5060 454 5100 cos
485 5043 746 5110 insanire,
780 5040 966 5110 etpari
992 5038 1170 5094 studio
1201 5039 1264 5092 ad
1286 5039 1472 5108 pejora
1498 5037 1742 5094 converti
1766 5037 1948 5108 (Rom.

361 5139 498 5206 xu).
533 5135 641 5192 Nec
671 5136 866 5192 mirum
893 5135 936 5188 si
969 5133 1327 5198 insanientes,
1348 5141 1402 5186 et
1427 5132 1733 5187 coacervati
1765 5131 1818 5187 in
1842 5148 1954 5187 ma-

362 5232 474 5286 lum
507 5230 708 5286 habent
751 5228 1144 5284 multitudinem
1175 5269 1187 5288 ,
1221 5241 1344 5280 cum
1377 5224 1592 5296 Egyptii
1641 5224 1783 5293 regis
1820 5225 1954 5280 socii

362 5327 495 5391 sint,
523 5324 613 5395 qui
641 5321 839 5395 gaudet
860 5320 1224 5375 multitudine.
1257 5320 1458 5380 Omnes
1484 5319 1534 5372 hi
1560 5316 1823 5398 interfecti
1847 5321 1956 5388 gla-

366 5416 458 5472 dio
486 5418 576 5488 qui
609 5417 870 5471 dederant
903 5413 1245 5468 formidinem
1294 5426 1469 5480 suam,
1504 5427 1610 5466 non
1634 5413 1825 5480 semel,
1855 5429 1955 5470 nec

363 5511 636 5578 secundo,
670 5509 766 5566 sed
798 5509 959 5564 tertio
1008 5507 1063 5560 in
1095 5515 1237 5560 terra
1262 5503 1559 5560 viventium
1592 5545 1607 5568 ,
1645 5503 1712 5558 de
1762 5505 1956 5574 quibus

367 5619 532 5675 supra
564 5603 778 5674 plenius
807 5601 1061 5656 diximus.
1107 5597 1366 5668 Sequitur
1395 5615 1408 5652 :
1442 5596 1506 5651 Et
1544 5611 1650 5651 non
1685 5597 1958 5662 dormiunt

447 5734 470 5760 ι’
515 5722 768 5792 Legerint
788 5734 916 5774 vero
940 5733 1038 5789 pro
1055 5701 1167 5777 5:11
1190 5725 1353 5800 nam,
1380 5731 1486 5770 uno
1506 5714 1670 5770 verbo
1684 5724 1965 5779 unasub.

442 5816 460 5856 ¹
504 5818 583 5873 Ad
611 5814 752 5870 sacri
771 5823 949 5869 textus
973 5811 1135 5868 fidem
1158 5811 1442 5881 legendum
1467 5806 1712 5865 videatur
1732 5809 1957 5879 confusi,

2055 4670 2424 4725 succenditur.
2461 4669 2527 4724 Et
2559 4683 2664 4724 non
2693 4669 2869 4723 solum
2895 4667 3164 4738 principes
3207 4667 3509 4736 Aquilonis,
3547 4681 3645 4721 ve-

2056 4781 2174 4822 rum
2201 4777 2388 4820 oumes
2414 4762 2574 4834 393
2598 4763 2947 4831 magistratus
2969 4763 3160 4826 Assur,
3196 4776 3292 4828 pro
3319 4775 3427 4830 quo
3455 4760 3507 4813 in
3542 4759 3650 4815 ile-

2056 4857 2242 4912 hraico
2262 4857 2439 4911 verius
2461 4856 2699 4926 positum
2729 4864 2846 4922 est,
2878 4855 3101 4916 universi
3125 4853 3364 4919 Sidonii,
3387 4868 3524 4923 quos
3547 4868 3650 4908 nos

2051 4951 2104 5008 in
2139 4964 2397 5007 venatore:
2426 4950 2708 5018 vertimus,
2730 4951 2880 5021 juxta
2913 4951 3040 5006 illud
3066 4948 3210 5019 quod
3232 4949 3492 5016 scriptum
3523 4957 3608 5002 est
3633 4965 3647 5004 :

2057 5050 2252 5103 Anima
2285 5057 2470 5102 nostra
2499 5046 2644 5102 sicut
2675 5061 2868 5116 passer
2897 5055 3081 5114 erepta
3128 5053 3210 5100 est
3239 5043 3307 5108 de
3334 5044 3524 5116 laqueo
3551 5058 3651 5098 ve—

2057 5142 2296 5196 nantium
2328 5139 2461 5211 (Ρε.
2492 5156 2694 5208 cum,
2724 5139 2820 5210 7),
2853 5154 2950 5207 pro
2991 5153 3100 5208 quo
3131 5139 3182 5194 in
3210 5137 3476 5192 llebraico
3506 5138 3654 5206 posi-

2054 5241 2165 5288 tum
2189 5241 2293 5297 est,
2323 5231 2679 5288 Sidauiorum.
2709 5231 2810 5300 Qui
2835 5231 3066 5296 Sidonii,
3093 5231 3206 5286 sive
3229 5243 3535 5296 venatores,
3556 5231 3652 5286 de-

2057 5325 2320 5379 ducentur
2348 5325 2412 5378 ad
2441 5325 2642 5380 inferos
2667 5333 2946 5394 paventes,
2978 5324 3032 5378 in
3056 5339 3150 5376 sua
3174 5323 3445 5392 quondam
3469 5321 3496 5360 ι)
3518 5339 3653 5377 cou-

2060 5417 2147 5473 ﬁsi
2171 5417 2514 5483 fortitudine,
2545 5429 2600 5476 et
2650 5419 2920 5474 dormient
2951 5418 3238 5486 immundi,
3271 5426 3325 5470 et
3359 5417 3655 5486 portabunt

2061 5511 2433 5572 confusionem
2470 5515 2584 5569 sive
2616 5521 2946 5568 tormentum
2977 5527 3155 5577 suum,
3189 5511 3456 5568 habentes
3494 5515 3655 5570 mala:

2062 5606 2411 5662 conscientiae
2436 5605 2829 5678 pcenitudiuem
2853 5607 3240 5676 sempiternam
3269 5625 3279 5661 :
3317 5607 3384 5662 ita
3417 5617 3474 5662 ut
3512 5607 3656 5676 ignis

2075 5722 2217 5787 quod
2250 5722 2523 5776 Victorius
2551 5721 2788 5794 reponit.
2823 5722 3025 5779 Confer
3054 5723 3392 5794 superiorem
3427 5735 3658 5781 annota-

2069 5796 2269 5849 tionem
2301 5796 2355 5848 in
2391 5794 2534 5849 hunc
2559 5793 2762 5848 locum.
