4038 6328
434 287 541 348 519

1673 279 1736 340 S.
1778 278 2046 339 EUSEBII
2084 277 2461 338 HlERONYMI

3592 275 3698 333 520

435 415 646 472 culator
668 421 847 469 autem
878 408 1164 477 Ecclesiae,
1203 406 1289 464 vel
1337 404 1657 478 episcopus,
1683 403 1774 459 vel
1801 402 2023 475 presby-
2049 406 2104 468 Α
2126 400 2412 474 prophetia
2441 415 2584 468 esse,
2615 412 2734 472 quae
2755 414 2914 471 supra
2948 399 3000 455 in
3023 412 3124 469 qua
3148 397 3345 453 dicitur
3375 415 3389 452 :
3426 395 3700 468 Numquid

437 519 540 579 ter,
570 509 696 582 quia
721 522 753 562 a
780 504 980 577 populo
1006 503 1213 560 electus
1235 512 1342 569 est,
1370 509 1428 557 et
1462 499 1871 569 Scripturarum
1903 496 2017 553 lec-

437 605 593 659 tione
620 613 984 672 cognoscens,
1014 605 1071 652 et
1092 594 1398 669 praevidens
1417 608 1539 665 qua:
1560 591 1740 649 futura
1770 591 1899 657 sint,
1930 605 2025 645 an-

438 694 649 751 nuntiet
694 691 939 763 populo,
997 697 1052 744 et
1093 687 1334 758 corrigat
1386 685 1812 756 delinquentem.
1864 680 2025 739 Unde

440 800 771 857 magnopere
804 780 1210 839 formidandum
1232 788 1341 847 est,
1374 793 1442 833 ne
1466 776 1535 832 ad
1559 777 1660 831 hoc
1680 772 1916 830 officium
1935 789 2025 829 ac-

438 878 697 937 cedamus
747 876 953 948 indigni
983 884 1038 930 et
1062 871 1327 944 assumpti
1355 890 1381 925 a
1416 870 1639 941 populo,
1685 866 2026 939 negligentia:

440 987 541 1028 nos
569 972 762 1027 demus
797 978 958 1038 atque
1001 966 1228 1022 desidia;
1263 982 1276 1019 :
1309 973 1364 1019 et
1402 961 1546 1034 quod
1594 962 1700 1016 his
1720 960 1873 1031 pejus
1920 968 2021 1027 est,

438 1064 651 1121 deliciis
693 1062 978 1131 ventrique
1003 1070 1059 1115 et
1081 1059 1192 1115 otio
1222 1056 1532 1113 servientes
1557 1099 1573 1124 ,
1621 1054 1882 1109 honorem
1928 1066 2027 1107 nos

439 1156 715 1227 accepisse
746 1164 1021 1224 putemus,
1054 1166 1160 1207 non
1192 1149 1577 1205 ministerium.
1631 1146 1910 1217 Siquidem
1939 1143 2029 1198 Fi-

434 1249 543 1305 lius
577 1246 815 1303 hominis
859 1259 966 1301 non
993 1245 1143 1299 venit
1184 1240 1524 1303 ministrari.
1571 1238 1665 1294 sed
1718 1238 2029 1292 ministrare

440 1340 660 1415 (Matth.
690 1356 780 1407 xx,
808 1338 902 1409 28)
930 1357 941 1392 :
972 1346 1026 1392 et
1055 1335 1218 1407 pedes
1244 1332 1636 1404 discipulorum
1663 1331 1796 1386 lavit
1847 1328 2025 1403 (Joan.

438 1433 583 1506 xm),
612 1443 671 1488 ut
701 1431 1015 1487 ostenderet
1037 1442 1228 1485 omnes
1258 1426 1451 1483 sordes
1474 1425 1675 1481 etvitia
1702 1442 1732 1478 a
1757 1422 2031 1494 magistris

442 1527 499 1583 in
526 1525 815 1596 discipulis
842 1523 1045 1580 debere
1073 1519 1208 1577 dilui
1251 1529 1413 1590 atque
1441 1516 1681 1588 purgari.
1709 1514 1820 1571 Nec
1848 1515 2028 1571 statim

440 1620 895 1693 respondeamus,
924 1617 1050 1688 quid
1082 1614 1305 1686 prodest
1330 1613 1549 1680 docere,
1577 1611 1624 1666 si
1653 1611 1792 1666 nolit
1817 1608 2031 1664 auditor

447 1716 629 1771 facere
667 1713 812 1785 quod
858 1709 1154 1768 docueris?
1198 1706 1581 1778 Unusquisque
1629 1705 1772 1760 enim
1820 1717 1883 1757 ex
1934 1715 2033 1756 suo

2126 496 2317 552 volens
2338 494 2503 567 cupio
2552 502 2783 550 mortem
2834 492 3027 563 iniqui,
3084 490 3213 548 dicit
3253 490 3547 556 Dominus,
3599 489 3703 545 nisi

2122 588 2363 643 converti
2393 601 2517 642 cum
2545 600 2572 639 a
2602 586 2685 641 via
2713 600 2809 640 sua
2842 584 2982 638 mala
3013 591 3069 639 et
3101 582 3284 637 vivere
3317 580 3520 654 (Supra
3548 596 3702 646 svnt,

2121 679 2249 748 25)?
2273 679 2337 734 Et
2362 679 2415 733 in
2441 678 2549 733 ﬁne
2575 677 2823 748 ejusdem
2857 674 3153 747 prophetiae
3182 692 3197 729 :
3230 673 3619 729 Convertimiui
3650 681 3706 728 et

2126 776 2300 832 redite
2320 777 2386 832 ab
2408 776 2680 831 universis
2704 775 3071 845 impietatihus
3090 774 3305 841 vestris,
3339 781 3393 828 ct
3409 787 3518 827 non
3544 778 3709 827 erunt

2125 870 2281 924 vobis
2308 870 2359 924 in
2387 876 2715 928 tormentum
2743 867 2770 907 δ
2804 866 3113 936 iniquitates
3146 865 3333 939 (Ibid.,
3359 866 3439 938 8).
3466 865 3542 919 Ibi
3562 865 3708 920 enim

2126 960 2194 1016 ad
2216 976 2312 1016 eos
2339 976 2519 1017 sermo
2572 961 2651 1031 fit,
2676 961 2765 1032 qui
2802 960 2990 1015 volunt
3020 975 3180 1032 agere
3225 959 3620 1026 paenitentiam,
3654 966 3711 1014 et

2122 1052 2333 1124 justitia
2359 1063 2577 1123 peccata
2603 1053 2809 1117 delere,
2840 1060 2900 1107 ut
2928 1066 3050 1106 cum
3073 1050 3264 1105 fiducia
3298 1059 3707 1115 convertantur,

2128 1153 2184 1200 et
2214 1146 2370 1215 pleno
2398 1147 2583 1200 animo
2624 1154 2782 1216 agant
2823 1144 3219 1215 pteuitentiam.
3272 1143 3370 1198 Hic
3418 1153 3596 1198 autem
3641 1142 3707 1197 ad

2130 1256 2224 1296 eos
2248 1242 2486 1312 loquitur
2507 1242 2594 1310 qui
2628 1240 2998 1312 magnitudine
3018 1249 3385 1310 peccatorum,
3418 1238 3585 1293 immo
3610 1237 3713 1292 im-

2132 1333 2391 1403 pietatum
2448 1348 2686 1398 suarum,
2740 1332 3035 1403 desperant
3090 1332 3323 1387 salutem
3374 1340 3428 1386 et
3477 1330 3712 1385 dicunt:

2131 1428 2445 1499 lniquitates
2468 1437 2691 1494 nostrae,
2718 1437 2774 1483 et
2801 1435 3020 1498 peccata
3053 1434 3236 1482 nostra
3268 1440 3431 1496 super
3452 1438 3551 1479 nos
3568 1431 3714 1490 sunt,

2130 1531 2187 1579 et
2215 1525 2266 1576 in
2299 1522 2431 1593 ipsis
2461 1521 2788 1577 tabescimus
2821 1540 2834 1575 :
2873 1521 3149 1592 quomodo
3180 1535 3309 1591 ergo
3348 1518 3536 1574 vivere
3566 1527 3718 1589 pote-

2131 1616 2343 1672 rimus?
2367 1617 2435 1671 Et
2462 1625 2547 1672 est
2576 1629 2770 1671 sensus
2802 1634 2815 1669 :
2845 1614 2982 1670 Cum
3029 1613 3197 1669 semel
3226 1612 3387 1668 nobis
3417 1626 3563 1666 mors
3592 1626 3719 1682 pro-

2137 1711 2311 1782 posita
2342 1712 2434 1779 sit,
2466 1720 2521 1767 ct
2544 1711 2861 1767 vulneribus
2885 1709 3086 1765 nostris
3113 1710 3263 1765 nulla
3297 1708 3567 1764 medicina
3596 1722 3720 1778 pos-

445 1810 631 1865 animo
653 1816 814 1878 atque
835 1804 1014 1860 officio
1042 1803 1335 1872 judicatur.
1363 1799 1442 1854 Tu
1467 1800 1513 1852 si
1538 1798 1753 1852 locutus
1783 1811 1890 1851 non
1919 1793 2032 1850 fue-

2138 1808 2209 1860 sit
2239 1807 2531 1861 restituere
2562 1806 2869 1874 sanitatem,
2912 1803 3041 1874 quid
3072 1817 3295 1857 necesse
3337 1812 3421 1857 est
3448 1801 3715 1869 laborare,

444 1903 542 1967 ris,
578 1902 672 1957 ille
700 1901 744 1955 si
780 1899 966 1955 audire
1010 1893 1428 1964 contempserit.
1460 1892 1536 1948 De
1558 1890 1833 1963 magistris
1860 1889 2034 1960 negli-

445 1993 697 2066 gentibus
725 1991 984 2048 Salomon
1025 1989 1310 2057 loquitur:
1362 1984 1641 2055 Sapientia
1689 1981 2029 2047 abscondita,

443 2097 499 2144 et
544 2087 831 2142 thesaurus
894 2082 1178 2147 occultus,
1230 2094 1351 2151 quae
1423 2078 1628 2132 utilitas
1688 2077 1742 2130 in
1794 2075 2035 2145 utrisque

451 2182 646 2257 (Eccli.
672 2196 764 2246 xx,
796 2175 929 2249 5%)?
961 2177 1095 2233 Tale
1132 2175 1262 2246 quid
1293 2172 1629 2245 signiﬁcatur
1669 2181 1724 2226 et
1771 2171 1824 2224 iu
1858 2170 2035 2224 Evan-

447 2276 587 2347 gelio
620 2272 815 2345 (Marc.
843 2269 944 2343 ix),
972 2269 1115 2341 quod
1145 2269 1237 2340 qui
1277 2264 1730 2323 scandalizaverit
1759 2276 1923 2317 unum
1967 2260 2036 2315 de

446 2368 686 2425 minimis
712 2364 995 2430 Ecclesiae,
1028 2363 1280 2434 expediat
1307 2361 1360 2417 ei
1383 2371 1441 2416 ut
1468 2359 1721 2430 alligetur
1743 2356 1809 2413 ad
1830 2356 2032 2412 collum

444 2462 565 2532 ejus
591 2460 731 2515 mola
746 2458 1011 2525 asinaria,
1033 2466 1088 2513 et
1109 2455 1400 2526 abjiciatur
1424 2454 1480 2509 in
1502 2451 1851 2523 profundum,
1873 2464 2035 2520 quam

450 2559 504 2612 in
535 2556 755 2627 specula
784 2552 1138 2619 constitutus,
1172 2548 1422 2621 plurimis
1465 2554 1682 2603 noceat.

524 2648 703 2720 (Vers.
739 2647 806 2702 iO
837 2643 1025 2717 seqq.)
1054 2643 1131 2698 Tu
1159 2660 1302 2714 ergo,
1333 2641 1413 2712 ﬁli
1455 2640 1706 2704 hominis,
1739 2639 1824 2693 dic
1853 2636 1922 2690 ad
1945 2636 2039 2690 do-

448 2758 588 2797 mum
605 2738 793 2806 Israel,
815 2740 885 2793 sic
901 2738 1060 2792 locuti
1082 2738 1203 2792 estis
1221 2737 1477 2790 dicentes:
1494 2733 1804 2804 Iniquitates
1825 2740 2034 2797 nostrtv,

449 2848 501 2891 et
524 2845 733 2909 peccata
758 2843 937 2888 nostra
961 2850 1116 2903 super
1139 2850 1232 2887 nos
1262 2841 1405 2897 sunt,
1429 2841 1477 2885 et
1503 2831 1559 2884 in
1584 2831 1709 2902 ipsis
1747 2846 1841 2882 nos
1872 2827 2039 2882 tabes-

448 2931 637 2994 cimus,
665 2926 926 3000 quomodo
952 2943 1073 2997 ergo
1102 2928 1266 2980 vivere
1294 2927 1573 2996 poterimus
1596 2926 1619 2978 ?
1658 2923 1754 2977 Dic
1797 2924 1865 2976 ad
1911 2938 1998 2976 eos
2019 2938 2038 2975 :

458 3023 586 3077 Vivo
610 3038 725 3094 ego,
763 3021 891 3075 dicit
923 3020 1177 3075 Dominus
1218 3019 1356 3073 Deus
1385 3036 1404 3073 :
1438 3018 1577 3073 Nolo
1624 3026 1834 3072 mortem
1866 3015 2034 3085 impii,

449 3116 539 3171 sed
563 3125 616 3169 ut
643 3122 927 3169 revertatur
952 3115 1147 3183 impius
1176 3130 1208 3167 a
1231 3114 1315 3167 via
1343 3130 1459 3179 sua,
1505 3123 1553 3165 et
1584 3112 1735 3166 vivat.
1771 3109 2037 3164 Converti-

2137 1913 2191 1957 et
2218 1903 2413 1956 frustra
2444 1900 2717 1969 consumi,
2768 1908 2823 1955 et
2856 1909 3179 1970 praesentem
3232 1898 3401 1951 vitam
3453 1912 3561 1951 non
3598 1910 3721 1951 cum

2137 1995 2516 2065 desperatione
2530 1995 2852 2066 transigere,
2877 2006 2936 2048 ut
2962 1993 3155 2047 saltem
3187 1990 3289 2046 hac
3313 1990 3576 2060 fruamur,
3598 1990 3722 2061 quia

2137 2087 2370 2143 futuram
2402 2087 2781 2158 perdidimus?
2808 2086 3013 2156 Quibus
3065 2084 3362 2157 respondet
3399 2084 3562 2152 Deus,
3615 2099 3725 2139 non

2137 2184 2280 2238 velle
2310 2198 2369 2239 se
2398 2193 2628 2238 mortem
2660 2182 2830 2250 impii,
2855 2181 2950 2237 sed
2977 2189 3358 2236 utrevertatur
3387 2189 3441 2235 et
3462 2180 3628 2235 vivat.
3660 2177 3727 2232 Et

2138 2273 2525 2346 apostropham
2567 2274 2697 2329 facit
2725 2274 2791 2327 ad
2818 2273 3015 2342 impios
3060 2272 3453 2342 desperantes:
3486 2268 3725 2326 Conver-

2137 2368 2314 2424 timini
2341 2383 2370 2421 a
2401 2368 2509 2422 viis
2536 2364 2733 2421 vestris
2768 2366 3040 2435 pessimis.
3082 2365 3261 2436 Atque
3294 2376 3352 2420 ut
3380 2364 3614 2419 sciamus
3636 2365 3725 2434 qui

2138 2464 2248 2518 sint
2272 2461 2425 2532 impii
2457 2462 2522 2517 ad
2562 2477 2697 2532 quos
2742 2461 3009 2531 loquitur,
3038 2475 3275 2529 sequens
3301 2473 3483 2515 sermo
3504 2458 3727 2514 demon—

2140 2565 2278 2611 strat
2311 2574 2323 2609 :
2352 2555 2533 2623 Quare
2565 2556 2898 2619 moriemini,
2938 2555 3132 2611 domus
3160 2555 3367 2611 Israel?
3393 2554 3515 2611 Vita
3547 2561 3722 2609 autem

2140 2657 2195 2704 et
2220 2662 2369 2702 mors
2400 2648 2454 2703 in
2479 2648 2583 2702 hoc
2608 2648 2728 2703 loco
2749 2662 2855 2703 non
2887 2647 3003 2702 haec
3027 2646 3388 2718 significatur,
3420 2662 3522 2717 qua
3540 2661 3724 2701 omnes

2140 2741 2416 2795 communi
2449 2756 2569 2795 cum
2602 2739 2793 2796 bestiis
2822 2742 2940 2812 lege
2967 2749 3175 2795 naturae
3202 2740 3285 2795 vel
3314 2740 3550 2795 vivimus
3574 2782 3591 2807 ,
3640 2738 3725 2795 vel

2141 2842 2320 2888 morte
2374 2833 2765 2899 dissolvimur;
2815 2834 2911 2889 sed
2944 2833 3035 2888 illa
3089 2832 3157 2889 de
3186 2848 3289 2903 qua
3319 2834 3580 2903 scriptum
3622 2842 3721 2900 est,

2142 2925 2375 2980 Placebo
2407 2925 2637 2979 Domino
2654 2926 2707 2979 in
2730 2926 2951 2996 regione
2974 2926 3265 2980 viventium
3290 2923 3463 2995 (Psal.
3492 2940 3632 2991 cxrv,
3650 2923 3724 2995 9);

2141 3025 2216 3087 et,
2250 3017 2413 3089 398
2436 3017 2629 3071 Anima
2658 3032 2779 3088 qua:
2807 3018 3119 3088 peccaverit
3149 3017 3267 3088 ipsa
3298 3017 3580 3072 morietur.
3614 3017 3679 3071 Et
3699 3031 3727 3072 a

2143 3110 2369 3180 speciali
2396 3110 2818 3166 commonitione
2838 3112 2961 3181 quia
2984 3110 3151 3166 Israel
3172 3110 3355 3165 domui
3384 3110 3728 3179 loquebatur,

452 3211 580 3264 mini
608 3219 633 3245 τι
660 3226 692 3262 a
716 3208 813 3261 viis
850 3208 1028 3262 vestris
1082 3207 1316 3277 pessimis
1347 3222 1365 3260 :
1413 3204 1481 3259 Et
1522 3221 1681 3275 quare
1726 3204 2037 3270 moriemini,
2069 3196 2115 3261 C
2146 3204 2213 3259 ad
2245 3204 2550 3274 generalem
2580 3204 2773 3259 transit
2794 3204 3219 3275 diSputationem
3242 3223 3252 3257 :
3278 3202 3418 3274 quod
3451 3211 3505 3259 ct
3527 3202 3729 3273 justum

453 3306 637 3359 domus
661 3302 877 3358 Israel?
907 3301 986 3356 Tu
1012 3302 1205 3373 itaque,
1254 3302 1331 3371 ﬁli
1371 3299 1614 3363 hominis,
1664 3299 1748 3352 dic
1792 3297 1860 3351 ad
1900 3300 2039 3368 filios

454 3396 633 3470 pepuli
662 3397 737 3451 tui
768 3412 786 3450 :
815 3395 1029 3450 Iustitia
1047 3396 1184 3467 justi
1220 3410 1325 3449 non
1361 3392 1595 3447 liberabit
1619 3407 1756 3459 eum,
1802 3392 1857 3445 in
1911 3408 2039 3461 qua-

453 3509 666 3565 cumque
695 3490 776 3544 die
803 3491 1120 3562 peccaverit;
1147 3498 1194 3543 et
1224 3489 1463 3559 impietas
1502 3488 1661 3557 impio
1692 3502 1795 3541 non
1835 3485 2039 3540 nocebit

451 3588 520 3651 ei,
544 3588 596 3639 in
620 3600 942 3656 quacumque
970 3583 1053 3637 die
1080 3597 1351 3636 conversus
1379 3580 1537 3652 fuerit
1557 3581 1622 3633 ab
1641 3579 1902 3649 impietate
1915 3594 2033 3641 sua,

452 3687 501 3731 et
524 3678 698 3746 justus
720 3692 823 3730 non
851 3674 1033 3746 poterit
1058 3674 1220 3727 vivere
1245 3673 1298 3726 in
1325 3672 1534 3741 justitia
1560 3687 1678 3737 sua,
1706 3670 1765 3723 in
1790 3685 2038 3739 quacum-

452 3788 553 3841 que
597 3771 680 3825 die
732 3768 1030 3841 peccaverit.
1103 3767 1279 3822 Etiam
1326 3767 1371 3822 si
1417 3767 1596 3820 dixero
1645 3766 1837 3837 justo,
1901 3765 2037 3835 quod

455 3864 559 3920 vita
605 3865 779 3928 vivat;
827 3871 873 3916 et
903 3862 1129 3930 conﬁsus
1156 3863 1211 3915 in
1240 3860 1452 3931 justitia
1493 3876 1587 3914 sua
1629 3858 1803 3930 fecerit
1847 3857 2038 3927 iniqui-

457 3964 651 4019 tatem,
727 3970 903 4008 omnes
951 3953 1175 4026 justitite
1232 3955 1346 4024 ejus
1409 3951 1650 4005 oblivioni
1722 3950 2036 4014 tradentur,

453 4057 501 4103 et
546 4050 602 4101 in
652 4047 924 4117 iniquitate
977 4062 1072 4099 sua
1140 4061 1295 4115 quam
1359 4052 1605 4113 operatus
1654 4052 1727 4098 est
1759 4084 1774 4109 ,
1821 4046 1876 4096 in
1924 4043 2037 4114 ipsa

456 4140 615 4212 397
646 4140 912 4193 morietur.
938 4137 1037 4194 Sin
1066 4146 1235 4191 autem
1257 4139 1435 4192 dixero
1464 4137 1649 4207 impio,
1671 4146 1833 4192 morte
1853 4138 2039 4192 morie-

454 4238 559 4301 ris;
588 4243 633 4289 et
660 4234 817 4307 egerit
856 4233 1208 4302 paenitentiam
1236 4233 1299 4286 de
1331 4242 1537 4299 peccato
1574 4248 1670 4287 suo
1693 4273 1709 4299 ,
1765 4234 2038 4304 feceritque

444 4329 706 4402 judicium
734 4337 781 4383 et
818 4327 1102 4401 justitiam,
1147 4327 1336 4398 pignus
1366 4326 1647 4380 restituerit
1680 4324 1861 4398 [Vulg.
1886 4326 2040 4382 addit

451 4420 541 4474 ille
570 4418 802 4492 impius],
833 4420 1169 4491 rapinamque
1192 4418 1473 4473 reddiderit
1500 4460 1516 4486 ,
1548 4420 1602 4473 in
1631 4420 1889 4474 mandatis
1924 4421 2038 4474 vita:

450 4513 811 4583 ambulaverit,
842 4530 932 4568 nec
959 4515 1136 4587 fecerit
1158 4514 1437 4585 quidquam
1451 4515 1725 4587 injustam,
1755 4515 1861 4568 vita
1887 4514 2034 4578 vivet,

2143 3300 2435 3369 prieteritae
2466 3316 2573 3355 non
2596 3300 2816 3355 salvent
2864 3299 3113 3371 justitias,
3169 3299 3213 3354 si
3248 3300 3403 3353 novis
3433 3297 3730 3353 sceleribus

2139 3394 2301 3449 fuerit
2331 3402 2654 3465 occupatus,
2683 3405 2736 3450 ct
2765 3404 3109 3465 peccatorem
3138 3393 3223 3449 vel
3256 3394 3478 3462 impium
3512 3393 3733 3461 antiqua

2142 3498 2359 3559 peccata
2394 3505 2503 3545 non
2548 3489 2805 3559 perdant,
2858 3489 2906 3543 si
2948 3487 3201 3559 operibus
3243 3487 3468 3557 justitia:
3519 3495 3732 3540 veteres

2140 3581 2444 3637 emendarit
2511 3597 2775 3637 errores:
2829 3581 3104 3651 Deumque
3175 3594 3280 3635 nou
3342 3577 3617 3649 praeterita
3675 3576 3727 3630 in

2140 3688 2373 3749 utroque
2398 3677 2668 3749 judicare,
2698 3677 2794 3732 sed
2841 3677 3152 3747 praesentia.
3187 3674 3243 3731 Si
3289 3674 3493 3740 dixero,
3541 3671 3727 3743 inquit,

2137 3773 2305 3842 justo,
2366 3775 2473 3828 vita
2531 3774 2703 3839 vives,
2754 3781 2810 3829 et
2855 3772 2905 3827 ei
2935 3771 3157 3842 praemia
3200 3768 3429 3840 justitiae
3461 3766 3731 3838 pollicitus

2139 3842 2318 3935 fuerd,
2369 3869 2717 3940 confisusque
2766 3868 2859 3923 ille
2892 3866 3222 3937 peccaverit,
3276 3879 3465 3920 omnes
3508 3862 3732 3933 justitia:

2140 3961 2261 4031 ejus
2303 3963 2542 4030 pristinae.
2594 3962 2855 4017 oblivioni
2896 3960 3199 4021 tradentur.
3232 3968 3288 4014 et
3336 3957 3585 4027 praesenti
3628 3956 3729 4009 iui-

2141 4056 2347 4125 quitate
2380 4056 2642 4110 morietur
2682 4073 2694 4108 :
2742 4069 2841 4110 nec
2888 4070 3006 4109 mea
3056 4064 3139 4109 est
3187 4061 3389 4107 mutata
3442 4045 3729 4112 sententia,

2142 4164 2265 4205 cum
2294 4166 2399 4203 non
2433 4150 2633 4220 possim
2663 4150 2717 4204 in
2748 4160 2770 4187 ο
2799 4147 2991 4204 eodem
3025 4147 3244 4202 homine
3290 4156 3572 4216 peccatore
3613 4143 3732 4198 red-

2141 4244 2274 4299 dere
2312 4243 2453 4312 quod
2485 4243 2633 4313 justo
2665 4245 3045 4312 promiseram.
3077 4240 3120 4296 E
3153 4238 3431 4295 contrario
3471 4238 3516 4292 si
3539 4250 3731 4307 pecca-

2143 4339 2269 4403 tori,
2305 4344 2360 4390 et
2388 4336 2553 4407 impio
2589 4335 2743 4392 fuero
2772 4336 3133 4391 comminatus
3161 4342 3218 4389 et
3261 4333 3450 4389 dixero
3492 4349 3505 4384 :
3541 4329 3727 4386 Adhuc

2140 4438 2254 4485 tres
2285 4430 2423 4498 dies,
2452 4440 2507 4485 et
2528 4429 2719 4485 Ninive
2738 4430 3123 4493 subvertetur;
3165 4438 3219 4483 et
3250 4426 3341 4481 ille
3368 4425 3538 4497 egerit
3564 4422 3729 4494 pmui-

2141 4522 2389 4587 temiam,
2420 4522 2685 4593 bonisque
2710 4522 2969 4593 operibus
2996 4530 3240 4577 veterem
3263 4516 3563 4575 emendarit
3586 4530 3730 4572 erro-

450 4619 629 4662 etnon
662 4608 926 4664 morietur.
972 4607 1161 4664 Omnia
1207 4617 1416 4681 peccata
1446 4607 1626 4682 [ναις.
1655 4608 1807 4665 addit
1854 4609 2034 4681 ejus],
2069 4590 2119 4650 Ι)
2147 4629 2285 4679 rem,
2338 4616 2408 4668 ita
2461 4623 2519 4669 ιιι
2561 4590 2823 4685 judicium
2867 4613 3061 4681 faciat,
3121 4623 3175 4669 ει
3201 4612 3490 4683 justitiam,
3534 4610 3730 4681 pignus

450 4718 568 4774 qua:
593 4708 835 4775 peccavit,
857 4718 959 4757 non
987 4701 1372 4770 imputabantur
1393 4703 1439 4756 ei
1467 4718 1485 4757 :
1505 4703 1765 4774 judicium
1794 4712 1840 4757 et
1884 4704 2039 4770 iusti-

451 4798 575 4851 tiam
607 4797 750 4868 fecit,
768 4797 871 4850 vita
899 4797 1024 4850 vivet
1057 4812 1075 4850 :
1105 4796 1169 4850 Et
1189 4797 1430 4851 dixerunt
1450 4795 1549 4866 ﬁlii
1563 4798 1742 4869 populi
1763 4798 1837 4851 tui
1867 4812 1885 4850 :
1916 4796 2037 4851 Non

452 4899 529 4944 est
546 4891 681 4962 aequi
713 4890 955 4961 ponderis
996 4891 1078 4945 via
1102 4888 1335 4956 Domini,
1369 4901 1413 4946 et
1457 4892 1685 4963 ipsorum
1724 4892 1804 4945 via
1839 4892 2037 4963 injusta

450 4994 549 5040 est.
577 4984 704 5038 Cum
726 4985 861 5039 enim
883 4985 1141 5041 recesserit
1162 4987 1335 5054 justus
1355 5002 1387 5038 a
1404 4985 1614 5056 justitia
1633 5002 1744 5051 sua,
1767 4986 2038 5056 feceritque

449 5078 766 5149 iniquitates,
799 5078 1047 5133 morietur
1099 5080 1151 5132 in
1179 5079 1269 5132 eis.
1329 5075 1394 5130 Et
1414 5093 1530 5131 cum
1554 5077 1819 5132 recesserit
1848 5077 2036 5146 impius

449 5170 515 5224 ab
541 5170 798 5242 impietate
827 5188 941 5238 sua,
970 5172 1238 5242 feceritque
1258 5172 1520 5244 judicium
1535 5181 1583 5225 et
1602 5170 1889 5239 justitiam,
1912 5169 2036 5222 vivet

452 5269 506 5318 in
544 5265 639 5319 eis.
668 5261 738 5318 Et
758 5264 932 5319 dicitis
960 5280 979 5320 :
1011 5263 1136 5319 Non
1164 5276 1236 5319 est
1261 5275 1400 5319 recta
1444 5266 1525 5319 via
1551 5262 1782 5319 Domini.
1838 5262 2039 5319 Unum-

449 5374 700 5429 quemque
716 5362 871 5431 juxta
896 5359 1003 5414 vias
1031 5375 1152 5414 suas
1173 5360 1426 5432 judicabo
1454 5361 1517 5413 de
1546 5360 1707 5425 vobis,
1739 5359 1920 5412 domus
1953 5355 2039 5411 Is-

454 5449 584 5507 rael.
618 5450 673 5508 Si
705 5451 1045 5523 negligenter
1071 5453 1342 5524 legamus,
1398 5453 1610 5509 videtur
1659 5453 1820 5510 nobis
1847 5452 2039 5509 eadem

456 5665 470 5678 .
527 5592 799 5678 a'pepetit
821 5594 1103 5678 “Victorius
1130 5597 1354 5652 verbum
1384 5596 1780 5678 convertimini,
1808 5592 1952 5678 quod
1982 5601 2037 5648 et

456 5665 783 5739 in_iiebraao
821 5666 905 5723 bis
934 5670 1150 5739 legitur,
1171 5672 1501 5727 conversione
1523 5665 1895 5725 convertimini.

526 5735 554 5777 ¹ι
583 5738 906 5813 Praeferrem
934 5735 1060 5797 cu'm
1085 5741 1345 5797 .Victorio
1392 5741 1677 5813 iniquitatis
1706 5742 1758 5795 in
1782 5740 2042 5812 gignendi

459 5825 590 5867 casu
618 5825 685 5867 ex
708 5810 900 5871 Graeco
923 5822 1070 5871 textu
1096 5812 1317 5876 ἀδικίας.

2147 4709 2421 4774 restituat,
2457 4708 2815 4778 rapinamque
2836 4706 3047 4774 reddat,
3074 4708 3126 4761 in
3160 4706 3427 4761 mandatis
3461 4704 3584 4757 vita:
3615 4718 3734 4756 am-

2147 4796 2319 4867 bulet,
2350 4812 2449 4852 nec
2489 4797 2654 4852 faciat
2685 4798 2981 4868 quidquam
3026 4797 3287 4867 injustum
3316 4814 3329 4849 :
3364 4809 3545 4849 nonne
3572 4792 3736 4848 debet

2147 4892 2279 4957 vita,
2304 4907 2425 4962 quze
2472 4892 2730 4947 Christus
2753 4902 2837 4947 est
2862 4893 3067 4960 vivere,
3107 4900 3162 4946 et
3200 4906 3537 4962 nequaquam
3570 4887 3730 4954 mori,

2146 4998 2267 5040 cum
2298 4987 2651 5042 comminatio
2694 4987 2997 5058 peccatoris
3022 4987 3231 5057 justum
3271 4985 3464 5054 punire
3492 4998 3601 5038 non
3638 4981 3734 5036 de-

2138 5078 2307 5135 beat?
2337 5081 2467 5135 Tale
2490 5080 2617 5151 quid
2644 5081 2883 5151 loquitur
2901 5096 3083 5136 sermo
3106 5078 3323 5135 divinus
3342 5077 3410 5132 ad
3440 5075 3732 5132 Jeremiam

2138 5173 2354 5243 quando
2384 5171 2670 5227 descendit
2691 5172 2745 5228 in
2778 5173 3000 5227 domum
3036 5170 3206 5241 figuli,
3233 5178 3287 5225 et
3308 5169 3462 5223 audit
3485 5168 3570 5223 vel
3602 5182 3732 5238 pru-

2141 5267 2325 5335 missa,
2359 5267 2441 5323 vel
2470 5269 2951 5324 comminationem
2982 5267 3080 5323 Dei
3127 5266 3178 5320 id
3212 5280 3395 5335 agere,
3424 5273 3487 5318 ut
3516 5261 3602 5317 vel
3637 5262 3734 5314 lio-

2142 5362 2316 5417 mines
2343 5373 2640 5430 provocent
2674 5363 2740 5418 ad
2776 5364 3028 5429 salutem,
3060 5360 3146 5415 vel
3177 5359 3492 5414 deterreant
3542 5373 3570 5412 a
3605 5370 3731 5427 pec—

2140 5464 2262 5510 cato
2293 5452 2507 5525 (Jerem.
2542 5454 2721 5526 xvrn).
2755 5454 2909 5512 Unde
2945 5454 3034 5524 qui
3070 5452 3297 5508 dicunt:
3327 5449 3443 5506 Non
3464 5460 3550 5506 est
3578 5463 3733 5520 aequa

2219 5606 2241 5634 ο
2273 5594 2348 5651 Ita
2379 5594 2587 5649 habent
2611 5603 2665 5648 et
2695 5593 2897 5661 nostri,
2929 5600 2988 5648 et
3027 5606 3163 5663 quos
3207 5589 3414 5646 Victor.
3464 5586 3736 5663 consuluit

2150 5667 2369 5723 codices
2421 5666 2738 5722 Florentini.
2787 5658 3060 5722 Martianf
3094 5674 3216 5736 post
3263 5663 3470 5719 Erasm.
3513 5658 3737 5716 retinuit

2148 5741 2314 5796 eidem
2339 5738 2552 5795 homini.

3777 208 3795 234 ι
