4038 6328
295 226 393 289 521

931 229 1584 291 COMMENTARIORUM
1626 228 1689 289 IN
1730 226 2167 288 LZECHIELEM
2206 227 2338 288 LIB.
2381 230 2448 288 Χ.
2492 228 2643 289 CAP.
2688 225 2954 289 XXXIII.‘

3448 226 3555 285 32$

294 344 376 395 via
404 342 646 409 Domini,
667 356 970 417 arguuntur
1000 350 1142 420 quod
1171 351 1411 422 ipsorum
1443 351 1512 407 sit
1541 351 1722 422 iniqua
1755 364 1880 405 sen-
1904 352 1958 410 Α
1984 364 2113 418 ergo
2140 348 2441 405 Jerusalem
2472 359 2634 421 atque
2669 350 2955 416 subversa,
2977 348 3222 417 aperitur
3252 361 3314 403 os
3343 347 3563 403 Domini

293 441 483 505 tentia,
517 440 829 497 habentium
852 445 1069 500 oculum
1099 447 1424 517 pessimum,
1453 454 1509 503 et
1538 459 1874 517 nequaquam
1976 439 2139 514 400
2172 456 2268 511 per
2296 441 2596 512 apostolos,
2618 443 3022 513 etapostolicos
3041 442 3207 509 viros,
3226 441 3563 512 quipossnnt

290 548 454 598 nova,
508 534 607 589 sed
636 545 820 593 vetera
846 538 1221 609 iudicantium.
1253 541 1458 611 Quibus
1494 540 1749 617 omnibus
1778 540 1875 596 dc-

290 636 656 695 monstratur,
693 645 791 686 nec
821 643 1162 702 peccatorem
1196 635 1425 691 salutem
1455 620 1750 703 desperare
1777 631 1874 688 de-

289 720 445 790 bere,
478 721 523 778 si
566 732 690 795 agat
719 727 1098 796 ptenitentiam
1128 748 1139 781 :
1176 743 1276 784 nec
1307 728 1512 799 justum
1545 726 1599 782 in
1629 741 1724 782 sua
1747 740 1879 783 con-

294 812 474 869 lidere
499 814 736 885 justitia,
768 818 812 873 si
844 819 1142 889 perdiderit
1163 820 1497 892 negligenter
1515 820 1656 890 quod
1681 834 1877 890 magno

290 905 481 962 labore
498 909 814 979 quaesierat.
839 911 1116 969 Manifesta
1143 913 1656 981 transcurrimus,ut
1701 912 1755 967 in
1777 912 1878 966 ob-

289 1000 634 1057 scurioribus
681 1003 1035 1061 immoremur
1056 1047 1070 1072 ,
1123 1006 1177 1061 in
1204 1006 1399 1077 quibus
1428 1014 1607 1061 autem
1638 1018 1881 1075 praesens

291 1094 585 1166 prophetia
614 1095 889 1169 discrepet
916 1114 943 1152 a
978 1098 1272 1170 praeterita,
1305 1112 1359 1155 et
1387 1100 1439 1155 in
1464 1098 1663 1171 quibus
1697 1099 1882 1169 loqua-

291 1198 377 1242 tur
400 1189 632 1256 similia,
654 1190 870 1247 collatio
901 1192 1183 1264 utriusque
1202 1193 1401 1264 poterit
1420 1192 1683 1250 indicare.
1712 1193 1883 1249 Porro

288 1280 417 1352 quid
450 1282 523 1336 sit
551 1282 816 1353 judicium
864 1284 1042 1341 facere
1085 1295 1140 1342 et
1161 1287 1457 1355 justitiam,
1498 1287 1693 1358 pignus
1722 1286 1885 1343 resti-

288 1384 470 1441 tuere,
504 1376 752 1447 rapinam
778 1377 1005 1434 reddere
1024 1420 1039 1447 ,
1074 1380 1130 1434 in
1160 1380 1427 1435 mandatis
1450 1380 1573 1435 vita:
1601 1379 1884 1435 ambulare

285 1478 337 1525 et
366 1478 599 1534 caetera,
632 1470 685 1524 in
719 1469 823 1525 boc
849 1471 1041 1527 eodem
1067 1472 1325 1543 propheta
1358 1487 1520 1543 supra
1556 1473 1808 1527 diximus.

354 1560 557 1629 (Vers.
576 1562 670 1628 Ἦ,
688 1561 887 1633 22.)Et
917 1566 1114 1636 factum
1132 1575 1205 1618 est
1225 1565 1281 1619 in
1306 1565 1609 1620 duodecimo
1639 1581 1797 1631 anno,
1829 1564 1885 1618 in

283 1656 452 1729 399
481 1657 687 1712 decimo
710 1674 879 1714 mense
899 1657 1078 1730 [Vulg.
1095 1669 1237 1715 tacet.
1256 1658 1472 1732 mense],
1497 1660 1677 1729 quinta
1696 1659 1885 1713 mensis

1977 534 2156 590 dicere
2179 552 2191 588 :
2214 534 2285 590 Os
2302 550 2481 590 meum
2505 544 2749 605 apertum
2764 544 2847 591 est
2877 534 2942 590 ad
2965 549 3083 602 vos,
3100 548 3132 588 ο
3152 532 3419 589 Corinthii
3440 549 3455 599 ;
3476 541 3559 587 et:

1976 632 2242 699 Apertum
2276 636 2361 685 est
2388 627 2522 684 mihi
2545 629 2740 684 ostium
2769 644 3021 700 magnum
3038 638 3093 685 et
3127 626 3326 684 efﬁcax
3360 626 3423 700 (ll
3442 627 3563 683 Cor.

1978 721 2424 794 vt,‘Il).Etillud
2457 740 2471 777 :
2500 721 2573 777 Os
2589 737 2767 777 meum
2795 721 3004 792 aperui,
3028 729 3081 776 et
3101 720 3291 776 attraxi
3318 719 3567 792 spiritum

1983 815 2154 887 (Psat.
2174 833 2358 886 cxvnt,
2382 817 2523 889 151),
2548 817 2690 888 quod
2714 831 3005 887 numquam
3027 823 3209 872 tacere
3227 815 3446 888 poterit,
3467 829 3570 871 nec

1981 911 2169 966 audire
2198 927 2320 967 cum
2344 911 2506 967 Israel
2531 926 2545 962 :
2572 908 2732 978 Audi,
2766 908 2958 978 Israel,
2984 918 3040 965 et
3077 919 3195 965 tace
3221 928 3232 963 :
3260 909 3354 965 sed
3378 909 3432 963 in
3456 916 3571 962 toto

1981 1005 2111 1061 orbe
2134 1005 2433 1074 resonabit,
2458 1012 2515 1060 et
2534 1003 2736 1059 Christi
2752 1002 3101 1074 Evangelium
3115 999 3570 1073 pandet[Al.pau-

1985 1098 2164 1173 detur]
2188 1099 2459 1170 gentibus.
2482 1098 2641 1156 Unde
2656 1098 2806 1168 juxta
2825 1097 2969 1153 hunc
2983 1112 3205 1153 sensum
3232 1105 3286 1151 et
3312 1094 3569 1151 duodeci-

1991 1208 2112 1249 mus
2155 1208 2333 1247 annus
2354 1191 2446 1262 ,ad
2476 1191 2761 1247 duodecim
2778 1190 3013 1247 refertur
3034 1191 3234 1257 tribus,
3260 1187 3570 1244 etdecimus

1984 1287 2187 1343 mensis
2211 1286 2278 1341 ad
2299 1297 2517 1357 tempus
2539 1285 2939 1356 propitiationis
2960 1284 3222 1349 Judaicte,
3246 1298 3368 1353 qua:
3384 1281 3575 1339 Graece

1984 1378 2407 1452 diciturilaanég
2441 1398 2452 1433 :
2482 1389 2538 1435 et
2560 1379 2745 1449 quinta
2761 1377 2881 1435 dies
2904 1378 3107 1434 mensis
3131 1376 3199 1432 ad
3232 1392 3428 1432 sensus
3454 1392 3514 1432 ca
3526 1392 3575 1429 r-

1988 1487 2139 1540 neos,
2164 1487 2287 1544 qua:
2308 1472 2510 1539 omnia,
2544 1481 2698 1542 capta
2717 1471 3040 1539 Jerusalem,
3056 1480 3110 1525 et
3131 1468 3426 1540 Evangelio
3447 1483 3574 1524 suc-

1988 1569 2239 1636 cedente,
2264 1568 2443 1624 deleta
2482 1582 2627 1632 esse,
2661 1576 2715 1622 et
2746 1565 3008 1621 transisse
3030 1566 3487 1621 monstravimus:
3522 1572 3578 1621 et

1988 1676 2234 1732 vespere,
2280 1661 2384 1716 hoc
2413 1669 2517 1729 est,
2565 1661 2618 1715 in
2658 1659 3128 1715 consummatione
3158 1658 3350 1714 mundi
3380 1659 3576 1714 iactam

284 1751 773 1822 transmigrationis
825 1752 961 1825 (sive
1009 1751 1342 1826 captivitatis)
1377 1752 1777 1807 nostrte:venit
1817 1749 1886 1804 ad
1915 1740 1964 1804 Β
1992 1769 2206 1809 manum
2266 1753 2479 1808 Domini
2528 1752 2596 1808 ad
2640 1768 2825 1810 verum
2879 1752 3173 1821 Ezechiel,
3221 1754 3311 1825 qui
3366 1752 3576 1811 futuras

286 1861 363 1897 me
386 1845 482 1913 qui
513 1848 727 1917 fugerat
748 1845 885 1917 (sive
912 1847 999 1915 qui
1028 1847 1254 1902 salvatus
1283 1846 1475 1919 fuerat)
1495 1847 1557 1901 de
1574 1843 1884 1913 Jerusalem,

292 1940 487 1992 dicens.
537 1938 761 1995 Vastata
783 1940 919 2014 (sive
947 1944 1119 2011 capta)
1148 1950 1221 1996 est
1250 1941 1450 1995 civitas.
1501 1938 1689 1995 Manus
1712 1948 1889 1994 autem

304 2031 507 2085 Domini
538 2032 688 2104 facta
734 2035 904 2106 fuerat
934 2034 1002 2088 ad
1042 2051 1123 2090 me
1160 2052 1363 2105 vespere
1391 2042 1667 2105 antequam
1697 2034 1889 2087 veniret

314 2129 395 2195 qui
418 2128 621 2198 fugerat
651 2142 671 2181 :
700 2129 1003 2198 aperuitque
1029 2144 1086 2182 os
1106 2144 1276 2182 meum
1304 2127 1467 2181 donec
1498 2128 1690 2181 veniret
1711 2125 1779 2178 ad
1811 2140 1890 2179 me

315 2237 441 2274 sva-te
469 2229 525 2274 et
557 2229 735 2292 aperto
764 2236 850 2275 ore
875 2236 984 2275 meo
1016 2236 1119 2275 non
1141 2218 1267 2275 silui
1300 2219 1545 2291 amplius.
1590 2217 1889 2275 Undecimo

304 2329 431 2368 sano
463 2316 630 2386 regni
661 2314 922 2381 Sedeciaz,
973 2316 1167 2388 quinto
1199 2330 1408 2383 mense,
1442 2325 1599 2386 capta
1650 2322 1733 2370 est
1760 2314 1891 2369 civi-

298 2418 371 2461 tas
399 2406 744 2464 Jerusalem.
794 2408 925 2465 Haac
955 2421 1134 2466 autem
1183 2407 1465 2480 prophetia
1490 2449 1505 2473 ,
1566 2405 1889 2462 duodecimo

293 2517 470 2569 anno,
533 2502 749 2559 decimo
790 2518 997 2575 mense,
1040 2504 1228 2575 quinta
1276 2501 1485 2558 mensis
1521 2500 1888 2571 captivitatis,

294 2598 412 2653 sive
439 2596 974 2668 transmigrationis,
1016 2596 1231 2669 quando
1262 2604 1454 2666 captus
1484 2603 1567 2650 est
1598 2592 1891 2651 Jechonias

298 2688 407 2761 [AL
442 2705 574 2746 cum
600 2690 908 2764 Jecltonia].
943 2692 1022 2747 Ex
1050 2708 1158 2763 quo
1187 2691 1515 2756 ostenditur,
1568 2699 1691 2759 post
1724 2704 1887 2744 unum

300 2798 504 2838 annum
530 2794 584 2839 ct
613 2794 843 2855 quatuor
893 2801 1136 2854 menses,
1165 2795 1223 2842 et
1256 2784 1445 2857 viginti
1476 2786 1716 2857 quinque
1744 2783 1886 2848 dies,

300 2887 459 2944 capta
491 2876 822 2948 Jerusalem,
870 2879 1082 2936 venisse
1111 2879 1440 2951 Babylonem
1472 2894 1641 2934 unum
1689 2877 1887 2932 civium

303 2971 635 3040 Jerusalem,
657 2974 751 3045 qui
779 2974 1051 3031 nuntiaret
1071 2985 1283 3045 captam
1306 2964 1495 3030 urbem
1527 2984 1688 3044 atque
1711 2980 1891 3029 vasta—

306 3072 436 3119 tam.
469 3068 610 3122 Ante
643 3083 807 3122 unum
834 3077 1014 3124 autem
1046 3068 1188 3124 diem
1221 3085 1381 3139 quam
1410 3067 1622 3124 veniret
1652 3067 1745 3138 qtti
1787 3068 1888 3123 ista

1990 1848 2175 1903 ruinas
2203 1846 2353 1902 urbis
2394 1846 2669 1902 cecinerat
2700 1861 2798 1916 per
2821 1847 3138 1917 prophetas,
3168 1855 3224 1901 et
3269 1861 3428 1902 mane
3477 1847 3575 1902 im-

1990 1943 2163 2014 pletas
2188 1957 2310 1998 esse
2341 1942 2688 1997 monstravit.

2062 2036 2249 2107 (Vers.
2284 2035 2353 2090 25
2377 2034 2560 2108 seqq.)
2592 2034 2661 2089 Et
2690 2036 2886 2105 factum
2912 2046 2986 2091 est
3029 2035 3233 2090 verbum
3273 2034 3482 2092 Domini
3508 2037 3578 2093 ad

1991 2148 2089 2196 me,
2125 2131 2298 2185 dicens
2330 2128 2480 2185 :Fiti
2514 2130 2757 2195 hominis,
2799 2130 2887 2200 qui
2912 2128 3144 2183 habitant
3172 2130 3224 2183 in
3249 2129 3471 2185 ruinosis
3497 2130 3581 2186 his

1990 2241 2141 2295 super
2160 2227 2374 2279 humum
2397 2221 2567 2278 Israel
2594 2223 2875 2294 loquentes,
2894 2228 3040 2278 aiunt
3074 2238 3093 2277 :
3116 2222 3261 2278 Unus
3282 2233 3393 2278 erat
3415 2225 3579 2278 Abra-

1992 2319 2131 2386 ham,
2163 2326 2212 2372 et
2244 2320 2271 2348 ⁴¹
2296 2317 2521 2390 possedit
2552 2326 2745 2371 terram
2772 2333 2791 2371 :
2851 2333 2942 2372 nos
2992 2326 3161 2373 autem
3207 2317 3360 2373 ntulti
3400 2335 3580 2375 sumus

1993 2412 2012 2485 [
2018 2412 2172 2482 Vulg.
2213 2420 2353 2467 tacet
2402 2410 2602 2483 sumus]
2624 2457 2639 2481 ,
2667 2410 2811 2465 nobis
2842 2410 2967 2466 data
2994 2420 3067 2467 est
3116 2423 3252 2467 terra
3281 2415 3335 2466 in
3378 2428 3580 2484 posses-

1990 2506 2204 2560 sionem.
2259 2503 2467 2559 Idcirco
2510 2504 2648 2559 dices
2689 2505 2757 2558 ad
2786 2521 2869 2560 eos
2915 2522 2933 2559 :
2983 2504 3109 2560 Hice
3160 2505 3285 2560 dicit
3323 2503 3579 2565 Dominus

1990 2599 2134 2654 Deus
2161 2617 2180 2654 :
2227 2599 2327 2668 Qui
2356 2599 2410 2653 in
2437 2600 2688 2671 sanguine
2728 2599 3032 2670 comeditis,
3077 2609 3125 2655 et
3176 2600 3348 2656 oculos
3389 2610 3579 2658 vestros

1994 2692 2170 2747 levatis
2195 2694 2261 2746 ad
2282 2692 2634 2747 immunditias
2660 2704 2873 2759 vestras,
2904 2704 2952 2749 et
2977 2694 3283 2767 sanguinem
3327 2695 3572 2766 funditis,

1992 2784 2239 2854 numquid
2276 2782 2384 2857 [AL
2416 2784 2715 2859 numquam]
2745 2795 2933 2839 terram
2971 2786 3273 2841 haereditate
3294 2787 3578 2856 possidebi-

1991 2878 2099 2933 tis?
2120 2878 2345 2933 Stetistis
2371 2880 2425 2933 in
2446 2877 2635 2950 gladiis
2663 2880 2871 2947 vestris,
2922 2880 3115 2951 fecistis
3142 2881 3571 2951 abominationes,

1992 2980 2037 3026 et
2070 2973 2420 3043 unusquisque
2457 2989 2667 3028 uxorem
2711 2974 2936 3044 proximi
2961 2974 3044 3029 sui
3092 2974 3369 3044 polluistis,
3400 2986 3447 3032 et
3474 2987 3576 3031 ter-

1992 3081 2104 3119 ram
2129 3065 2424 3120 haereditate
2473 3065 2838 3135 possidebitis?
2871 3064 2998 3120 Hatc
3038 3066 3179 3121 dices
3207 3068 3275 3121 ad
3316 3085 3444 3124 eos:
3485 3067 3578 3125 Sic

306 3169 594 3227 narraret,
645 3162 860 3233 vesperi
906 3162 1047 3219 facta
1070 3171 1156 3218 est
1185 3179 1375 3219 manus
1409 3163 1618 3219 Domini
1649 3162 1715 3217 ad
1748 3160 1888 3216 Eze-
1916 3140 1962 3204 (ἶ
1993 3160 2117 3213 dicit
2140 3158 2387 3213 Dominus
2414 3158 2555 3215 Deus
2596 3176 2615 3215 :
2666 3160 2790 3216 Vivo
2821 3178 2935 3233 ego,
2960 3161 3081 3233 quia
3122 3162 3210 3233 qui
3253 3163 3307 3217 in
3349 3163 3578 3220 ruinosis

309 3253 536 3310 chielem
573 3255 917 3326 prophetam,
950 3272 1072 3328 qua:
1107 3257 1326 3327 aperuit
1361 3271 1423 3313 os
1450 3256 1572 3327 ejus
1613 3254 1757 3325 quod
1796 3253 1888 3307 diu

312 3346 550 3402 clausum
593 3348 791 3416 fuerat,
824 3359 881 3404 et
925 3348 1190 3420 quidquid
1219 3357 1342 3405 erat
1372 3350 1463 3404 ille
1502 3347 1767 3413 dicturus,
1799 3345 1888 3402 hic

313 3438 503 3495 factum
525 3450 653 3498 ante
694 3442 985 3513 replicavit
1011 3460 1025 3497 :
1056 3459 1159 3499 nec
1207 3443 1358 3499 siluit
1384 3442 1620 3513 amplius
1646 3482 1661 3507 ,
1696 3439 1886 3495 videns

312 3536 653 3606 prophetiam
676 3552 829 3593 suam
872 3552 1042 3607 opere
1070 3538 1422 3607 completam,
1451 3545 1507 3593 et
1546 3548 1886 3607 nequaquam

313 3628 556 3684 dubitare
589 3630 843 3700 populum
874 3631 966 3701 qui
1000 3639 1118 3686 erat
1144 3631 1198 3686 in
1228 3631 1527 3702 Babylone,
1557 3630 1639 3686 vel
1671 3646 1771 3686 eos
1793 3634 1887 3704 qui

312 3722 449 3791 capti
477 3730 631 3777 erant
660 3721 728 3777 de
753 3722 1011 3778 vaticinio
1039 3722 1365 3794 prophetali.
1392 3723 1542 3779 Tunc
1573 3724 1717 3781 enim
1757 3740 1888 3796 ape-

311 3819 445 3872 ritur
464 3832 529 3873 os
565 3817 869 3888 prophetae,
901 3816 1121 3885 quando
1148 3817 1293 3889 quod
1324 3818 1471 3889 prius
1519 3819 1882 3887 nuntiaverat,

312 3924 472 3980 Opere
497 3911 817 3967 monstrarit
837 3910 1085 3968 ell‘ectum
1116 3930 1130 3966 :
1163 3920 1214 3967 et
1247 3920 1359 3966 tota
1392 3913 1645 3970 libertate
1674 3913 1890 3984 procla-

312 4016 456 4072 mat,
503 4006 593 4077 qui
646 4021 983 4078 nequaquam
1026 4007 1238 4073 futura,
1294 4007 1393 4063 sed
1427 4008 1509 4064 vel
1560 4008 1886 4078 prmsentia,

311 4099 391 4154 vel
440 4109 711 4154 transacta
745 4098 1101 4155 demonstrat.
1137 4100 1250 4156 Hoc
1281 4100 1580 4156 secundum
1623 4101 1884 4158 litteram.

310 4190 571 4249 Caeterum
618 4193 769 4264 juxta
834 4208 1112 4264 anagogen
1144 4234 1160 4258 ,
1205 4194 1252 4250 si
1312 4192 1554 4249 Ezechiel
1622 4194 1890 4266 interpre-

307 4293 449 4341 tatur
498 4286 746 4356 fortitudo
803 4285 953 4340 Dei:
996 4283 1246 4341 Christus
1290 4296 1469 4342 autem
1506 4292 1591 4341 est
1628 4286 1726 4344 Dei
1780 4289 1889 4344 vir-

310 4391 412 4445 tus,
438 4388 496 4436 et
524 4378 789 4449 sapientia
842 4378 885 4450 (ι
912 4376 1098 4449 Cor-.1,
1128 4378 1254 4450 24),
1310 4379 1411 4435 hoc
1449 4379 1887 4451 intelligendum,

307 4473 447 4545 quod
478 4481 638 4542 capta
655 4471 957 4529 Jerusalem
979 4481 1035 4529 et
1061 4472 1343 4541 subversa,
1369 4472 1691 4545 quicumque
1731 4474 1889 4543 perti-

1991 3250 2220 3306 habitant
2248 3254 2424 3324 gladio
2450 3253 2654 3324 cadent,
2688 3266 2736 3309 et
2755 3256 2841 3325 qui
2861 3256 2915 3309 in
2941 3272 3067 3326 agro
3086 3264 3182 3321 est,
3208 3255 3380 3312 bestiis
3403 3259 3577 3315 trade-

1991 3355 2075 3400 tur
2102 3348 2171 3400 ad
2197 3348 2543 3403 devorandum
2578 3365 2596 3403 :
2624 3351 2715 3420 qui
2737 3359 2909 3404 autem
2937 3351 2991 3404 in
3021 3350 3278 3420 prwsidit’s
3306 3362 3350 3407 et
3376 3354 3433 3407 in
3459 3370 3578 3426 spe-

1991 3436 2158 3493 lancis
2181 3449 2326 3506 sunt,
2357 3449 2496 3510 peste
2523 3442 2824 3497 ntorientur.
2853 3441 2924 3497 Et
2942 3443 3075 3499 dabo
3095 3452 3287 3499 terram
3312 3445 3367 3500 in
3394 3447 3579 3502 solitu-

1992 3531 2183 3599 dinem,
2215 3543 2263 3589 et
2318 3536 2371 3589 in
2415 3534 2693 3605 desertum,
2742 3546 2789 3590 et
2832 3538 3031 3606 deﬁciet
3065 3538 3286 3609 superba
3328 3540 3579 3610 fortitudo

1989 3625 2123 3696 ejus,
2152 3637 2197 3680 et
2224 3626 2596 3683 desolabuntur
2617 3640 2812 3684 montes
2829 3627 3016 3700 Israel,
3058 3647 3118 3685 eo
3141 3631 3282 3702 quod
3309 3632 3486 3688 nullus
3511 3634 3579 3688 sit

1989 3720 2078 3787 qui
2097 3735 2187 3791 per
2212 3735 2297 3775 eos
2323 3728 2570 3776 transeat.
2612 3720 2683 3775 Et
2712 3722 2873 3776 scient
2894 3724 3015 3794 quia
3045 3740 3138 3795 ego
3158 3742 3269 3779 sum
3301 3725 3577 3796 Dominus,

1991 3829 2109 3867 cum
2142 3814 2332 3869 dedero
2383 3824 2573 3870 terram
2595 3833 2771 3872 eorum
2799 3816 2980 3890 [Vulg.
3016 3827 3163 3875 tacet
3192 3820 3388 3894 eorum]
3429 3821 3581 3876 deso-

1993 3907 2152 3961 latam
2207 3918 2254 3962 et
2282 3910 2553 3979 desertam,
2601 3919 2810 3984 propter
2861 3912 3126 3967 universas
3172 3914 3580 3970 abominationes

1989 4018 2135 4068 suas,
2164 4020 2292 4074 quas
2319 4006 2521 4075 aperati
2548 4015 2688 4061 sunt.
2715 4004 2785 4060 Et
2804 4015 2881 4075 tu,
2905 4008 2984 4078 fili
3012 4009 3253 4075 hominis,
3283 4010 3382 4080 filii
3402 4011 3581 4082 populi

1991 4098 2067 4151 tui
2094 4097 2272 4169 [Vulg.
2302 4100 2472 4156 addit.
2503 4100 2612 4174 qui]
2643 4101 2925 4172 loquuntur
2941 4102 3006 4157 de
3029 4111 3079 4157 te
3120 4104 3280 4174 juxta
3311 4120 3511 4172 muros,
3534 4114 3583 4160 et

1989 4191 2043 4245 in
2087 4194 2230 4247 ostiis
2286 4194 2577 4261 domorum,
2614 4204 2659 4249 et
2686 4194 2863 4250 dicunt
2887 4212 3022 4251 unus
3050 4198 3119 4250 ad
3139 4198 3375 4263 alterum,
3406 4198 3484 4253 vir
3511 4200 3583 4253 ad

1990 4286 2285 4355 proximum
2325 4305 2475 4344 suum
2501 4287 2764 4360 loquentes
2788 4305 2807 4344 :
2846 4289 3043 4357 Venite,
3075 4299 3123 4345 et
3167 4290 3445 4347 audiamus
3489 4293 3581 4365 qui

1991 4379 2054 4431 sit
2080 4396 2251 4435 sermo
2276 4381 2540 4452 egrediens
2569 4399 2602 4435 a
2626 4380 2867 4438 Domino.
2900 4382 2970 4437 Et
2997 4384 3207 4439 veniunt
3244 4384 3314 4439 ad
3342 4396 3406 4453 te,
3432 4388 3581 4457 quasi

1990 4482 2037 4535 si
2090 4483 2414 4555 ingrediatur
2461 4485 2682 4557 papulus
2738 4485 2844 4556 (vel
2872 4486 3131 4557 quomodo
3184 4490 3407 4560 papulus
3456 4506 3579 4546 con-

307 4564 448 4621 diam
471 4564 1061 4664 δμάωοτυηῃδοξυθτίι
1107 4565 1337 4664 θνθίξθΐθ
1358 4609 1386 4664 ν⁸
1428 4566 1623 4637 quales
1661 4566 1886 4664 Ῑιιθιξυηι
1912 4544 1963 4605 D
1988 4588 2191 4658 gregari
2213 4587 2393 4658 solet);
2424 4597 2473 4641 et
2500 4589 2678 4644 sedent
2697 4605 2876 4644 coram
2904 4598 2951 4646 te
2970 4589 3196 4664 populus
3214 4609 3377 4663 meus,
3412 4604 3460 4649 et
3480 4611 3577 4649 au-

305 4658 567 4731 apostoli,
615 4667 671 4715 et
714 4658 959 4731 reliquis:
999 4674 1117 4731 quae
1157 4660 1321 4717 salva:
1362 4660 1520 4716 facta:
1566 4671 1724 4727 sunt,
1767 4662 1887 4732 ipse

305 4753 520 4812 Christo
550 4755 765 4810 nuntiat
803 4769 995 4809 omnes
1020 4756 1380 4812 caeremonias
1419 4753 1736 4811 Judatorum
1761 4769 1887 4813 esse

302 4850 615 4913 subversas,
656 4863 790 4917 quas
820 4846 1035 4920 quidam
1085 4862 1256 4918 usque
1306 4847 1468 4905 hodie
1514 4848 1886 4905 observandas

303 4955 515 5016 putant,
545 4961 654 5002 non
684 4944 968 5001 audientes
994 4943 1128 5001 illud
1158 4943 1406 5015 Apostoli
1436 4961 1450 4997 :
1480 4944 1711 5015 Agratia
1738 4944 1887 5000 exci-

300 5038 459 5094 distis
484 5036 576 5108 qui
601 5036 655 5092 in
684 5035 828 5108 Lege
863 5035 1232 5107 justiﬁeamini
1262 5035 1461 5111 (Galat.
1495 5054 1549 5105 v,
1580 5037 1659 5107 4).
1693 5039 1886 5097 Miror-

300 5148 408 5205 que
436 5132 715 5189 hominum
748 5133 1121 5203 pertinaciam,
1153 5132 1207 5188 id
1234 5133 1373 5189 velle
1414 5148 1670 5191 sermone
1699 5134 1887 5192 delen-

299 5227 457 5292 dere,
500 5226 647 5295 quod
688 5241 858 5298 opere
884 5226 1114 5297 implere
1166 5243 1273 5283 non
1301 5226 1558 5295 audeant,
1598 5230 1701 5285 nisi
1745 5229 1888 5287 forte

298 5322 404 5378 sub
432 5321 578 5394 pelle
604 5322 811 5393 ovium,
857 5322 910 5377 id
937 5330 1041 5390 est,
1069 5322 1524 5393 Christianorum,
1559 5323 1669 5395 lupi
1707 5324 1888 5381 celan-

298 5424 390 5472 tur
409 5415 643 5473 Judaici.
674 5414 813 5484 Quid
844 5415 1099 5472 defensor
1129 5414 1240 5489 [ΑΙ.
1265 5416 1586 5472 defensores
1615 5426 1663 5471 et
1699 5434 1890 5489 perso-

295 5511 455 5584 nant]
484 5525 770 5583 synagoga:
790 5511 845 5567 in
868 5508 1075 5568 Christi
1103 5511 1361 5567 Ecclesiis
1395 5511 1685 5580 personat?
1713 5511 1885 5584 Capta

380 5664 405 5691 α
435 5649 664 5724 Supplet
707 5650 939 5717 Victam,
990 5651 1289 5708 hereditate
1338 5667 1405 5708 ex
1436 5651 1671 5709 Hebraeo
1701 5661 1854 5710 textu
1884 5670 1899 5710 :

291 5740 473 5797 quam
497 5726 727 5798 quidem,
744 5740 933 5781 vocem
983 5735 1040 5780 et
1087 5724 1343 5798 Rabanus
1391 5725 1520 5798 olim
1556 5725 1644 5798 hic
1680 5725 1811 5797 legit
1847 5734 1904 5784 et

294 5795 534 5856 Ilieron'.
566 5799 622 5856 in
644 5797 896 5855 subnexa
916 5797 1258 5869 expositione
1278 5796 1458 5853 innuit
1476 5795 1751 5868 posuisse;

1985 4687 2132 4742 diunt
2152 4686 2312 4760 ἀοι
2337 4704 2598 4745 sermones
2624 4699 2769 4759 tuos,
2801 4701 2852 4747 et
2881 4709 2985 4748 non
3014 4676 3219 4765 faciunt
3236 4712 3352 4764 eos,
3375 4698 3499 4769 quia
3521 4699 3578 4753 in

1988 4790 2243 4845 canticum
2279 4790 2383 4845 oris
2414 4792 2496 4846 sui
2532 4802 2734 4848 vertunt
2760 4794 2881 4851 illos
2898 4812 2918 4862 ;
2944 4806 2996 4851 et
3021 4799 3289 4854 avaritiam
3317 4816 3463 4856 suam
3494 4820 3577 4858 se-

1986 4892 2159 4962 quitur
2187 4907 2275 4947 cor
2326 4908 2501 4948 eorum
2542 4893 2685 4966 (sive
2712 4902 2771 4951 ut
2797 4895 2849 4950 in
2886 4895 3031 4953 LXX
3060 4901 3403 4958 continetur:
3438 4903 3578 4971 Quo-

1988 4997 2125 5051 niam
2171 4998 2494 5053 mendacium
2535 4999 2591 5054 in
2620 5016 2707 5056 ore
2753 5016 2928 5056 eorum
2957 5002 3055 5076 ipsi
3101 5006 3344 5076 faciunt,
3372 5017 3421 5063 et
3462 5016 3577 5081 post

1990 5102 2390 5159 abominationes
2434 5122 2558 5161 suas
2587 5122 2675 5161 cor
2716 5122 2894 5163 eorum
2929 5110 3189 5181 graditur.
3240 5111 3576 5186 Sequitur):

1990 5203 2059 5259 Et
2088 5222 2140 5260 es
2162 5206 2237 5261 eis
2281 5207 2429 5278 quasi
2454 5223 2663 5263 carmen
2704 5209 2959 5265 musicum
2997 5211 3138 5283 quod
3168 5214 3315 5269 suavi
3340 5213 3579 5287 dulcique

1988 5324 2115 5363 sono
2142 5306 2364 5375 canitur',
2391 5317 2441 5365 et
2466 5310 2677 5365 audient
2705 5311 2858 5367 verba
2884 5323 2975 5369 tua
3001 5357 3016 5384 ,
3043 5325 3090 5370 et
3118 5333 3221 5371 non
3248 5319 3439 5389 facient
3470 5335 3530 5373 ea
3557 5360 3573 5385 ,

1987 5420 2034 5467 et
2058 5428 2176 5467 cum
2204 5412 2398 5468 venerit
2420 5415 2560 5482 quod
2598 5415 2908 5485 praedictum
2934 5427 3011 5472 est
3033 5459 3050 5486 ,
3083 5435 3196 5475 ecce
3220 5420 3356 5475 enim
3394 5422 3532 5478 venit
3560 5438 3581 5480 :

1987 5526 2111 5572 tunc
2132 5516 2289 5571 scient
2303 5513 2443 5587 quod
2458 5515 2708 5588 prapheta
2727 5514 2755 5555 ιι
2778 5517 2845 5572 sit
2868 5518 2924 5572 in
2948 5519 3116 5574 medio
3134 5535 3329 5577 eorum.
3342 5521 3583 5582 Primum

2076 5654 2105 5694 b
2145 5655 2327 5731 Penes
2367 5652 2655 5731 Rabanum
2685 5697 2701 5723 ,
2743 5663 2816 5731 et
2854 5653 3075 5731 Xulgat.
3124 5656 3409 5731 PrOplteles
3436 5706 3451 5731 ,
3501 5663 3591 5721 vel

2008 5725 2274 5800 Propheta
2300 5727 2457 5798 fuerit
2480 5727 2617 5801 inter
2636 5742 2741 5801 ros.
2772 5725 3007 5801 Fallitur
3026 5743 3197 5801 porro
3218 5725 3447 5791 Drusius
3463 5735 3592 5792 dum

2006 5812 2108 5871 pro
2122 5798 2271 5867 octo,
2302 5806 2435 5870 quot
2466 5798 2770 5858 versiculos
2798 5798 3047 5859 Hieroni
3066 5805 3230 5864 tradit
3255 5821 3423 5879 penes
3451 5806 3598 5865 LXX
