3928 6322
331 261 437 337 323

1544 276 1623 337 ‘s.
1665 259 1933 339 unseen
1972 254 2357 338 utenouvtil

3504 268 3607 337 δει

330 400 605 455 sciendum
631 441 644 465 ,
682 408 706 436 ει
729 397 874 470 quod
906 404 1031 454 octo
1061 397 1179 465 plus
1208 397 1291 453 vel
1323 396 1501 454 minus
1531 410 1719 456 versus
1747 401 1815 455 ab
1848 415 1912 456 eo
1941 400 1991 467 Α
2019 399 2335 457 seeleratior
2356 443 2369 467 ,
2405 392 2549 469 quod
2587 398 2778 466 amici,
2811 404 2865 453 et
2894 396 3127 468 praximi
3176 394 3424 467 polluerit
3472 408 3612 451 uxo—

324 491 445 545 loco
475 508 632 562 quem
667 493 945 561 posuimus
978 508 992 545 :
1031 490 1134 560 Qui
1160 491 1213 544 in
1248 493 1497 563 sanguine
1530 492 1832 557 comeditis,
1869 503 1914 547 et

333 586 507 639 oculos
528 595 718 639 vestros
741 583 921 640 levatis
946 582 1013 636 ad
1044 583 1397 651 immunditius
1418 595 1632 649 vestras,
1659 594 1825 654 usque
1848 580 1915 640 ad

331 695 451 733 eum
481 680 655 735 locum
698 680 787 734 ubi
821 678 1078 749 scriptum
1111 688 1227 731 est:
1264 677 1388 732 Hice
1410 680 1547 733 dices
1576 679 1643 732 ad
1670 688 1791 743 eos,
1844 679 1917 732 sic

332 771 455 825 dicit
488 770 741 827 Dominus
764 770 937 841 Deus,
974 775 1024 828 in
1054 767 1196 833 LXX
1224 784 1331 826 non
1373 771 1641 837 habetur,
1674 772 1767 843 qui
1795 780 1916 826 Cum

330 865 516 919 multis
557 863 676 920 aliis
698 907 711 930 ,
744 874 796 921 et
828 866 943 921 huic
976 867 1473 936 praetermiserunt,
1504 867 1619 921 sive
1651 862 1921 936 interpred

329 962 442 1011 tata
474 958 541 1013 ab
569 959 678 1025 eis,
716 962 1042 1024 scriptorum
1086 958 1343 1029 paulatim
1377 958 1586 1014 sublata
1615 969 1738 1013 sum
1764 959 1917 1014 vitio.

329 1050 397 1105 Et
424 1048 599 1104 Latini
630 1051 835 1119 nostri,
864 1052 1035 1109 immo
1056 1050 1227 1108 invidi
1250 1052 1541 1108 Christiani
1565 1095 1580 1121 ,
1613 1060 1664 1108 et
1688 1062 1745 1108 ut
1767 1068 1922 1122 aper-

328 1143 436 1197 tius
463 1144 660 1210 dicam,
697 1143 720 1180 ι’
752 1143 1088 1199 Grunniana:
1121 1145 1374 1201 factionis
1416 1144 1662 1202 haeredes
1684 1189 1697 1212 ,
1729 1145 1922 1202 adver-

328 1250 448 1290 sum
479 1252 577 1289 nos
606 1235 842 1305 latrant,
877 1253 974 1291 cur
1009 1238 1162 1306 jnitta
1192 1236 1516 1293 llebraicum
1546 1238 1877 1292 disseramus
1903 1248 1918 1292 :

328 1330 485 1398 quasi
516 1330 830 1385 nolentibus
851 1330 1125 1401 ingerendi
1155 1332 1266 1385 sint
1285 1331 1388 1386 cibi
1414 1372 1428 1398 ,
1458 1340 1513 1385 et
1542 1340 1648 1384 non
1681 1331 1763 1385 his
1793 1346 1923 1400 epu-

328 1422 395 1477 lae
425 1431 796 1492 praeparentur
821 1425 915 1494 qui
949 1439 1045 1480 eas
1072 1439 1195 1480 cum
1224 1424 1523 1495 gratiarum
1562 1425 1773 1479 actione
1804 1436 1922 1479 sus—

327 1516 556 1586 cipiunt.
578 1515 740 1572 Certe
763 1519 805 1571 si
827 1518 982 1573 nobis
1003 1530 1109 1573 non
1131 1518 1332 1573 habent
1352 1517 1511 1572 [idem
1536 1563 1549 1587 ,
1584 1518 1765 1588 legant
1783 1517 1923 1571 alias

330 1610 599 1667 editiones
624 1653 637 1676 ,
674 1613 904 1681 Aquilae,
933 1612 1272 1684 Symmachi,
1301 1622 1357 1668 et
1380 1610 1809 1675 Theodotionis;
1844 1611 1924 1665 in—

332 1711 612 1776 terrogent
642 1705 898 1761 llebrzeos
939 1722 1044 1761 non
1075 1707 1232 1761 unius
1270 1706 1375 1761 loci
1402 1748 1415 1775 ,
1450 1721 1518 1762 ne
1542 1718 1635 1761 eos
1657 1722 1685 1759 a
1712 1721 1798 1760 me
1837 1720 1923 1760 re-

2021 506 2155 548 rem.
2194 492 2259 547 Et
2296 506 2418 547 cum
2447 490 2562 545 hanc
2589 532 2602 554 ,
2638 489 2848 562 inquit,
2883 489 3125 557 faciatis,
3158 487 3495 543 arbitramini
3519 502 3614 539 vos

2020 593 2218 642 terram
2250 585 2564 641 haereditate
2596 590 2907 639 retenturos
2924 584 2946 636 ’ἶ
2979 582 3268 651 Responde
3297 581 3458 652 igitur
3486 581 3564 635 eis
3596 623 3610 647 ,

2020 688 2053 735 ο
2073 681 2337 751 propheta
2354 724 2367 747 ,
2393 690 2448 737 et
2466 682 2603 736 hanc
2626 686 2786 751 super
2807 684 2901 736 eos
2918 684 2984 735 ex
3004 686 3125 735 meo
3151 690 3405 735 sermone
3428 686 3615 750 prome

2021 775 2371 830 sententiam.
2411 770 2542 829 Juro
2565 779 2661 844 per
2701 764 3075 844 memctipstlm
3105 815 3118 839 ,
3144 772 3287 843 quod
3330 774 3419 841 qui
3464 771 3618 826 habi-

2021 872 2139 922 tam
2165 869 2215 920 in
2247 866 2485 923 ruinosis
2508 910 2523 931 ,
2549 878 2601 923 et
2630 864 2906 939 parietinis
2929 911 2942 934 ,
2972 862 3152 939 gladio
3180 866 3415 922 cadant:
3450 876 3503 919 et
3526 867 3615 936 qui

2022 961 2076 1015 in
2110 962 2255 1030 agris
2279 970 2405 1015 sunt
2432 1004 2446 1027 ,
2484 962 2596 1016 sive
2629 963 2680 1015 in
2712 976 2929 1029 campo,
2961 977 2987 1013 a
3024 961 3211 1017 beSliiS
3242 956 3573 1014 devorentur
3600 977 3611 1011 :

2022 1058 2077 1107 et
2103 1052 2192 1122 qui
2216 1052 2267 1106 in
2301 1054 2527 1105 moratis
2552 1094 2569 1120 ,
2602 1054 2717 1107 sive
2736 1050 2791 1107 in
2820 1050 3087 1123 praesidiis
3116 1060 3178 1105 ac
3200 1044 3499 1120 speluncis,
3524 1049 3616 1102 Dei

2025 1145 2157 1198 iram
2207 1144 2375 1198 vitare
2407 1154 2512 1197 non
2575 1146 2817 1214 possint,
2854 1150 2947 1198 sed
3000 1143 3140 1199 fame
3189 1144 3489 1198 moriantur
3522 1183 3536 1206 ,
3566 1147 3622 1196 et

2023 1237 2353 1308 pestilentia.
2385 1237 2451 1292 Et
2488 1236 2651 1303 dabo,
2683 1236 2886 1307 inquit,
2914 1246 3113 1291 terram
3143 1228 3385 1291 Judmttm‘
3410 1237 3461 1290 in
3494 1234 3620 1291 soli-

2024 1330 2270 1385 tudinem
2298 1373 2313 1397 ,
2359 1332 2414 1385 et
2458 1329 2680 1385 deficiet
2718 1329 2951 1399 superba
3002 1326 3260 1384 fortitudo
3306 1320 3426 1398 eius
3451 1372 3466 1395 ,
3501 1338 3621 1397 qua:

2026 1425 2299 1494 quondam
2352 1424 2531 1479 fuerat
2565 1425 2842 1479 fortitudo.
2890 1416 3147 1494 Superhis
3182 1431 3357 1479 autem
3408 1421 3621 1478 resistit

2027 1517 2191 1582 Deus,
2214 1525 2269 1571 et
2295 1516 2588 1571 humilibus
2618 1517 2709 1571 dat
2736 1518 2963 1587 gratiam
2990 1508 3196 1588 (Iacob.
3230 1531 3283 1571 tv
3310 1558 3325 1583 ,
3355 1510 3434 1586 6).
3472 1508 3623 1569 Mon-

2026 1610 2107 1665 tes
2127 1626 2342 1682 quoque
2368 1656 2381 1677 ,
2414 1618 2472 1666 et
2500 1610 2681 1665 omnia
2728 1611 3047 1666 deserentur
3073 1653 3086 1677 ,
3123 1618 3178 1664 et
3214 1610 3265 1664 in
3292 1616 3497 1664 tantam
3529 1622 3626 1663 ve-

2027 1703 2539 1759 nientsolitudinem
2568 1745 2581 1764 ,
2634 1714 2690 1757 ut
2741 1704 2922 1758 nullus
2954 1712 3053 1774 per
3099 1710 3193 1758 eos
3238 1709 3523 1768 transeat,
3570 1711 3627 1757 et

332 1774 584 1867 demptos
623 1799 875 1866 jactitent
902 1840 917 1865 ,
950 1799 1047 1854 sed
1090 1774 1429 1854 diversarum
1480 1799 1876 1869 provinciarum
1907 1812 1921 1864 ;
1956 1774 2003 1843 Β
2032 1800 2158 1851 tunc
2184 1806 2518 1867 nequaquam
2565 1795 2842 1851 conﬁdent
2882 1798 2932 1850 in
2981 1792 3325 1851 multitudine
3349 1800 3445 1850 sua
3470 1793 3625 1863 pauci

330 1898 540 1945 etcum
581 1893 753 1945 errori
804 1905 925 1946 meo
956 1892 1047 1947 vel
1090 1893 1380 1962 imperitia:
1420 1901 1649 1949 wnctos
1694 1892 1930 1948 Viderint

331 1998 635 2038 consonare
662 2025 676 2047 ,
709 1993 832 2038 tunc
862 2000 923 2040 se
959 1985 1264 2055 intelligant
1292 1988 1515 2041 nimium
1544 1998 1668 2042 esse
1694 1986 1929 2057 prudens

330 2080 411 2131 tes
448 2119 462 2144 ,
508 2087 563 2132 et.
594 2078 764 2149 magis
793 2092 999 2149 cupere
1026 2082 1261 2137 dormire
1285 2098 1443 2153 quam
1493 2082 1741 2147 discere;
1776 2083 1928 2137 babi—

330 2177 557 2239 tentqne
584 2170 636 2226 in
661 2173 1001 2244 septuaginta
1024 2174 1239 2230 cellulis
1263 2176 1613 2230 Alexandrini
1635 2175 1797 2230 Phari
1820 2219 1834 2241 ,
1858 2190 1928 2232 ne

332 2264 451 2317 vela
488 2264 719 2332 perdant
756 2262 824 2320 de
865 2268 1099 2321 navibus
1144 2276 1197 2321 et
1237 2268 1444 2322 iunium
1478 2267 1803 2323 detrimenta
1833 2282 1925 2321 su-

331 2357 561 2426 spirent.
580 2358 705 2413 Haec
729 2365 919 2413 contra
941 2361 1179 2416 invidos:
1204 2377 1347 2417 nunc
1368 2364 1513 2432 quod
1544 2362 1928 2432 proposuimus

334 2450 693 2506 disseramus.
729 2451 922 2523 Capta,
952 2465 1009 2508 ut
1052 2454 1291 2509 diximus
1312 2494 1328 2519 ,
1360 2454 1667 2509 JeruSalem
1696 2456 1925 2526 templo‘

331 2557 439 2613 que
462 2544 727 2599 subverso
750 2588 763 2612 ,
798 2560 1067 2615 pauperes
1085 2555 1245 2602 terra:
1270 2589 1284 2613 ,
1316 2547 1387 2602 de
1408 2548 1603 2618 quibus
1627 2547 1815 2602 scribit
1841 2545 1929 2603 Je-s

327 2637 527 2692 remias
549 2638 761 2711 (larem.
798 2643 989 2709 sum)
1014 2686 1028 2710 ,
1089 2643 1189 2696 Soli
1223 2642 1400 2697 rehcti
1432 2640 1649 2697 fuerant
1692 2643 1743 2696 in
1773 2640 1930 2697 Jeru.

331 2731 507 2788 salem
528 2774 542 2797 ,
575 2734 666 2802 qni
692 2735 879 2789 vineas
907 2746 962 2790 et
989 2749 1149 2806 agros
1174 2737 1421 2791 colerent
1446 2779 1460 2802 ,
1485 2742 1541 2791 et
1561 2737 1613 2791 in
1645 2738 1817 2791 ruinis
1849 2737 1929 2791 ini

331 2837 510 2879 censa;
534 2826 691 2881 urbis
717 2827 1051 2884 habitarent.
1078 2830 1328 2900 Cumque
1351 2830 1613 2887 deberent
1635 2846 1794 2903 agere
1817 2848 1930 2904 po:-

333 2918 621 2973 nitentiam
649 2934 814 2991 super
836 2922 933 2975 his.
952 2933 1172 2994 propter
1196 2938 1323 2994 qua
1345 2926 1630 2995 captivitas
1660 2936 1886 2981 venerat
1912 2968 1927 2993 ,

334 3011 549 3081 seipsos
586 3024 739 3067 cassa
791 3031 887 3083 spe
934 3015 1270 3086 decipientes
1326 3018 1727 3088 loquebantur:
1780 3017 1930 3075 Unus

332 3102 437 3157 fuit
476 3111 626 3173 pater
658 3116 847 3161 noster
875 3107 1149 3163 Abraham
1174 3154 1188 3176 ,
1222 3120 1277 3164 et
1322 3120 1503 3165 tamen
1547 3109 1687 3165 hanc
1727 3118 1926 3165 terram

2031 1886 2123 1958 qui
2154 1896 2529 1942 remanserant
2556 1904 2569 1951 ;
2602 1887 2698 1942 sed
2723 1900 3055 1957 c0gnoscent
3082 1886 3394 1943 solitudinis
3418 1887 3627 1958 magni-

2030 1982 2215 2038 tudine
2263 1980 2407 2053 quod
2438 1990 2538 2053 ego
2587 1981 2685 2036 sim
2719 1980 2979 2037 Dominus
3006 2024 3020 2049 ,
3054 1983 3143 2052 qui
3186 1978 3309 2036 dedi
3342 1990 3540 2037 terram
3572 1972 3626 2035 in

2031 2076 2307 2133 desertum
2336 2088 2556 2149 propter
2583 2092 2771 2133 omnes
2799 2076 3226 2134 abominationes
3250 2091 3385 2149 quas
3411 2078 3625 2147 operati

2030 2173 2158 2228 sint.
2193 2172 2317 2226 licet:
2349 2172 2488 2226 dicta
2530 2172 2641 2226 sint
2671 2171 2932 2226 adverSus
2962 2184 3055 2225 eos
3106 2171 3236 2239 qui,
3269 2178 3422 2241 capta
3466 2162 3628 2242 ωδ

2030 2260 2329 2321 Jerusalem
2355 2265 2608 2334 omnique
2628 2263 2937 2319 Judzeorum
2962 2266 3183 2334 regione
3206 2271 3436 2328 vastata,
3469 2263 3629 2332 pauci

2033 2359 2352 2413 habitabant
2385 2360 2436 2412 in
2468 2359 2703 2413 ruinosis
2731 2403 2745 2426 ,
2780 2369 2832 2413 et
2860 2360 2913 2413 in
2938 2358 3174 2413 desertis
3197 2358 3422 2412 urbibus
3465 2358 3629 2411 villu-

2030 2450 2220 2522 lisque.
2249 2452 2401 2507 Nunc
2424 2452 2704 2507 veniamus
2725 2452 2791 2506 ad
2818 2452 3173 2522 tropologiam
3199 2496 3212 2515 ,
3247 2456 3301 2504 et
3320 2450 3471 2519 juxta
3499 2462 3632 2505 con-

2030 2544 2373 2600 suetudinem
2421 2554 2660 2598 nostram
2688 2588 2701 2607 ,
2736 2544 2898 2598 latam
2926 2542 3351 2614 disputationem
3395 2543 3631 2612 stringa-

2030 2644 2152 2691 mus
2202 2636 2380 2706 potius
2409 2653 2567 2707 quam
2618 2637 2974 2692 disseramus.
3002 2635 3195 2691 Omnis
3244 2634 3531 2690 haereticus
3573 2636 3626 2689 in

2034 2731 2317 2800 parietinis
2350 2730 2583 2797 habitat,
2618 2740 2670 2784 et
2701 2730 2931 2785 desertis
2956 2772 2970 2795 ,
3005 2739 3060 2784 et
3084 2729 3363 2800 possidere
3388 2743 3447 2783 se
3470 2735 3628 2798 putat

2036 2837 2230 2879 terram
2264 2824 2431 2880 lsrael
2460 2868 2473 2893 ,
2505 2824 2777 2895 dicitque:
2812 2825 2871 2879 Si
2900 2824 3168 2879 Abraham
3215 2821 3321 2876 ﬁde
3360 2836 3453 2875 sua
3487 2836 3627 2875 unus

2034 2915 2197 2971 homo
2238 2918 2291 2970 in
2322 2926 2521 2970 tantam
2550 2918 2695 2971 venit
2739 2916 3124 2970 beatitudinem
3154 2957 3168 2982 ,
3202 2924 3259 2968 ut
3290 2926 3473 2968 semen
3506 2912 3628 2984 eius

2033 3011 2489 3081 multiplicaretur
2506 3010 2821 3065 sieutarena
2846 3010 3033 3079 maris,
3058 3019 3112 3063 et
3136 3010 3267 3063 sicut
3290 3016 3435 3062 a‘stra
3460 3007 3582 3063 coeli
3609 3025 3625 3061 :

2038 3114 2241 3173 quanto
2289 3103 2458 3173 magis
2507 3119 2605 3156 nos
2635 3102 2819 3171 plures
2862 3112 3058 3155 terram
3105 3101 3271 3157 Israel
3298 3142 3314 3168 ,
3352 3100 3453 3155 hoc
3502 3105 3630 3166 est,

336 3172 659 3254 haereditate
680 3201 951 3269 possedit,
987 3214 1099 3257 non
1134 3172 1281 3273 quod
1311 3204 1425 3273 ipse
1459 3204 1766 3275 possederit
1789 3246 1801 3265 ,
1833 3203 1929 3259 sed
1957 3172 2002 3242 (ἶ
2035 3172 2399 3250 cernendum,
2432 3195 2624 3260 Deum.
2658 3202 2713 3249 et
2740 3192 2981 3247 Ιυάῖεθῐη
3024 3193 3381 3247 εοηῖθεείυηίε
3430 3191 3623 3245 Doms

335 3290 487 3361 quod
512 3306 709 3347 semen:
730 3293 847 3363 ejus
880 3304 1080 3350 terram
1115 3296 1561 3363 repromissionis
1589 3295 1752 3369 5.02
1780 3311 1932 3352 accea

335 3384 500 3454 perit.
534 3384 589 3441 Si
622 3384 786 3457 igitur
816 3388 909 3443 ille
952 3404 1090 3443 unus
1122 3390 1180 3443 in
1211 3398 1392 3445 tantos
1422 3391 1817 3461 multiplicatus
1850 3401 1930 3447 est

335 3479 567 3547 populos
589 3521 605 3545 ,
637 3494 737 3534 nos
763 3483 934 3535 multo
956 3483 1141 3551 plures
1167 3484 1258 3554 qui
1287 3484 1460 3538 relicti
1486 3498 1672 3538 sumus
1700 3484 1751 3537 in
1786 3493 1927 3539 terra

333 3566 519 3623 Judtca
542 3615 555 3637 ,
589 3580 644 3625 et
673 3571 977 3629 habitamus
1006 3574 1060 3628 in
1080 3574 1308 3629 urbibus
1325 3575 1559 3631 desertis
1581 3592 1643 3631 ac
1669 3577 1926 3641 ruinosis,

333 3662 523 3728 utique
547 3663 717 3716 multo
743 3665 978 3733 amplius
1009 3666 1493 3734 multiplicabimur
1514 3710 1526 3733 ,
1563 3677 1621 3722 ut
1650 3668 1931 3739 possideaa

332 3768 461 3807 mus.
485 3754 668 3821 plures
694 3757 845 3825 quod
865 3772 1002 3811 unus
1033 3760 1124 3814 ille
1168 3760 1427 3829 possedit.
1456 3761 1667 3827 Quibus
1698 3776 1930 3831 reSpon-

335 3845 418 3899 dit
448 3845 753 3902 Dominus:
790 3849 1065 3905 Abraham
1118 3866 1284 3906 unum
1321 3852 1428 3907 iide
1459 3853 1781 3923 possedisse
1821 3862 1931 3909 tere

337 3953 456 3993 ram
485 3942 949 4009 repromissionis.
975 3942 1225 3999 Credidit
1268 3947 1413 4001 enim
1445 3946 1721 4002 Abraham
1770 3948 1880 4003 Deo
1911 3992 1924 4013 ,

336 4042 390 4087 et
418 4040 724 4102 reputatum
751 4046 835 4090 est
874 4037 924 4091 ei
955 4037 1022 4091 ad
1049 4037 1321 4107 justitiam
1347 4037 1554 4110 (Gcnes.
1600 4056 1670 4094 xv
1694 4082 1706 4106 ,
1740 4041 1817 4111 8).
1854 4041 1931 4096 lsa

336 4133 423 4181 tos
454 4135 632 4182 autem
684 4129 1062 4185 incredulitate
1088 4173 1102 4197 ,
1150 4141 1206 4185 et
1251 4132 1554 4187 sceleribus
1599 4143 1890 4203 occupatos
1916 4176 1929 4198 ,

336 4222 501 4277 etiam
533 4221 789 4292 siplures
817 4224 929 4277 sint
951 4266 964 4287 ,
999 4224 1282 4291 possidere
1306 4242 1414 4280 non
1440 4240 1618 4295 posse.
1652 4226 1933 4297 Simulque

336 4326 622 4372 enumerat
648 4317 771 4387 quid
802 4317 1073 4373 facientes
1102 4318 1383 4374 offendant
1412 4320 1599 4385 Deum,
1630 4334 1725 4374 sex
1749 4320 1933 4375 videli-

336 4421 425 4466 cet
450 4424 649 4481 genera
680 4422 1049 4481 peccatorum.
1093 4412 1197 4479 Qui
1230 4413 1291 4465 in
1314 4412 1578 4482 sanguine
1606 4412 1894 4467 comeditis
1915 4455 1930 4480 ,

338 4512 401 4559 et
424 4504 615 4559 oculos
638 4515 852 4561 vestros
874 4505 1070 4560 levatis
1086 4506 1161 4561 ad
1176 4505 1550 4562 iunnunditias
1570 4547 1584 4573 ,
1616 4507 1717 4563 hoc
1733 4518 1837 4574 est,
1868 4507 1932 4561 ad

2035 3292 2171 3345 nica:
2228 3289 2674 3360 possidebimus?
2726 3289 2932 3356 Quibus
2988 3289 3270 3359 respondit
3319 3288 3628 3343 Dominus:

2032 3384 2132 3440 llle
2156 3384 2397 3453 possedit
2436 3395 2633 3438 terram
2664 3382 2788 3438 fidei
2813 3384 3049 3449 merito;
3082 3390 3261 3438 vestra
3294 3393 3469 3436 autem
3503 3376 3631 3434 inﬁ-

2033 3476 2227 3531 delitas
2248 3518 2263 3543 ,
2294 3476 2462 3531 immo
2491 3475 2828 3545 blaSphemia
2855 3482 3054 3530 terram
3090 3476 3251 3530 Israel
3278 3520 3291 3543 ,
3326 3474 3379 3530 id
3410 3482 3494 3529 est
3526 3472 3630 3528 Ec-

2031 3571 2250 3625 clesiam
2286 3570 2571 3639 possidere
2614 3584 2721 3623 non
2740 3570 2957 3638 poterit.
2988 3569 3229 3624 Primum
3272 3569 3415 3623 enim
3444 3580 3630 3622 come~

2032 3661 2158 3717 ditis
2196 3665 2249 3715 in
2297 3663 2562 3731 sanguine
2588 3701 2602 3730 ,
2652 3661 2997 3716 edundenles
3025 3672 3215 3717 eorum
3263 3660 3581 3730 sanguinem
3610 3701 3626 3724 ,

2032 3768 2169 3827 quos
2195 3756 2601 3810 scandalizatis.
2634 3756 2838 3810 Deinde
2868 3757 3057 3812 oculos
3096 3763 3311 3811 vestros
3341 3755 3529 3810 levatis
3557 3754 3630 3809 ad

2033 3849 2410 3905 inimunditias
2432 3851 2517 3905 vel
2542 3851 2980 3906 abominationes
3030 3858 3262 3917 vestras,
3295 3866 3428 3922 quas
3452 3852 3519 3905 de
3535 3866 3633 3905 ve-

2035 3956 2149 4001 stro
2175 3948 2356 4000 animo
2385 3946 2690 4001 confixistis
2716 3964 2727 4001 :
2763 3962 2884 4003 cum
2914 3947 3210 4003 debueritis
3235 3948 3431 4003 imitari
3453 3946 3633 4003 eccle-

2035 4039 2308 4094 siasticum
2362 4042 2533 4094 virum
2563 4083 2576 4105 ,
2629 4052 2683 4095 et
2729 4040 2961 4096 dicere:
3015 4040 3096 4096 Ad
3127 4049 3181 4097 te
3222 4041 3391 4096 levavi
3438 4040 3631 4097 oculos

2036 4144 2207 4199 meos,
2242 4135 2330 4202 qui
2355 4133 2568 4189 habitas
2600 4135 2650 4187 in
2681 4134 2821 4189 coelo
2847 4134 2964 4203 (Ps.
2994 4146 3170 4201 CXXII,
3192 4136 3268 4205 1).
3303 4132 3486 4189 Tertio
3506 4150 3632 4189 san-

2037 4227 2251 4296 guinem
2284 4225 2506 4281 l‘unditis
2532 4270 2546 4292 ,
2582 4243 2687 4283 non
2720 4228 3057 4284 vivificantes
3085 4245 3179 4286 eos
3210 4242 3345 4299 quos
3375 4227 3627 4284 seduxisv

2041 4321 2110 4373 tis
2136 4362 2150 4384 ,
2198 4319 2291 4374 sed
2326 4320 2741 4377 interficientes.
2795 4321 2905 4377 Nec
2956 4322 3109 4377 vobis
3161 4321 3361 4378 sutficit
3394 4325 3492 4376 tria
3525 4323 3629 4375 ista

2038 4414 2267 4477 fecisse,
2301 4414 2394 4468 sed
2425 4415 2581 4468 statis
2607 4414 2657 4468 in
2682 4413 2876 4484 gladiis
2905 4417 3100 4471 vestris
3126 4458 3140 4483 ,
3175 4414 3277 4470 hoc
3308 4422 3411 4481 est,
3444 4428 3633 4484 perse-

2040 4508 2237 4561 veratis
2268 4507 2320 4560 in
2372 4510 2638 4577 pravitate
2678 4508 2998 4577 sententiae,
3049 4517 3105 4564 et
3148 4508 3322 4579 parati
3372 4509 3509 4563 estis
3559 4507 3631 4562 ad

338 4597 485 4653 idola
511 4607 722 4667 vestra,
746 4601 1142 4671 ecasanguinem
1174 4600 1397 4656 fundatis
1414 4640 1430 4668 ,
1464 4600 1573 4657 hoc
1602 4610 1688 4657 εει
1711 4645 1726 4669 ,
1758 4602 1929 4656 hami.
1959 4578 2012 4644 Π
2038 4600 2215 4653 caedes
2241 4641 2253 4663 ,
2280 4611 2335 4653 ct
2364 4596 2568 4655 fecistis
2596 4600 3032 4656 abominationes
3058 4643 3071 4666 ,
3104 4578 3168 4658 ea
3200 4608 3427 4671 agentes
3456 4602 3507 4653 in
3533 4615 3633 4652 cu—

336 4694 537 4748 cidium
564 4695 928 4765 perpetratis:
962 4695 1224 4765 numquid
1256 4696 1360 4750 ista
1391 4694 1653 4751 iacientes
1684 4697 1932 4767 poteritis

335 4795 535 4842 terram
565 4788 884 4844 haereditate
928 4788 1207 4843 retinere?
1234 4787 1347 4844 Nec
1369 4788 1473 4843 hoc
1504 4790 1637 4844 estis
1664 4790 1929 4844 scelerum

337 4878 449 4935 ﬁne
475 4881 714 4935 contenti
740 4923 756 4947 ,
788 4880 883 4935 sed
907 4882 1061 4935 statis
1092 4880 1145 4935 in
1192 4880 1386 4951 gladiis
1413 4882 1610 4939 vestris
1653 4882 1890 4953 quotidie
1914 4921 1931 4948 ,

337 4974 513 5044 parati
539 4972 604 5028 ad
636 4972 1019 5042 occidendum,
1047 4983 1103 5029 et
1126 4974 1407 5031 imitantes
1439 4970 1620 5044 Esau,
1650 4976 1933 5047 quistetit,

334 5074 391 5121 et
420 5064 557 5121 vixit
580 5066 632 5120 in
660 5064 839 5137 gladio
881 5080 1011 5131 suo,
1050 5065 1226 5122 facitis
1274 5066 1711 5123 abominationes
1757 5066 1935 5124 incre-

333 5158 530 5214 dibiles
555 5200 571 5226 ,
605 5158 865 5215 videlicet
896 5157 1184 5214 libidinum
1241 5156 1605 5231 turpitudines
1634 5174 1655 5229 ,'
1682 5171 1737 5217 et
1766 5178 1934 5218 unus-

338 5252 589 5323 quisque!
616 5264 840 5309 uxorem
901 5254 1129 5325 proximi
1187 5256 1271 5309 sui
1324 5254 1554 5326 polluit;
1590 5267 1649 5311 ut
1679 5258 1731 5312 in
1764 5273 1830 5314 eo
1867 5259 1939 5312 sit

333 5455 635 5514 desiderari
655 5457 1129 5524 ,-rescribendum
1160 5458 1443 5514 contendit
1483 5458 1611 5514 duos
1645 5458 1713 5515 ad
1758 5461 1923 5525 parti-
1952 5480 1957 5483 “

334 5529 501 5585 tionis
534 5532 812 5587 hodiernae
840 5532 1011 5587 instar
1034 5573 1063 5597 ,.
1087 5546 1205 5585 non
1240 5530 1683 5587 animadvertam
1710 5572 1725 5597 ,
1756 5533 1935 5588 fuisse

335 5599 463 5654 olim
494 5604 632 5671 apud
664 5605 922 5658 saeculum
952 5602 1438 5674 Hieronymianum
1480 5604 1784 5660 versiculos
1806 5620 1927 5674 per-

378 5687 495 5744 nam
525 5676 922 5741 tuosissimus,
956 5683 1029 5730 ut-
1061 5673 1238 5731 lenne
1266 5690 1347 5730 ett
1366 5676 1479 5732 illis
1517 5687 1691 5744 octo,
1717 5673 1929 5734 duobus

394 5743 587 5817 ulgatae
620 5745 909 5817 divisionis
938 5748 1339 5817 respondeant.

415 5812 723 5873 "Consule
764 5812 1156 5876 Bibliothe'eam
1209 5820 1461 5878 divinam
1486 5820 1545 5882 Si
1575 5814 1933 5894 Hieronymi,

2038 4691 2240 4745 hilibus
2260 4706 2381 4762 qua:
2428 4701 2583 4763 turpe
2603 4702 2688 4747 est
2716 4693 2897 4762 loqui,
2932 4701 2986 4749 et
3015 4702 3240 4748 uxorem
3273 4692 3503 4763 proximi
3537 4700 3634 4748 ve‘

2040 4785 2145 4839 stri
2170 4785 2439 4854 polluistis
2470 4828 2483 4850 ,
2516 4786 2945 4842 ecclesiasticam
2980 4787 3233 4843 videlicet
3260 4786 3636 4842 conversatio-

2042 4892 2201 4946 nem',
2234 4880 2481 4949 quotidie
2502 4879 2570 4935 de
2596 4881 2884 4951 complexu
2911 4880 3111 4936 Christi
3136 4880 3396 4952 deceptos
3436 4890 3635 4950 rapere

2037 4974 2384 5029 festinantes.
2415 4972 2479 5029 Et
2506 4988 2629 5029 cum
2658 4975 2775 5031 lucc
2815 4975 3091 5042 feceritis,
3128 4976 3333 5045 putatis
3374 4988 3471 5029 vos
3522 4984 3631 5028 ter-

2038 5084 2151 5124 ram
2201 5067 2371 5125 l‘srael
2420 5071 2734 5127 haereditate
2787 5074 3088 5126 tenturos‘t
3126 5064 3336 5139 Quibus
3386 5068 3635 5138 laquitur

2040 5166 2203 5233 Deus,
2227 5165 2368 5236 quod
2393 5166 2721 5235 quicumque
2743 5164 2795 5220 in
2816 5165 3049 5220 minosis
3072 5164 3452 5219 haereticorum
3482 5161 3636 5216 habi.

2038 5260 2236 5314 taverit
2263 5258 2641 5315 conciliabulis
2669 5302 2684 5327 ,
2716 5258 2896 5330 gladio
2926 5259 3087 5315 cadat
3117 5257 3527 5325 Ecclesiastico,
3559 5256 3633 5313 de

2031 5463 2135 5517 hoc
2179 5471 2295 5528 est,
2352 5470 2481 5518 tom.
2532 5463 2592 5525 Ι.
2636 5462 2892 5520 editionis
2939 5475 3179 5533 nostrae,
3228 5460 3325 5520 ubi
3374 5465 3632 5535 leguntur

2032 5543 2156 5589 octo
2191 5548 2413 5601 versus,
2448 5550 2674 5601 quorum
2714 5535 2803 5590 hic
2856 5552 3139 5593 numerum
3184 5538 3387 5593 indicat
3432 5537 3634 5592 doctor

2034 5608 2305 5735 fgretﬂus.
2340 5606 2395 5660 ln
2424 5606 2648 5678 Vulgata
2679 5615 2873 5663 nostra
2915 5608 3023 5666 duo
3072 5620 3279 5666 tantum
3329 5623 3633 5667 numeran-

2062 5695 2146 5735 ur.
2224 5690 2356 5734 una.

2038 5688 2146 5735 tur.
2177 5688 2356 5735 MART.

2110 5750 2139 5790 ι’
2180 5750 2445 5821 Discipuli
2470 5748 2651 5809 Ruﬁni
2698 5759 2977 5809 notantur.
