4038 6328
281 295 381 352 3Ξῖ

926 285 1579 349 COMMENTARIORUM
1617 283 1681 344 IN
1725 279 2166 342 E'LECHIELEM
2205 275 2338 338 LIB.
2379 280 2472 337 XI.
2515 279 2670 337 CAP.
2711 277 2955 336 XXXIV.

3452 270 3556 329 5'26

274 423 380 478 quo
406 407 674 479 scriptum
697 417 817 463 est:
851 405 1024 465 Gladii
1069 408 1336 480 ancipites
1376 409 1432 464 in
1478 405 1728 462 manibus
1771 416 1863 459 eo-
1889 401 1944 462 Α
1967 401 2149 469 quinta
2180 397 2383 454 mensis
2408 438 2424 467 ,
2454 397 2669 468 quando
2697 399 2844 452 venit
2872 395 2965 467 qui
3008 395 3215 464 fugerat
3245 391 3313 446 de
3341 391 3560 446 Jerusa-

275 515 392 554 rum
446 498 570 571 (Ps.
618 515 781 556 cxux
811 542 828 568 ,
883 499 961 572 6).
995 501 1062 555 Et
1092 501 1146 555 in
1197 501 1536 572 Evangelia:
1587 497 1704 555 Non
1742 497 1865 552 veni

276 608 467 663 pacem
494 594 715 650 mittere
738 637 753 660 ,
787 594 881 649 sed
911 594 1146 665 gladium
1187 593 1406 668 (Matth.
1441 594 1516 664 χ).
1547 592 1614 647 Et
1639 607 1828 648 servus
1852 632 1866 656 ,

274 687 452 756 quise
483 687 719 743 luxuria:
751 687 950 753 tradit;
983 699 1036 742 et
1059 689 1193 751 otio,
1217 687 1509 750 dividetur,
1537 683 1587 739 id
1619 695 1724 748 est,
1755 699 1873 737 mu-

276 795 443 834 crone
470 781 696 836 ferietur
722 824 736 848 ,
769 791 823 836 et
847 797 970 851 pars
996 781 1111 850 ejus
1135 793 1364 850 ponetur
1388 796 1508 834 cum
1558 777 1873 833 infidelibus

279 872 427 942 (Luc.
476 873 600 947 In).
631 875 697 929 Et
719 878 808 945 qui
842 877 894 930 in
922 892 1050 945 agro
1081 877 1194 931 sive
1229 878 1279 928 in
1311 890 1503 944 campo
1532 882 1615 930 est
1641 915 1656 934 .
1686 873 1874 928 bestiis

277 970 528 1025 tradetur
559 972 626 1026 ad
655 970 1045 1035 devorandum,
1077 987 1210 1040 quas
1243 971 1500 1040 propheta
1535 969 1708 1024 vitare
1730 965 1877 1022 desi-

276 1063 483 1118 derans
505 1106 518 1127 ,
545 1063 872 1132 deprecatur
896 1081 909 1117 :
942 1062 1020 1118 Ne
1048 1065 1229 1118 tradas
1254 1061 1445 1117 bestiis
1473 1061 1709 1116 animam
1748 1077 1876 1114 cott-

277 1156 526 1212 ﬁtentem
558 1157 650 1212 tibi
685 1156 802 1230 (Ps.
836 1174 1024 1224 Lxxnt,
1055 1156 1168 1228 l9).
1197 1157 1296 1226 Qui
1320 1167 1498 1212 autem
1527 1156 1578 1210 in
1611 1153 1877 1226 praesidiis

275 1259 332 1304 et
359 1250 412 1302 in
445 1249 678 1303 muralis
707 1261 820 1315 est,
849 1250 917 1304 de
958 1249 1153 1320 quibus
1177 1251 1436 1319 scriptum
1465 1257 1548 1303 est
1574 1266 1585 1300 :
1617 1245 1878 1302 Civitates

275 1342 470 1395 ﬁrmas
501 1340 750 1398 ascendit
786 1341 968 1412 justus
989 1385 1004 1405 ,
1033 1353 1088 1396 et
1116 1343 1391 1397 destruxit
1436 1341 1762 1396 munitiones
1789 1355 1880 1395 ea-

273 1451 395 1488 rum
425 1475 442 1500 ,
481 1436 534 1488 in
589 1434 787 1504 quibus
811 1435 1157 1490 confidebant
1206 1435 1352 1506 impii
1386 1435 1564 1506 (Prov.
1604 1449 1712 1497 XXI,
1739 1431 1832 1502 22)
1862 1447 1876 1496 ;

270 1524 440 1598 ἀοι
452 1537 504 1579 et
523 1534 778 1580 versatur
799 1526 852 1580 in
875 1527 1168 1596 Speluncis,
1192 1527 1257 1581 de
1271 1526 1462 1593 quibus
1483 1525 1707 1580 dicitur:
1736 1521 1882 1578 Scri—

269 1629 420 1687 ptum
457 1627 570 1682 est,
617 1620 818 1672 Domus
847 1618 1024 1673 Patris
1067 1620 1170 1673 mei
1201 1618 1399 1673 domus
1427 1617 1690 1672 orationis
1721 1629 1874 1669 voca-

268 1712 456 1766 bitur:
492 1727 598 1767 vos
636 1722 818 1768 autem
859 1711 1069 1768 fecistis
1117 1731 1234 1770 eam
1266 1718 1580 1784 speluncam
1610 1711 1878 1766 latronum

1972 491 2104 556 lem,
2151 502 2206 546 et
2250 489 2466 557 quando
2504 489 2717 544 locutus
2769 499 2852 542 est
2899 486 3166 558 propheta
3215 484 3281 537 ad
3333 498 3429 538 eos
3468 483 3559 551 qui

1971 593 2126 639 erant
2173 585 2225 638 in
2255 592 2396 638 terra
2443 581 2625 637 Judaea
2657 623 2672 648 ,
2705 590 2761 636 et
2785 592 3006 636 internae
3044 579 3413 651 possessionis
3453 575 3559 630 sibi

1973 693 2124 748 spem
2159 677 2553 746 pollicebantur
2578 715 2593 741 ,
2628 683 2683 732 et
2704 674 2854 743 jubet
2882 673 3160 742 pr0phetze
3187 681 3246 726 ut
3273 671 3417 726 dicat
3460 684 3557 740 po-

1975 768 2102 838 pulo
2125 767 2217 839 qui
2251 767 2305 821 in
2334 765 2610 836 Babylone
2655 774 2919 830 versatur,
2963 771 3020 817 et
3049 763 3259 816 habitat
3297 777 3419 816 cum
3452 775 3518 813 eo
3545 797 3564 826 ,

1975 868 2032 916 et
2059 870 2251 934 arguat
2283 875 2377 915 eos
2411 875 2574 930 super
2604 857 2815 912 insidiis
2845 855 3250 910 blandientibus
3277 897 3293 920 ,
3319 855 3408 925 qui
3442 867 3567 923 pro-

1978 955 2153 1024 phetae
2197 952 2360 1008 verba
2389 952 2578 1007 audire
2623 949 2938 1006 desiderant
2963 991 2977 1014 ,
3011 965 3117 1003 non
3155 949 3222 1003 ad
3254 949 3446 1002 animae
3476 961 3566 1001 sa-

1978 1055 2170 1121 lutem,
2201 1053 2295 1109 sed
2325 1052 2395 1107 ad
2443 1053 2652 1106 aurium
2685 1049 3039 1118 voluptatem.
3070 1045 3332 1114 lstijuxta
3382 1059 3568 1098 muros

1979 1147 2274 1214 sedebant,
2303 1155 2356 1200 et
2383 1147 2432 1198 in
2461 1143 2618 1198 ostiis
2646 1143 2930 1197 domorum
2955 1159 2968 1194 :
2999 1155 3334 1210 nequaquam
3365 1139 3417 1191 in
3445 1152 3568 1190 sen-

1980 1259 2099 1297 sum
2127 1243 2402 1312 propheta:
2433 1241 2636 1296 intrare
2665 1240 2983 1310 cupientes;
3011 1237 3107 1292 sed
3136 1243 3326 1289 mutuo
3356 1249 3414 1287 se
3440 1233 3570 1286 hor-

1983 1343 2168 1390 tantur
2197 1343 2254 1390 et
2278 1334 2502 1389 dicunt:
2534 1333 2724 1388 Venite
2754 1341 2807 1386 et
2839 1329 3124 1384 audiamus
3155 1329 3246 1400 qui
3283 1326 3353 1382 sit
3382 1340 3568 1381 sermo

1983 1429 2269 1500 egrediens
2314 1445 2342 1483 a
2394 1429 2737 1491 Doniino;et
2783 1427 2858 1480 sic
2889 1424 3110 1477 veniunt
3156 1422 3311 1492 quasi
3343 1419 3573 1489 populus

1983 1523 2076 1593 qui
2103 1521 2442 1593 ingrediatur
2473 1520 2772 1576 Ecclesium
2799 1518 2891 1573 Dei
2918 1559 2932 1580 ,
2964 1527 3020 1572 et
3045 1516 3240 1572 sedent
3269 1529 3454 1570 coram
3486 1524 3539 1566 te
3557 1554 3574 1580 ,

1986 1615 2218 1684 populus
2266 1631 2420 1668 meus
2447 1660 2460 1680 ,
2493 1616 2583 1684 qui
2615 1629 2796 1668 meum
2830 1626 2954 1666 esse
2993 1625 3052 1665 se
3097 1610 3250 1674 dicit,
3279 1617 3334 1664 et
3382 1607 3578 1662 nolunt

1986 1709 2164 1765 faecrc
2192 1711 2334 1780 quod
2365 1709 2676 1764 audierunt.
2705 1708 3012 1762 Istiusmodi
3037 1706 3168 1760 mihi
3197 1704 3454 1759 videntur
3483 1719 3578 1757 e0-

267 1805 493 1876 (Hattli.
529 1822 655 1873 ιιι,
708 1805 840 1877 55)ι
873 1806 979 1862 iste
1027 1806 1166 1861 fame
1215 1810 1488 1862 sermonis
1522 1805 1732 1863 Domini
1764 1849 1778 1870 ,
1825 1819 1878 1860 et
1913 1793 1956 1852 Β
1986 1821 2106 1859 rmn
2135 1803 2363 1868 similes,
2387 1804 2478 1871 qui
2507 1803 2864 1859 theatralibus
2896 1802 3162 1856 luduntur
3197 1797 3570 1854 carminibus:

270 1913 424 1971 peste
457 1903 753 1968 morietur,
783 1911 837 1955 et
868 1901 1088 1954 dabitur
1119 1901 1298 1955 omnis
1322 1913 1464 1955 terra
1495 1901 1878 1957 haereticorum

275 1995 331 2048 in
359 1994 724 2048 solitudinem
753 2037 766 2058 ,
793 1997 862 2048 ita
896 2004 948 2048 ut
980 1993 1257 2064 frangatur
1282 2010 1468 2049 eorum
1505 1996 1753 2065 superbia
1782 2038 1797 2062 ,
1829 2003 1884 2050 et

284 2087 602 2155 redigantur
632 2097 848 2141 montes
893 2089 946 2140 in
994 2087 1341 2141 solitudinem
1371 2131 1385 2154 ,
1419 2088 1510 2158 qui
1545 2087 1648 2143 sibi
1693 2088 1880 2142 altitn~

299 2180 458 2234 dinem
489 2179 751 2234 scientiae
779 2179 1187 2249 promittebant.
1233 2180 1336 2247 Qui
1383 2191 1595 2236 montes
1624 2191 1885 2236 vocantur

291 2271 480 2339 Israel,
517 2272 654 2342 quia
687 2271 788 2325 sub
817 2269 1018 2325 Christi
1065 2274 1285 2328 nomine
1333 2271 1593 2342 deceptos
1641 2288 1884 2344 quosque

279 2364 691 2434 supplantant:
726 2365 1014 2434 nullusque
1056 2379 1149 2434 per
1193 2379 1288 2420 eos
1321 2366 1610 2434 transibit,
1659 2381 1756 2420 nec
1804 2366 1885 2419 di-

272 2470 392 2511 cere
427 2459 644 2526 poterit
681 2456 825 2527 quod
854 2457 1062 2527 Moyses
1091 2474 1104 2509 :
1158 2457 1454 2511 Transiens
1504 2457 1697 2512 videbo
1720 2457 1887 2512 visio-

275 2565 401 2605 nem
445 2551 594 2604 hanc
625 2565 874 2620 magnam
907 2548 1106 2621 (Exod.
1134 2566 1212 2618 ιιι,
1251 2551 1332 2622 Ι);
1367 2552 1698 2608 habitatores
1742 2555 1884 2608 enim

276 2653 406 2696 sunt
453 2657 847 2712 perversorum
880 2642 1142 2695 montium
1171 2685 1184 2706 ,
1217 2659 1324 2695 non
1369 2642 1680 2713 peregrini,
1714 2655 1767 2699 et
1799 2659 1889 2698 ac-

278 2733 422 2788 col-.e
448 2752 461 2786 :
495 2746 557 2788 ut
585 2749 709 2788 cum
743 2735 857 2788 haec
885 2736 1026 2804 passi
1059 2734 1304 2802 fuerint,
1353 2745 1478 2790 tunc
1509 2745 1841 2806 cognoscant
1870 2779 1886 2805 ,

282 2827 433 2896 quod
477 2828 598 2895 ipse
624 2826 693 2880 sit
718 2827 997 2893 Dominus,
1026 2827 1116 2897 qui
1143 2828 1364 2882 dederit
1392 2839 1592 2882 terram
1616 2843 1804 2883 eorum
1836 2829 1889 2884 in

287 2923 653 2977 solitudinem
711 2933 938 2993 prepter
986 2923 1423 2979 abominationes
1482 2939 1617 2994 quas
1682 2923 1891 2996 operati

290 3025 443 3071 sunt.
473 3015 770 3086 Sequitur:
804 3015 1009 3070 Eadem
1036 3015 1256 3086 quidem
1286 3017 1373 3071 die
1400 3059 1413 3079 ,
1448 3026 1502 3071 ct
1529 3015 1724 3072 eodem
1755 3026 1894 3072 tem-

293 3123 463 3180 pore,
492 3109 597 3163 hoc
635 3119 750 3176 est,
779 3108 1100 3164 duodecimo
1123 3124 1293 3178 anno,
1323 3110 1536 3165 decimo
1570 3127 1757 3168 mense
1788 3157 1803 3182 ,
1837 3113 1891 3168 in

1985 1907 2043 1953 et
2082 1898 2167 1953 vel
2203 1898 2474 1968 tragmdos
2506 1898 2734 1950 audiunt
2755 1938 2768 1958 ,
2802 1897 2888 1949 vel
2916 1895 3234 1959 comoedos,
3267 1900 3322 1946 et
3353 1891 3429 1946 ibi
3457 1906 3579 1944 cum

1987 1995 2267 2062 voluptate
2291 1993 2610 2062 palpantur:
2645 1991 2720 2044 ita
2750 1999 2807 2044 ut
2833 2006 2955 2044 cum
2985 1989 3188 2060 egressi
3224 1987 3478 2040 fuerinta
3507 1995 3580 2050 te,

1986 2087 2254 2156 replicent
2283 2101 2346 2142 ea
2369 2127 2383 2150 ,
2426 2097 2479 2139 et
2509 2086 2804 2140 decantent
2829 2127 2842 2151 ,
2878 2091 2936 2137 et
2984 2082 3128 2136 dulci
3176 2095 3312 2134 sono
3343 2094 3402 2134 se
3429 2077 3581 2133 deci-

1991 2181 2158 2248 piant.
2196 2178 2262 2232 Et
2284 2177 2508 2233 audient
2537 2219 2551 2243 ,
2586 2177 2796 2246 inquit,
2823 2175 2985 2230 verba
3019 2183 3107 2228 tua
3135 2183 3192 2226 et
3229 2187 3336 2226 non
3385 2170 3588 2224 facient

1990 2288 2076 2328 ea.
2110 2272 2270 2326 Tales
2301 2281 2428 2325 sunt
2478 2286 2648 2338 usque
2679 2271 2840 2324 hodie
2887 2268 3041 2322 multi
3074 2268 3127 2321 in
3159 2264 3416 2320 Ecclesiis
3445 2307 3459 2330 ,
3491 2262 3585 2331 qui

1990 2365 2175 2420 aiunt:
2231 2364 2425 2420 Venite
2479 2365 2765 2419 audiamus
2797 2363 2950 2417 illum
2980 2371 3034 2415 et
3063 2361 3216 2415 illum
3241 2401 3255 2424 ,
3301 2359 3437 2413 mira
3467 2357 3585 2412 elo-

1991 2458 2216 2528 quentia
2253 2455 2666 2528 praedicationis
2695 2471 2805 2510 sua:
2840 2455 3008 2510 verba
3048 2453 3392 2506 volventem:
3429 2450 3586 2519 plau-

1991 2565 2196 2621 susque
2235 2561 2608 2616 cominovent,
2637 2564 2692 2606 et
2724 2553 3094 2605 vociferantur
3115 2589 3132 2614 ,
3166 2547 3446 2615 etjactant
3475 2557 3590 2596 ma-

1993 2662 2098 2702 nus
2147 2691 2160 2714 ,
2213 2657 2268 2702 et
2324 2664 2444 2718 qua:
2501 2648 2764 2718 Operibus
2837 2647 3240 2718 neglexerant,
3309 2651 3598 2712 postquam

1993 2743 2288 2798 advenisse
2339 2743 2703 2813 cognoverint
2753 2743 3012 2813 (necesse
3042 2750 3128 2794 est
3178 2738 3326 2792 enim
3377 2734 3596 2790 evenire

1992 2835 2137 2906 quod
2172 2837 2438 2908 propheta
2468 2836 2570 2891 Dei
2592 2850 2850 2890 sermone
2884 2830 3254 2905 pronuntiat),
3286 2841 3412 2885 tunc
3455 2827 3598 2882 inci-

1995 2930 2147 3000 pient
2167 2931 2473 2999 approbare
2494 2972 2510 2998 ,
2541 2942 2596 2988 et
2627 2947 2792 2986 nosse
2818 2972 2836 2997 ,
2865 2930 3008 3000 quod
3040 2936 3234 2984 cuncta
3262 2941 3382 2996 qua:
3411 2921 3599 2976 audie-

2002 3031 2130 3077 rant
2157 3063 2172 3089 ,
2203 3037 2308 3078 non
2340 3021 2546 3078 fuerint
2575 3022 2814 3078 hominis
2845 3021 3012 3078 verba
3035 3063 3052 3087 ,
3081 3019 3177 3075 sed
3211 3015 3430 3072 Domini
3462 3055 3480 3081 ,
3509 3011 3604 3082 qui

1997 3129 2098 3184 per
2131 3113 2473 3184 prophetam,
2498 3124 2556 3170 et
2578 3114 2755 3170 virum
2787 3114 3224 3170 ecclesiasticum
3257 3109 3470 3165 locutus
3494 3114 3596 3160 est.

3221 3228 3586 3248 ———-——-

1169 3337 1646 3448 LIBER
1742 3340 2169 3458 UNDE
2186 3345 2469 3454 01M
2483 3342 2708 3452 US.

1743 3527 2074 3550 m

380 3640 738 3717 5.05-5.06
774 3645 1108 3703 Undecimus
1156 3648 1212 3702 in
1241 3647 1584 3706 Ezechielem
1633 3651 1900 3718 explana-
1925 3651 1970 3714 C
2005 3651 2278 3723 ignobilis,
2330 3653 2398 3709 ad
2429 3651 2816 3724 Imperatorem
2873 3651 3142 3718 scribens,
3190 3666 3354 3722 super
3384 3651 3486 3709 hac
3510 3670 3607 3710 na-

317 3737 522 3794 tionum
568 3740 708 3796 liber
735 3742 790 3795 in
823 3749 1070 3798 extrema
1121 3744 1206 3798 sui
1253 3757 1416 3812 parte
1441 3753 1635 3800 contra
1681 3743 1800 3816 Gog
1846 3754 1903 3801 et

317 3831 502 3902 Magng
528 3835 844 3890 vaticinium
882 3835 1209 3899 continebit,
1239 3843 1296 3890 et
1325 3852 1498 3907 usque
1527 3836 1594 3892 ad
1617 3837 1904 3893 exordium

317 3925 816 3982 civitatisinmonte
845 3927 1058 3997 posita,
1085 3937 1142 3983 et
1169 3929 1356 3998 tepli
1389 3929 1446 3982 in
1467 3945 1532 3984 ea
1554 3930 1641 3984 siti
1664 3929 1902 3984 veniet".

319 4018 492 4086 Quem
547 4021 616 4086 si,
673 4020 970 4090 adiuvante
1001 4022 1256 4091 Domino,
1288 4034 1346 4076 et
1370 4035 1468 4076 sua
1501 4021 1764 4092 mysteria
1793 4020 1908 4075 dis-

321 4119 560 4176 serente,
610 4124 838 4182 potuero
866 4114 934 4170 ad
979 4114 1186 4170 calcem
1225 4129 1394 4185 usque
1451 4115 1763 4184 perducere,
1817 4114 1908 4169 diu

324 4204 454 4258 mihi
476 4205 580 4260 erit
602 4207 939 4278 multumque
964 4206 1340 4277 dubitandum,
1374 4217 1551 4263 utrum
1579 4207 1646 4262 ad
1665 4206 1914 4278 spiritale

326 4299 586 4368 templum
613 4299 842 4356 debeam
871 4302 1088 4357 mittere
1112 4317 1328 4368 manus,
1352 4318 1420 4354 an
1450 4313 1640 4372 aperte
1659 4302 1914 4372 ignoran-

327 4391 454 4445 tiam
483 4391 731 4449 conliteri
759 4412 772 4448 :
805 4396 1110 4464 praesertim
1153 4409 1280 4451 cum
1319 4403 1380 4450 et
1418 4394 1558 4464 apud
1588 4395 1824 4461 Iudaee,
1857 4401 1916 4450 et

327 4486 466 4558 apud
515 4501 616 4542 nos
659 4504 828 4558 super
873 4489 1320 4559 interpretatione
1349 4491 1467 4558 ejus
1493 4489 1702 4560 grande
1749 4489 1916 4543 silen-

331 4581 462 4634 tium
491 4581 562 4634 sit
594 4597 607 4633 :
640 4580 764 4636 aliis
807 4582 859 4636 in
894 4585 1074 4638 futuro
1104 4591 1350 4651 tempore
1381 4582 1767 4638 exstruendum
1793 4595 1918 4638 esse

329 4672 674 4728 censentibus
700 4692 714 4729 :
735 4675 862 4729 aliis
885 4675 1026 4730 hoino
1046 4674 1264 4746 quidem
1285 4679 1494 4743 animo,
1519 4674 1612 4729 sed
1639 4674 1914 4743 imperito,

2009 3747 2158 3802 tione
2189 3746 2392 3802 dixerit
2422 3766 2434 3802 :
2469 3747 2584 3819 Gog
2613 3748 2736 3813 iste,
2768 3745 2980 3801 Gothus
3001 3754 3118 3810 est;
3152 3746 3237 3798 cui
3265 3761 3367 3816 qua
3393 3747 3604 3803 ratione

2011 3841 2221 3910 possint
2250 3843 2431 3897 omnia
2458 3859 2577 3913 qua:
2618 3842 2670 3897 in
2707 3856 2767 3897 ea
2797 3839 3001 3911 scripta
3045 3850 3172 3896 sunt
3201 3840 3466 3910 coaptari,
3502 3857 3610 3898 non

2010 3941 2095 3989 est
2122 3949 2326 4002 meum,
2359 3934 2455 3990 sed
2483 3950 2671 3991 eorum
2699 3933 2790 4006 qui
2819 3933 2922 3989 hoc
2966 3943 3177 4004 putant,
3211 3932 3500 3990 disserere.

2087 4115 2255 4188 (Cap.
2301 4113 2583 4190 XXXIV.)
2631 4117 2696 4172 Et
2731 4119 2927 4192 factum
2947 4127 3020 4174 est
3049 4118 3252 4174 verbum
3283 4118 3494 4173 Domini
3539 4119 3608 4173 ad

2015 4223 2116 4275 me,
2145 4211 2317 4265 dicens
2341 4227 2357 4263 :
2383 4210 2491 4265 Fili
2520 4212 2762 4278 hominis,
2794 4213 3042 4285 prapheta
3069 4213 3132 4267 de
3156 4212 3445 4280 pastoribus
3469 4213 3607 4283 (sive

2017 4299 2088 4354 ad
2132 4301 2402 4373 pastores)
2446 4301 2634 4370 Israel,
2679 4303 2953 4376 propheta,
3005 4315 3052 4360 et
3101 4305 3240 4359 dices
3271 4305 3568 4376 pastoribus
3595 4322 3615 4361 :

2018 4392 2148 4449 Hier:
2180 4396 2304 4451 dicit
2341 4394 2599 4451 Dominus
2639 4393 2781 4451 Deus
2807 4415 2825 4452 :
2867 4397 2956 4452 Va:
2987 4398 3278 4468 pastoribus
3321 4396 3488 4452 Israel
3525 4399 3618 4469 qui

2022 4489 2294 4559 pascebant
2315 4491 2634 4562 semetipsos.
2655 4491 2805 4562 (Sive
2823 4509 2834 4542 :
2856 4488 2902 4544 0
2915 4499 3140 4560 pastores
3155 4487 3350 4558 Israel,
3369 4489 3620 4562 numquid

2019 4591 2236 4653 pascunt
2268 4591 2500 4654 pastores
2529 4582 2903 4654 semetipsos?)
2946 4581 3140 4636 Nonne
3182 4600 3361 4654 greges
3394 4600 3622 4654 pascun-

2022 4687 2108 4731 tur
2133 4693 2165 4730 ιι
2192 4677 2482 4746 pastoribus
2503 4679 2526 4731 ?
2547 4675 2708 4748 (Sive
2734 4692 2902 4731 nonne
2925 4693 3039 4731 ores
3067 4688 3285 4746 pascunt
3309 4677 3623 4748 pastores?)

331 4765 626 4821 scientibus
654 4766 954 4838 spiritualia
999 4784 1124 4824 esse
1169 4785 1290 4839 qua)
1317 4768 1595 4835 dicuntur,
1639 4777 1695 4824 et
1741 4779 1922 4823 tamen
2022 4768 2132 4823 Lac
2153 4769 2516 4835 comedt‘batis,
2553 4779 2600 4823 et
2633 4770 2767 4824 lanis
2797 4770 3191 4842 operiebamini,
3223 4781 3269 4824 et
3305 4770 3448 4842 quod
3484 4787 3630 4825 cras-

329 4861 449 4931 ipsa
488 4863 814 4932 spiritualia,
854 4865 1127 4934 quomodo
1168 4865 1364 4920 disseri
1394 4865 1647 4931 debeant,
1673 4863 1921 4920 nescien-

332 4956 500 5012 tibus.
547 4956 618 5012 Et
643 4958 886 5026 interim,
915 4968 975 5016 ut
999 4961 1284 5030 praesentis
1316 4960 1500 5032 operis
1537 4976 1668 5016 cura
1705 4975 1804 5016 nos
1832 4969 1920 5016 te-

2022 4879 2139 4916 sum
2168 4871 2280 4916 erat
2306 4861 2610 4916 occidebatis
2634 4879 2653 4916 .·
2670 4879 2876 4934 gregem
2913 4874 3086 4918 autem
3111 4881 3277 4918 meum
3314 4881 3416 4918 non
3441 4880 3623 4935 pasce-

2025 4955 2180 5011 batis.
2210 4954 2364 5023 Quod
2395 4956 2658 5026 inﬁrmum
2681 4956 2781 5026 fuit
2811 4973 2912 5011 non
2943 4955 3211 5011 solidastis
3237 4957 3385 5029 (sive
3417 4959 3628 5026 confor-

333 5059 484 5115 neat,
526 5051 692 5116 scias,
736 5069 770 5107 ο
801 5053 954 5124 virgo
991 5053 1194 5110 Christi
1242 5054 1621 5118 Eustochium,
1654 5054 1919 5108 orandum
1949 5053 2001 5115 D
2028 5049 2238 5119 lastis):
2265 5057 2314 5103 et
2340 5049 2477 5119 quod
2493 5059 2765 5121 tegromm,
2787 5066 2892 5104 non
2923 5050 3148 5105 sanaslis
3175 5066 3192 5104 :
3215 5049 3356 5121 quod
3377 5049 3623 5120 fractum,

336 5143 432 5198 tibi
475 5159 598 5199 esse
628 5159 728 5214 pro
751 5146 932 5202 nobis.
979 5145 1038 5200 In
1085 5147 1366 5216 prophetia
1417 5145 1740 5202 difﬁcillima
1791 5145 1924 5201 illud

333 5237 576 5294 breviter
621 5238 912 5306 admoneo,
963 5239 1109 5311 quod
1137 5239 1168 5280 1»
1197 5241 1278 5294 vir
1309 5248 1510 5296 nostra:
1557 5239 1731 5296 aetatis
1779 5239 1924 5296 haud

414 5451 440 5480 ⁸
478 5441 646 5497 Addit
671 5441 1039 5505 lartianmus,
1093 5450 1216 5510 post
1255 5441 1561 5506 Erasmnm,
1607 5438 1922 5506 Jerusalem,

335 5529 501 5584 quam
530 5531 718 5570 vocem
738 5515 861 5584 jure
893 5513 1188 5576 Victorius.
1211 5514 1426 5568 duobus
1447 5513 1642 5566 Brixia
1671 5528 1804 5568 mss.
1833 5527 1928 5566 co-

337 5587 576 5658 dicibus,
606 5589 869 5656 tertioque
891 5589 1033 5658 typis
1061 5600 1260 5640 excuso
1297 5584 1753 5658 suifragantibus,
1777 5584 1928 5658 dele—

334 5657 439 5712 vit.
465 5657 623 5723 Nam,
649 5654 844 5726 inquit,
879 5654 1074 5724 praeter
1101 5658 1241 5727 quod
1269 5654 1431 5720 infra,
1458 5654 1582 5727 cap.
1611 5671 1698 5720 XL,
1723 5655 1930 5727 deseri:

336 5728 495 5784 hitur
528 5739 758 5794 tantum,
789 5743 898 5783 non
928 5726 1200 5784 autem'de
1225 5737 1443 5784 terrena
1464 5726 1770 5784 Jerusalem
1798 5726 1932 5783 illud

337 5800 756 5872 interpretatur,
780 5799 831 5858 si
855 5797 1161 5872 ponendum
1185 5809 1302 5857 erat
1324 5811 1546 5867 nomen,
1571 5813 1676 5857 non
1699 5794 1809 5868 hic,
1835 5795 1930 5856 sed

2033 5161 2137 5199 non
2180 5145 2455 5217 alligastis,
2488 5153 2538 5199 et
2576 5144 2716 5216 quod
2755 5145 3020 5218 abjectum
3062 5145 3353 5216 erat(sive
3389 5140 3630 5214 errabat)

2031 5255 2137 5293 non
2167 5237 2483 5307 reduxistis;
2507 5238 2644 5309 quod
2671 5240 2915 5310 perierat,
2961 5255 3064 5294 non
3087 5239 3344 5310 qua’sistis
3368 5252 3386 5292 .'
3409 5237 3498 5291 sed
3519 5253 3634 5290 cum

2031 5453 2196 5509 supra
2228 5438 2546 5509 ponendum
2578 5448 2717 5502 erat,
2747 5438 2852 5494 hoc
2885 5437 3050 5493 modo
3080 5457 3093 5492 :
3129 5436 3189 5490 Et
3211 5451 3373 5506 usque
3397 5437 3466 5489 ad
3488 5453 3640 5491 exar-

2034 5508 2178 5590 diuin
2207 5508 2428 5594 Civitatis
2455 5508 2742 5565 Jerusalem
2771 5513 2825 5564 in
2857 5517 3031 5564 monte
3071 5509 3275 5581 Positw,
3305 5517 3355 5562 et
3385 5509 3562 5579 templi
3585 5511 3637 5564 in

2033 5599 2098 5636 ea
2121 5592 2216 5638 suis
2237 5592 2423 5638 venia.

2109 5654 2134 5692 ιι
2176 5654 2234 5711 S.
2264 5653 2607 5722 Ambrosius,
2643 5653 2738 5710 lib.
2763 5667 2801 5707 ιι
2829 5652 2900 5708 de
2925 5649 3058 5708 Fide
3083 5651 3150 5708 ad
3180 5651 3502 5713 Gratianum
3526 5656 3638 5712 Au-

2035 5735 2286 5798 εωωω,
2305 5742 2355 5782 c.
2383 5725 2474 5782 ιθ.
