4038 6328
477 226 579 285 527

1692 234 1755 294 8.
1798 235 2069 299 EUSEBII
2112 238 2489 302 HIERONYMI

3632 249 3737 310 3'28

468 341 765 396 austeritate
785 339 1114 411 imperabatis
1138 342 1231 410 eis,
1260 351 1306 399 et
1335 360 1450 400 cum
1489 348 1721 419 potentia
1743 351 1893 418 (sive
1916 354 2051 423 quod
2078 360 2129 420 Α
2156 365 2203 410 et
2231 358 2471 412 cornibus
2512 358 2691 411 vestris
2720 358 3041 414 ventilabatis
3090 360 3263 416 omnia
3291 361 3497 432 inﬁrma
3528 379 3735 433 pecora,

468 429 603 499 forte
644 441 768 492 erat.
811 432 1073 503 afﬂixistis
1116 434 1343 509 labore).
1383 436 1453 491 Et
1490 440 1735 513 dispersce
1772 454 1890 497 sunt
1939 462 2051 499 oves

468 540 613 591 mete,
638 541 694 579 eo
713 524 851 595 quod
873 542 973 581 non
994 538 1122 583 esset
1145 530 1355 605 pastor(
1378 532 1491 587 sive
1518 533 1806 607 pastores),
1832 546 1878 590 et
1901 538 2051 606 facite

462 626 580 670 sunt
608 616 661 669 in
699 616 1079 674 devorationent
1107 623 1341 678 omnibus
1369 624 1545 680 bestiis
1576 628 1710 698 agri,
1738 638 1785 681 et
1808 631 2050 701 dispersa:

463 718 601 762 sunt.
651 707 963 766 Erraverant
999 730 1180 787 greges
1225 717 1325 772 mei
1376 715 1534 790 (sive
1570 720 1719 793 oves)
1772 723 1823 776 in
1851 725 2048 777 cunctis

462 801 741 868 montibus,
769 815 815 858 et
844 805 895 858 in
924 808 1159 864 universo
1182 809 1313 864 colle
1346 812 1564 879 excelso,
1596 822 1642 867 et
1668 831 1820 885 super
1846 833 2048 869 onmem

463 895 648 964 faciem
676 906 825 953 terra:
853 899 1069 971 dispersi
1109 912 1228 957 sunt
1274 919 1452 976 greges
1491 905 1590 959 mei
1632 904 1778 977 (sive
1830 906 1977 980 oves)
2000 918 2047 963 et

463 1003 563 1041 non
593 1000 699 1043 erat
723 991 811 1061 qui
836 993 1107 1063 requireret
1130 1010 1149 1049 :
1169 1012 1269 1050 non
1291 1006 1421 1063 erat,
1446 998 1679 1070 inquam,
1709 1001 1796 1070 qui
1822 1003 2047 1072 require-

460 1090 536 1134 ret
568 1082 717 1153 (sive
745 1085 834 1156 qui
859 1087 1179 1161 reduceret).
1212 1088 1515 1163 Propterea,
1541 1109 1570 1147 0
1588 1102 1840 1165 pastores,
1872 1095 2045 1151 audite

461 1176 664 1231 verbum
691 1177 900 1234 Domini
923 1197 942 1235 :
978 1181 1097 1237 Vivo
1127 1199 1242 1256 ego,
1275 1186 1398 1239 dicit
1445 1185 1699 1242 Dominus
1728 1186 1890 1255 Deus,
1924 1191 2043 1259 quia

462 1286 555 1340 pro
585 1288 643 1326 eo
666 1273 805 1343 quod
836 1274 959 1344 facti
992 1286 1113 1330 sunt
1140 1294 1314 1351 greges
1342 1280 1443 1333 mei
1467 1280 1613 1352 (sive
1648 1280 1794 1353 oves)
1826 1282 1877 1335 in
1904 1282 2044 1353 rapio

463 1379 605 1432 nam,
637 1376 685 1420 et
711 1382 821 1422 oves
850 1384 978 1424 mea:
1006 1370 1060 1424 in
1086 1370 1468 1428 devorationem
1509 1376 1737 1429 omnium
1765 1376 2040 1431 bestiarum

462 1460 598 1531 agri,
629 1475 688 1514 eo
717 1460 855 1531 quod
882 1478 981 1517 non
1013 1473 1141 1519 esset
1162 1476 1339 1537 pastor
1366 1467 1515 1539 (sive
1548 1468 1813 1541 pastores)
1838 1488 1850 1523 :
1882 1486 2042 1541 neque

460 1554 593 1604 enim
640 1554 952 1623 quwsierunt
993 1565 1223 1627 pastores
1254 1556 1445 1631 [Vulg.
1488 1560 1640 1615 addit
1682 1560 1810 1633 mei]
1836 1577 2040 1634 gregem

460 1660 648 1715 meum,
697 1648 785 1701 sed
832 1653 1110 1719 pascebant
1152 1650 1312 1723 m7
1344 1662 1576 1725 pastores
1618 1656 1940 1725 semetipsos,
1992 1663 2041 1707 et

2154 451 2314 504 donec
2366 452 2785 525 dispergerentur
2821 452 2985 523 foras.
3034 453 3257 510 Salvabo
3295 473 3497 529 gregem
3545 474 3732 523 meum,

2151 542 2318 616 408
2349 554 2395 599 et
2429 562 2531 599 non
2570 546 2667 599 erit
2694 547 2833 599 ultra
2871 548 2925 600 in
2963 548 3220 618 rapinam,
3253 558 3298 602 et
3318 550 3564 619 judicabo
3604 550 3737 605 inter

2151 654 2305 703 pecus
2328 649 2374 692 et
2405 654 2559 710 pecus
2581 638 2733 711 (sive
2758 640 2892 693 inter
2909 641 3119 695 arietem
3148 650 3196 694 et
3220 641 3495 713 arietemf).
3526 642 3594 696 Et
3647 661 3737 697 su-

2148 732 2341 785 scitabo
2392 749 2546 802 super
2578 749 2664 787 eas
2707 731 2895 806 [Vulg.
2928 751 2986 789 ea
3033 734 3123 790 hic
3167 744 3328 805 atque
3358 734 3533 808 inira]
3581 735 3736 807 (sive

2149 822 2262 896 eos)
2291 834 2547 896 pastorem
2580 842 2740 880 unum
2768 829 2857 899 qui
2883 837 3061 894 pascat
3091 844 3176 882 eas
3208 827 3344 899 (sive
3380 828 3511 900 eos),
3533 845 3737 884 servum

2149 935 2321 972 meum
2350 919 2519 974 David
2545 938 2563 974 :
2595 922 2703 992 ipse
2734 934 2907 992 pascet
2940 940 3026 978 eas
3050 924 3068 994 (
3094 924 3213 979 sive
3243 925 3358 993 eos)
3384 943 3399 977 :
3426 934 3473 978 et
3502 924 3609 997 ipse
3639 926 3734 979 erit

2146 1013 2219 1066 eis
2246 1014 2297 1066 in
2329 1023 2604 1083 pastorem.
2639 1014 2752 1087 Ego
2777 1026 2949 1070 autem
2978 1017 3229 1072 Dominus
3256 1034 3342 1072 ero
3368 1018 3440 1073 eis
3462 1020 3515 1072 in
3545 1018 3732 1086 Deum,

2146 1114 2192 1158 et
2230 1121 2402 1159 servus
2432 1123 2574 1162 meus
2613 1106 2781 1164 David
2809 1111 3044 1181 princeps
3079 1111 3133 1164 in
3173 1112 3340 1165 medio
3383 1128 3581 1166 eorum.
3620 1110 3733 1183 Ego

2148 1196 2397 1254 Dominus
2423 1200 2624 1256 locutus
2652 1219 2785 1257 sunt.
2818 1202 2885 1256 Et
2906 1205 3100 1273 faciant
3128 1222 3246 1258 cum
3266 1207 3336 1259 eis
3358 1216 3562 1278 pactum
3589 1204 3732 1275 (sive

2146 1295 2533 1369 testamentum)
2563 1298 2727 1366 pacis,
2750 1308 2797 1351 et
2823 1314 3021 1353 cessare
3049 1300 3241 1369 faciam
3272 1301 3460 1355 bestias
3488 1299 3731 1370 pessimus

2143 1388 2206 1442 de
2233 1398 2390 1456 terra,
2422 1398 2469 1445 et
2493 1391 2579 1462 qui
2606 1392 2905 1446 habitabant
2938 1393 3125 1465 (Vulg.
3151 1392 3414 1466 habitant]
3451 1396 3502 1448 in
3533 1395 3731 1450 deserto

2142 1486 2305 1538 securi
2333 1484 2584 1539 dormient
2612 1486 2668 1540 in
2695 1486 2931 1541 saltibus.
2964 1487 3030 1541 Et
3059 1504 3250 1559 ponam
3282 1505 3367 1544 eos
3411 1490 3463 1543 in
3506 1490 3726 1544 circuitu

2143 1574 2288 1628 collis
2318 1577 2415 1630 mei
2444 1577 2863 1646 benedictionem,
2895 1589 2945 1633 et
2965 1580 3218 1634 deducam
3243 1580 3399 1652 (sive
3428 1579 3601 1652 dabo)
3632 1582 3731 1635 im-

2143 1668 2279 1722 brem
2306 1670 2360 1723 in
2400 1678 2624 1742 tempore
2656 1688 2773 1735 suo,
2824 1673 3011 1742 pluvia:
3050 1672 3422 1728 benedictionis
3461 1682 3629 1728 erunt.
3661 1672 3729 1728 Et

457 1753 634 1810 greges
662 1754 799 1793 meos
826 1757 929 1794 non
974 1743 1268 1813 pascebant.
1317 1743 1623 1816 Pr0pterea,
1658 1755 1909 1817 pastores,
1942 1764 2030 1799 au-

2143 1760 2284 1815 dabit
2315 1762 2513 1833 lignum
2543 1766 2655 1835 agri
2685 1765 2832 1837 (sive
2859 1766 3055 1820 dabunt
3081 1766 3223 1838 ligna
3253 1765 3587 1839 camporum)
3611 1768 3728 1837 fru-

459 1831 565 1886 dite
592 1832 797 1887 verbum
824 1833 1037 1889 Domini
1060 1853 1077 1889 :
1111 1836 1219 1891 haec
1247 1840 1368 1894 dicit
1390 1839 1646 1896 Dominus
1678 1840 1817 1896 Deus
1850 1858 1869 1895 :
1902 1840 2037 1896 Ecce

456 1942 546 1996 ego
586 1925 697 1996 ipse
736 1946 888 2002 super
933 1938 1165 2001 pastores
1209 1936 1470 2006 requiram
1515 1954 1720 2010 gregem
1762 1955 1933 1992 meum
1973 1939 2037 1993 de

455 2035 615 2073 manu
643 2037 838 2090 eorum,
870 2032 916 2078 et
942 2041 1139 2081 cessare
1167 2043 1252 2081 eos
1282 2030 1498 2099 faciam,
1528 2038 1583 2084 ut
1608 2029 1749 2085 ultra
1774 2047 1875 2087 non
1911 2048 2033 2103 pas-

451 2122 568 2167 cant
595 2131 799 2189 gregem
829 2134 996 2173 meum
1021 2118 1211 2192 [Vulg.
1244 2130 1387 2179 tacet
1416 2123 1650 2197 meum];
1684 2143 1776 2180 nec
1818 2135 2037 2199 pascant

452 2207 673 2279 amplius
709 2220 941 2282 pastores
984 2216 1282 2286 semetipsos
1324 2216 1471 2290 (sive
1512 2217 1685 2291 oves),
1718 2228 1763 2273 et
1808 2219 2034 2274 liberabo

448 2317 651 2373 gregem
675 2318 845 2358 meum
874 2304 1023 2375 (sive
1048 2307 1200 2379 oves)
1232 2308 1294 2363 de
1328 2326 1416 2365 ore
1443 2327 1641 2375 eorum,
1672 2319 1716 2365 et
1748 2328 1850 2365 non
1887 2319 2035 2365 erunt

452 2394 590 2449 ultra
617 2396 689 2450 eis
730 2397 786 2451 in
834 2414 1021 2456 escam.
1072 2401 1209 2466 Quia
1238 2403 1345 2458 lucc
1374 2402 1499 2457 dicit
1546 2404 1803 2459 Dominus
1842 2402 1987 2459 Deus
2014 2419 2034 2459 :

448 2489 583 2546 Ecce
609 2508 700 2563 ego
739 2493 849 2565 ipse
900 2495 1160 2566 requiram
1192 2512 1304 2553 oves
1357 2514 1517 2567 meas,
1572 2506 1621 2551 et
1667 2497 1884 2552 visitabo
1939 2515 2024 2553 eas

445 2586 579 2640 sicut
605 2588 777 2642 visilat
806 2598 981 2661 pastor
1010 2607 1212 2662 gregem
1242 2608 1393 2646 suum
1427 2593 1481 2647 in
1512 2593 1597 2647 die
1623 2594 1832 2664 quando
1874 2594 2033 2663 fuerit

448 2679 501 2733 in
550 2681 715 2736 medio
756 2683 927 2737 ovium
970 2700 1183 2739 suarum
1228 2686 1775 2758 dissipatarum(sive
1819 2688 2032 2758 quando

445 2774 604 2844 fuerit
631 2776 818 2847 caligo,
848 2786 894 2831 et
924 2777 1081 2833 nubes
1112 2779 1166 2833 in
1190 2780 1357 2835 medio
1385 2781 1553 2835 ovium
1580 2796 1792 2835 suarum
1816 2799 2031 2851 separa-

446 2874 616 2920 tarum
642 2868 694 2939 )z
725 2871 799 2924 sic
822 2870 1039 2926 visitabo
1068 2888 1181 2928 oves
1203 2891 1363 2942 meas,
1396 2887 1442 2929 et
1472 2876 1692 2930 liberabo
1720 2893 1804 2931 eas
1826 2876 1890 2930 de
1915 2894 2027 2931 om-

444 2958 592 3015 nibus
635 2960 781 3029 locis,
808 2964 862 3017 in
901 2964 1084 3035 quibus
1115 2968 1366 3039 dispersa:
1388 2971 1595 3040 fuerant
1621 2973 1674 3023 in
1701 2971 1785 3025 die
1802 2970 1951 3024 nubis
1979 2980 2029 3025 et

442 3052 697 3125 caliginis.
748 3054 816 3110 Et
845 3055 1057 3112 educam
1082 3075 1166 3113 eas
1202 3059 1350 3131 (sive
1388 3059 1510 3133 eos)
1546 3061 1610 3115 de
1641 3060 1848 3134 populis
1879 3061 2027 3127 (sive

2142 1862 2282 1907 ctum
2310 1870 2482 1920 suum,
2516 1865 2562 1909 et
2593 1865 2729 1910 terra
2757 1856 2898 1910 dabit
2920 1875 3126 1928 germen
3158 1876 3308 1914 suum
3333 1858 3488 1932 (sive
3519 1861 3730 1931 fortitu-

2140 1948 2375 2021 dinem):
2398 1958 2443 2004 et
2467 1961 2614 2004 erunt
2645 1951 2794 2023 (sive
2822 1952 3153 2025 habitabant)
3185 1955 3397 2008 interra
3423 1971 3520 2009 sua
3539 1954 3729 2027 absque

2140 2043 2319 2097 timore
2341 2044 2489 2116 (sive
2504 2046 2558 2099 in
2577 2063 2667 2117 spe
2686 2048 2866 2119 pacis)
2895 2066 2907 2103 :
2932 2057 2977 2102 et
3000 2051 3162 2103 scient
3188 2051 3312 2121 quia
3336 2066 3427 2119 ego
3450 2047 3723 2111 Dominus,

2139 2156 2255 2194 cum
2282 2142 2565 2196 contrivero
2596 2152 2802 2197 catenas
2836 2144 2989 2214 (sive
3012 2147 3276 2216 torquem)
3297 2145 3418 2217 jugi
3446 2161 3643 2210 eorum,
3678 2153 3727 2198 et

2138 2249 2318 2287 eruere
2346 2250 2431 2288 eos
2461 2235 2524 2287 de
2552 2252 2711 2289 manu
2736 2236 3101 2306 imperantium
3128 2236 3223 2292 sibi
3255 2235 3402 2306 (sive
3426 2237 3616 2291 servire
3640 2252 3729 2291 eos

2140 2326 2489 2397 facientium).
2524 2328 2590 2382 Et
2624 2347 2727 2384 non
2757 2339 2905 2384 erunt
2935 2332 3071 2386 ultra
3100 2332 3153 2386 in
3183 2333 3425 2402 rapinam
3450 2334 3687 2404 gentibus
3707 2348 3725 2385 :

2137 2437 2295 2491 neque
2342 2421 2514 2477 bestite
2554 2432 2703 2479 terra!
2742 2425 3061 2480 devorabunt
3112 2444 3197 2481 eos
3236 2442 3255 2481 :
3282 2428 3370 2482 sed
3419 2428 3725 2482 habitabant

2135 2513 2449 2582 conﬁdenter
2481 2514 2626 2589 (sive
2650 2518 2704 2570 in
2725 2516 2846 2591 spe)
2866 2520 3057 2591 absque
3086 2521 3194 2575 ullo
3221 2530 3435 2578 terrore.
3470 2522 3536 2576 Et
3563 2527 3727 2579 susci-

2134 2606 2251 2659 tabo
2280 2609 2353 2661 eis
2380 2624 2584 2679 germen
2612 2610 2934 2665 nominatum
2953 2613 3103 2682 (sive
3140 2614 3517 2685 plantationem
3543 2616 3681 2687 pacis
3702 2632 3722 2669 :

2133 2710 2179 2753 et
2209 2717 2310 2755 non
2338 2711 2487 2756 erunt
2528 2704 2666 2757 ultra
2694 2705 2953 2760 imminuti
2986 2706 3137 2777 (sive
3167 2707 3467 2780 pereuntes)
3503 2713 3636 2779 fame
3665 2710 3719 2763 in

2133 2802 2268 2848 terra
2286 2834 2300 2859 ,
2332 2810 2490 2866 neque
2516 2797 2789 2867 portabunt
2817 2800 3040 2870 amplius
3068 2800 3345 2873 opprobria
3372 2803 3621 2872 gentium.
3654 2800 3719 2856 Et

2133 2890 2290 2944 scient
2318 2892 2440 2958 quia
2466 2908 2559 2966 ego
2586 2910 2699 2947 sum
2728 2894 2983 2950 Dominus
3012 2894 3152 2951 Deus
3189 2913 3369 2959 eorum
3408 2914 3521 2952 cum
3548 2898 3637 2963 eis,
3672 2906 3718 2951 et

2131 2985 2229 3055 ipsi
2259 2986 2481 3057 papulas
2509 3002 2649 3041 meus
2678 2987 2859 3043 domus
2890 2986 3084 3056 Israel,
3114 2990 3238 3043 dicit
3270 2989 3525 3045 Dominus
3555 2988 3717 3045 Deus.

2143 3080 2242 3134 Vos
2263 3092 2435 3136 autem
2458 3100 2633 3155 greges
2653 3084 2769 3151 ntei,
2796 3100 2922 3156 grex
2939 3084 3118 3157 (Vulg.
3147 3084 3347 3158 greges]
3374 3101 3581 3153 pascua:
3599 3101 3721 3139 mete

444 3144 509 3198 de
538 3146 828 3217 gentibus),
870 3156 921 3201 et
960 3150 1277 3221 congregabo
1313 3168 1399 3207 eas
1431 3152 1574 3225 (sive
1613 3153 1741 3225 eos)
1775 3155 1836 3206 de
1879 3155 2028 3209 terris

2134 3174 2269 3242 (sive
2291 3177 2433 3245 oves)
2457 3177 2690 3230 homines
2717 3178 2861 3245 estis,
2890 3190 2936 3234 et
2958 3196 3053 3249 ego
3078 3178 3334 3234 Dominus
3359 3178 3500 3234 Deus
3534 3188 3717 3248 vester,

442 3242 460 3308 (
486 3240 600 3295 sive
620 3242 974 3316 regionibus),
1003 3252 1053 3298 et
1070 3244 1317 3299 inducam
1341 3262 1423 3300 eas
1446 3244 1602 3317 (sive
1626 3244 1743 3319 eos)
1768 3247 1820 3300 in
1840 3254 2027 3301 terram

439 3350 610 3403 suam,
640 3343 685 3389 et
714 3352 922 3406 pascam
950 3352 1034 3391 eas
1058 3338 1212 3407 (sive
1243 3337 1362 3409 eos)
1390 3339 1445 3392 in
1469 3337 1727 3394 montibus
1757 3336 1946 3404 Israel,
1976 3343 2028 3394 in

440 3426 560 3480 rivis
590 3437 637 3482 et
662 3428 717 3482 in
754 3429 952 3484 cunctis
982 3430 1190 3486 sedibus
1224 3441 1394 3487 terrte.
1432 3430 1500 3486 In
1526 3433 1731 3506 pascuis
1759 3432 2029 3488 uberrimis

439 3535 647 3589 pascam
678 3536 761 3574 eas
792 3521 950 3592 (sive
982 3521 1125 3592 eos),
1152 3530 1201 3577 et
1231 3523 1285 3577 in
1311 3524 1573 3579 montibus
1601 3525 1815 3580 excelsis
1854 3524 2028 3581 Israel

436 3622 587 3667 erunt
613 3630 807 3684 pascua
844 3630 1019 3669 earum
1044 3616 1195 3689 (sive
1236 3617 1389 3672 ovilia
1417 3616 1657 3690 eorum):
1688 3620 1759 3673 ibi
1798 3620 2026 3688 requies-

438 3714 549 3760 cent
570 3706 624 3760 in
664 3707 834 3762 herbis
864 3708 1163 3775 virentibus,
1195 3720 1243 3764 et
1282 3712 1337 3765 in
1364 3716 1570 3782 pascuis
1605 3713 1878 3783 pinguibus
1902 3729 2025 3785 pas-

440 3810 615 3855 centur
644 3816 798 3872 super
827 3811 1024 3857 montes
1052 3800 1241 3857 Israel.
1274 3803 1388 3877 Ego
1411 3823 1619 3877 pascam
1647 3823 1761 3861 oves
1790 3824 1948 3873 meas,
1978 3816 2026 3862 et

438 3906 532 3964 ego
552 3909 637 3948 eas
660 3896 908 3949 accubare
931 3895 1117 3966 faciam
1145 3895 1282 3969 (sive
1304 3899 1667 3971 requiescere),
1686 3901 1811 3954 dicit
1840 3898 2025 3954 Domi-

440 4001 536 4040 nus
575 3984 739 4041 Deus.
771 3987 922 4055 Quod
945 3988 1189 4060 perierat,
1222 3992 1499 4061 requiram,
1542 4002 1587 4047 et
1613 3993 1749 4065 quod
1770 3992 2023 4065 abjectum

439 4090 547 4135 erat
584 4079 737 4154 (sive
779 4085 1069 4155 erraverat)
1108 4085 1349 4140 reducam
1376 4103 1394 4140 :
1432 4096 1479 4140 et
1520 4086 1657 4159 quod
1701 4090 2024 4157 confractum

439 4172 626 4243 fuerat,
670 4172 916 4248 alligabo,
958 4185 1007 4230 et
1049 4177 1187 4249 quod
1218 4178 1484 4248 inﬁmum
1523 4188 1650 4245 erat,
1689 4178 2021 4235 consolidabo

441 4267 596 4338 (sive
617 4268 979 4342 confortabo):
1003 4280 1051 4327 et
1070 4272 1209 4343 quod
1249 4274 1437 4345 pingue
1457 4283 1503 4326 et
1523 4274 1672 4345 forte,
1711 4274 2017 4339 custodiam,

437 4369 484 4415 et
510 4378 715 4433 pascam
740 4361 856 4418 illas
878 4364 934 4418 in
952 4365 1157 4439 judicio
1191 4364 1341 4437 (sive
1370 4382 1487 4421 cum
1502 4366 1705 4437 judicio
1722 4364 1764 4438 ).
1804 4365 1905 4422 Vos
1926 4384 2020 4421 au-

442 4466 561 4525 tem,
591 4475 767 4531 greges
795 4461 893 4515 mei
924 4460 1059 4534 (sive
1098 4478 1211 4518 oves
1241 4463 1412 4533 mete),
1451 4460 1559 4517 hcce
1600 4462 1724 4516 dicit
1771 4461 2021 4519 Dominus

2131 3266 2259 3321 dicit
2290 3266 2543 3322 Dominus
2573 3267 2735 3323 Deus.
2770 3269 2925 3340 Stepe
2952 3272 3263 3326 commonui
3306 3272 3603 3327 editionem
3632 3286 3721 3328 me

2131 3368 2414 3430 utramque
2442 3361 2693 3428 miscere,
2717 3370 2775 3416 ut
2804 3362 3066 3419 librorum
3085 3364 3247 3419 vitem
3273 3363 3715 3435 magnitudinem,

2132 3452 2182 3506 in
2226 3452 2308 3507 his
2348 3453 2647 3521 dumtaxat,
2676 3471 2795 3523 qua:
2836 3472 2943 3511 non
2987 3458 3214 3511 multum
3238 3472 3269 3511 a
3298 3472 3357 3511 se
3399 3458 3450 3512 in
3481 3456 3718 3512 translao

2131 3545 2277 3601 tione
2299 3546 2631 3603 discordant.
2670 3548 2798 3604 I’ost
2831 3559 3042 3620 captam
3071 3550 3392 3617 Jerusalem,
3429 3562 3714 3621 posuquam

2126 3640 2465 3695 annuntiavit
2496 3642 2552 3695 in
2592 3642 2873 3714 Babylone
2910 3643 3003 3714 qui
3026 3645 3257 3715 fugerat,
3294 3645 3508 3701 locutus
3547 3643 3716 3700 estde

2127 3731 2211 3787 his
2262 3734 2353 3803 qui
2376 3734 2695 3790 habitabant
2728 3735 2783 3791 in
2812 3736 3046 3793 ruinosis
3084 3738 3406 3805 Jerusalem,
3435 3748 3487 3793 et
3519 3736 3717 3793 deinde

2128 3824 2195 3880 ad
2220 3841 2315 3881 eos
2346 3827 2438 3895 qui
2472 3827 2524 3881 in
2558 3828 2872 3898 captivitate
2900 3831 3084 3900 positi,
3124 3830 3480 3887 nihilominus
3528 3843 3715 3900 perse-

2126 3918 2389 3973 verabant
2430 3919 2483 3974 in
2519 3921 2745 3989 malitia,
2790 3925 3066 3994 prophetae
3105 3925 3270 3981 verba
3310 3925 3497 3981 audire
3525 3924 3716 3980 nolen-

2127 4020 2206 4069 tes
2242 4029 2253 4065 :
2289 4028 2431 4069 nunc
2470 4012 2537 4069 ad
2573 4025 2839 4085 pastores,
2862 4016 2911 4071 id
2937 4027 3040 4083 est,
3078 4018 3145 4073 ad
3184 4017 3455 4089 principes
3496 4033 3709 4074 sermo-

2125 4119 2247 4160 nem
2278 4103 2483 4175 dirigit,
2518 4120 2747 4175 quorum
2778 4107 2910 4162 vitio
2940 4123 3094 4178 oves,
3128 4109 3181 4164 id
3210 4121 3315 4179 est,
3346 4110 3526 4181 populi
3549 4109 3714 4165 dissi—

2126 4200 2237 4268 pati
2283 4209 2428 4254 sunt.
2501 4202 2563 4255 Et
2597 4202 2698 4259 hoc
2742 4203 3071 4271 notandum,
3125 4207 3268 4276 quod
3317 4221 3347 4261 a
3392 4205 3712 4261 duodecimo

2124 4307 2288 4361 anno,
2319 4291 2531 4349 decimo
2563 4310 2771 4365 mense,
2808 4296 2991 4368 quinta
3033 4298 3235 4355 mensis
3275 4297 3709 4370 transmigratio-

2123 4388 2227 4455 nis,
2248 4387 2362 4444 sive
2379 4389 2707 4460 captivitatis
2720 4390 3016 4458 Jechoniae,
3037 4403 3093 4449 et
3111 4395 3339 4465 quicum
3353 4409 3420 4451 eo
3438 4395 3579 4466 capti
3600 4396 3705 4449 τηου

2124 4491 2266 4547 rant,
2300 4483 2547 4553 usquead
2563 4484 2881 4541 vicesimum
2902 4497 2957 4542 et
2974 4486 3221 4558 quintum
3243 4504 3465 4556 annum,
3488 4488 3701 4561 quando

440 4549 583 4607 Deus
609 4568 630 4607 :
655 4552 783 4609 Ecce
806 4570 900 4629 ego
921 4555 1112 4629 judico
1140 4558 1272 4612 inter
1311 4572 1486 4627 pecus,
1514 4566 1562 4611 et
1596 4572 1771 4629 pecus,
1802 4557 2023 4612 arietum
2046 4552 2099 4615 D
2125 4573 2289 4648 509
2355 4549 2518 4649 ελιρει-
2580 4588 2820 4635 [ηοηιεη]
2887 4549 3038 4637 urbis
3100 4582 3382 4640 animum
3448 4549 3706 4655 ίεξηριημι

436 4651 483 4698 et
509 4644 790 4700 hircorum.
815 4644 1003 4702 Nonne
1024 4648 1151 4703 satis
1168 4648 1305 4702 vobis
1326 4658 1435 4702 erat
1455 4665 1649 4721 pascua
1671 4649 1803 4704 bona
1825 4648 1845 4722 [
1866 4650 2019 4721 Vulg.

437 4754 681 4810 pascuam
698 4739 907 4814 bonam]
929 4743 1180 4813 depasci?
1209 4740 1432 4816 Insuper
1458 4752 1505 4798 et
1533 4745 1774 4816 reliquias
1799 4762 2023 4817 pascua-

436 4846 551 4885 rum
579 4841 859 4888 vestrarum
886 4834 1269 4890 conculcabatis
1291 4833 1315 4907 [
1334 4835 1492 4909 Vulg.
1524 4838 1904 4912 conculcastis]
1932 4858 2024 4913 pe-

437 4925 587 4983 dibus
613 4928 815 4997 vestris,
854 4936 1042 4983 etcum
1069 4929 1398 5000 purissimam
1437 4948 1624 5003 aquam
1653 4932 1903 5001 biberetis,
1936 4951 2021 4989 re-

438 5019 631 5091 liquam
659 5020 872 5092 pedibus
898 5022 1078 5076 vestris
1127 5022 1412 5078 turbabatis
1448 5023 1566 5097 (Al.
1599 5025 1907 5099 turbastis].
1947 5025 2019 5081 Et

436 5128 551 5169 oves
579 5130 704 5169 mea:
744 5113 824 5168 his
852 5131 965 5186 qua:
992 5116 1294 5172 conculcata
1338 5117 1552 5190 pedibus
1576 5121 1754 5176 vestris
1783 5124 2014 5193 fuerant,

436 5208 793 5278 pascebantur,
823 5217 872 5263 et
911 5226 1025 5281 qua:
1063 5211 1215 5281 pedes
1242 5213 1400 5267 vestri
1427 5214 1775 5282 turbaverant,
1806 5216 1913 5271 htec
1944 5216 2020 5271 bi-

436 5300 639 5358 bebant.
691 5300 975 5375 Pr0pterea
1013 5304 1121 5360 haec
1151 5304 1277 5361 dicit
1321 5306 1575 5364 Dominus
1645 5309 1786 5365 Deus
1832 5313 1901 5365 ad
1932 5328 2019 5367 eos

436 5390 637 5467 [Vulg.
671 5410 757 5451 vos
776 5395 825 5469 J:
854 5394 988 5453 Ecce
1014 5414 1106 5471 ego
1127 5399 1236 5473 ipse
1256 5402 1442 5475 judico
1461 5403 1593 5459 inter
1619 5420 1773 5474 pecus
1801 5407 2014 5481 pingue,

435 5496 487 5540 et
512 5488 843 5543 macilentam
881 5489 1037 5563 (sive
1080 5492 1215 5548 inter
1256 5512 1410 5567 pecus
1438 5499 1572 5567 forte
1600 5505 1645 5551 et
1676 5498 1975 5574 inﬁrmata)
1999 5520 2017 5556 :

434 5593 531 5648 pro
555 5595 613 5635 eo
632 5583 769 5652 quod
790 5582 1057 5657 lateribus,
1079 5593 1129 5640 et
1148 5584 1372 5641 humeris
1396 5594 1423 5625 α
1439 5588 1614 5642 vestris
1635 5589 2014 5664 impingebatis,

2126 4670 2439 4736 exstruitur,
2474 4681 2528 4726 et
2559 4672 2899 4729 incredibilia
2932 4675 3192 4732 Ecclesiae
3216 4690 3555 4735 sacramenta
3581 4693 3712 4750 pan-

2126 4761 2351 4830 duntur,
2384 4764 2567 4820 nullus
2599 4765 2653 4819 in
2692 4765 2871 4823 medio
2905 4783 3101 4838 annus,
3137 4771 3454 4843 nullumque
3497 4781 3710 4843 tempus

2125 4865 2206 4910 est
2247 4856 2514 4925 positum;
2566 4858 2661 4915 sed
2705 4859 3026 4931 simpliciter
3077 4862 3273 4919 dicitur
3311 4882 3325 4919 :
3380 4864 3580 4921 Factus
3627 4875 3711 4920 est

2122 4962 2302 5006 sereno
2335 4951 2548 5007 Domini
2573 4952 2641 5008 ad
2669 4970 2775 5023 me,
2799 4954 2991 5012 dicens
3020 4975 3032 5010 :
3066 4956 3169 5012 Fili
3196 4957 3453 5025 hominis,
3487 4958 3708 5028 loquere

2122 5041 2189 5096 ad
2221 5042 2345 5098 illas
2385 5052 2440 5099 et
2477 5042 2546 5098 ad
2592 5044 2737 5113 illos,
2773 5053 2834 5101 ut
2860 5047 3162 5118 intelligere
3201 5048 3495 5105 debeamus
3525 5050 3703 5106 omnia

2122 5149 2242 5203 quae
2270 5134 2519 5205 leguntur
2562 5136 2819 5193 tredecim
2855 5139 3032 5209 annis,
3063 5138 3299 5196 diversis
3319 5142 3463 5197 dicta
3493 5151 3705 5212 tempo-

2121 5225 2302 5294 ribus;
2335 5239 2389 5283 et
2412 5237 2590 5285 tamen
2618 5238 2766 5287 certa
2798 5231 2944 5287 inter
2970 5246 3030 5288 se
3060 5234 3232 5303 spatia
3262 5244 3564 5306 temporum
3596 5249 3700 5291 non

2125 5320 2463 5392 habere.:Ad
2506 5334 2755 5393 pastores
2798 5336 2979 5382 autem
3009 5327 3177 5384 Israel
3206 5344 3384 5387 sermo
3424 5330 3698 5403 dirigitur,

2123 5428 2258 5481 quos
2280 5413 2366 5469 vel
2400 5430 2576 5487 reges,
2610 5419 2695 5474 vel
2723 5420 3014 5491 principes,
3044 5421 3264 5479 Scribas
3294 5434 3349 5479 et
3368 5422 3696 5490 Pharisaros,

2121 5520 2185 5560 ac
2221 5507 2509 5578 magistros
2533 5509 2742 5567 Judaici
2773 5514 2959 5582 populi
3001 5514 3261 5572 debemus
3300 5517 3571 5589 accipere.
3601 5516 3699 5572 Vel

2120 5610 2268 5657 certe
2288 5601 2342 5657 in
2371 5603 2696 5678 Evangelico
2726 5607 2944 5678 populo,
2977 5608 3283 5683 episcopos,
3324 5612 3696 5685 presbyteros,

507 5746 536 5778 ι
573 5739 832 5799 Additum
870 5744 1072 5814 vestris,
1113 5746 1259 5816 quod
1301 5752 1509 5804 tantum
1551 5750 1623 5807 sit
1657 5764 1825 5822 penes
1851 5751 2017 5826 LXX,
2050 5753 2322 5820 Victorius
2351 5765 2630 5837 expunxit.
