4038 6328
266 202 372 262 529

907 202 1561 268 COMMENTARIORUM
1596 203 1664 264 IN
1702 199 2148 265 EZEGHIELE'M
2184 199 2314 264 LIB.
2355 206 2447 266 XI.
2486 206 2643 268 CAP.
2683 208 2925 270 XXXIV.

3443 215 3548 273 330

268 334 319 379 et
346 322 649 377 diaconos:
681 330 775 380 aut
790 324 944 396 juxta
968 329 1235 401 mysticos
1265 330 1594 395 intellectus,
1622 328 1857 399 Angelos
1884 328 1937 388 A
1962 328 2149 383 bestiis
2179 331 2313 401 agri,
2353 330 2421 387 de
2457 333 2649 401 quibus
2679 336 2936 403 scriptum
2966 340 3050 388 est
3084 349 3101 387 :
3134 331 3372 390 Posuisti
3401 343 3549 393 tene-

265 417 599 487 singularum
637 419 1030 489 Ecclesiarum,
1052 424 1118 479 ad
1151 440 1287 495 quos
1303 424 1520 495 scripsit
1542 424 1779 480 Joannes
1804 424 1855 478 in

266 514 595 585 Apocalypsi
625 530 717 570 sua
748 515 989 589 (Apocal.
1024 518 1067 589 ι)
1092 560 1107 584 ,
1146 530 1200 576 et
1234 536 1468 592 quorum
1496 520 1688 591 Angeli
1716 534 1857 590 quo-

266 608 398 663 tidie
431 609 624 665 vident
652 612 847 667 faciem
894 614 986 670 Dei
1026 613 1245 687 (Matth.
1280 616 1456 685 xvm).
1507 614 1860 684 Primumque

265 701 498 757 dicitur:
539 703 630 759 Vae
658 705 963 776 pastoribus
1005 705 1194 776 lsrael,
1238 709 1331 776 qui
1362 724 1485 764 cum
1513 723 1731 780 gregem
1756 707 1862 762 Do-

265 795 395 850 mini
429 813 656 866 pascere
684 799 942 867 debeant,
970 810 1024 857 et
1055 801 1212 857 saluti
1247 802 1392 857 illius
1422 801 1728 872 providere,
1762 815 1862 871 pro

266 907 355 946 sua
400 891 671 949 festinant
699 894 936 952 luxuria.
983 895 1138 953 Unde
1186 912 1521 968 magnopere
1560 894 1861 952 cavendum

266 994 363 1046 est,
414 995 469 1040 et
495 985 839 1042 observanda
866 987 959 1043 illa
982 998 1297 1060 praecepta:
1327 988 1406 1045 Ne
1445 1005 1659 1058 qureras
1695 987 1863 1059 judex

264 1076 402 1141 ﬁeri,
449 1094 518 1134 ne
555 1078 697 1135 forte
724 1096 831 1135 non
860 1082 1038 1152 possis
1067 1082 1282 1138 auferre
1324 1083 1640 1154 iniquitates
1672 1080 1861 1153 (Eccli.

265 1188 353 1237 vn,
388 1173 469 1241 6).
505 1174 573 1228 Et
596 1175 791 1230 iterum
823 1194 835 1229 :
867 1173 1085 1243 Quanto
1124 1176 1297 1246 major
1319 1191 1401 1245 es,
1430 1185 1578 1231 tanto
1607 1174 1781 1246 magis
1812 1184 1865 1230 te

262 1264 514 1329 humilia,
548 1275 601 1322 et
646 1267 699 1321 in
743 1277 1040 1339 conspectu
1088 1267 1301 1323 Domini
1352 1268 1601 1324 invenies
1634 1269 1863 1338 gratiam

264 1357 430 1428 (ibid.
462 1375 547 1420 ιιι,
580 1358 695 1432 29).
730 1359 796 1415 Et
826 1376 1043 1416 rursum
1072 1379 1085 1413 :
1121 1362 1324 1417 Ducem
1357 1370 1410 1417 te
1440 1363 1863 1428 constituerunt,

261 1468 323 1507 ne
354 1453 599 1508 elevcris
636 1471 649 1508 :
685 1454 781 1512 sed
824 1466 945 1510 esto
991 1455 1133 1511 inter
1168 1471 1264 1512 eos
1294 1456 1446 1525 quasi
1488 1472 1626 1511 unus
1663 1472 1729 1511 ex
1759 1456 1869 1511 illis

259 1548 453 1621 (Ea-li.
482 1563 661 1616 xxxii,
696 1548 771 1622 1).
798 1549 955 1607 Unde
975 1559 1029 1607 et
1054 1552 1371 1621 Apostolus,
1403 1553 1558 1624 quasi
1585 1552 1867 1623 parvulum

257 1652 421 1713 atque
477 1644 779 1699 lactentem
844 1644 991 1700 inter
1053 1644 1354 1715 discipulos
1419 1660 1541 1701 esse
1609 1660 1668 1701 se
1737 1643 1869 1700 dicit

1963 422 2107 489 bras,
2133 434 2188 479 et
2212 424 2346 480 facta
2373 437 2455 481 est
2484 443 2588 482 nox
2619 445 2631 479 :
2664 427 2715 481 in
2761 429 2873 499 ipsa
2926 431 3330 499 pertransibunt
3360 446 3551 487 omnes

1963 515 2150 573 bestia:
2188 519 2323 589 agri,
2357 518 2522 574 catuli
2552 519 2765 575 leonum
2800 523 3095 592 rugientes,
3138 534 3194 578 ut
3223 526 3456 594 rapiant,
3499 533 3555 579 et

1962 622 2210 681 qutcrant
2235 628 2263 665 a
2301 614 2409 669 Deo
2437 628 2615 670 escam
2645 614 2744 669 sibi
2778 614 2896 686 (Ps.
2929 632 3044 681 cm,
3075 619 3167 683 20,
3196 618 3312 689 21).
3357 619 3427 674 Et
3471 619 3554 674 di-

1966 716 2314 777 sperguntur,
2330 717 2385 763 et
2404 716 2589 764 errant
2607 709 2660 764 in
2683 711 2890 765 cunctis
2910 712 3206 780 montibus,
3227 715 3313 783 qui
3334 714 3554 770 elevan-

1972 807 2061 854 tur
2089 809 2275 855 contra
2306 801 2587 857 scientiam
2630 801 2747 869 Dei,
2777 810 2833 858 et
2859 803 3109 859 universo
3150 805 3287 861 colle
3316 807 3555 872 excelso,

1968 892 2059 962 qui
2086 908 2183 962 per
2212 893 2523 951 haeretieam
2551 896 2888 967 superbiam,
2921 897 3350 953 Ecclesiasticam
3378 900 3560 970 despi-

1968 985 2113 1039 ciunt
2140 986 2566 1056 simplicitatem.
2612 988 2681 1043 Et
2711 1004 2876 1058 super
2903 1005 3118 1044 omnem
3172 990 3361 1047 faciem
3399 1001 3560 1049 terrae

1968 1073 2378 1149 disperguntur;
2413 1089 2650 1149 terrena,
2682 1096 2793 1137 non
2821 1082 3068 1138 caelestia
3096 1084 3451 1154 requirentes.
3496 1087 3564 1141 Et

1972 1184 2076 1225 non
2102 1180 2221 1227 erat
2245 1172 2337 1242 qui
2359 1175 2678 1241 requireret,
2714 1190 2817 1231 nec
2845 1176 2935 1247 qui
2964 1176 3249 1233 reduceret
3278 1195 3291 1230 :
3321 1179 3441 1248 quia
3470 1178 3563 1233 de-

1970 1265 2108 1321 liciis
2150 1268 2418 1338 occupati,
2447 1270 2626 1341 gregis
2670 1270 2883 1325 Domini
2910 1271 3019 1343 [AL
3068 1272 3346 1345 dominici]
3370 1273 3563 1329 damna

1973 1376 2079 1414 non
2129 1372 2340 1416 curant.
2379 1361 2528 1420 Unde
2572 1365 2637 1417 ad
2668 1366 2842 1420 malos
2870 1373 3118 1433 pastores
3148 1381 3332 1421 sermo
3365 1366 3423 1420 ﬁt
3465 1367 3569 1422 Do—

1976 1456 2129 1522 mini,
2160 1458 2282 1528 quia
2313 1458 2435 1527 ista,
2469 1468 2524 1513 et
2569 1461 2666 1514 ista
2702 1459 2930 1526 fecistis,
2962 1476 3082 1530 quze
3123 1476 3281 1530 supra
3315 1462 3566 1531 exposui,

1976 1557 2173 1621 etquae
2201 1552 2442 1609 secundo
2470 1563 2781 1609 enumerat:
2809 1552 2952 1610 Ecce
2981 1570 3081 1626 ego
3102 1555 3217 1626 ipse
3242 1554 3309 1609 ad
3328 1565 3571 1624 pastores

1981 1646 2209 1711 veniam,
2246 1657 2302 1703 et
2326 1647 2597 1718 requiram
2620 1664 2836 1719 gregem
2866 1664 3041 1705 meum
3070 1648 3140 1704 de
3162 1663 3324 1703 manu
3355 1664 3566 1714 eorum,

258 1736 297 1807 (l
330 1735 453 1792 Cor.
492 1736 604 1810 ιιι).
635 1737 897 1810 Quodque
938 1740 1186 1810 sequitur
1220 1757 1233 1793 :
1268 1739 1374 1795 Lac
1402 1740 1793 1804 comedebatis,
1819 1746 1876 1795 et
1902 1737 1951 1797 B
1980 1741 2172 1811 quibus
2204 1743 2449 1812 expedit,
2478 1752 2537 1797 ut
2574 1743 2715 1798 mola
2746 1743 2977 1799 asinaria
3010 1744 3258 1814 alligetur
3284 1744 3350 1798 ad
3372 1743 3571 1799 collum

260 1831 396 1886 lanis
432 1831 867 1901 aperiebamiui,
917 1849 1016 1905 per
1053 1835 1433 1905 metaphoram
1489 1833 1871 1905 pastorumad

262 1926 545 1994 principes
568 1926 834 1998 loquitur,
860 1927 927 1983 de
950 1928 1151 1999 quibus
1175 1939 1232 1986 et
1259 1930 1312 1985 in
1330 1930 1437 1984 alio
1461 1930 1582 1986 loco
1607 1931 1873 1999 scriptum

274 2026 383 2072 est:
407 2017 510 2085 Qui
551 2018 822 2074 devorant
863 2021 1074 2089 plebem
1106 2038 1284 2078 meam
1322 2024 1467 2079 sicut
1500 2038 1680 2078 escam
1721 2022 1876 2094 panis

291 2111 398 2181 (Ps.
426 2130 513 2175 tu,
557 2111 637 2186 ὃ).
671 2112 729 2168 In
753 2115 895 2171 lacte
921 2131 1111 2173 omnes
1141 2133 1298 2173 escas
1325 2117 1606 2189 intellige:
1637 2118 1688 2172 in
1713 2118 1875 2183 lanis,

294 2206 632 2275 multiplicem
682 2210 913 2263 vestium
943 2212 1291 2265 varietatem.
1324 2211 1479 2276 Quod
1530 2220 1711 2266 autem
1743 2209 1877 2266 dici-

287 2312 381 2354 tur;
413 2301 481 2354 Et
516 2301 667 2372 quod
696 2317 941 2358 crassum
971 2314 1109 2366 erat.
1137 2305 1491 2370 occidebatis,
1526 2304 1593 2359 de
1622 2304 1879 2359 divitibus

276 2394 451 2464 populi
489 2394 763 2466 loquitur,
789 2410 928 2466 quos
960 2396 1085 2450 mali
1121 2397 1395 2468 principes
1425 2396 1477 2451 in
1507 2395 1879 2466 Ecclesiisju-

274 2487 460 2556 gulare
504 2497 821 2550 narrantur,
859 2486 988 2544 dum
1029 2504 1123 2546 eos
1162 2488 1272 2561 [ΑΙ.
1321 2488 1422 2563 eis]
1465 2489 1785 2559 praedicant,
1826 2496 1883 2545 et

274 2581 397 2635 vitia
427 2598 631 2637 eorum
660 2582 943 2652 increpare
972 2600 1081 2637 non
1106 2583 1330 2639 audent.
1362 2586 1437 2638 De
1460 2583 1656 2654 quibus
1680 2591 1735 2638 et
1756 2597 1881 2652 pro-

275 2674 434 2745 pheta
469 2677 612 2732 dicit
649 2696 660 2730 :
692 2677 936 2748 Populus
972 2692 1151 2744 meus,
1185 2679 1278 2748 qui
1318 2677 1509 2734 beatos
1537 2693 1635 2733 vos
1668 2676 1878 2743 dicunt,

277 2768 551 2825 seducunt
568 2785 689 2838 vos,
708 2780 765 2826 et
791 2771 1040 2826 semitam
1060 2769 1263 2841 pedum
1289 2783 1599 2827 vestrorum
1624 2772 1884 2841 supplan-

280 2870 393 2915 tant
436 2861 579 2933 (Isa.
616 2878 697 2927 ut,
743 2863 853 2933 12).
897 2863 974 2919 De
1004 2864 1212 2935 'quibus
1263 2875 1318 2919 et
1357 2863 1599 2919 Jacobus
1642 2864 1883 2935 loquitur

281 2952 491 3023 (Iacob.
518 2972 575 3023 ll,
601 2956 681 3028 5),
713 2955 858 3027 quod
881 2972 1002 3012 cum
1037 2958 1266 3030 ingressi
1306 2959 1510 3013 fuerint
1539 2958 1605 3013 ad
1634 2973 1729 3014 eos
1761 2973 1885 3028 pre-

284 3050 441 3106 limis
471 3053 796 3108 circumdati
824 3053 1090 3119 vestibus,
1132 3065 1189 3109 et
1223 3054 1428 3108 annulo
1473 3068 1662 3120 aureo,
1712 3053 1885 3108 Itono-

1978 1833 2199 1902 (Matth.
2218 1834 2568 1907 xvtn),quam
2595 1847 2653 1891 ut
2678 1837 2961 1892 minimum
2995 1838 3357 1893 scandalizent
3384 1838 3450 1893 de
3474 1851 3574 1908 po-

1978 1928 2103 1997 pulo
2134 1944 2275 1984 meo.
2308 1930 2376 1984 Et
2408 1929 2522 1985 hare
2550 1930 2654 1985 erit
2684 1944 2872 1985 eorum
2914 1945 3071 2000 poena
3100 1930 3186 1985 vel
3217 1931 3471 1995 maxima,
3516 1936 3577 1982 ut

1980 2022 2117 2076 ultra
2149 2037 2258 2077 non
2291 2032 2513 2092 pascant
2539 2038 2754 2093 gregem
2797 2039 2980 2079 meum
3011 2040 3026 2075 :
3061 2039 3129 2077 ne
3159 2022 3258 2078 sub
3289 2025 3575 2077 occasione

1980 2114 2140 2187 511
2172 2116 2371 2179 ,ovium
2401 2116 2608 2186 seipsos
2654 2126 2895 2187 pascant,
2934 2125 2989 2171 et
3018 2132 3149 2187 opes
3192 2126 3521 2187 congregem
3554 2130 3568 2168 :

1982 2210 2047 2264 Et
2072 2210 2311 2267 liberabo
2335 2210 2589 2283 populum
2616 2224 2794 2266 meum
2817 2210 2887 2266 de
2906 2225 3001 2266 ore
3018 2224 3225 2266 eorum.
3258 2209 3574 2278 Requiram,

1982 2300 2176 2372 inquit,
2204 2303 2272 2358 de
2299 2319 2482 2369 manu,
2512 2313 2569 2359 et
2602 2303 2844 2359 liberabo
2865 2303 2933 2358 de
2953 2318 3071 2369 ore,
3096 2303 3239 2371 quod
3268 2302 3441 2358 avidis
3465 2302 3581 2357 fan-

1982 2394 2136 2453 cibus
2164 2395 2474 2453 devoratur.
2497 2396 2632 2451 Cum
2663 2407 2848 2452 autem
2880 2394 3195 2467 requisierit
3218 2410 3370 2458 oves,
3396 2394 3581 2449 visitat

1985 2505 2078 2545 eas
2108 2490 2260 2561 quasi
2290 2500 2618 2562 aegrotantes
2647 2502 2809 2562 atque
2840 2491 3176 2554 macilentas,
3219 2498 3273 2543 et
3305 2500 3578 2558 pastorum

1985 2585 2310 2657 negligentia
2339 2586 2636 2655 dissipatas
2661 2603 2676 2640 :
2704 2598 2757 2641 et
2788 2586 3040 2643 liberabit
3066 2587 3135 2641 de
3162 2585 3417 2641 omnibus
3445 2584 3584 2639 locis

1988 2676 2040 2731 in
2072 2677 2159 2732 die
2207 2676 2386 2744 nubis,
2430 2687 2484 2734 et
2509 2678 2784 2749 caliginis,
2826 2678 2894 2733 de
2923 2694 3033 2746 qua
3072 2676 3310 2748 loquitur
3337 2686 3392 2732 et
3418 2675 3533 2731 Joel
3570 2693 3582 2728 :

1988 2772 2157 2829 Adest
2184 2772 2301 2828 dies
2334 2772 2566 2839 Domini,
2603 2781 2659 2827 et
2689 2788 2856 2843 prope
2881 2781 2965 2829 est
2992 2772 3109 2828 dies
3152 2772 3499 2827 tenebrarum
3530 2778 3586 2826 et

1988 2864 2252 2933 ealiginis,
2287 2872 2342 2921 et
2370 2864 2488 2920 dies
2531 2865 2712 2933 nubis,
2756 2874 2811 2920 et
2848 2864 3059 2920 nebula:
3087 2864 3249 2936 (Joet.
3295 2880 3353 2929 ll,
3402 2865 3456 2933 1,
3499 2863 3582 2931 2).

1988 2954 2141 3011 Tunc
2169 2956 2469 3013 educentur
2497 2956 2565 3012 de
2601 2955 2783 3024 terris,
2818 2966 2877 3011 ut
2914 2956 3241 3011 inducantur
3284 2957 3339 3011 in
3383 2966 3586 3011 terram

1990 3061 2164 3115 suam,
2199 3064 2318 3119 quae
2345 3058 2427 3104 est
2460 3058 2600 3103 terra
2634 3047 2958 3103 viventium:
2989 3058 3043 3105 et
3066 3050 3183 3118 ipse
3212 3065 3303 3103 eas
3333 3058 3515 3118 pascet
3535 3049 3586 3101 in

288 3158 477 3201 rantur
500 3146 570 3201 ab
600 3147 773 3211 eis,et
795 3147 1001 3202 sanctis
1032 3148 1363 3218 pauperibus
1386 3146 1619 3204 dicitur:
1645 3146 1729 3201 Tu
1754 3161 1883 3202 vero
1909 3128 1957 3194 Ο
1991 3140 2272 3195 montibus
2300 3141 2487 3207 Israel,
2519 3140 2587 3197 de
2617 3142 2816 3212 quibus
2854 3141 3092 3211 loquitur
3133 3141 3301 3196 David
3341 3159 3355 3194 :
3389 3142 3587 3196 Levavi

292 3241 418 3297 sede
448 3242 503 3296 in
534 3242 795 3310 scabello,
829 3242 943 3296 sive
974 3240 1027 3297 in
1056 3251 1222 3307 terra,
1253 3226 1350 3296 aut
1376 3252 1481 3296 sta.
1512 3239 1606 3296 Isti
1636 3240 1780 3311 quod
1804 3242 1886 3296 in—

293 3337 504 3389 ﬁrmum
534 3344 639 3403 est,
682 3351 788 3390 non
814 3335 1147 3399 confortant,
1182 3334 1301 3389 sive
1332 3332 1697 3389 consolidant.
1731 3332 1887 3389 Unde

296 3440 343 3481 et
367 3428 566 3483 Paulus
596 3428 858 3499 loquitur:
883 3426 1160 3498 Suscipite
1188 3426 1434 3482 inﬁrmos
1458 3428 1637 3500 (Rom.
1667 3442 1777 3491 xw,
1804 3425 1885 3498 1).

300 3522 391 3577 Et:
426 3522 696 3577 inﬁrmum
718 3521 884 3595 410
908 3523 959 3578 in
990 3522 1098 3578 ﬁde
1123 3523 1404 3577 assumite.
1433 3521 1527 3576 Et:
1562 3519 1712 3574 Multi
1743 3520 1889 3575 inter

302 3631 390 3669 vos
423 3615 648 3682 inﬁrmi,
695 3624 752 3671 et
780 3625 1130 3686 acgrotantas.
1160 3615 1240 3670 Ad
1272 3630 1409 3685 quos
1440 3614 1675 3669 mittitur
1706 3626 1889 3669 sermo

300 3711 534 3778 divinus,
564 3711 634 3768 de
663 3727 772 3783 quo
796 3712 1058 3782 scriptum
1101 3720 1186 3767 est
1214 3712 1269 3766 in
1298 3711 1529 3766 Psalmis
1567 3728 1580 3764 :
1611 3710 1893 3765 Misitver—

302 3804 423 3857 bum
462 3820 640 3870 suum,
689 3814 744 3859 et
773 3805 986 3862 sanavit
1012 3820 1129 3872 eos,
1165 3804 1435 3874 eteripuit
1460 3819 1557 3860 eos
1592 3804 1659 3858 de
1701 3818 1893 3859 corru-

304 3898 573 3965 ptionibus
595 3914 785 3953 eorum
820 3896 938 3971 (Ps.
974 3914 1062 3965 cv,
1096 3898 1208 3966 10).
1237 3899 1306 3952 Et
1341 3897 1484 3970 quod
1516 3897 1746 3953 fractum
1779 3905 1886 3963 est,

304 3991 388 4055 ait,
433 4007 540 4047 non
580 3992 809 4063 alligant
845 4011 857 4046 :
901 4007 1245 4064 nequaquam
1286 3992 1538 4048 mortalia
1581 3992 1634 4047 in
1680 3992 1893 4062 populis

306 4084 713 4141 considerantes
740 4085 991 4153 vulnera,
1026 4086 1205 4157 qualis
1225 4096 1309 4141 est
1329 4086 1565 4154 adulter,
1594 4086 1890 4154 homicida,

305 4179 615 4251 sacrilegus.
649 4177 720 4234 Et
757 4179 903 4250 quod
933 4179 1201 4250 abiectum
1242 4189 1349 4245 est,
1389 4180 1505 4235 sive
1539 4180 1683 4251 quod
1706 4195 1893 4235 errare

307 4271 555 4337 viderint,
592 4287 701 4326 non
729 4271 1021 4337 reducunt,
1052 4270 1432 4341 permittentes
1454 4286 1550 4327 eos
1580 4272 1649 4327 ab
1680 4270 1898 4328 haereti-

307 4364 377 4417 cis
407 4363 603 4433 decipi.
630 4364 696 4418 Et
716 4364 862 4435 quod
894 4365 1137 4431 perierit,
1173 4381 1286 4421 non
1317 4364 1625 4435 requirunt,
1646 4380 1754 4421 non
1781 4374 1893 4420 tam

306 4457 539 4526 perditos
581 4459 794 4513 salvare
829 4458 1132 4528 cupientes,
1177 4474 1338 4529 quam
1384 4475 1502 4525 eos,
1544 4459 1640 4530 qui
1672 4469 1799 4515 sunt
1837 4459 1892 4514 in

1992 3236 2178 3290 oculos
2207 3248 2360 3309 meos
2396 3236 2450 3289 in
2494 3247 2731 3306 montes,
2767 3236 2911 3291 unde
2936 3237 3120 3292 veniet
3157 3235 3414 3291 auxilium
3454 3235 3586 3289 mihi

1995 3327 2116 3400 (Ps.
2142 3331 2364 3400 cxx,1).
2392 3331 2461 3385 Et
2487 3347 2593 3386 non
2620 3332 2795 3386 solum
2827 3330 2881 3385 in
2918 3330 3213 3395 montibus,
3247 3330 3342 3385 sed
3362 3329 3415 3384 in
3434 3329 3585 3391 rivis,

1994 3433 2049 3479 et
2080 3423 2131 3478 in
2160 3424 2369 3480 cunctis
2399 3423 2619 3480 sedibus
2652 3434 2829 3489 terrm,
2863 3426 2916 3479 in
2948 3425 3161 3496 pascuis
3192 3423 3506 3490 uberrimis,
3536 3431 3591 3478 et

1994 3517 2047 3571 in
2085 3527 2271 3574 monte
2298 3519 2539 3586 excelso,
2566 3518 2634 3574 de
2663 3534 2770 3589 quo
2798 3520 2986 3590 Isaias,
3011 3530 3068 3575 et
3098 3518 3351 3574 Michreas
3375 3518 3589 3589 plenius

1997 3609 2355 3666 vaticinantur
2395 3609 2614 3680 (Isa.n;
2646 3610 2812 3666 Mich.
2841 3629 2922 3677 tv,
2953 3613 3070 3684 vn):
3101 3613 3215 3667 sive
3237 3612 3291 3667 in
3318 3612 3591 3667 montibus

1996 3705 2224 3759 excelsis
2261 3703 2446 3762 Israel.
2478 3706 2553 3761 lbi
2593 3707 2942 3779 requiescent
2971 3710 3024 3763 in
3059 3707 3241 3763 herbis
3269 3708 3591 3773 virentibus,

1997 3806 2052 3853 et
2084 3798 2300 3855 dicent:
2335 3798 2596 3855 Dominus
2629 3801 2801 3868 pascit
2829 3816 2936 3863 me,
2970 3810 3025 3856 et
3054 3799 3190 3855 nihil
3218 3799 3353 3855 mihi
3382 3799 3590 3855 deerit:

1998 3894 2048 3946 in
2076 3893 2196 3948 luco
2217 3908 2429 3965 pascua:
2460 3894 2533 3950 ibi
2560 3911 2647 3950 me
2678 3895 2966 3950 collocavit
3000 3915 3012 3948 :
3043 3897 3215 3964 Super
3244 3911 3410 3964 aquas
3455 3894 3596 3949 refe-

1999 3985 2196 4041 ctionis
2226 3986 2477 4042 educavit
2506 4002 2595 4042 me
2619 3986 2737 4058 (Ps.
2769 4003 2911 4056 xxu,
2933 3988 2986 4051 1,
3009 3988 3090 4057 2).
3126 3990 3190 4041 Et
3216 3997 3508 4057 pascentur
3540 3987 3591 4039 in

1999 4082 2216 4152 pascuis
2256 4081 2629 4153 pinguissimis
2658 4097 2823 4153 super
2862 4092 3073 4138 montes
3106 4082 3294 4137 Israel.
3351 4081 3446 4135 Est
3474 4080 3595 4135 inﬁ-

1998 4176 2109 4229 nita
2159 4174 2473 4245 promissio,
2515 4190 2747 4246 spesque
2790 4175 3164 4240 beatitudinis,
3214 4174 3432 4245 quando
3480 4174 3596 4243 ipse

2000 4265 2262 4322 Dominus
2288 4266 2575 4337 pollicetur
2604 4267 2793 4325 dicens
2827 4286 2841 4322 :
2871 4269 2986 4338 Ego
3016 4283 3230 4338 pascam
3255 4284 3385 4325 oves
3412 4283 3593 4333 meas;

2000 4374 2056 4417 et
2102 4378 2440 4433 nequaquam
2480 4378 2574 4418 eas
2601 4364 2935 4418 committam
2968 4363 3124 4417 malis
3163 4358 3488 4433 paStoribus,
3542 4370 3597 4416 et

2001 4472 2104 4529 ego
2132 4473 2227 4513 eas
2251 4458 2518 4514 accubare
2545 4458 2759 4526 iaciam,
2780 4458 2913 4512 dicit
2940 4458 3203 4513 Dominus
3228 4459 3388 4524 Deus,
3423 4466 3483 4512 ut
3511 4472 3599 4512 re-

309 4549 560 4606 Ecclesiis
582 4551 848 4607 devorare
877 4568 888 4604 :
921 4550 1017 4607 sed
1045 4568 1169 4607 cum
1193 4552 1514 4608 austeritate
1558 4552 1893 4623 imperantes
1919 4530 1977 4594 Β
2002 4552 2285 4621 quiescant
2329 4550 2383 4606 in
2413 4550 2535 4605 sinu
2576 4551 2871 4619 Abraham,
2918 4549 3067 4606 Isaac
3114 4563 3170 4607 et
3213 4552 3404 4609 Jacob.
3448 4553 3600 4609 Tunc

306 4644 404 4706 eis,
441 4658 495 4698 ct
526 4662 648 4700 cum
680 4647 950 4718 potentia,
974 4646 1119 4718 quod
1168 4648 1386 4717 proprie
1430 4648 1498 4703 ad
1539 4648 1892 4717 supercilium

306 4736 678 4805 CpiStfupttt'uttt
711 4740 959 4807 pertinet.
992 4754 1182 4794 eorum
1208 4738 1478 4806 videlicet,
1519 4741 1608 4810 qui
1639 4739 1896 4810 operibus

304 4830 634 4887 dedecorant
665 4833 897 4887 nominis
925 4834 1265 4903 dignitatem,
1286 4845 1338 4888 et
1361 4851 1457 4905 pro
1484 4835 1787 4890 humilitate
1809 4850 1895 4890 as-

303 4934 520 4977 sumunt
539 4924 867 4993 superbiam,
895 4935 951 4978 ut
980 4926 1236 4982 honorem
1257 4942 1316 4982 se
1336 4937 1521 4996 putent
1548 4938 1892 4994 consecutos,

304 5034 412 5073 non
443 5034 582 5074 onus
614 5031 702 5074 :et
730 5035 1101 5091 quoscumque
1132 5021 1184 5075 in
1217 5020 1460 5077 Ecclesia
1500 5022 1729 5078 viderint
1759 5038 1896 5092 prae-

300 5124 572 5181 potentes,
601 5123 658 5167 et
686 5113 777 5168 Dei
808 5113 1007 5169 habere
1036 5117 1689 5185 sermonem,opprimere
1719 5118 1897 5170 nitun-

298 5216 408 5266 tur.
439 5205 597 5263 Unde
632 5208 783 5277 juxta
813 5208 1160 5279 Septuaginta
1204 5210 1463 5279 scriptum
1494 5219 1613 5264 est:
1646 5209 1715 5265 Et
1754 5208 1899 5279 quod

298 5300 442 5356 forte
474 5308 615 5365 erat,
637 5299 961 5372 alﬁigebatis
988 5301 1189 5357 labore.
1233 5302 1302 5357 Et
1326 5302 1598 5371 dispersus
1624 5312 1707 5357 est
1732 5317 1903 5372 popu-

294 5391 384 5446 lus
415 5392 536 5455 Dei,
560 5393 646 5448 vel
678 5394 839 5463 vitiis,
876 5394 959 5449 vel
987 5410 1174 5451 errore
1202 5396 1579 5451 htnreticorum
1614 5414 1628 5449 :
1663 5412 1728 5451 eo
1758 5395 1902 5467 quod

301 5494 413 5532 non
441 5499 587 5543 esset
625 5499 809 5558 pastor
850 5488 1055 5554 bonus,
1096 5490 1187 5561 qui
1219 5500 1445 5561 poneret
1480 5491 1714 5545 animam
1750 5505 1904 5546 suam

300 5588 407 5643 pro
438 5572 659 5629 υνῑυιητ
694 5582 788 5639 sed
807 5599 997 5639 omnes
1026 5587 1372 5651 mercenarii,
1403 5586 1491 5655 qui
1516 5585 1662 5641 lucra
1695 5591 1904 5639 tantum

300 5670 379 5723 de
410 5666 666 5738 gregibus
687 5678 1052 5744 consHarant,
1086 5692 1137 5735 et
1168 5696 1288 5735 cum
1330 5682 1512 5751 lupum
1544 5678 1798 5745 viderint,
1829 5679 1910 5735 fu-

298 5763 483 5834 είυηι»
513 5761 753 5829 Quorum
785 5761 1127 5832 ηθὲιῖὲθηιῖθν
1160 5788 1284 5835 Eros
1314 5776 1522 5832 Domini
1554 5776 1852 5832 devoratur
1880 5794 1907 5830 a

636 5856 915 5916 Parnm.
978 5858 1172 5919 XXV.

2002 4645 2144 4716 quod
2173 4645 2407 4716 perierat
2424 4644 2733 4715 ingentium
2753 4645 2987 4715 populis,
3008 4648 3315 4717 requiretur
3339 4666 3348 4699 :
3377 4657 3430 4703 et
3452 4648 3593 4717 quod

2004 4748 2282 4795 erraverat
2303 4739 2357 4792 in
2384 4736 2765 4793 hmreticorum
2788 4740 3159 4806 persuasione,
3194 4742 3484 4796 reducetur
3508 4760 3518 4793 :
3546 4750 3603 4796 et

2006 4832 2145 4902 quod
2183 4830 2517 4887 confractum
2552 4831 2749 4895 fuerat,
2781 4832 3117 4901 alligabitur:
3154 4846 3205 4888 et
3233 4836 3375 4903 quod
3400 4837 3603 4889 Contri-

2008 4938 2140 4995 tum,
2189 4934 2348 4994 atque
2390 4926 2686 4991 inﬁrmum,
2722 4926 3181 4993 consolidahitur;
3227 4942 3283 4983 ut
3314 4930 3604 5000 impleatur

2003 5020 2146 5091 quod
2178 5019 2440 5087 scriptum
2469 5029 2586 5073 est:
2618 5018 2717 5087 Qui
2748 5028 2903 5073 sanat
2939 5020 3285 5077 inﬁrmitates
3308 5038 3516 5087 eorum,
3550 5032 3605 5076 et

2006 5114 2193 5184 alligat
2221 5113 2579 5169 contritiones
2602 5128 2789 5167 eorum
2818 5111 2939 5186 (Ps.
2968 5129 3061 5180 cn,
3086 5116 3166 5181 3).
3187 5113 3294 5169 Cor
3309 5116 3451 5171 enim
3475 5132 3604 5170 eon-

2007 5207 2197 5261 tritum
2221 5214 2277 5261 et
2302 5204 2643 5260 humiliatum
2674 5205 2814 5261 Deus
2836 5220 2948 5261 non
2979 5208 3186 5275 Spernit
3212 5206 3385 5276 (Psol.
3416 5224 3469 5271 ι,
3490 5207 3604 5279 19).

2010 5297 2163 5354 Unde
2194 5309 2243 5354 et
2277 5309 2498 5353 sanctus
2541 5297 2783 5367 loquitur
2817 5316 2830 5351 :
2862 5298 3003 5354 Sana
3041 5314 3151 5366 me,
3194 5299 3443 5365 Domine,
3473 5316 3606 5369 quo-

2012 5392 2160 5447 niam
2186 5390 2513 5448 conturbata
2555 5398 2682 5446 sunt
2710 5405 2833 5447 ossa
2860 5406 2978 5446 mea
3009 5390 3183 5463 (Psal.
3216 5407 3290 5459 vr,
3334 5391 3413 5462 2).
3446 5392 3513 5445 Et
3552 5393 3604 5445 in

2013 5485 2287 5542 tricesimo
2318 5486 2551 5554 septimo
2576 5484 2794 5540 Psalmo
2825 5483 3005 5555 (Vera.
3036 5486 3094 5556 4)
3127 5485 3396 5555 ptenitens
3428 5501 3444 5538 :
3488 5483 3608 5539 Non

2014 5595 2125 5645 est,
2172 5580 2377 5649 inquit,
2426 5595 2533 5649 pax
2571 5577 2786 5633 ossibus
2826 5578 2963 5633 meis
3013 5595 3041 5631 a
3086 5578 3221 5634 facie
3261 5589 3610 5649 peccatorum

2018 5692 2299 5735 meorum:
2331 5681 2386 5729 et
2423 5672 2566 5743 quod
2615 5672 2832 5740 pingue,
2864 5672 2962 5737 ait,
2998 5682 3052 5729 et
3076 5673 3237 5734 forte,
3268 5673 3569 5728 custodiam
3598 5690 3613 5726 :

2020 5790 2085 5831 ne
2112 5779 2335 5827 voretur
2371 5784 2399 5821 a
2436 5766 2642 5820 bestiis.
2676 5766 2737 5819 Et
2775 5778 2961 5835 pascet
2988 5782 3116 5823 oves
3143 5782 3272 5823 suas
3317 5768 3368 5821 in
3392 5767 3617 5836 judicio,

3123 5862 3187 5921 11
