3928 6322
321 277 423 334 531

1470 274 1475 277 “
1568 272 1628 332 S.
1667 262 1942 333 EUSEBII
1976 258 2359 337 KlERONYMl

3502 288 3605 345 352

319 397 499 454 sciens
528 396 614 453 cui
642 396 729 451 ovi
760 408 882 465 qua:
910 405 1108 463 pascua
1136 390 1462 447 debeantur.
1492 391 1737 450 Diversa:
1766 393 1912 448 enim
1941 393 1994 453 Α
2019 395 2116 467 tv),
2143 401 2234 468 qui
2257 400 2389 456 dicit
2422 415 2434 451 :
2465 398 2658 456 Pacem
2682 415 2856 457 meam
2892 400 2960 457 do
2974 402 3124 461 vobis
3153 420 3167 455 :
3198 418 3382 481 pacem
3424 421 3598 465 meam

322 502 449 549 sunt
469 492 776 548 mansiones
796 488 939 561 apud
963 489 1177 545 Patrem
1200 486 1379 558 (Joan.
1411 488 1545 559 xiv).
1563 488 1658 543 Et:
1688 488 1806 544 Non
1822 488 1911 559 ju-

318 586 467 642 dicat
504 586 663 642 Pater
703 598 1029 655 quemquam
1063 600 1074 637 :
1114 581 1213 638 sed
1251 597 1415 637 omne
1453 582 1716 653 judicium
1760 581 1912 637 dedit

317 680 455 737 Filio
485 678 681 752 (Ibid.,
708 677 787 749 v).
818 678 946 734 Hazc
977 684 1157 732 autem
1186 675 1472 731 adversum
1496 683 1741 747 pastores
1760 674 1925 729 locu-

315 784 404 831 tus
424 783 507 829 est
532 791 545 827 :
578 788 723 829 nunc
747 771 988 843 loquitur
1017 770 1083 826 ad
1108 784 1262 836 ores,
1290 769 1344 824 id
1376 779 1481 840 est,
1509 768 1576 824 ad
1617 768 1905 839 populum:

316 879 371 925 et
399 869 469 924 ad
497 869 778 939 utriusque
809 867 1027 937 pecoris
1048 880 1289 935 gregem,
1316 863 1372 919 id
1401 873 1506 931 est,
1534 863 1720 919 ovium
1746 862 1911 935 412

316 972 376 1019 et
398 974 723 1034 caprarum:
757 970 811 1016 et
841 972 949 1015 non
974 959 1151 1013 solum
1174 957 1243 1013 ad
1267 972 1399 1013 oves
1418 968 1475 1014 et
1499 972 1709 1027 capras,
1740 957 1833 1011 sed
1857 966 1912 1011 et

313 1058 384 1114 ad
416 1058 621 1114 arietes
650 1064 706 1112 et
734 1055 938 1120 hircos,
968 1054 1057 1124 qui
1090 1062 1216 1109 sunt
1235 1053 1291 1107 in
1318 1052 1579 1123 gregibus
1608 1050 1905 1122 principes,

311 1154 512 1227 quibus
559 1153 635 1207 ait
683 1167 699 1205 :
748 1150 940 1206 Nonne
988 1148 1146 1203 vobis
1200 1147 1337 1201 satis
1372 1154 1509 1211 erat,
1557 1145 1703 1216 quod
1751 1144 1911 1201 bonis

313 1250 723 1319 Scripturarum
752 1244 968 1317 pascuis
992 1241 1393 1299 vescebamini?
1436 1240 1530 1297 sed
1571 1237 1797 1309 insuper
1826 1253 1911 1294 re-

307 1341 513 1413 liquias
545 1353 870 1409 pascuarum
902 1345 1205 1391 vestrarum
1232 1333 1638 1391 conculcabatis
1672 1332 1912 1405 [concul-

308 1434 528 1506 cabitis]
560 1431 815 1504 pedibus.
839 1430 909 1485 Et
936 1445 1059 1485 cum
1088 1444 1280 1500 aquam
1312 1426 1657 1499 eloquiorum
1692 1425 1785 1481 Dei
1812 1442 1909 1495 pu-

307 1532 589 1588 rissimam
633 1529 917 1592 biberetis,
960 1526 1194 1596 reliquas
1240 1539 1406 1595 aquas
1448 1521 1678 1594 pedibus
1720 1520 1910 1576 turba-

309 1625 477 1692 batis,
504 1632 565 1679 ut
598 1622 829 1694 populus
881 1633 1035 1676 meus
1063 1619 1380 1674 conculcata
1411 1632 1440 1672 a
1478 1618 1635 1672 vobis
1683 1628 1906 1687 pascua,

308 1731 365 1777 et
392 1718 639 1776 turbidas
667 1732 836 1787 aquas
882 1712 1240 1770 manducaret
1275 1720 1330 1767 et
1360 1711 1591 1777 biberet,
1626 1721 1679 1764 et
1725 1718 1911 1764 vestro

2013 491 2262 564 relinquo
2311 494 2464 549 vobis
2492 492 2673 567 (Joan.
2719 511 2809 552 xrv
2839 540 2855 566 ,
2900 496 3013 570 ‘27).
3068 492 3135 554 Et
3177 514 3393 557 cessare
3444 502 3603 559 faciet

2010 587 2214 644 bestias
2235 589 2502 660 pessimas
2530 588 2599 646 de
2625 596 2793 661 terra,
2835 592 2988 660 vitia,
3022 592 3107 648 vel
3146 595 3600 664 perturbationes.

2010 684 2206 755 quibus
2252 687 2444 742 anima.-
2494 694 2757 743 vexantur
2801 684 3052 745 humana:
3082 708 3093 744 :
3126 688 3212 746 vel
3261 690 3604 747 adversarias

2011 786 2329 848 potestates,
2356 795 2384 835 a
2408 780 2607 851 quibus
2632 778 3039 853 impugnantur.
3068 782 3133 838 Et
3158 783 3247 855 qui
3279 783 3521 840 habitant
3548 783 3603 839 in

2010 872 2253 940 deserto,
2282 875 2461 932 securi
2487 877 2764 934 dormient
2792 878 2843 933 in
2873 879 3125 936 saltibus.
3158 880 3418 938 Dominus
3456 882 3603 939 enim

2011 965 2273 1023 revelabit
2295 968 2567 1025 condensa
2601 970 2885 1036 silvarum,
2925 980 2983 1027 et
3011 973 3063 1028 in
3090 972 3292 1043 templo
3322 976 3440 1047 ejus
3488 991 3605 1029 om-

2012 1073 2109 1113 nes
2136 1057 2319 1115 dicent
2340 1061 2570 1132 gloriam
2605 1058 2776 1132 (Paul.
2832 1072 3020 1132 xxvnt,
3067 1062 3143 1135 9).
3174 1058 3375 1139 Ejectis
3422 1078 3605 1123 autem

2010 1149 2226 1218 bestiis,
2257 1162 2312 1209 et
2336 1154 2553 1210 redacta
2579 1165 2720 1212 terra
2737 1157 2787 1211 in
2807 1155 3179 1226 solitudinem,
3205 1159 3275 1216 ab
3301 1159 3607 1218 istiusmodi

2009 1243 2377 1303 animantibus
2432 1250 2614 1306 securi
2666 1250 2963 1321 dormient,
3011 1263 3067 1310 et
3098 1252 3605 1312 dicent:Dominus

2012 1337 2334 1395 illuminatio
2358 1356 2497 1408 mea,
2529 1356 2584 1398 et
2610 1345 2758 1400 salus
2790 1362 2932 1410 mea,
2975 1363 3136 1418 quem
3171 1348 3371 1405 timebo
3402 1350 3420 1422 (
3452 1348 3603 1407 Psal.

2011 1440 2157 1499 xxvi,
2189 1434 2280 1505 i)?
2317 1434 2383 1491 Et
2422 1449 2594 1508 ponet
2622 1455 2737 1506 eos,
2768 1442 2857 1512 qui
2905 1440 3083 1498 securi
3122 1441 3397 1501 dormient
3421 1445 3473 1500 in
3502 1446 3608 1500 cir—

2010 1522 2158 1579 cuitu
2206 1530 2424 1592 montis,
2473 1529 2555 1584 vel
2602 1528 2757 1585 collis
2794 1531 2899 1601 sui,
2960 1543 3016 1590 et
3063 1542 3227 1591 erunt
3272 1534 3606 1592 benedictio.

2011 1615 2164 1674 Tunc
2186 1618 2340 1675 dabit
2368 1621 2599 1677 imbrem
2632 1624 2684 1679 in
2717 1632 2963 1697 tempore
2992 1643 3113 1696 suo,
3143 1638 3198 1685 et
3218 1628 3416 1700 pluvia:
3440 1628 3610 1687 bene-

2013 1711 2270 1770 dictionis
2300 1724 2478 1783 erunt,
2509 1732 2641 1788 quas
2674 1720 2727 1773 in
2755 1720 3162 1780 Deuteronomii
3210 1724 3615 1785 benedictioni-

308 1815 464 1879 vitio,
503 1812 648 1883 quod
697 1826 795 1881 per
840 1824 900 1865 se
940 1809 1141 1863 bonum
1188 1815 1328 1870 erat,
1362 1813 1684 1873 corruptum
1734 1799 1906 1857 viola-
1935 1796 1984 1855 B
2011 1805 2110 1860 bus
2139 1807 2625 1881 pollicetur(Deut.
2659 1814 2867 1883 xxviii).
2900 1814 2965 1870 Et
2991 1815 3162 1884 dabit,
3197 1816 3611 1892 inquit,lignum

310 1920 533 1979 tumque
561 1907 918 1976 susciperent.
948 1902 1103 1972 Quod
1129 1908 1186 1957 ot
1203 1915 1394 1956 omnes
1417 1899 1639 1970 quidem
1662 1898 1907 1953 haeretici

308 2003 545 2067 faciunt,
569 2008 632 2055 ut
652 2005 881 2069 carpant
900 1995 1115 2065 eloquia
1132 1994 1562 2065 Scripturarum,
1581 2002 1634 2047 et
1648 2000 1904 2062 quantum

306 2096 365 2152 in
411 2111 470 2151 se
524 2103 630 2159 est,
681 2091 973 2147 maculent.
1021 2088 1129 2146 Sed
1186 2098 1241 2142 et
1285 2086 1647 2144 ecclesiastici
1685 2085 1786 2142 viri
1816 2085 1910 2155 qui

310 2192 622 2261 dogmatum
673 2201 782 2242 non
828 2183 1145 2240 custodiunt
1191 2182 1496 2249 veritatem,
1546 2179 1641 2235 sed
1694 2178 1762 2234 de
1807 2193 1908 2235 suo

310 2283 476 2338 corde
514 2279 851 2349 conﬁngunt,
906 2276 1331 2345 magistramque
1373 2272 1575 2329 habent
1605 2285 1909 2343 prasump-

304 2378 510 2433 tionem
543 2389 725 2439 suam,
757 2370 922 2426 simili
953 2383 1138 2425 errore
1176 2367 1501 2423 retinentur.
1526 2366 1629 2435 Qui
1658 2378 1781 2421 eum
1812 2379 1909 2435 po-

309 2470 437 2540 pulo
461 2465 834 2540 persuaserint
856 2478 986 2519 vera
1012 2477 1138 2518 esse
1159 2477 1280 2531 qua:
1310 2462 1544 2533 fingunt,
1584 2468 1641 2516 et
1669 2461 1724 2514 in
1760 2460 1908 2515 thea-

305 2562 500 2617 tralem
549 2560 772 2615 modum
812 2557 1038 2628 plausus
1076 2554 1477 2610 concitaverint
1515 2563 1571 2609 et
1612 2553 1905 2618 clamores,

303 2656 654 2711 immemores
681 2653 817 2707 fiunt
846 2649 1140 2720 imperitiae
1181 2664 1320 2717 suae,
1360 2658 1415 2703 et
1458 2647 1693 2703 adducto
1717 2659 1909 2717 super-

306 2748 454 2814 cilio,
488 2745 806 2815 libratisque
850 2742 1218 2809 sermonibus,
1262 2751 1426 2812 atque
1457 2740 1754 2804 trutinatis,
1794 2753 1909 2792 ma-

302 2844 600 2914 gistrorum
654 2840 760 2895 sibi
822 2847 1106 2893 assumunt
1155 2837 1553 2892 auctoritatem.
1618 2833 1908 2889 Videamus

305 2939 491 3011 igitur,
521 2938 665 3008 quod
692 2936 764 2990 sit
782 2934 1050 3005 judicium
1080 2934 1222 2988 inter
1246 2946 1411 3003 pecus
1434 2942 1489 2986 et
1511 2944 1701 3001 pecus:
1728 2937 1783 2983 et
1802 2943 1908 2998 quo

300 3031 512 3103 judicio
538 3028 747 3101 judicet
770 3043 865 3083 eos
891 3028 1074 3083 bonus
1104 3035 1291 3097 pastor
1318 3037 1372 3082 et
1414 3038 1596 3092 verus,
1630 3022 1721 3095 qui
1754 3036 1909 3078 acce-

303 3126 384 3197 pit
411 3138 573 3179 omne
608 3122 875 3193 judicium
906 3137 935 3176 a
985 3121 1163 3175 Patre.
1197 3119 1360 3187 Ecce,
1409 3118 1609 3189 inquit,
1661 3117 1778 3188 ipse
1804 3129 1907 3187 ego

2012 1898 2155 1959 vitae,
2199 1899 2266 1954 de
2310 1915 2421 1970 quo
2463 1902 2514 1955 in
2566 1901 2765 1959 Genesi
2820 1906 3086 1977 scriptum
3129 1918 3213 1965 est
3242 1909 3450 1985 (Cenes.
3486 1912 3547 1984 ιι)
3597 1932 3609 1966 :

2011 1992 2326 2066 lignumque
2354 1998 2659 2068 sapientiae,
2686 2001 2755 2057 de
2784 2014 2891 2071 quo
2942 2001 3161 2072 dicitur,
3208 2003 3434 2078 Lignum
3485 2007 3615 2062 vitm

2010 2098 2092 2143 est
2119 2089 2370 2146 omnibus
2392 2094 2483 2162 qui
2508 2105 2794 2150 assumunt
2821 2111 2940 2151 eam
2968 2092 3156 2159 (Prov.
3188 2114 3265 2165 nt,
3301 2098 3410 2170 18).
3452 2099 3614 2155 Dabit

2009 2190 2184 2237 autem
2218 2181 2455 2239 fructum
2486 2202 2666 2255 suum,
2698 2186 2923 2258 quando
2956 2199 3011 2244 et
3061 2198 3203 2246 terra
3236 2190 3448 2248 dederit
3498 2192 3614 2248 fru-

2009 2284 2156 2329 ctum
2188 2281 2505 2336 suumzsive
2530 2280 2674 2355 ligna
2705 2283 3014 2354 regionum,
3038 2294 3347 2341 sanctorum
3380 2286 3612 2357 plurima

2010 2368 2316 2425 multitudo.
2368 2372 2433 2427 Et
2480 2385 2622 2430 terra
2669 2375 2818 2432 dabit
2868 2392 3091 2449 germen
3146 2393 3302 2435 suum
3349 2379 3613 2436 :Veritas

2008 2462 2154 2516 enim
2182 2462 2251 2519 de
2285 2470 2427 2520 terra
2461 2475 2577 2521 orta
2618 2476 2701 2524 est
2730 2467 2849 2541 (Ps.
2887 2482 3105 2537 Lxxxrv,
3142 2470 3250 2541 12).
3285 2470 3351 2525 Εῑ
3377 2473 3611 2529 eruntin

2011 2566 2160 2613 terra
2190 2574 2287 2614 sua
2318 2558 2527 2631 absque
2556 2563 2772 2629 timore,
2807 2564 2923 2621 sive
2946 2566 2997 2619 in
3027 2580 3123 2636 spe
3156 2564 3325 2634 pacis,
3375 2565 3428 2619 in
3462 2575 3611 2621 terra

2008 2651 2326 2716 viventium,
2372 2653 2423 2707 in
2467 2664 2612 2710 terra
2644 2664 3072 2721 mansuetorum,
3107 2655 3175 2712 de
3203 2673 3306 2728 qua
3344 2656 3608 2728 scriptum

2008 2748 2092 2799 est
2126 2762 2138 2795 :
2182 2744 2334 2799 Beati
2360 2744 2560 2815 mites;
2592 2749 2849 2817 quoniam
2893 2748 2997 2817 ipsi
3024 2747 3378 2818 possidebunt
3408 2755 3608 2806 terram

2010 2837 2298 2910 (Matth.v,
2322 2836 2379 2911 li)
2409 2858 2421 2894 :
2451 2851 2511 2896 ut
2536 2858 2716 2898 rerum
2730 2845 2971 2899 omnium
2991 2844 3254 2905 felicitate
3277 2860 3608 2919 cognoscant

2007 2929 2153 3000 quod
2184 2931 2301 3003 ipse
2327 2932 2400 2986 sit
2424 2931 2689 2992 Dominus
2723 2953 2733 2989 :
2764 2938 2982 3007 quando
3010 2940 3335 2996 contriverit
3360 2949 3609 3005 catenas,

2007 3025 2095 3082 vel
2119 3024 2379 3081 circulum
2408 3026 2647 3083 ferreum
2675 3029 2792 3101 jugi
2814 3045 3027 3098 eorum,
3052 3048 3160 3104 quo
3180 3030 3331 3106 quasi
3356 3032 3615 3105 gravissi-

2010 3134 2099 3177 mo
2146 3120 2529 3190 premebantur
2572 3121 2826 3195 imperio,
2871 3131 2927 3179 et
2976 3127 3182 3181 eruerit
3230 3142 3324 3183 eos
3349 3124 3417 3182 de
3445 3142 3613 3180 manu

298 3220 485 3293 judico
533 3218 675 3273 inter
697 3230 863 3289 pecus
894 3216 1094 3287 pingue
1122 3224 1178 3271 et
1206 3215 1578 3282 macilentam,
1620 3213 1735 3268 sive
1767 3214 1908 3267 inter
1935 3188 1989 3257 Ο
2013 3200 2417 3285 imperantium,
2448 3213 2562 3270 sive
2582 3215 2841 3271 servitute
2866 3215 3225 3290 afﬂigentium
3251 3235 3366 3275 eos.
3408 3219 3615 3275 Servus

305 3308 449 3370 forte
477 3321 532 3367 et
554 3312 846 3366 infirmum.
881 3309 1080 3365 Fortes
1098 3308 1243 3364 enim
1273 3308 1557 3374 lateribus,
1581 3314 1636 3362 et
1662 3304 1906 3361 humeris

307 3410 422 3466 suis
471 3408 780 3479 impingunt
827 3413 993 3475 atque
1040 3403 1310 3460 collidunt
1350 3402 1563 3458 inﬁrma
1605 3414 1824 3471 pecora,
1855 3408 1911 3456 et

306 3503 569 3561 cornibus
594 3502 878 3565 ventilant,
929 3500 1242 3556 nescientes
1275 3500 1328 3553 in
1372 3499 1490 3568 lege
1530 3506 1743 3552 taurum
1789 3511 1911 3552 cor-

307 3605 566 3667 nupetatn
616 3594 817 3650 debere
861 3593 1043 3664 puniri
1093 3590 1291 3662 (Exod.
1346 3594 1479 3660 xxi).
1535 3589 1915 3661 lmpingebaut

310 3700 491 3743 autem
522 3685 810 3751 lateribus,
841 3695 895 3738 et
923 3685 1183 3739 cornibus
1210 3682 1569 3746 ventilabaut,
1601 3682 1778 3738 donec
1829 3681 1913 3735 di-

316 3786 663 3852 apergercnt,
708 3788 765 3834 et
807 3780 1069 3847 ejicerent
1110 3792 1239 3833 oves
1269 3776 1434 3831 foras.
1477 3776 1739 3847 Superbia
1769 3776 1913 3830 enim

310 3876 602 3945 majorum,
654 3883 709 3927 et
758 3870 1170 3941 praepositorum
1230 3870 1537 3940 iniquitate,
1595 3870 1916 3939 frequenter

310 3967 591 4039 pelluntur
637 3964 707 4020 de
747 3964 991 4018 Ecclesia
1025 3978 1037 4012 :
1074 3972 1132 4017 ut
1159 3962 1548 4034 dispergantur
1580 3977 1609 4016 a
1662 3962 1913 4027 Domino,

310 4074 448 4131 quos
496 4060 613 4128 ipse
657 4054 911 4110 salvavit.
954 4054 1062 4109 Sed
1093 4070 1199 4107 non
1227 4053 1468 4109 dimittet
1499 4068 1593 4109 eos
1639 4054 1781 4109 ultra
1815 4054 1919 4108 Do-

313 4157 491 4211 minus
523 4154 576 4207 in
600 4152 869 4222 rapinam,
899 4149 1241 4217 etjudicabit
1269 4150 1419 4204 inter
1446 4166 1610 4218 pecus
1643 4158 1698 4205 et
1718 4164 1911 4220 pecus:

314 4265 423 4304 non
471 4251 614 4301 inter
660 4246 880 4301 nomina
911 4242 1265 4313 dignitatum,
1293 4243 1490 4312 quibus
1537 4252 1745 4297 tument
1773 4260 1913 4313 prae-

324 4342 519 4414 positi;
572 4340 670 4396 sed
723 4339 865 4394 inter
916 4337 1190 4392 hominem
1226 4346 1281 4392 et
1328 4335 1628 4399 hominem,
1669 4338 1817 4406 juxta
1865 4337 1917 4391 id

317 4435 463 4509 quod
480 4443 707 4503 uterque
721 4448 910 4488 servus
922 4442 1003 4486 est
1018 4429 1254 4485 Domini.
1270 4429 1424 4484 Tunc
1445 4429 1726 4485 suscitabit
1740 4440 1919 4501 pasto-

320 4547 437 4587 rem
464 4543 651 4591 unum,
682 4526 776 4597 qui
807 4525 938 4579 dicit
980 4524 1035 4578 in
1068 4523 1405 4594 Evangelio:
1436 4523 1551 4594 Ego
1582 4538 1701 4578 sum
1738 4534 1920 4593 pastor

2011 3319 2095 3365 est
2125 3309 2266 3366 enim
2298 3309 2672 3379 unusquisque
2695 3309 2812 3378 ejus
2836 3322 2865 3365 a
2887 3327 2994 3383 quo
3022 3311 3280 3368 vincitur.
3305 3311 3376 3367 Et
3405 3327 3614 3383 nequa-

2012 3417 2174 3474 quam
2198 3408 2359 3457 erunt
2400 3401 2536 3456 ultra
2568 3402 2622 3456 in
2656 3404 2904 3474 rapinam
2932 3402 3278 3460 dmmoniacis
3325 3403 3611 3476 gentibus;

2014 3513 2115 3553 nec
2146 3499 2332 3553 bestiae
2352 3504 2512 3551 terra:
2527 3494 2869 3554 devorabunt
2891 3514 2985 3555 eos
3010 3496 3078 3555 de
3099 3500 3293 3572 quibus
3324 3499 3560 3556 diximus
3600 3519 3613 3555 :

2014 3591 2108 3647 sed
2138 3590 2453 3647 habitabant
2483 3591 2821 3649 confidenter
2842 3594 3048 3662 absque
3071 3594 3181 3649 nilo
3200 3604 3440 3662 tc-xore,
3451 3591 3611 3662 juxta

2016 3683 2350 3754 superiorem
2383 3684 2807 3754 expositionem.
2847 3682 2916 3739 Et
2942 3685 3236 3753 suscitabo,
3288 3686 3483 3757 inquit,
3530 3684 3615 3739 eis

2017 3792 2239 3847 germen
2273 3778 2634 3843 nominatum,
2670 3776 2784 3832 sive
2818 3778 3205 3848 plantationem
3237 3780 3403 3849 pacis,
3450 3774 3618 3851 414

2018 3886 2141 3941 qua:
2167 3870 2407 3939 loquitur
2437 3871 2488 3924 in
2515 3868 2836 3941 Evangelii):
2870 3871 2981 3942 Ego
3010 3887 3128 3927 sum
3153 3873 3275 3926 vitis
3299 3870 3617 3945 vera(Joan.

2019 3964 2311 4027 xv,l).‘Et
2338 3976 2446 4019 non
2490 3975 2655 4021 erunt
2687 3965 2829 4020 ultra
2854 3967 3123 4022 imminuti
3164 3965 3306 4022 fame
3346 3966 3399 4021 in
3447 3974 3618 4022 terra.

2020 4056 2164 4127 Ergo
2186 4056 2361 4113 fames
2389 4057 2440 4111 in
2491 4060 2726 4113 terrenis
2771 4069 2853 4115 est
2885 4076 2895 4111 :
2924 4059 3099 4117 fames
3140 4068 3318 4115 autem
3360 4057 3619 4117 audiendi

2021 4164 2329 4207 sermonem
2359 4150 2477 4218 Dei,
2517 4166 2638 4221 qua:
2670 4154 2771 4207 sub
2810 4160 3027 4223 pastore
3068 4150 3232 4219 bono,
3275 4160 3329 4208 et
3373 4154 3623 4225 germine

2021 4246 2322 4314 nominato,
2348 4255 2509 4317 atque
2528 4246 2769 4301 omnium
2790 4260 3043 4303 sermone
3072 4246 3370 4315 celebrato,
3394 4254 3447 4301 et
3470 4245 3623 4316 plan-

2023 4345 2226 4396 tatione
2253 4345 2421 4411 pacis,
2469 4356 2811 4413 nequaquam
2836 4342 2937 4398 erit
2964 4342 3016 4397 in
3067 4350 3243 4408 terra;
3274 4357 3449 4413 neque
3499 4356 3621 4396 am-

2022 4433 2163 4502 plius
2218 4434 2528 4504 opprobriis
2575 4435 2816 4504 gentium
2866 4434 3245 4506 subjacebunt,
3290 4446 3348 4492 ut
3386 4435 3569 4490 dicant
3608 4454 3619 4489 :

2027 4526 2126 4583 Ubi
2149 4536 2234 4583 est
2257 4526 2519 4583 Dominus
2542 4526 2685 4585 Deus
2729 4526 3109 4603 eornm(Psal.
3167 4544 3315 4595 cs1",
3375 4528 3501 4599 10)?
3556 4527 3627 4582 Et

312 4627 486 4681 bonus
518 4619 702 4693 (Joan.
740 4618 930 4689 x,ll);
969 4632 1186 4672 servum
1234 4631 1389 4672 suum
1424 4617 1592 4672 David
1619 4618 1914 4673 secundum
1943 4596 2195 4677 Dacient
2225 4630 2351 4692 post
2378 4623 2494 4677 hzec
2523 4624 2721 4689 omnia,
2750 4623 2893 4694 quod
2922 4596 3028 4678 non
3061 4622 3235 4678 solum
3273 4624 3387 4692 ipse
3417 4596 3487 4701 sit
3517 4620 3626 4675 Do~

314 4718 370 4773 id
398 4716 542 4787 quod
576 4714 804 4769 formam
854 4712 993 4767 servi
1037 4710 1288 4779 dignatus
1328 4720 1411 4765 est
1434 4725 1717 4766 assumere
1762 4710 1921 4783 (Phi-

314 4813 413 4883 lip.
448 4810 545 4882 tt):
588 4809 677 4879 qui
710 4806 879 4861 David
932 4806 1348 4873 interpretatur,
1374 4820 1541 4861 manu
1580 4805 1754 4861 fortis.
1799 4808 1919 4877 ipse

319 4911 507 4975 pascet
544 4917 669 4967 eos,
701 4911 753 4955 et
792 4898 1049 4953 Dominus
1098 4900 1203 4951 erit
1230 4900 1308 4953 eis
1360 4900 1413 4953 in
1469 4899 1643 4954 Deum
1666 4942 1680 4963 ,
1717 4899 1801 4955 vel
1830 4899 1920 4953 Fi-

320 4999 429 5054 lius
459 5005 514 5050 et
541 4994 704 5048 Pater
726 5034 740 5059 ,
772 4992 853 5046 vel
882 5001 1029 5045 certe
1056 5001 1242 5060 pastor
1261 4991 1415 5060 juxta
1445 5001 1775 5062 assumptam
1808 5007 1922 5047 car-

328 5106 450 5146 nem
476 5106 489 5142 :
522 5085 682 5159 413
706 5086 967 5140 Dominus
993 5094 1194 5147 autem,
1228 5094 1280 5139 et
1305 5084 1466 5151 Deus,
1489 5084 1643 5155 juxta
1680 5085 1912 5139 Verbum

323 5183 466 5257 quod
493 5192 613 5237 erat
644 5182 694 5233 in
724 5179 994 5249 principio
1022 5178 1160 5247 apud
1188 5177 1378 5232 Deum.
1405 5176 1505 5244 Qui
1536 5176 1727 5245 David,
1756 5178 1915 5247 proii-

324 5279 594 5336 cientibus
627 5274 925 5345 pecudibus
956 5274 1008 5328 in
1039 5273 1309 5327 rationale
1337 5271 1914 5343 animal,nequaquam

326 5382 510 5443 pastor
542 5368 844 5435 vocabitur,
871 5367 964 5421 sed
995 5367 1245 5436 princeps
1270 5366 1325 5419 in
1360 5362 1539 5417 medio
1586 5378 1799 5426 eorum,
1847 5365 1916 5420 de

326 5479 432 5534 quo
458 5466 719 5531 scriptum
751 5470 874 5515 est:
899 5459 1101 5514 Medius
1124 5467 1305 5512 autem
1343 5466 1585 5511 vestrum
1605 5465 1732 5523 stat,
1756 5472 1914 5528 quem

324 5572 421 5610 vos
443 5556 702 5624 ignoratis
724 5552 911 5622 (Joan.
935 5568 973 5617 ι,
1002 5550 1117 5621 '26).
1152 5550 1305 5605 Tunc
1331 5559 1495 5620 ponet
1540 5564 1659 5603 cum
1689 5549 1767 5605 eis
1795 5567 1919 5621 pae-

324 5661 438 5704 tum
462 5649 633 5718 pacis,
664 5662 1000 5718 nequaquam
1058 5646 1345 5714 bellorum,
1392 5658 1554 5721 atque
1610 5652 1917 5717 discordiae,

324 5745 448 5814 quia
472 5741 643 5796 factus
668 5748 754 5795 est
778 5744 832 5795 in
857 5757 988 5811 pace
1025 5742 1175 5798 locus
1202 5743 1320 5812 ejus
1350 5741 1577 5815 (Psalm.
1614 5747 1799 5819 Lxxv),
1824 5747 1919 5803 sed

321 5836 473 5910 pacis
495 5831 718 5901 Christi,
742 5847 862 5903 qua:
885 5846 1179 5907 exsuperat
1199 5850 1415 5895 omnem
1440 5853 1662 5897 sensum
1689 5837 1917 5915 (Philip.

2022 4717 2223 4783 minus,
2254 4716 2396 4787 quod
2428 4725 2483 4772 et
2509 4732 2667 4786 supra
2696 4732 2914 4788 quoque
2936 4716 3189 4782 dixerat;
3214 4716 3306 4771 sed
3356 4730 3476 4769 cum
3522 4712 3621 4768 ad-

2023 4817 2345 4887 ditamento,
2391 4819 2535 4889 quod
2574 4818 2837 4874 Dominus
2888 4819 3128 4875 omnium
3194 4817 3412 4887 proprie
3476 4815 3643 4885 Deus.

2023 4937 2214 4977 eorum
2238 4920 2453 4977 sitcum
2479 4923 2581 4988 eis,
2614 4922 2708 4995 qui
2737 4923 2862 4979 dicit
2886 4923 2937 4978 in
2967 4920 3261 4992 Evangelio
3283 4920 3349 4976 ad
3381 4918 3618 4990 Aposto-

2022 5023 2103 5077 los
2131 5044 2141 5077 :
2177 5023 2314 5080 Ecce
2337 5042 2438 5096 ego
2468 5025 2748 5082 vobiscum
2776 5043 2895 5081 sum
2927 5025 3140 5082 cunctis
3186 5024 3401 5088 diebus,
3447 5039 3624 5093 usque

2022 5126 2087 5182 ad
2119 5130 2641 5189 consummationem
2663 5131 2844 5187 saeculi
2868 5129 3085 5202 (Matth.
3121 5143 3309 5191 xxvm,
3342 5125 3455 5196 20).
3485 5126 3624 5182 Cum

2022 5241 2203 5286 autem
2236 5231 2398 5287 fuerit
2433 5233 2551 5301 ipse
2579 5232 2840 5289 Dominus
2862 5232 3007 5287 Deus
3029 5246 3241 5297 eorum,
3286 5241 3414 5286 tunc
3439 5236 3493 5284 et
3518 5227 3627 5299 ipsi

2024 5342 2184 5388 erunt
2205 5334 2433 5403 populus
2460 5334 2597 5404 ejus,
2626 5351 2731 5390 non
2755 5336 3003 5407 quilibet,
3036 5334 3132 5390 sed
3182 5334 3272 5405 qui
3321 5334 3629 5389 meruerint

2023 5436 2283 5507 appellari
2315 5436 2510 5492 domus
2530 5438 2718 5493 lsrael.
2751 5440 2829 5493 Ac
2875 5453 2942 5494 ne
2993 5449 3307 5509 putaremus
3359 5437 3624 5493 universa

2022 5553 2142 5608 ηυδε
2183 5537 2326 5593 dicta
2371 5546 2522 5605 sunt,
2553 5538 2619 5594 ad
2668 5547 2936 5609 pesteres,
2972 5548 3025 5595 et
3064 5550 3196 5596 oves
3237 5539 3525 5609 hircosquo
3556 5534 3616 5583 ct

2025 5641 2222 5695 arietes
2244 5640 2540 5711 pertinere,
2567 5641 2727 5695 solvit
2759 5642 3009 5711 aenigma,
3031 5641 3199 5696 immo
3223 5627 3619 5698 mmphomm.

2026 5752 2077 5797 et
2100 5742 2253 5812 ponit
2283 5740 2625 5797 manifestius
2658 5760 2667 5794 :
2705 5741 2813 5796 Vos
2854 5752 3029 5796 autem
3062 5745 3192 5786 oves
3219 5745 3374 5797 meai.
3403 5738 3456 5785 εἰ
3486 5746 3623 5785 0"85

2027 5855 2243 5915 pascua:
2274 5856 2411 5900 mete
2438 5841 2684 5898 homines
2712 5832 2867 5893 estis.
2890 5830 3081 5891 Omnis
3108 5829 3273 5906 igitur
3321 5844 3503 5891 sermo
3535 5831 3620 5888 dio
