4038 6328
342 291 440 328 ωδ

991 267 1644 330 COMMENTARIORUM
1682 267 1749 329 IN
1791 261 2231 328 EZECHIELEM
2273 261 2401 327 LIB.
2445 271 2537 329 Xl.
2578 272 2732 330 CAP.
2776 272 2994 331 XXXV.

3531 277 3634 333 551

341 387 498 442 vinus
517 384 590 441 de
616 385 929 446 hominibus
955 397 1060 456 est,
1091 387 1158 445 ad
1177 404 1314 462 quos
1339 386 1470 444 dicit
1499 405 1510 442 :
1537 383 1650 460 Ego
1677 403 1798 444 sum
1828 386 1935 465 ρο·
1965 391 2018 451 Α
2042 386 2183 458 quod
2208 379 2446 454 additur,
2472 396 2528 444 et
2565 399 2871 446 manentem
2899 389 2952 445 in
2987 403 3074 456 eo,
3106 387 3204 445 nisi
3237 388 3306 445 ab
3336 388 3454 445 aliis
3499 407 3636 444 non-

337 482 517 537 mious
545 481 690 538 Deus
710 491 911 552 vester,
937 481 1068 537 dicit
1087 483 1349 538 Dominus
1389 479 1550 537 Deus.

407 573 428 646 (
454 574 587 644 Cap.
627 571 846 630 XXXV.
880 573 899 644 )
943 572 1009 629 Et
1039 578 1210 646 factus
1239 584 1315 630 est
1336 591 1501 630 sermo
1524 571 1738 628 Domini
1766 571 1833 627 ad
1856 591 1934 626 me

337 669 512 723 dicens
541 685 561 723 :
585 665 699 722 Fili
739 665 988 734 hominis,
1045 685 1176 739 pone
1206 669 1356 741 (sive
1413 675 1651 723 converte
1679 667 1696 738 )
1748 665 1932 738 faciem

336 775 486 817 tuam
538 763 817 817 adversum
873 771 1096 818 montem
1129 762 1269 830 Seir,
1301 774 1348 818 et
1379 763 1714 835 praphetabis
1772 763 1835 817 de
1875 778 1934 816 eo

339 856 498 926 (sive
528 856 599 910 ad
619 854 768 926 eum)
791 865 839 911 et
867 856 1007 912 dices
1038 853 1140 923 illi,
1167 853 1278 913 haec
1325 856 1448 911 dicit
1476 855 1730 913 Dominus
1753 851 1894 910 Deus
1919 872 1936 909 :

337 950 477 1007 Ecce
506 969 601 1024 ego
632 952 702 1006 ad
725 963 791 1020 te,
818 970 961 1008 mons
986 953 1125 1018 Seir,
1154 964 1201 1010 et
1221 956 1495 1011 extendam
1528 971 1740 1009 manum
1770 970 1935 1008 meam

337 1065 492 1121 super
525 1059 596 1118 te,
627 1059 678 1104 et
705 1048 840 1104 dabo
871 1059 919 1104 te
948 1049 1261 1118 desolatam,
1285 1061 1436 1123 atque
1464 1051 1742 1106 desertum.
1777 1045 1936 1104 Urbes

337 1153 456 1196 tuas
496 1140 754 1197 demoliar
805 1141 952 1215 (sive
996 1145 1049 1198 in
1081 1143 1290 1199 urbibus
1346 1146 1446 1200 tuis
1488 1146 1676 1216 faciam
1694 1143 1937 1198 solitudi-

337 1235 478 1308 nem)
503 1251 524 1289 :
549 1245 596 1290 ct
624 1243 681 1287 tu
702 1219 933 1291 desertus
962 1237 1083 1304 eris,
1107 1247 1154 1290 et
1175 1239 1328 1302 scies,
1358 1238 1482 1308 quia
1513 1253 1608 1310 ego
1629 1239 1724 1290 sim
1755 1231 1936 1309 (Vulg.

336 1337 484 1385 tacet
503 1328 628 1402 sim]
645 1329 898 1386 Dominus
928 1348 1026 1387 :eo
1058 1332 1198 1404 quod
1221 1335 1326 1405 [iter
1341 1336 1382 1388 is
1409 1333 1646 1388 inimicus
1675 1333 1940 1405 sempiter-

331 1439 455 1488 nus,
490 1431 539 1477 et
565 1425 878 1480 roncluseris
897 1424 1038 1496 ﬁlios
1069 1425 1239 1484 Israel
1273 1429 1327 1483 in
1356 1445 1512 1482 manu
1546 1427 1567 1500 [
1595 1429 1680 1484 Al.
1714 1427 1940 1500 manus]

330 1517 505 1590 gladii
527 1517 681 1588 (sive
710 1529 758 1575 et
783 1521 1037 1577 assederis
1075 1523 1252 1577 domui
1302 1521 1470 1578 Israel
1497 1522 1852 1593 fraudulenter
1889 1523 1942 1576 in

333 1629 502 1665 mnu
567 1612 792 1684 gladii),
837 1615 892 1670 in
935 1625 1158 1687 tempore
1183 1615 1474 1687 aﬂlictionis
1505 1633 1704 1683 eorum,
1734 1617 1786 1669 in
1819 1625 1943 1669 tem-

329 1725 457 1776 pore
481 1708 781 1779 iniquitatis
808 1720 1071 1766 extremae.
1097 1701 1381 1784 PrOpterea
1405 1712 1513 1766 vivo
1545 1728 1660 1784 ego,
1683 1711 1807 1765 dicit
1837 1709 1943 1764 Do-

2041 499 2333 555 numquam
2359 483 2662 540 recederet.
2692 485 2944 557 Alioquin
2975 491 3028 541 et
3051 485 3116 540 ad
3159 483 3375 558 Moysen
3400 485 3642 556 loquitur

2039 569 2188 634 Deus
2220 596 2232 630 :
2259 577 2511 634 [tuleram
2541 577 2610 632 de
2632 575 2828 649 spiritu
2870 580 2961 650 qui
3010 587 3093 635 est
3141 582 3191 635 in
3237 587 3288 636 te
3338 577 3526 652 (Num.
3564 595 3637 645 χι,

2046 669 2134 740 l7)
2166 691 2176 725 :
2208 686 2368 742 quem
2394 673 2580 742 utique
2601 683 2706 726 non
2740 671 2984 740 haberet,
3012 672 3116 728 nisi
3139 673 3206 728 ad
3229 689 3350 730 eum
3376 691 3406 728 a
3454 673 3640 729 Domi-

2038 777 2110 819 no
2147 761 2535 821 descendisset.
2584 764 2773 821 Omnis
2827 773 3008 821 autem
3055 767 3212 823 iStius
3261 767 3480 839 capituli
3511 783 3636 838 pro-

2037 849 2221 928 phetia
2260 869 2343 914 est
2387 869 2576 914 contra
2609 867 2848 915 montem
2902 855 3045 928 Seir,
3086 859 3317 916 {Iliorum
3381 859 3637 917 videlicet

2041 950 2181 1006 Esau
2213 960 2266 1007 et
2291 949 2482 1020 Edom,
2511 954 2602 1026 qui
2633 953 2821 1010 Graeca
2852 962 2907 1009 et
2932 957 3114 1010 nostra
3145 953 3325 1026 lingua
3353 953 3632 1026 appellan-

2038 1043 2388 1114 turldumaai,
2421 1063 2486 1103 eo
2509 1041 2652 1120 quod
2703 1058 2946 1119 tempore
2978 1049 3318 1104 necessitatis
3364 1057 3416 1104 et
3469 1064 3635 1120 angu-

2040 1141 2178 1204 stia',
2207 1142 2418 1210 quando
2440 1141 2608 1197 Iudas
2643 1139 2961 1213 capiebatur
2994 1155 3022 1196 a
3051 1133 3382 1212 Babyloniis,
3415 1143 3638 1196 insulta-

2042 1233 2217 1290 verint
2238 1235 2341 1302 eis,
2367 1243 2420 1290 et
2447 1235 2622 1305 ejecto
2675 1235 2870 1306 populo
2901 1227 3234 1302 Judmorum,
3281 1235 3382 1290 sibi
3416 1245 3638 1306 putave-

2043 1328 2151 1384 rint
2175 1335 2375 1384 terram
2399 1327 2649 1384 traditam
2682 1333 2748 1383 ad
2791 1327 3199 1399 possidendum,
3231 1329 3286 1386 et
3321 1337 3429 1384 non
3465 1329 3642 1386 solum

2046 1437 2150 1476 non
2184 1419 2520 1494 susceperint
2549 1409 2714 1496 416
2734 1420 2934 1478 fratres
2967 1431 2992 1460 ει
3026 1435 3175 1489 suos,
3206 1423 3346 1479 filios
3395 1421 3647 1479 videlicet

2042 1506 2242 1584 Iacob;
2274 1517 2366 1572 sed
2395 1519 2664 1589 persecuti
2698 1518 2827 1584 sint,
2858 1521 2913 1573 et
2951 1513 3316 1574 concluserint
3365 1509 3418 1573 in
3449 1533 3643 1573 manus

2044 1607 2224 1680 gladii.
2259 1607 2415 1667 Unde
2465 1609 2810 1666 manifeStius
2852 1611 3243 1682 interpretatus
3268 1613 3348 1667 est
3391 1607 3642 1684 Symma-

2045 1701 2200 1769 chus,
2229 1702 2550 1774 Sanguinem
2572 1707 2717 1758 tuum
2740 1703 2918 1772 odisti,
2935 1709 2983 1760 et
2999 1707 3208 1777 sanguis
3223 1714 3550 1778 persequetur
3574 1716 3640 1761 te.

331 1803 510 1856 minus
565 1801 734 1872 Deus,
785 1805 1029 1875 quoniam
1050 1807 1293 1880 sanguini
1324 1806 1528 1862 ιταάαηι
1555 1783 1601 1860 ιε
1630 1805 1784 1876 (sive
1814 1821 1939 1875 quo-
1970 1783 2015 1851 Β
2045 1791 2403 1868 Prophetatur
2424 1803 2606 1854 autem
2637 1799 2779 1870 quod
2803 1805 2856 1856 et
2882 1791 2999 1871 ipse
3047 1799 3342 1870 capiendus
3371 1801 3458 1866 sit,
3486 1809 3538 1856 et
3561 1815 3646 1856 re-

331 1896 474 1949 niam
499 1896 560 1948 in
587 1895 848 1968 sanguine
876 1899 1094 1969 peccasti
1121 1899 1138 1968 )
1168 1908 1213 1952 et
1243 1899 1452 1973 sanguis
1495 1907 1542 1953 te
1571 1908 1896 1971 persequetur
1927 1915 1944 1952 :

335 1999 380 2043 et
409 2005 532 2043 cum
561 1990 872 2062 sanguinem
912 1991 1106 2059 oderis,
1139 1993 1348 2064 sanguis
1397 2002 1726 2065 persequetur
1772 2001 1837 2046 te.
1883 1989 1948 2046 Et

348 2085 466 2139 ωο
491 2096 732 2140 montem
775 2089 895 2143 Seir
919 2089 1210 2143 desolatam
1238 2100 1286 2144 et
1316 2090 1598 2155 desertum,
1634 2098 1681 2143 et
1713 2092 1948 2160 auferam

357 2180 412 2232 de
431 2196 486 2233 eo
507 2190 727 2236 euntem
751 2191 797 2236 et
823 2183 1117 2237 redeuntem
1145 2183 1297 2253 (sive
1324 2184 1553 2239 homines
1589 2194 1633 2238 et
1649 2181 1942 2255 jumenta).

347 2270 408 2325 Et
426 2272 662 2342 implebo
690 2283 883 2329 montes
911 2278 1026 2348 ejus
1047 2276 1333 2330 occisorum
1358 2293 1569 2331 suorum
1593 2275 1745 2347 (sive
1770 2275 1948 2329 vulne-

333 2365 615 2436 ratorum)
648 2385 661 2422 :
697 2367 751 2421 in
779 2367 998 2423 collibus
1029 2369 1151 2435 tuis,
1173 2377 1221 2423 et
1247 2370 1301 2424 in
1353 2369 1568 2424 rallibus
1615 2371 1740 2436 tuis,
1799 2380 1951 2440 atque

329 2458 656 2514 torrentibus
678 2460 937 2531 interfecti
955 2462 1132 2532 gladio
1171 2463 1374 2516 cadent.
1402 2461 1471 2518 In
1496 2463 1798 2518 solitudines
1815 2478 1949 2517 sent-

326 2551 567 2619 piternas
591 2552 796 2608 tradam
825 2562 894 2614 te,
921 2564 970 2608 et
997 2555 1222 2610 civitates
1249 2565 1350 2610 tua:
1386 2574 1489 2610 non
1537 2555 1902 2611 Itabitabuntur
1931 2573 1950 2610 :

328 2655 378 2699 et
403 2648 592 2703 scietis
617 2649 768 2720 (sive
793 2648 924 2704 scies
953 2650 972 2719 )
1002 2647 1163 2722 515
1197 2651 1440 2721 quoniam
1485 2667 1576 2722 ego
1621 2667 1733 2704 sum
1763 2649 1947 2708 Domi-

331 2755 432 2791 nus
455 2736 644 2810 [ναις.
678 2739 833 2795 addit
863 2739 1048 2812 Deus]:
1075 2757 1135 2795 eo
1157 2740 1292 2811 quod
1315 2742 1507 2797 dixeris
1529 2759 1545 2797 :
1569 2742 1688 2797 dua:
1707 2751 1880 2812 gentes
1902 2750 1952 2796 et

331 2832 456 2886 άιω
488 2841 641 2888 terra:
667 2835 818 2906 (sive
861 2835 1134 2907 regiones)
1172 2853 1296 2890 mea:
1345 2847 1512 2906 erunt,
1555 2847 1602 2892 et
1654 2835 1950 2892 hrereditate

333 2925 617 2995 possidebo
661 2942 770 2995 eas,
800 2944 917 2981 cum
964 2926 1218 2983 Dominus
1247 2939 1375 2984 esset
1405 2931 1494 2984 ibi.
1524 2927 1811 3002 PrOpterea
1840 2931 1950 2985 vivo

335 3036 464 3090 ego,
509 3019 631 3074 dicit
651 3019 902 3076 Dominus
934 3015 1237 3094 Deus:quia
1269 3023 1459 3092 faciam
1473 3024 1634 3095 juxta
1656 3021 1951 3095 iram(sive

335 3114 699 3186 inimicitiam)
733 3125 875 3170 tuam
903 3133 921 3170 :
968 3128 1014 3170 et
1065 3118 1348 3173 secundum
1397 3117 1563 3173 zelum
1604 3130 1766 3187 tuum,
1801 3136 1948 3190 quem

2051 1891 2318 1964 digendus
2370 1894 2422 1948 in
2475 1893 3205 1966 solitudinessempiterr‘ias,
3229 1889 3284 1950 et
3310 1905 3490 1952 rerum
3540 1895 3646 1951 fine

2053 1993 2346 2055 cognoscat
2371 1985 2746 2056 essejudicem
2781 1985 2974 2056 Deum,
2995 1997 3059 2043 eo
3090 1977 3485 2053 quoddixerit:
3517 1987 3650 2043 Dum

2052 2087 2262 2148 gentes,
2295 2089 2348 2133 et
2381 2079 2500 2134 duae
2523 2081 2780 2152 regiones
2825 2093 2960 2136 mea:
2987 2087 3145 2148 sunt;
3175 2082 3262 2137 vel
3290 2071 3652 2136 ldumzeorum

2055 2183 2109 2227 et
2134 2171 2471 2242 Judteorum,
2527 2174 2616 2231 vel
2666 2177 2815 2232 certe
2836 2167 2991 2232 Iuda:
3014 2181 3067 2233 et
3096 2171 3282 2244 Israel,
3315 2169 3541 2232 duarum
3572 2177 3651 2233 vi-

2051 2265 2249 2322 delicet
2271 2277 2327 2322 et
2349 2267 2537 2324 decem
2564 2259 2824 2326 tribuum.
2859 2269 2926 2326 Et
2951 2271 3165 2326 locutus
3196 2287 3256 2327 es
3284 2272 3351 2327 de
3374 2273 3650 2328 montibus

2052 2359 2243 2428 Israel,
2295 2359 2483 2417 dicens
2511 2381 2522 2416 :
2549 2359 2760 2418 Deserti
2805 2365 2961 2421 nobis
3007 2364 3118 2419 dati
3150 2373 3275 2420 sunt
3299 2365 3364 2420 ad
3387 2357 3652 2421 deteran-

2055 2456 2205 2520 dum,
2236 2471 2342 2511 non
2370 2455 2724 2513 considerans
2771 2457 2915 2529 quod
2960 2451 3074 2516 haec
3095 2472 3285 2515 contra
3316 2459 3483 2515 Deum
3518 2459 3654 2513 blas-

2055 2547 2269 2619 phemia
2299 2543 2648 2606 redundaret.
2687 2543 2841 2607 Unde
2862 2551 3148 2623 sequitur:
3176 2551 3653 2608 Ltetanteunirm-sn

2056 2651 2214 2710 terra,
2255 2643 2310 2697 in
2359 2644 2690 2698 solitudinem
2712 2651 2760 2699 te
2781 2645 3036 2718 redigam.
3073 2645 3136 2702 Et
3165 2656 3248 2703 est
3271 2659 3463 2702 sensus
3495 2666 3505 2699 :
3533 2661 3654 2702 cum

2055 2737 2234 2792 omnis
2273 2745 2412 2792 terra
2465 2733 2650 2793 Judaaa
2683 2742 2956 2812 receperit
2999 2741 3288 2811 pristinum
3342 2750 3563 2810 statum,
3597 2751 3656 2797 tu

2056 2833 2402 2901 permanebis
2445 2835 2496 2887 in
2543 2834 2840 2891 solitudine
2869 2836 3200 2908 sempiterna
3229 2857 3239 2890 :
3273 2831 3535 2908 Quodque
3574 2838 3655 2892 in-

2058 2923 2278 2982 fertur:
2331 2925 2500 2983 Sicuti
2559 2929 2766 2999 gavisus
2806 2948 2856 2985 es
2913 2947 3068 3003 super
3115 2929 3419 2986 haereditate
3474 2931 3656 2985 domus

2062 3017 2253 3087 Israel,
2270 3037 2328 3076 eo
2349 3017 2486 3092 quod
2501 3015 2657 3091 fuerit
2683 3022 2960 3095 dissipata,
2985 3023 3058 3078 sic
3080 3023 3266 3094 faciant
3293 3027 3400 3092 tibi,
3433 3027 3482 3080 in
3513 3023 3657 3081 LXX

2062 3131 2168 3170 non
2201 3115 2452 3183 habetur,
2482 3113 2582 3172 sed
2604 3111 2706 3172 sub
2724 3117 3005 3172 asteriscis
3029 3115 3097 3174 de
3119 3113 3515 3175 Theodotiouis
3540 3119 3659 3175 edi-

335 3207 528 3273 fuisti,
559 3208 680 3263 odio
701 3209 891 3264 habens
919 3226 1025 3277 eos,
1052 3221 1098 3265 et
1119 3220 1272 3266 notus
1302 3212 1492 3282 eﬂiciar
1520 3211 1610 3266 tibi
1638 3211 1830 3284 [Vulg.
1861 3228 1950 3285 per
1977 3200 2023 3264 C
2057 3207 2201 3264 tione
2227 3208 2468 3264 additum
2497 3218 2601 3265 est.
2628 3207 2819 3265 Omnis
2846 3219 3024 3266 autem
3059 3207 3135 3266 ira
3163 3209 3262 3268 Dei
3290 3211 3417 3268 illuc
3443 3213 3658 3284 prolicit

336 3300 458 3373 eos]
487 3319 604 3356 cum
624 3303 932 3376 judicauero
960 3313 1029 3370 te,
1063 3315 1111 3358 et
1140 3306 1270 3360 scies
1290 3305 1413 3376 quia
1457 3321 1552 3375 ego
1601 3323 1716 3359 sum
1759 3302 1946 3360 Domi—

339 3411 460 3451 nus.
487 3396 674 3451 Audiri
700 3398 943 3452 universa
995 3399 1275 3471 opprobria
1306 3409 1395 3453 tua
1422 3398 1442 3471 (
1463 3399 1579 3454 sive
1605 3415 1782 3454 vocem
1833 3400 1947 3454 bla-

336 3492 692 3556 sphemiarum
713 3492 1065 3564 tuarum)qua:
1092 3492 1295 3548 locutus
1323 3510 1397 3560 es,
1423 3493 1562 3563 (sive
1586 3494 1706 3562 quia
1746 3492 1947 3548 locutus

338 3583 430 3654 es)
455 3583 520 3636 de
547 3584 803 3639 montibus
830 3583 1020 3651 Israel,
1051 3587 1248 3650 dicens,
1281 3586 1469 3640 deserti
1509 3585 1660 3640 nobis
1689 3586 1799 3641 dati
1831 3595 1947 3642 sunt

338 3680 408 3732 ad
437 3678 820 3745 devorandum,
867 3689 916 3734 et
964 3681 1319 3736 insurrexistis
1359 3679 1556 3753 [ναις.
1608 3681 1946 3754 surrexistis]

336 3788 493 3842 super
526 3789 605 3827 me
635 3791 722 3828 ore
750 3781 917 3828 vestra
945 3774 1087 3847 (sive
1111 3774 1382 3847 magniﬁce
1407 3773 1605 3828 loeutus
1628 3792 1680 3828 es
1704 3791 1855 3842 super
1871 3791 1948 3827 me

340 3882 426 3918 ore
453 3873 543 3918 tua
575 3865 596 3936 )
622 3883 638 3920 :
667 3875 716 3920 et
746 3867 1032 3940 derogastis
1072 3870 1338 3922 adversum
1368 3885 1446 3921 me
1476 3869 1495 3938 (
1519 3868 1630 3922 sive
1682 3868 1949 3937 vociferati

340 3961 457 4013 estis
477 3969 660 4013 contra
691 3977 771 4015 me
802 3964 818 4025 )
849 3961 998 4015 verba
1044 3971 1206 4015 vestra
1234 3981 1250 4016 :
1284 3977 1375 4032 ego
1403 3961 1598 4015 audivi.
1657 3959 1782 4014 Have
1823 3960 1945 4014 dicit

343 4049 598 4105 Dominus
629 4050 771 4106 Deus
804 4067 823 4106 :
854 4051 1087 4108 Lwlantc
1114 4055 1349 4108 universa
1373 4063 1530 4122 terra,
1553 4054 1604 4107 in
1618 4053 1946 4107 solitudinem

339 4151 385 4194 te
407 4142 644 4214 redigam
673 4160 690 4196 :
715 4145 870 4198 sicuti
897 4146 1107 4213 gavisus
1139 4161 1196 4198 es
1222 4161 1375 4217 super
1417 4143 1715 4199 Iuereditate
1763 4144 1945 4197 domus

342 4230 534 4300 Israel,
556 4253 615 4289 eo
638 4235 779 4307 quod
806 4235 966 4304 fuerit
989 4237 1241 4306 dissipata
1263 4254 1280 4302 ,°
1305 4237 1379 4291 sic
1405 4239 1600 4307 faciant
1615 4236 1706 4289 tibi
1729 4253 1746 4290 :
1768 4233 1941 4289 Dissi-

340 4337 492 4400 patus
535 4330 678 4401 (sive
703 4330 956 4403 desertus)
999 4333 1122 4400 eris,
1165 4349 1315 4388 mons
1345 4333 1463 4388 Seir
1484 4349 1503 4388 :
1528 4343 1574 4388 et
1608 4332 1774 4387 omnis
1808 4329 1944 4385 Idu-

339 4439 488 4491 nuea,
543 4435 590 4477 et
639 4426 820 4492 scient,
845 4427 967 4494 quia
1015 4442 1106 4499 ego
1134 4443 1250 4480 sum
1300 4425 1574 4482 Dominus.
1595 4425 1729 4482 Illud
1760 4435 1941 4480 autem

341 4517 486 4586 quod
516 4517 568 4572 in
603 4501 746 4572 LXX
801 4518 1045 4574 additum
1075 4528 1262 4594 esttet
1302 4531 1691 4584 consumeutur,
1726 4520 1779 4574 in
1832 4518 1940 4574 lle-

2055 3313 2242 3358 contra
2280 3313 2520 3358 montem
2576 3303 2714 3367 Seir,
2761 3315 2818 3358 ut
2858 3319 2978 3359 cum
3023 3299 3188 3359 fuerit
3236 3301 3554 3375 dissipatus,
3603 3317 3660 3360 et

2054 3395 2191 3461 ipse,
2222 3405 2274 3450 et
2299 3395 2552 3450 universa
2587 3394 2823 3450 ldumaza
2853 3405 3203 3467 cognosCaut,
3253 3397 3379 3467 quia
3423 3397 3540 3466 ipse
3586 3399 3658 3452 sit

2053 3475 2339 3544 Dominus.
2376 3487 2503 3544 [huc
2546 3487 2704 3560 juxta
2754 3487 3071 3556 historiam,
3116 3499 3172 3545 et
3210 3495 3430 3545 sensum
3486 3491 3655 3561 magis

2053 3596 2212 3652 quam
2241 3581 2405 3636 verba
2427 3581 2629 3637 cursim
2674 3581 2926 3638 dixerim.
2967 3577 3236 3638 Transibo
3257 3585 3322 3638 a‘d
3349 3597 3654 3657 anagogen,

2053 3681 2108 3729 et
2125 3675 2303 3729 studio
2326 3675 2609 3731 brevitatis
2635 3690 2805 3746 pauca
2823 3673 3210 3747 perstringam.
3234 3675 3403 3748 Pone,
3453 3677 3650 3750 inquit,

2053 3765 2441 3824 sivecouverte
2480 3769 2669 3824 faciem
2713 3775 2858 3823 tuam
2910 3769 3200 3825 adversum
3231 3775 3471 3826 montem
3509 3771 3651 3828 Seir.

2054 3861 2121 3916 Et
2158 3859 2532 3934 signiﬁcanter
2564 3863 2674 3930 ait,
2725 3869 2993 3930 conuerte,
3027 3859 3096 3918 ab
3117 3863 3218 3918 alia
3265 3865 3546 3935 prophetia
3585 3866 3652 3920 ad

2052 3956 2212 4012 aliam
2253 3958 2615 4029 prophetiam.
2639 3949 2857 4013 Faciem
2893 3969 3072 4013 autem
3105 3973 3213 4013 non
3245 3959 3526 4030 corporis,
3553 3959 3648 4014 sed

2051 4053 2236 4119 animi,
2262 4049 2330 4108 de
2351 4067 2453 4123 qua
2488 4051 2622 4107 dicit
2654 4061 2710 4108 et
2744 4051 3072 4122 Apostolus:
3099 4051 3207 4110 Nos
3247 4062 3426 4110 autem
3461 4069 3655 4111 omnes

2051 4145 2286 4200 revelata
2320 4143 2480 4213 facie,
2506 4145 2737 4217 gloriam
2757 4143 2978 4201 Domini
2995 4148 3430 4217 contemplantes
3447 4146 3651 4218 (llCor.

2053 4237 2254 4312 111,18).
2287 4235 2442 4294 Mons
2465 4249 2646 4295 autem
2679 4238 2818 4305 Seir,
2853 4241 2952 4312 qui
2985 4237 3372 4312 interpretatur
3413 4241 3650 4316 hispidus

2051 4345 2102 4389 et
2140 4334 2363 4406 pilosus,
2415 4327 3000 4391 contraria'fortitudo
3051 4337 3365 4406 accipienda
3389 4347 3494 4402 est,
3532 4354 3652 4409 quae

2049 4427 2378 4496 prresidebat
2400 4428 2546 4498 genti
2573 4427 2805 4483 filiorum
2826 4428 2992 4495 Esau,
3021 4439 3075 4484 et
3095 4446 3155 4485 se
3176 4440 3363 4486 contra
3394 4433 3648 4503 populum

2047 4517 2207 4585 Juda,
2248 4515 2300 4573 id
2339 4526 2423 4573 est
2448 4561 2464 4584 ,
2519 4517 2876 4575 confessionis
2925 4527 2979 4576 et
3027 4533 3172 4576 verte
3211 4520 3336 4578 fidei
3375 4535 3644 4580 erexerat.

343 4605 522 4664 braico
549 4625 657 4664 non
681 4609 930 4666 habetur.
951 4609 1010 4666 Si
1033 4626 1248 4681 semper
1271 4611 1324 4666 in
1352 4614 1631 4682 prophetis
1659 4622 1800 4667 esset
1825 4627 1939 4666 ser-
1966 4609 2020 4671 D
2045 4612 2200 4679 Quod
2233 4612 2276 4666 si
2310 4611 2550 4682 prudens
2579 4611 2755 4667 lector
2785 4614 3132 4682 Opposuerit,
3170 4615 3446 4686 quomodo
3466 4617 3518 4672 in
3546 4619 3650 4673 isto

347 4719 431 4757 mo
451 4705 643 4770 Dei,et
665 4705 794 4777 juge
811 4706 862 4761 in
895 4716 1112 4776 pectore
1137 4721 1328 4762 eorum
1365 4706 1590 4762 haberet
1617 4705 1932 4775 hospitium,

342 4813 635 4869 numquam
660 4811 766 4854 tam
796 4801 990 4856 crebro
1037 4801 1292 4857 Ezechiel
1335 4811 1604 4872 poneret:
1648 4801 1714 4856 Et
1762 4800 1938 4856 factus

293 4879 302 4884 ’
338 4899 422 4946 est
445 4906 628 4946 sermo
658 4891 868 4947 Domini
893 4892 960 4947 ad
983 4907 1069 4948 me
1094 4893 1304 4949 dicens.
1352 4893 1459 4950 Sed
1485 4896 1608 4966 quia
1637 4895 1708 4948 ob
1747 4892 1939 4948 huma-

335 4999 464 5040 nam
507 4985 872 5056 fragilitatem,
909 4997 965 5044 et
1015 4987 1140 5043 vita:
1172 4987 1331 5058 hujus
1367 4990 1745 5055 necessitates,
1770 4988 1939 5043 inter-

334 5078 464 5134 dum
490 5075 782 5137 recedebat
823 5082 891 5136 ab
919 5079 1022 5149 eis,
1070 5093 1358 5154 propterea
1403 5084 1644 5138 Joannes
1689 5081 1931 5151 Baptista

333 5173 578 5247 loquitur
610 5194 623 5228 :
653 5175 757 5242 Qui
795 5176 944 5231 misit
969 5192 1055 5232 me
1081 5176 1380 5246 baptizare,
1411 5176 1526 5246 ipse
1562 5175 1700 5231 dixit
1748 5173 1882 5228 mihi
1918 5192 1930 5227 :

332 5267 511 5339 Super
542 5285 704 5341 quem
732 5269 935 5326 videris
972 5267 1237 5340 Spiritum
1269 5277 1516 5326 sanctum
1553 5269 1606 5322 in
1634 5267 1816 5338 specie
1837 5285 1932 5323 co-

335 5361 536 5418 lumba:
565 5362 985 5420 descendentem
1005 5372 1062 5420 et
1109 5371 1418 5419 manentem
1477 5362 1530 5416 in
1576 5376 1661 5426 eo,
1702 5360 1816 5430 ipse
1849 5368 1936 5414 est

334 5453 522 5527 (Joan.
541 5474 580 5526 1,
601 5457 1018 5530 55).Numquam
1037 5458 1182 5514 enim
1196 5458 1475 5528 pr0prium
1489 5454 1704 5512 essetin
1717 5451 1936 5509 Christo

417 5613 443 5644 ⁸
479 5611 734 5678 ιρρῑηιιιε
754 5630 876 5671 cum
923 5613 1182 5682 Victorio,
1216 5615 1285 5670 ad
1317 5629 1447 5670 mss.
1493 5611 1746 5669 codicum
1788 5618 1941 5663 vetu-

341 5679 680 5749 stiorumqtlc
693 5688 994 5743 editionum
1013 5679 1196 5744 ﬁdem.
1213 5687 1557 5742 Martiameus
1569 5700 1692 5739 cum
1713 5683 1942 5736 Erasmo

343 5751 694 5831 ἱροοψπιοειο
727 5761 911 5831 “fma.
957 5761 1275 5831 gusuperint
1309 5760 1481 5831 ﬁlios,
1510 5757 1746 5831 videlicet
1781 5750 1941 5831 Iacob

347 5824 523 5894 fratris
552 5823 656 5890 sui,
699 5822 934 5891 sed,etc.
963 5822 1122 5893 Nam",
1143 5822 1322 5899 inquii
1348 5822 1600 5887 laudatus
1622 5826 1852 5890 Victor.,
1876 5822 1945 5878 de

2043 4706 2161 4760 loco
2187 4703 2330 4770 Seir,
2349 4703 2452 4759 hoc
2469 4711 2574 4773 est,
2605 4701 2850 4774 hiSpidus
2872 4716 2927 4761 et
2951 4707 3178 4777 pilosus,
3223 4709 3558 4782 intelligatur
3592 4713 3644 4764 in

2045 4797 2238 4852 malam
2264 4803 2497 4867 partem,
2522 4810 2644 4851 cum
2673 4795 2821 4852 Elias
2842 4813 3056 4870 quoque
3109 4802 3192 4855 vir
3231 4802 3436 4871 pilosus
3471 4803 3648 4860 dictus

2042 4891 2112 4946 sit
2140 4889 2228 4962 (IV
2249 4883 2377 4961 Reg.
2402 4890 2473 4958 1):
2495 4889 2737 4946 breviter
2758 4892 3119 4962 reSpondebo‘,
3139 4893 3205 4948 de
3227 4893 3364 4950 Esau
3385 4898 3642 4966 scriptum

2043 4998 2188 5049 esse,
2215 4981 2355 5052 quod
2381 4981 2536 5036 rufus
2585 4981 2774 5046 fuerit,
2797 4992 2852 5036 et
2880 4985 3033 5054 quasi
3051 4985 3207 5054 pellis
3231 4986 3514 5064 hispidus(
3543 4992 3646 5045 Ge-

2046 5071 2534 5144 nes.xxv)':deEIia
2577 5089 2708 5129 vero
2741 5075 2886 5145 quod
2941 5075 3024 5130 vir
3073 5086 3278 5134 tantum
3313 5079 3537 5149 pilosus.
3583 5083 3640 5140 lu

2043 5165 2189 5223 Esau
2241 5169 2332 5239 qui
2359 5167 2736 5238 sanguinarius
2775 5180 2832 5224 et
2881 5180 3169 5239 cruentus,
3235 5173 3363 5242 pelli
3419 5175 3642 5248 hispida:

2045 5257 2208 5335 417
2282 5271 2633 5332 comparatur
2669 5303 2683 5326 ,
2733 5264 3049 5318 mortalium
3097 5277 3347 5336 Operum,
3398 5279 3450 5324 et
3474 5270 3647 5341 ipsius

2049 5356 2238 5409 mortis
2269 5344 2524 5410 indicium
2555 5361 2660 5424 est,
2692 5356 2745 5408 in
2780 5351 2896 5410 Elia
2923 5357 3199 5413 virilitatis
3238 5361 3641 5429 argumentum.

2047 5448 2408 5516 Quamobrem
2455 5457 2509 5504 et
2543 5447 2814 5504 habitatio
2831 5450 2947 5520 ejus
2993 5451 3047 5505 in
3093 5449 3385 5509 solitudine
3424 5465 3479 5511 et
3508 5473 3642 5516 c011-

2042 5607 2166 5662 tiliis
2192 5605 2489 5686 Esaia-pun
2510 5605 2578 5662 de
2592 5605 2712 5677 ipso
2729 5605 2894 5686 Esau,
2928 5608 3270 5686 cujus-frater
3303 5626 3419 5668 erat
3454 5615 3643 5686 Jaeoh,

2042 5679 2331 5759 εει-[110111.
2358 5678 2843 5759 Eraptautenrilli
2865 5682 3061 5736 fratres
3099 5683 3193 5737 filii
3218 5682 3410 5756 Jacob,
3450 5678 3642 5759 utpote

2043 5767 2108 5807 ex
2136 5750 2346 5807 duobus
2377 5750 2480 5805 orti
2509 5750 2802 5820 germanis.
