3928 6322
335 170 440 232 553

1546 162 1567 213 ῗ’
1584 167 1643 227 S.
1686 166 1960 228 EUSEBII
1995 165 2375 231 HIERONYMI

3508 166 3619 227 336

334 287 658 348 versationis
689 285 996 355 austeritas,
1022 299 1127 341 non
1160 284 1334 342 solum
1366 286 1565 353 virum,
1605 287 1697 342 sed
1744 297 1799 342 et
1845 287 1923 341 vi-
1950 293 1999 351 Α
2030 287 2273 344 tudinem
2313 298 2474 360 atque
2529 286 2830 353 desertum,
2871 289 3202 358 cognoscant
3221 281 3363 356 quod
3392 280 3513 353 ipse
3546 282 3615 335 sit

334 401 456 439 rum
509 381 862 438 fortissimum
915 380 1342 436 demonstrabat.
1392 379 1563 436 Porro
1609 379 1781 435 Jacob
1835 379 1930 449 qui

330 478 773 549 supplantaverat
814 476 981 541 Esau,
1006 483 1062 529 et
1089 474 1448 545 primogenita
1480 476 1596 545 ejus
1641 481 1927 544 acceperat

327 571 561 642 (Genes.,
593 571 681 639 x),
706 568 830 639 quia
860 567 1183 638 simpliciter
1216 568 1495 625 habitabat
1539 570 1707 632 domi,
1732 581 1786 623 et
1814 584 1921 623 non

327 672 449 717 erat
478 670 725 728 venator,
756 662 897 717 sicut
924 661 1075 733 gigas
1105 662 1341 717 Nemrod
1368 681 1383 717 :
1413 660 1622 718 idcirco
1672 662 1804 718 levis
1828 677 1923 732 ap-

324 757 561 826 pellatur
589 765 647 811 et
672 756 898 811 nitidus.
955 755 1246 811 Videamus
1272 772 1401 828 ergo
1432 756 1561 828 quid
1604 756 1707 811 dici
1733 754 1921 825 praeci-

324 852 434 919 piat
478 851 619 906 Deus
669 850 734 904 ad
786 857 1065 915 montem,
1106 851 1222 905 sive
1253 860 1440 903 contra
1492 857 1731 904 montem
1774 848 1914 903 Seir.

320 945 460 999 Ecce
508 958 610 1014 ego
657 942 726 998 ad
758 952 832 1007 te,
879 959 1034 1000 mons
1065 942 1209 1007 Seir,
1259 958 1365 998 non
1400 943 1611 997 mittam
1651 941 1913 1013 Angelos,

316 1053 419 1093 nec
451 1036 573 1092 aliis
610 1044 729 1090 utar
766 1034 1032 1090 ministris
1058 1078 1073 1102 ,
1114 1036 1210 1091 sed
1260 1037 1375 1106 ipse
1400 1035 1468 1090 ad
1499 1045 1551 1090 te
1576 1035 1819 1102 veniam,
1861 1042 1917 1088 et

313 1132 604 1187 extendam
626 1146 846 1185 manum
871 1146 1047 1186 meam
1078 1145 1240 1201 super
1271 1141 1344 1193 te,
1371 1139 1424 1184 et
1453 1128 1695 1184 habitum
1719 1142 1912 1199 percu-

310 1226 500 1282 tientis
529 1241 832 1291 assumam,
866 1232 923 1280 et
942 1224 1085 1279 dabo
1118 1234 1171 1280 te
1198 1225 1502 1280 desolatum
1531 1231 1691 1293 atque
1722 1222 1910 1277 deser-

310 1329 446 1385 tum,
463 1318 627 1391 utqui
646 1319 785 1374 male
810 1318 1234 1384 ltabitabaris,et
1253 1318 1516 1388 plurimos
1546 1317 1783 1372 habebas
1810 1317 1909 1371 im-

308 1413 650 1482 pietatistua:
672 1412 878 1481 socios,
917 1414 1182 1467 intantum
1208 1422 1333 1467 utet
1363 1413 1528 1468 urbes
1557 1421 1903 1476 exstrueres,

302 1505 702 1578 imperiumque
729 1507 825 1561 tibi
853 1506 1137 1577 proprium
1169 1506 1487 1562 vendicares
1521 1524 1533 1560 :
1560 1519 1703 1560 nunc
1742 1504 1905 1560 deso-

302 1601 445 1657 latus
494 1616 619 1657 cum
648 1600 875 1656 urbibus
899 1602 1026 1665 tuis,
1074 1617 1206 1671 quas
1239 1609 1294 1656 et
1320 1599 1587 1656 Jeremias
1620 1598 1905 1655 destruere

2034 378 2316 438 Dominus.
2349 383 2459 438 Nec
2483 382 2685 439 sufﬁcit
2709 382 2880 437 monti
2912 380 3033 437 Seir
3064 387 3210 435 tanta
3237 377 3469 440 dixisse,
3492 390 3615 444 qua:

2028 477 2336 545 praeteritus
2392 491 2576 531 sermo
2629 475 2874 530 narravit
2923 492 2935 527 :
2991 474 3085 530 sed
3119 473 3225 527 huc
3255 486 3470 543 quoque
3516 483 3613 539 per

2023 572 2332 638 superbiam
2363 572 2577 627 locutus
2618 580 2739 626 est:
2774 569 2905 625 Duas
2931 578 3147 641 gentes,
3182 578 3236 623 et
3265 567 3389 621 dure
3417 575 3607 628 terrae,

2024 666 2140 719 sive
2167 668 2423 735 regiones
2453 682 2586 719 meae
2617 675 2765 730 sunt,
2792 663 3014 720 ldumea
3035 662 3291 717 videlicet
3315 671 3371 716 et
3399 657 3609 721 Iudaea,

2021 766 2075 811 et
2101 755 2414 824 hatreticns,
2448 767 2503 812 et
2532 756 2951 813 Ecelesiastieos
2973 755 3267 826 possidebo
3295 752 3522 823 pariter.
3542 750 3612 804 Et

2020 848 2144 917 hoc,
2174 849 2368 921 inquit,
2395 850 2606 917 dixisti,
2629 868 2751 906 cum
2782 851 3041 905 Dominus
3061 857 3207 905 esset
3235 848 3331 916 ibi,
3378 846 3469 917 qui
3512 859 3612 901 suo

2018 943 2219 1012 populo
2273 944 2626 1013 praesidebat.
2671 945 2964 1014 Propterea
3012 944 3165 1014 jurat
3214 943 3501 1004 Dominus,
3555 949 3611 995 et

2015 1033 2183 1089 dicit:
2216 1034 2352 1091 Vivo
2406 1053 2532 1109 ego,
2569 1037 2703 1093 dicit
2737 1038 2998 1093 Dominus
3048 1038 3210 1102 Deus,
3257 1033 3399 1107 quod
3450 1034 3609 1104 juxta

2010 1125 2146 1183 iram
2173 1139 2339 1211 tuam,
2373 1149 2474 1201 qua
2508 1132 2775 1187 szeviebas
2808 1134 2861 1187 in
2895 1133 3155 1203 populum
3184 1130 3315 1198 Dei,
3340 1138 3396 1185 et
3419 1130 3606 1184 zelum

2014 1231 2163 1277 tuum
2187 1241 2294 1295 quo
2318 1226 2740 1296 persequebaris
2768 1226 2975 1281 Christi
3010 1225 3273 1280 familiam
3298 1265 3313 1292 ,
3345 1224 3472 1279 odio
3510 1222 3608 1277 ha-

2014 1314 2147 1369 bens
2181 1330 2276 1371 eos
2306 1333 2441 1387 quos
2492 1318 2776 1386 possidere
2802 1317 3063 1387 cupiebas
3088 1358 3103 1384 ,
3138 1331 3260 1371 cum
3299 1325 3352 1372 te
3384 1329 3608 1385 percus-

2009 1427 2132 1465 sero
2159 1422 2214 1467 et
2238 1412 2583 1483 judicavero,
2613 1422 2740 1469 tunc
2768 1413 2867 1467 tibi
2899 1422 3059 1467 notus
3101 1411 3328 1479 efﬁciar,
3376 1419 3433 1466 et
3463 1410 3606 1466 scies

2008 1503 2153 1572 quod
2199 1505 2491 1574 opprobria
2542 1513 2631 1560 tua
2672 1514 2725 1560 et
2767 1504 3132 1576 blasphemias
3170 1518 3274 1558 non
3316 1503 3427 1558 alio
3470 1503 3607 1558 refe-

2006 1607 2197 1665 rente,
2228 1598 2575 1669 cognoverim
2611 1617 2624 1653 :
2654 1597 2750 1654 sed
2781 1598 2897 1669 ipse
2918 1598 3186 1653 audierim
3229 1612 3348 1666 quae
3390 1597 3606 1650 locutus

295 1696 517 1764 jubetur
542 1703 706 1765 atque
730 1693 1253 1766 suﬁ’odere(.lerem.
1297 1710 1337 1761 ι,
1366 1692 1467 1765 ιι),
1512 1699 1572 1747 ut
1600 1692 1770 1747 bonas
1803 1706 1900 1762 pro
1930 1688 1979 1749 B
2007 1706 2065 1745 es
2092 1701 2283 1747 contra
2312 1701 2526 1749 montes
2555 1691 2745 1757 Israel,
2780 1692 2968 1746 dicens
3001 1708 3015 1744 :
3049 1690 3263 1746 Deserti
3298 1690 3460 1745 nobis
3488 1688 3601 1743 dati

297 1791 378 1845 eis
408 1794 658 1844 exstruat
688 1788 958 1855 civitates,
982 1788 1036 1842 in
1060 1802 1126 1843 eo
1166 1788 1419 1859 proﬁcies
1444 1828 1458 1852 ,
1491 1796 1550 1841 ut
1579 1785 1720 1840 scias
1754 1785 1896 1856 quod

294 1897 397 1953 ego
426 1882 527 1937 sim
564 1882 847 1949 Dominus,
873 1897 1035 1953 quem
1066 1892 1191 1937 ante
1214 1880 1560 1935 solitudinem
1616 1879 1690 1933 tui
1734 1894 1899 1934 nosse

292 1989 404 2030 non
442 1984 682 2045 poteras.
719 1974 909 2029 Omnis
955 1986 1136 2028 autem
1165 1988 1328 2028 causa
1353 1971 1560 2041 peccati
1604 1980 1721 2039 est,
1754 1970 1895 2040 quod

290 2068 461 2123 fueris
483 2066 734 2122 inimicus
766 2066 1151 2136 sempiternus.
1181 2065 1335 2122 Unde
1366 2066 1575 2119 dicitet
1608 2064 1850 2133 psalmus
1881 2083 1894 2118 :

285 2159 611 2227 Irascimini,
670 2167 725 2214 et
771 2160 942 2215 nolite
989 2174 1219 2229 peccare
1261 2157 1436 2231 (Psal.
1468 2173 1541 2223 1v,
1568 2157 1599 2211 5
1622 2156 1675 2228 ),
1708 2157 1896 2211 utcito

286 2253 645 2309 conciliemur
702 2251 973 2319 inimicis,
1032 2260 1087 2306 et
1128 2251 1251 2306 odia
1294 2251 1562 2305 charitate
1593 2256 1891 2303 mutemus.

284 2345 393 2402 Sed
424 2362 533 2401 non
566 2345 689 2399 talis
717 2361 875 2401 mons
902 2343 1047 2413 Seir,
1103 2343 1195 2415 qui
1218 2358 1384 2413 super
1407 2342 1726 2397 inimicitias
1750 2357 1893 2395 sem-

285 2441 528 2510 piternas
556 2438 853 2504 conclusit,
896 2438 1013 2493 sive
1042 2436 1263 2491 obsedit
1294 2436 1435 2491 ﬁlios
1492 2435 1655 2491 Israel
1686 2435 1812 2489 dolo
1833 2433 1891 2490 in

282 2550 448 2590 manu
475 2533 664 2605 gladii.
718 2534 799 2588 Ex
827 2548 934 2603 quo
982 2531 1361 2602 intelligimus,
1387 2530 1532 2601 quod
1560 2529 1889 2600 quicumque

278 2628 521 2699 gladium
562 2627 853 2699 arripuerit
899 2636 1086 2681 contra
1137 2626 1278 2681 ﬁlios
1311 2626 1433 2691 Dei,
1480 2635 1535 2680 et
1563 2625 1753 2680 dolose
1786 2626 1887 2679 ali-

273 2721 403 2791 quid
436 2723 629 2794 cgerit,
658 2730 713 2777 et
743 2720 1026 2778 obsederit
1049 2735 1168 2787 eos,
1202 2718 1453 2775 tradatur
1474 2719 1528 2773 in
1553 2734 1746 2773 manus
1772 2719 1883 2789 gla-

272 2813 367 2880 dii,
401 2813 541 2869 sicut
587 2828 744 2869 mons
788 2814 911 2870 Seir
966 2813 1019 2867 in
1052 2821 1308 2884 tempore
1341 2811 1647 2883 iniquitatis
1694 2822 1879 2867 extre-

276 2924 401 2973 mae,
438 2908 655 2979 quando
682 2906 802 2964 dies
850 2905 1071 2977 pessimi
1101 2913 1249 2972 sunt,
1284 2914 1337 2961 et
1363 2905 1601 2960 mundus
1636 2907 1690 2958 in
1726 2903 1881 2957 mali-

273 3019 381 3076 gno
406 3003 618 3074 positus
649 3010 733 3057 est
764 3000 827 3072 (Ι
854 2999 1013 3055 Joan.
1047 2998 1131 3071 v),
1179 3008 1234 3054 et
1264 2996 1619 3067 multiplicata
1670 2997 1870 3067 iniqui-

2006 1793 2135 1839 sunt
2163 1786 2226 1839 ad
2260 1784 2655 1841 devorandum.
2710 1784 2922 1839 Montes
2950 1783 3137 1849 Israel,
3186 1782 3429 1854 Moysen,
3477 1796 3603 1851 pro-

2002 1880 2197 1949 phetas
2221 1888 2276 1935 et
2299 1880 2579 1950 apostolos
2618 1879 2883 1934 debemus
2924 1878 3204 1948 accipere,
3239 1891 3376 1947 quos
3427 1876 3602 1930 luere—

1999 1972 2088 2028 tici
2124 1982 2177 2028 et
2229 1972 2615 2029 hazretieorum
2661 1974 2916 2043 princeps
2948 1971 3201 2026 diabolus
3254 1971 3355 2025 sibi
3402 1978 3602 2040 putant

2000 2064 2233 2120 traditos
2260 2065 2329 2121 ad
2352 2066 2721 2122 devorandum
2749 2083 2762 2118 :
2790 2064 3009 2137 quando
3034 2074 3127 2119 aut
3151 2080 3329 2131 rarus,
3353 2075 3445 2118 aut
3477 2064 3601 2119 nul-

1996 2158 2085 2215 lus
2133 2158 2186 2213 in
2238 2159 2483 2215 Ecclesia
2536 2162 2810 2232 reperitur
2834 2207 2848 2229 ,
2878 2161 2969 2230 qui
3002 2160 3175 2230 possit
3205 2175 3447 2231 pugnare
3497 2174 3599 2229 pro

1996 2251 2277 2307 montibus
2303 2253 2540 2320 Domini,
2580 2263 2633 2307 et
2662 2270 2852 2309 eorum
2882 2253 3269 2309 lacerationem
3322 2269 3414 2309 sua
3458 2268 3601 2309 voce

1994 2345 2312 2401 defendere.
2360 2347 2426 2401 Et
2461 2345 2875 2415 insurrexistis,
2922 2348 3122 2420 inquit,
3150 2364 3312 2419 super
3358 2365 3444 2403 me
3498 2364 3598 2403 ore

1994 2448 2204 2507 vestro,
2261 2439 2381 2494 sive
2429 2440 2718 2511 magniﬁce
2748 2442 2917 2496 locuti
2960 2442 3118 2507 e5tis,
3169 2457 3275 2497 non
3314 2449 3374 2496 ut
3395 2442 3597 2513 putatis

1989 2540 2177 2586 contra
2204 2543 2442 2600 montes,
2497 2533 2596 2590 sed
2631 2550 2728 2602 per
2779 2535 2902 2590 illos
2932 2534 3221 2591 adversum
3271 2550 3377 2603 me,
3413 2544 3470 2590 et
3497 2549 3595 2589 ro-

1986 2626 2156 2695 gastis
2179 2624 2287 2697 [Αι.
2323 2626 2673 2699 derogastis],
2701 2628 2816 2683 sive
2846 2629 3124 2684 clamastis
3153 2628 3445 2684 adversum
3479 2645 3590 2684 me.

1985 2715 2151 2789 419
2178 2718 2381 2774 Omnes
2407 2720 2553 2775 enim
2582 2736 2769 2789 preces
2800 2729 2997 2777 vestrm
3020 2765 3035 2789 ,
3072 2737 3105 2776 ο
3131 2737 3290 2777 mons
3333 2722 3477 2787 Seir,
3534 2732 3594 2778 et

1983 2812 2117 2867 socii
2147 2815 2345 2868 montis
2376 2815 2521 2881 Seir,
2560 2818 2627 2871 de
2654 2816 2850 2886 quibus
2892 2831 3055 2886 supra
3105 2816 3311 2871 dictum
3344 2825 3427 2872 est
3457 2816 3593 2887 (Su-

1981 2925 2097 2979 pra,
2139 2908 2261 2964 cod.
2286 2909 2305 2977 )
2332 2929 2343 2963 :
2376 2911 2617 2981 Implebo
2647 2922 2860 2967 montes
2888 2911 3029 2981 ejus,
3061 2920 3117 2967 et
3144 2912 3337 2979 colles,
3366 2920 3423 2968 et
3463 2912 3587 2967 val-

1981 3001 2084 3069 les,
2125 3015 2179 3059 et
2230 3018 2483 3076 campos,
2539 3006 2653 3062 sive
2679 3016 2978 3075 torrentes,
3018 3007 3239 3064 fuerunt
3290 3008 3585 3064 adversum

274 3106 418 3162 tate,
448 3096 762 3168 refrigescit
806 3094 1046 3151 charitas
1098 3092 1418 3147 multorum.
1454 3092 1554 3146 Est
1591 3102 1774 3147 autem
1819 3101 1875 3147 et
1899 3071 1945 3135 C
1978 3112 2065 3153 me
2094 3116 2106 3151 :
2143 3071 2485 3169 nequaquam
2539 3116 2754 3170 preces,
2784 3111 2838 3157 et
2862 3071 3164 3168 orationes,
3195 3109 3255 3157 ut
3282 3102 3483 3174 putatis
3515 3103 3588 3158 ad

268 3190 417 3246 aliud
460 3200 744 3261 peccatum
798 3188 1005 3244 montis
1052 3187 1209 3243 Seir:
1267 3196 1327 3241 ut
1367 3186 1626 3258 quoniam
1680 3184 1873 3242 oderat

269 3288 590 3358 sanguinem
613 3286 914 3357 justorum,
944 3298 1104 3354 quem
1139 3282 1373 3352 singulis
1396 3280 1872 3351 persecutionibus

267 3380 519 3451 cupiebat
547 3379 851 3445 effundere,
885 3378 954 3433 ab
979 3378 1100 3447 ipso
1131 3377 1401 3448 sanguine
1432 3377 1705 3432 sustineat
1746 3391 1871 3447 per-

265 3474 626 3530 secutionem.
674 3472 832 3528 Unde
884 3480 939 3527 et
973 3471 1074 3525 sub
1101 3469 1266 3524 altari
1309 3479 1621 3525 sanctorum
1673 3470 1870 3525 anima:

264 3566 567 3634 clamitant,
598 3574 653 3621 et
705 3564 972 3619 ultionem
1005 3578 1035 3616 a
1080 3561 1307 3617 Domino
1334 3563 1416 3617 sui
1458 3562 1743 3633 sanguinis
1770 3563 1870 3620 de-

265 3669 563 3732 precantur
594 3658 795 3732 (Apoc.
830 3657 934 3728 vr).
968 3656 1037 3710 Et
1066 3655 1389 3710 auferuntur
1413 3654 1480 3710 de
1509 3667 1695 3711 monte
1722 3656 1865 3725 Seir,

266 3763 459 3809 euntes
491 3761 546 3809 et
598 3751 911 3816 redeuntes,
957 3749 1015 3804 id
1057 3758 1162 3815 est,
1189 3750 1369 3803 omnis
1415 3749 1711 3816 habitator,
1752 3751 1868 3805 sive

264 3847 515 3903 homines
536 3854 594 3902 et
640 3846 887 3917 jumenta
922 3859 1041 3912 qua:
1072 3844 1359 3898 salvantur
1397 3844 1449 3898 in
1500 3843 1773 3911 Ecclesia,
1797 3845 1867 3901 de

264 3942 464 4011 quibus
510 3940 777 4010 scriptum
825 3946 957 3994 est:
998 3938 1259 3993 IIomines
1284 3946 1340 3993 et
1376 3938 1630 4007 jumenta
1686 3939 1865 3993 salvos

260 4036 454 4099 facies,
489 4034 716 4090 Domine
750 4031 923 4104 (Psal.
962 4048 1125 4096 xxxv,
1159 4031 1238 4104 5).
1270 4032 1425 4100 Quod
1453 4034 1505 4086 in
1537 4041 1723 4087 monte
1744 4032 1867 4091 Seir

266 4137 556 4197 utrumque
582 4125 817 4191 deletur,
851 4124 1019 4197 418
1072 4135 1131 4179 ut
1153 4136 1207 4179 et
1239 4123 1295 4178 hi
1328 4125 1418 4195 qui
1458 4125 1713 4179 videntur
1767 4125 1865 4179 ali-

262 4222 394 4295 quid
417 4222 617 4278 habere
658 4220 922 4285 rationis;
958 4230 1010 4273 et
1042 4219 1124 4275 illi
1170 4218 1258 4289 qui
1307 4219 1541 4289 simplici
1577 4218 1681 4274 ﬁde
1730 4234 1866 4274 con-

258 4320 401 4376 tenti
430 4327 577 4381 sunt,
632 4317 744 4371 Deo
788 4314 1048 4386 jubente,
1077 4313 1415 4384 dispereant.
1450 4313 1517 4367 Et
1567 4314 1862 4384 implentur

268 4422 482 4468 montes
514 4410 633 4481 ejus
657 4409 1073 4464 vulneratorum
1104 4416 1160 4462 et
1181 4408 1507 4463 occisorum.
1538 4406 1606 4461 Et
1640 4424 1747 4462 non
1770 4423 1859 4465 so-

257 4509 373 4562 lum
408 4515 644 4571 montes,
698 4502 791 4575 qui
824 4502 891 4556 ad
940 4500 1243 4571 impietatis
1291 4501 1549 4556 verticem
1586 4515 1856 4570 pervene-

254 4610 428 4656 runt:
460 4599 555 4655 sed
600 4598 770 4654 colles
802 4611 1042 4668 quoque,
1093 4594 1196 4649 hoc
1217 4604 1320 4657 est,
1350 4594 1643 4651 inferiores
1689 4595 1857 4651 disci-

253 4696 373 4767 puli
421 4692 623 4750 montis
658 4690 819 4757 Seir,
875 4698 933 4746 et
976 4689 1147 4744 valles
1175 4686 1377 4759 qutein
1425 4690 1531 4745 ima
1573 4690 1853 4761 depressa:

249 4798 403 4857 sunt,
434 4790 551 4845 sive
578 4794 871 4851 torrentes,
906 4783 999 4855 qui
1030 4782 1278 4839 turbidas
1307 4783 1514 4841 habent
1564 4801 1765 4856 aquas,
1798 4795 1854 4841 et

254 4886 385 4940 hinc
411 4884 538 4937 inde
581 4879 868 4944 collectas,
898 4880 1288 4947 venientesque
1333 4877 1402 4933 de
1432 4881 1709 4950 superbia,
1740 4880 1846 4947 vel,

246 4977 401 5048 juxta
446 4971 613 5039 LXX,
671 4969 848 5039 campi
897 4967 1003 5041 [ΑΙ.
1066 4968 1343 5042 campos],
1372 4969 1462 5039 qui
1513 4968 1679 5025 medii
1711 4970 1852 5025 inter

252 5070 422 5125 colles
445 5077 499 5121 et
555 5063 731 5118 valles
786 5072 939 5116 sunt.
991 5061 1055 5115 Ili
1108 5076 1296 5117 omnes
1336 5061 1606 5117 interfecti
1650 5063 1851 5118 cadent

244 5161 427 5235 gladio
459 5156 694 5218 Domini,
718 5163 773 5210 et
800 5162 1033 5209 extentae
1062 5169 1255 5208 manus
1290 5152 1431 5223 ejus,
1458 5165 1620 5223 atque
1653 5170 1844 5224 percu-

245 5253 456 5319 tientis,
506 5259 568 5307 ut
618 5247 937 5318 redigantur
969 5246 1019 5300 iu
1051 5245 1379 5301 solitudines
1430 5248 1837 5316 sempiternas;

246 5348 369 5404 etsi
400 5363 519 5418 quae
546 5351 707 5399 erant
732 5340 1003 5405 civitates,
1036 5338 1139 5394 hoc
1161 5347 1267 5403 est,
1316 5339 1678 5395 conciliabula
1720 5357 1833 5397 ma-

239 5440 310 5496 lae
355 5437 725 5503 habitationis,
750 5443 806 5491 et
837 5435 967 5504 ipsae
992 5434 1311 5503 dispereant
1333 5475 1348 5501 ,
1388 5444 1442 5489 et
1473 5434 1729 5489 desinant
1776 5436 1829 5490 in

238 5535 440 5589 malam
498 5542 704 5600 partem
756 5529 958 5583 habere
1012 5542 1365 5593 consensum,
1419 5540 1473 5583 et
1520 5528 1834 5586 dividantur

235 5628 436 5691 linguae
456 5642 642 5680 eorum
692 5621 916 5691 (Cenes.
947 5628 1058 5691 xl),
1126 5638 1193 5677 ne
1222 5632 1427 5678 turrem
1476 5623 1829 5692 lilaSphemiaz

236 5734 423 5776 contra
473 5717 639 5773 Deum
701 5715 1214 5786 possintexstruere
1243 5733 1257 5783 ;
1289 5725 1345 5773 et
1366 5715 1600 5774 redactae
1620 5718 1670 5773 in
1696 5717 1827 5774 soli-

1883 4469 1938 4529 D

1979 3192 2174 3257 Deum,
2204 3193 2297 3248 sed
2325 3193 2621 3261 clamores,
2655 3195 3095 3263 vociferationes,
3119 3207 3286 3267 atque
3326 3196 3589 3265 blaSphe-

1974 3282 2120 3339 miae.
2152 3282 2306 3340 Unde
2339 3296 2394 3340 et
2437 3287 2703 3342 Dominus
2746 3289 3139 3357 comminatur,
3170 3297 3225 3345 et
3251 3289 3384 3344 dicit
3416 3307 3429 3342 :
3461 3286 3587 3345 Sie-

1972 3377 2050 3430 uti
2072 3376 2290 3446 gavisus
2319 3393 2377 3434 es
2409 3392 2576 3446 super
2607 3379 2929 3436 lnereditate
2964 3381 3157 3435 domus
3189 3379 3378 3448 Israel,
3401 3396 3584 3451 quan-

1971 3467 2042 3523 do
2076 3470 2180 3523 tuis
2218 3472 2693 3539 perseeutionibus
2714 3473 2976 3543 dissipata
3009 3482 3122 3539 est,
3154 3482 3315 3541 atque
3342 3475 3580 3529 lacerata

1970 3573 2023 3617 et
2057 3562 2109 3616 in
2135 3573 2248 3618 toto
2271 3565 2405 3621 orbe
2462 3565 2708 3639 dispersa
2744 3586 2756 3623 :
2787 3568 2868 3622 sic
2907 3567 3101 3622 faciam
3149 3567 3270 3622 tibi.
3334 3567 3584 3624 Lmtante

1971 3654 2117 3709 enim
2149 3658 2403 3713 universa
2429 3667 2574 3714 terra
2597 3660 2922 3728 viventium,
2946 3670 3201 3732 terraque
3230 3670 3574 3727 sanctorum,

1969 3758 2024 3804 et
2053 3752 2308 3805 omnibus
2336 3753 2621 3809 conversis
2649 3753 2717 3809 ad
2740 3755 3062 3810 servitutem
3105 3754 3220 3821 Dei,
3252 3765 3309 3809 tu
3341 3754 3577 3824 dissipa-

1970 3850 2055 3896 tus
2076 3842 2206 3910 eris,
2232 3859 2387 3899 mons
2403 3844 2633 3918 hispide,
2656 3862 2814 3902 mons
2826 3848 3024 3918 pilose,
3042 3857 3099 3903 et
3119 3847 3573 3914 omnisldumma,

1967 3948 2137 4004 opera
2182 3935 2437 3993 videlicet
2468 3948 2708 4008 terrena,
2741 3950 2794 3996 et
2811 3941 2992 3996 cruori
3018 3952 3068 3996 et
3093 3940 3342 4013 sanguini
3366 3940 3574 4006 dedita,

1967 4038 2027 4084 ut
2053 4038 2184 4086 tunc
2208 4046 2509 4103 cognoscas
2558 4035 2701 4105 quod
2730 4036 2847 4106 ipse
2871 4036 2972 4091 sim
3000 4036 3289 4102 Dominus,
3323 4036 3412 4107 qui
3441 4035 3573 4092 alibi

1965 4138 2085 4179 sum
2114 4125 2328 4181 locutus
2356 4147 2366 4182 :
2397 4128 2510 4198 Ego
2533 4145 2651 4185 sum
2686 4131 2948 4185 Dominus
2977 4131 3121 4186 Deus
3141 4139 3348 4187 vester.

2037 4218 2195 4289 (Cap.
2230 4220 2472 4276 XXXVI.
2497 4252 2569 4263 ——
2595 4222 2753 4281 Vers.
2790 4227 2815 4280 1
2851 4223 3030 4299 seqq.)
3077 4244 3096 4277 ε
3143 4226 3222 4281 Tu
3249 4237 3455 4293 autem,
3488 4226 3569 4281 ﬁli

1970 4327 1990 4360 ι
2038 4311 2292 4381 hominis,
2328 4314 2597 4385 propheta
2626 4332 2790 4389 super
2812 4330 3029 4375 montes
3060 4320 3253 4389 Israel,
3285 4331 3341 4377 et
3366 4320 3515 4376 dices
3551 4341 3567 4376 :

1969 4422 1988 4455 ί
2035 4404 2245 4461 Montes
2274 4408 2461 4475 Israel,
2496 4411 2679 4467 audite
2723 4413 2947 4469 verbum
2975 4414 3189 4469 Domini
3219 4432 3231 4467 :
3264 4416 3381 4472 haec
3425 4414 3567 4470 dicit

1969 4512 1989 4547 ‹
2037 4497 2298 4555 Dominus
2326 4501 2489 4568 Deus,
2519 4520 2582 4559 eo
2596 4504 2742 4575 quod
2768 4506 2974 4562 dixerit
3000 4506 3254 4562 inimicus
3282 4507 3351 4562 de
3381 4505 3562 4573 vobis,

1967 4609 1987 4642 ‹
2033 4607 2202 4663 euge,
2246 4594 2565 4652 altitudines
2610 4598 2743 4667 (sive
2794 4598 3156 4670 solitudines)
3212 4600 3563 4670 sempiterna:

1966 4704 1983 4736 ο
2033 4686 2085 4740 in
2140 4689 2547 4756 possessionem
2582 4689 2777 4762 [Vulg.
2810 4691 3208 4765 hereditatem]
3238 4693 3377 4748 datm
3429 4702 3562 4747 sunt

1964 4798 1983 4831 ‹
2034 4782 2215 4849 nobis,
2247 4790 2534 4854 propterea
2558 4785 2881 4854 vaticinare,
2907 4787 3070 4841 etdic
3105 4805 3117 4841 :
3150 4786 3266 4842 hare
3295 4787 3428 4842 dicit
3448 4787 3562 4842 Do-

1963 4893 1982 4925 ‹
2032 4875 2209 4931 minus
2236 4876 2377 4933 Deus
2402 4895 2415 4931 :
2455 4878 2561 4933 Pro
2590 4894 2657 4935 eo
2688 4880 2830 4952 quod
2860 4880 3088 4936 desolati
3118 4881 3252 4936 estis
3272 4921 3287 4943 .
3318 4889 3374 4936 et
3422 4897 3558 4937 eon-

1961 4984 1979 5017 r
2028 4968 2223 5022 culcati
2279 4984 2378 5039 per
2399 4970 2689 5027 circuitum
2735 4973 2869 5045 (sive
2912 4988 3011 5041 pro
3037 4988 3103 5028 eo
3144 4973 3288 5044 quod
3319 4973 3555 5043 dispersi

1961 5076 1979 5109 ι
2027 5062 2159 5116 estis
2185 5062 2254 5115 ab
2296 5061 2383 5117 his
2433 5062 2523 5133 qui
2557 5065 2611 5119 in
2647 5065 2877 5121 circuitu
2906 5074 3094 5121 vestro
3117 5064 3297 5135 sunt),
3349 5075 3400 5120 et
3423 5063 3553 5120 facti

1954 5172 1973 5205 ‹
2023 5155 2076 5209 in
2135 5155 2509 5214 haereditatem
2544 5160 2685 5231 (sive
2740 5160 2793 5215 in
2840 5157 3279 5231 possessionem)
3325 5158 3554 5230 reliquis

1951 5267 1969 5299 ‹
2018 5250 2290 5320 gentibus,
2320 5260 2375 5308 et
2400 5254 2730 5310 ascendistis
2772 5269 2935 5325 super
2981 5253 3184 5309 labium
3219 5252 3437 5323 linguze,
3491 5263 3552 5307 et

1947 5362 1967 5394 ι
2014 5344 2363 5413 opprobrium
2418 5349 2633 5417 populis
2686 5347 2871 5421 [Γαίῃ.
2916 5346 3123 5421 populi]
3179 5347 3320 5419 (sive
3370 5345 3551 5417 genti-

1944 5454 1964 5486 ι
2010 5434 2155 5505 bus).
2206 5436 2523 5507 Propterea,
2577 5451 2791 5496 montes
2843 5442 3045 5508 Israel,
3080 5439 3265 5495 audite
3310 5438 3543 5493 verbum

1942 5549 1962 5584 ι
2010 5531 2224 5587 Domini
2277 5534 2370 5588 Dei
2406 5534 2576 5589 :Ilme
2602 5535 3020 5591 dieitDominus
3071 5537 3216 5589 Deus
3261 5532 3539 5587 montibus

1942 5643 1962 5675 ‹
2010 5635 2064 5680 et
2086 5626 2340 5693 collibus,
2396 5629 2759 5695 torrentibus,
2799 5628 3145 5697 vallibusque
3203 5634 3257 5672 οι
3300 5618 3539 5672 desertis

1941 5735 1960 5763 ο
2013 5720 2301 5789 parietinis
2354 5721 2492 5791 (sive
2535 5721 2849 5793 dissipatis)
2895 5731 2950 5771 et
2973 5713 3196 5770 urbibus
3259 5712 3533 5770 δθτθιίοι
