4038 6328
280 319 381 373 557

889 310 1539 372 COMMENTARIORUM
1578 315 1648 373 IN
1686 310 2133 373 EZECHIELEM
2171 308 2303 367 LIB.
2345 308 2440 365 XI.
2485 308 2639 368 CAP.
2681 307 2926 365 XXXVI.

3464 305 3572 363 558

281 454 299 488 ε
342 450 467 506 quae
498 434 845 506 depOpulatae
888 444 1015 490 sunt
1039 475 1054 499 ,
1095 442 1152 489 et
1190 434 1540 490 subsannatae
1571 434 1698 505 (sive
1740 450 1873 491 con-
1902 436 1956 496 Α
1979 432 2159 488 brium
2182 427 2379 485 essetis
2408 428 2618 484 cunctis
2648 428 2903 497 gentibus
2930 446 2943 481 ε
2976 436 3268 499 propterea
3294 425 3412 481 haec
3439 423 3575 481 dtcit

277 549 296 582 ι
342 530 603 599 ρυιρειιω)
635 546 661 584 a
686 528 794 602 [AL
819 528 894 601 et]
920 528 1144 597 reliquis
1165 528 1417 599 gentibus
1440 544 1540 600 per
1560 529 1869 584 circuitum.

275 644 294 676 ι
340 625 651 694 Propterea
681 626 798 679 haec
823 624 954 677 dicit
986 623 1251 678 Dominus
1287 624 1427 679 Deus
1460 643 1472 677 :
1505 623 1773 690 Quoniam
1814 623 1867 677 in

271 734 291 767 ι
338 716 469 785 igne
497 717 602 770 zeli
628 720 732 770 ntei
762 714 980 770 locutus
1005 730 1123 769 sum
1148 714 1215 768 de
1253 715 1482 785 reliquis
1514 715 1789 786 gentibus,
1816 724 1871 771 et

271 829 291 862 ι
335 810 408 865 de
440 810 683 866 Idumzca
734 810 1013 873 universa,
1073 809 1163 874 qui
1198 806 1382 880 [Vulg.
1417 808 1560 882 quae]
1602 808 1870 864 dederunt

269 921 287 954 ι
335 914 547 957 terram
599 917 776 957 meam
820 900 923 955 sibi
979 901 1033 955 in
1081 899 1457 956 hazreditatem
1503 916 1626 955 cum
1668 900 1866 970 gaudio

267 1014 285 1045 ι
333 993 446 1068 [ΑΙ.
480 992 729 1065 gladio],
757 1004 809 1049 et
836 1001 947 1047 toto
972 992 1163 1057 corde,
1190 1004 1243 1047 et
1273 1008 1337 1047 ex
1368 992 1574 1059 animo,
1602 1002 1657 1047 et
1685 992 1862 1060 ejecc-

267 1110 284 1142 ι
330 1098 464 1144 runt
492 1105 617 1144 eam
648 1099 703 1143 ut
746 1097 1024 1143 vastarent
1056 1086 1200 1156 (sive
1230 1102 1353 1141 cum
1395 1086 1525 1141 odio
1556 1085 1865 1153 despicien-

264 1206 284 1239 ί
333 1197 418 1241 tes
448 1187 691 1251 animas,
743 1192 803 1239 ut
848 1183 1235 1239 subverterent
1279 1196 1373 1236 eas
1422 1181 1479 1235 in
1508 1179 1859 1249 vastatione).

261 1300 281 1334 ι
328 1280 554 1335 Idcirco
576 1280 653 1334 ait
684 1278 868 1353 [ναίει.
904 1288 1034 1332 tacet
1066 1276 1185 1349 ait],
1214 1276 1514 1331 vaticinare
1542 1290 1709 1345 super
1757 1286 1865 1330 ter-

260 1394 279 1427 ι
325 1390 447 1429 ram
472 1373 678 1439 Israel,
708 1381 764 1428 et
791 1371 945 1427 dices
986 1371 1263 1425 montibus
1286 1378 1341 1423 et
1363 1368 1613 1432 collibus,
1638 1366 1782 1439 jugis
1810 1377 1865 1422 et

258 1488 277 1520 ί
322 1465 586 1532 vallibus,
638 1465 755 1520 haec
802 1463 940 1520 dicit
993 1464 1251 1518 Dominus
1290 1462 1476 1518 Deus:
1511 1461 1650 1516 Ecce
1682 1475 1783 1533 ego
1807 1461 1859 1514 in

258 1581 274 1612 ‹
319 1562 448 1615 zelo
480 1576 632 1625 meo,
663 1567 717 1614 et
747 1557 800 1613 in
830 1557 1019 1612 furore
1042 1571 1167 1610 meo
1191 1555 1407 1610 locutus
1430 1570 1575 1620 sum,
1603 1567 1669 1608 eo
1715 1554 1859 1623 quod
1890 1602 1895 1607 .

257 1674 275 1705 ‹
318 1651 715 1709 confusionem
767 1651 893 1725 (sive
935 1647 1253 1721 opprobria)
1284 1648 1531 1719 gentium
1583 1647 1859 1702 sustinue-

256 1767 273 1799 ι
318 1746 462 1802 ritis.
491 1744 709 1800 Idcirco
732 1744 849 1799 hare
893 1743 1027 1799 dicit
1062 1742 1227 1815 E20
1260 1742 1522 1797 Dominus
1550 1741 1696 1796 Deos
1737 1742 1859 1811 (sive

1974 524 2239 579 Dominus
2266 523 2430 589 Deus,
2456 536 2564 576 non
2591 520 2766 575 solum
2800 521 2969 575 monti
3015 521 3137 577 Seir
3155 562 3172 587 ,
3198 518 3293 575 sed
3319 530 3375 575 et
3413 533 3566 574 mon-

1972 621 2118 674 tibus
2164 618 2281 688 ejus
2336 626 2392 671 et
2448 615 2698 683 collibus,
2767 615 3139 683 torrentibus,
3183 614 3524 685 vallibusque
3556 655 3571 679 ,

1970 712 2130 787 421
2161 722 2214 768 et
2240 710 2475 766 desertis
2503 718 2663 780 atque
2692 709 2914 764 vastatis
2940 752 2955 778 ,
3005 718 3062 765 et
3100 698 3324 765 urbibus
3368 709 3571 765 dereli-

1972 810 2072 863 ctis
2099 806 2389 878 :quoniam
2414 805 2537 875 igne
2567 802 2670 859 zeli
2694 804 2803 869 sui,
2832 811 2885 858 et
2914 802 3204 859 adversum
3232 819 3424 858 omnes
3451 803 3575 873 qui-

1969 903 2092 957 dem
2121 910 2334 972 gentes,
2368 900 2463 955 sed
2500 899 2771 968 praecipue
2814 907 3001 953 contra
3032 896 3324 953 Idumzeam
3355 897 3568 953 locutus

1967 996 2058 1060 sit,
2091 1011 2213 1065 quae
2239 1010 2360 1049 cum
2386 993 2619 1059 caeteris,
2652 992 2851 1061 inquit,
2879 992 3128 1062 gentibus
3161 992 3334 1047 tenuit
3365 1001 3566 1047 terram

1968 1105 2144 1146 meam
2166 1092 2217 1144 in
2244 1088 2664 1159 possessionem,
2701 1085 3006 1155 etpossedit
3024 1085 3225 1155 gladio,
3243 1094 3299 1142 et
3319 1095 3430 1141 toto
3450 1100 3570 1141 cor-

1965 1186 2033 1241 de
2064 1184 2322 1256 possedit,
2355 1193 2414 1238 ut
2437 1182 2661 1253 ejiceret
2688 1180 3024 1236 habitatores
3055 1179 3122 1235 de
3146 1194 3231 1245 ea,
3263 1189 3569 1249 terramque

1966 1290 2223 1337 vastaret.
2250 1280 2548 1348 PrOpterea
2572 1277 2815 1345 loquere,
2839 1277 2933 1342 ait,
2964 1275 3249 1347 propheta,
3274 1290 3439 1345 super
3462 1285 3570 1331 ter-
3627 1321 3638 1331 .

1965 1392 2080 1433 ram
2115 1373 2301 1441 Israel,
2336 1384 2391 1429 et
2436 1373 2589 1428 dices
2636 1371 2933 1438 montibus,
2965 1382 3020 1425 et
3064 1368 3315 1435 collibus,
3347 1378 3401 1425 et
3426 1369 3568 1440 jugis

1964 1468 2106 1539 (pro
2163 1467 2358 1537 quibus
2416 1464 2765 1537 Septuaginta
2815 1472 2937 1525 ταῖς
2991 1466 3175 1525 νάπαις
3226 1462 3567 1533 interpretati

1961 1570 2111 1627 sunt,
2160 1576 2278 1629 qua:
2310 1574 2409 1613 nos
2442 1573 2715 1612 nemorosa
2746 1556 3102 1627 intelligimus
3134 1553 3288 1627 loca)
3322 1564 3374 1609 et
3418 1554 3571 1609 valli-

1961 1653 2082 1707 bus.
2120 1652 2246 1709 Haec
2273 1651 2405 1706 dicit
2428 1650 2698 1706 Dominus
2728 1648 2875 1705 Deus
2903 1667 2916 1702 :
2945 1649 2996 1702 in
3030 1649 3171 1713 zelo,
3206 1658 3259 1701 et
3297 1648 3350 1701 in
3386 1646 3570 1703 furore

1963 1760 2106 1812 meo,
2138 1744 2418 1815 opprobrii
2450 1744 2615 1798 vestri
2649 1743 2795 1797 ultor
2844 1742 3096 1809 existam,
3130 1750 3184 1797 et
3232 1742 3421 1797 levabo
3450 1756 3568 1796 ma-

256 1857 274 1891 (
320 1837 545 1892 Adonai
571 1835 860 1908 Dominus)
897 1835 1053 1906 :Ego
1102 1835 1281 1890 levavi
1318 1831 1441 1906 (sive
1483 1830 1700 1901 levabo)
1744 1847 1854 1886 ma-
1886 1824 1934 1884 B
1962 1852 2088 1890 num
2122 1850 2321 1901 meam,
2364 1845 2418 1889 ut
2441 1844 2631 1905 gentes
2671 1849 2790 1904 qua:
2836 1833 2890 1886 in
2936 1832 3166 1889 circuitu
3206 1842 3393 1887 vestro
3422 1843 3569 1897 sunt,

258 1950 275 1982 ι
321 1948 450 1986 num
481 1946 669 1985 meam
698 1947 711 1983 :
736 1939 791 1984 ut
810 1940 1001 1999 gentes
1024 1944 1143 1999 quae
1166 1928 1220 1981 in
1246 1927 1477 1982 circuitu
1503 1934 1689 1981 vestro
1708 1935 1853 1994 sunt,

263 2047 287 2078 ι
326 2027 451 2096 ipsa
485 2022 874 2078 confusionem
910 2022 1033 2094 (sive
1078 2021 1464 2093 ignominiam)
1519 2035 1672 2075 suam
1735 2034 1859 2088 por-

277 2136 300 2170 ι
340 2128 458 2171 tent.
508 2116 626 2174 Vos
668 2125 873 2185 autem,
922 2125 1138 2171 montes
1176 2114 1361 2182 Israel,
1414 2128 1597 2169 ramos
1644 2124 1858 2168 vestros

287 2232 303 2264 ι
341 2212 445 2279 {sive
491 2226 633 2264 uvas
675 2208 917 2281 vestras)
948 2210 1291 2282 gertninetis,
1340 2219 1395 2265 et
1442 2210 1675 2263 fructum
1732 2222 1856 2261 ves-

276 2325 295 2357 ‹
333 2317 467 2359 trum
502 2303 749 2360 aﬂ'eratis
775 2306 975 2374 pepulo
1000 2319 1122 2360 meo
1166 2303 1331 2359 Israel
1365 2322 1375 2357 :
1410 2319 1581 2374 prope
1604 2312 1685 2357 est
1714 2303 1860 2357 enim

264 2418 280 2450 ι
324 2409 380 2452 ut
408 2399 628 2453 veniat.
655 2397 925 2466 Quoniam
957 2413 1087 2453 ecce
1113 2414 1213 2468 ego
1242 2376 1455 2461 ad‘vos,
1490 2406 1545 2451 et
1571 2406 1860 2452 convertar

262 2511 280 2545 ι
320 2491 385 2546 ad
417 2506 528 2545 vos
562 2492 689 2563 (sive
734 2491 1026 2563 respiciam
1058 2489 1202 2563 vos),
1232 2499 1287 2546 et
1308 2489 1616 2555 arabimini,
1644 2500 1695 2544 et
1721 2490 1861 2544 acci-

260 2604 277 2635 r
319 2583 492 2654 pietis
549 2595 877 2651 sementem,
907 2583 1354 2653 etmultiplicabo
1382 2583 1430 2636 in
1471 2582 1629 2637 vobis
1679 2581 1858 2636 homi-

260 2697 277 2730 ι
325 2693 450 2744 nes,
506 2692 837 2748 omnemque
882 2677 1104 2732 domum
1144 2675 1334 2745 Israel,
1381 2685 1435 2731 et
1473 2675 1862 2730 habitabuntur

262 2794 281 2828 ι
324 2773 937 2841 civitates,etruinosa
989 2772 1436 2828 instattrabuntttr
1493 2771 1625 2843 (sive
1674 2772 1863 2826 deser-

262 2888 281 2922 ι
326 2882 381 2926 ta
414 2866 886 2942 aedificabuntur).
920 2869 987 2924 Et
1039 2868 1259 2940 replebo
1311 2886 1406 2922 vos
1451 2865 1764 2921 hominibus
1808 2875 1865 2921 et

262 2982 281 3017 α
321 2964 619 3031 jumentis,
653 2974 709 3019 et
731 2963 1261 3032 multiplicabuntur,
1295 2974 1349 3018 et
1373 2972 1640 3029 crescent,
1680 2970 1733 3017 et
1762 2962 1859 3015 ha-

264 3076 281 3109 c
331 3057 517 3113 bitare
539 3072 641 3111 vos
665 3056 856 3112 faciam
888 3057 1031 3112 sicut
1055 3074 1082 3110 a
1115 3056 1408 3128 principio,
1458 3057 1722 3127 bonisque
1762 3056 1863 3110 do-

265 3170 285 3202 ι
329 3151 477 3206 nabo
506 3150 804 3221 majoribus
834 3167 994 3222 quam
1028 3150 1297 3206 habuisris
1327 3151 1394 3205 ab
1418 3150 1575 3207 initio
1601 3169 1613 3204 :
1639 3160 1693 3206 et
1716 3151 1859 3205 scie-

1962 1927 2313 2000 ignominiam
2344 1934 2401 1983 et
2440 1926 2816 1982 confusionem
2845 1940 2996 1979 suam
3040 1932 3299 1995 portent:
3351 1938 3449 1979 vos
3475 1939 3573 1979 au-

1962 2035 2093 2088 tem,
2140 2039 2173 2079 o
2206 2032 2419 2077 montes
2450 2021 2638 2086 Israel,
2691 2019 2991 2076 secundum
3035 2018 3329 2087 pristinum
3368 2027 3570 2073 statum

1961 2117 2281 2189 germinetis
2306 2114 2568 2186 virgulta,
2602 2127 2891 2184 ramosque
2939 2112 3190 2177 mittatis,
3239 2112 3376 2178 sive,
3418 2109 3570 2181 juxta

1962 2208 2131 2279 LXX,
2166 2210 2397 2279 a/feratis
2421 2224 2572 2273 uvas,
2605 2206 2801 2279 quibus
2831 2206 3066 2277 populus
3109 2220 3262 2261 meus
3293 2212 3573 2259 saturetur

1961 2306 2153 2361 Israel.
2196 2304 2349 2373 Quod
2390 2319 2496 2358 non
2526 2302 2728 2372 putetis
2759 2310 2880 2371 post
2910 2303 3128 2371 longum
3174 2307 3387 2369 tempus
3428 2297 3573 2353 futu-

1964 2415 2104 2465 rum,
2140 2413 2311 2469 prope
2337 2405 2441 2463 est,
2487 2397 2674 2460 instat,
2704 2405 2753 2450 et
2790 2395 2971 2449 veniet
3004 2402 3232 2463 tempus.
3265 2392 3342 2448 Ac
3368 2406 3440 2447 ne
3471 2406 3569 2444 vo-

1965 2493 2050 2547 bis
2077 2490 2327 2546 videatur
2358 2489 2463 2545 hoc
2488 2504 2613 2545 esse
2642 2487 2892 2554 difficile,
2938 2487 3056 2557 ipse
3102 2500 3203 2558 ego
3251 2485 3465 2540 veniam
3500 2485 3569 2539 ad

1965 2600 2082 2649 vos,
2114 2592 2170 2641 et
2196 2584 2285 2653 qui
2312 2599 2341 2637 a
2374 2580 2530 2637 vobis
2552 2595 2915 2647 recesseram,
2948 2589 3237 2634 convertar
3261 2576 3328 2632 ad
3355 2591 3473 2643 vos,
3510 2588 3568 2630 ut

1963 2678 2247 2747 pristinam
2307 2675 2576 2730 culturam
2635 2673 2936 2743 recipiatis,
2990 2681 3048 2727 et
3094 2681 3337 2727 semente
3388 2670 3568 2725 omnia

1964 2770 2359 2839 compleantur,
2388 2768 2460 2823 ita
2493 2777 2552 2822 ut
2594 2766 2748 2822 multi
2790 2766 2843 2821 in
2881 2766 3032 2823 vobis
3062 2764 3172 2820 sint
3214 2765 3484 2829 homines,
3518 2772 3575 2820 ct

1967 2865 2279 2921 habitentur
2328 2864 2596 2928 civitates,
2646 2878 2768 2933 quae
2813 2862 2965 2932 prius
2994 2860 3287 2916 destructa!
3331 2858 3565 2914 fuerant.

1965 2958 2033 3013 Et
2064 2974 2168 3011 non
2201 2956 2377 3011 solum
2410 2955 2661 3011 homines
2691 2953 3070 3025 multiplicabo
3097 2970 3111 3007 :
3145 2951 3242 3007 sed
3270 2962 3324 3008 et
3349 2952 3569 3021 jumen-

1965 3062 2018 3106 ta
2040 3068 2191 3124 mque
2206 3052 2713 3121 multiplicabuntur
2728 3058 3063 3114 etcrescent,
3084 3057 3139 3103 et
3160 3048 3408 3103 habitare
3436 3047 3567 3121 [ΑΙ.

1965 3144 2198 3200 habitari
2222 3144 2242 3217 ]
2266 3160 2364 3201 vos
2387 3145 2577 3199 faciam
2605 3144 2747 3199 sicut
2769 3159 2796 3197 a
2826 3142 3113 3214 principio,
3138 3143 3354 3213 quando
3381 3143 3566 3214 Moyse

268 3267 284 3298 ε
329 3248 400 3301 tis
429 3247 559 3318 quia
597 3262 696 3319 ego
727 3262 845 3302 sum
870 3247 1165 3315 “Dominus.
1205 3247 1272 3300 Et
1305 3246 1567 3301 adducam
1607 3246 1731 3320 (sive
1760 3262 1856 3317 ge-
1885 3225 1929 3286 C
1962 3238 2126 3304 duce,
2161 3251 2313 3293 trans
2343 3238 2637 3294 Iordanem
2668 3238 2789 3293 dua:
2835 3247 2891 3293 et
2917 3236 3085 3292 semis
3131 3236 3307 3291 tribus
3337 3250 3566 3306 accepe-

268 3361 286 3394 ι
333 3342 567 3414 nerabo)
632 3358 798 3412 super
848 3358 945 3398 vos
1002 3342 1285 3409 homines,
1342 3344 1597 3413 populum
1674 3359 1857 3397 meum

267 3457 286 3489 ι
331 3437 526 3501 Israel,
552 3445 609 3493 et
642 3438 966 3493 bzereditate
989 3437 1350 3508 possidebunt
1379 3449 1429 3491 te
1459 3436 1605 3511 (sive
1630 3436 1773 3508 vos),
1805 3448 1860 3493 et

268 3550 287 3583 ‹
330 3531 447 3585 eris
472 3529 596 3601 (sive
619 3528 795 3600 eritis)
829 3530 881 3585 in
914 3530 1321 3602 possessionem
1352 3527 1535 3601 (Vulg.
1572 3528 1855 3584 haeredita-

270 3642 286 3673 ι
334 3622 493 3696 tem],
522 3634 576 3679 et
599 3639 703 3678 non
727 3623 893 3678 addes
919 3623 1083 3691 ultra,
1108 3634 1169 3678 ut
1190 3624 1395 3691 absque
1422 3624 1501 3677 eis
1523 3624 1598 3676 sis
1637 3622 1761 3693 (sive
1804 3633 1857 3677 et

271 3736 287 3768 ι
331 3734 440 3772 non
486 3717 696 3773 addetis
745 3718 909 3783 ultra,
954 3728 1010 3772 ut
1042 3718 1453 3788 absqueliberis
1491 3733 1589 3771 vos
1612 3717 1853 3786 faciant).

269 3830 286 3862 ‹
331 3811 459 3865 Rrec
487 3811 619 3866 dicit
647 3810 909 3866 Dominus
942 3811 1082 3866 Deus
1111 3830 1121 3865 :
1162 3810 1265 3864 Pro
1291 3826 1356 3865 eo
1378 3810 1520 3880 quod
1557 3820 1583 3848 ιι
1603 3810 1859 3865 dixerunt

270 3922 287 3955 ‹
331 3903 398 3958 de
442 3904 602 3958 vobis
661 3902 783 3976 (sive
836 3904 977 3970 tibi),
1006 3902 1315 3959 devoratrix
1370 3904 1651 3957 hominum
1694 3918 1771 3967 es,
1802 3912 1859 3957 et

271 4012 287 4045 ι
330 3995 603 4050 suﬂ‘ocans
648 4004 864 4065 gentem
906 4005 1089 4051 tuam:
1135 4006 1426 4067 pmpterea
1468 3995 1719 4049 homines
1749 4010 1854 4049 nou

273 4108 290 4140 ι
332 4089 587 4144 comedes
619 4090 886 4156 amplius,
948 4100 1003 4144 et
1045 4099 1259 4160 gentem
1310 4099 1456 4143 tuam
1486 4103 1591 4143 non
1638 4087 1857 4143 uecabis

270 4199 287 4231 ς
334 4182 497 4244 ultra,
536 4192 610 4235 att
645 4181 905 4234 Dominus
930 4180 1117 4235 Deus:
1153 4196 1253 4235 nec
1292 4180 1533 4234 auditam
1560 4180 1753 4234 faciam
1802 4180 1853 4233 in

272 4291 289 4325 ι
335 4286 383 4326 te
412 4273 539 4346 (sive
568 4273 619 4326 in
648 4273 822 4344 vobis)
866 4274 1099 4343 amplius
1128 4273 1510 4329 confusionem
1547 4272 1564 4344 (
1591 4273 1669 4326 vel
1705 4274 1858 4344 igno-

272 4385 288 4414 ‹
335 4365 583 4435 miniam)
631 4368 907 4436 gentium,
950 4376 1004 4422 et
1047 4367 1341 4438 cpprobria
1380 4367 1702 4436 pOpulorum
1761 4382 1858 4421 ne-

270 4478 289 4510 ι
331 4477 598 4532 quaquam
647 4462 891 4529 portabis
930 4461 1081 4532 (sive
1131 4461 1412 4530 portabilis
1439 4460 1489 4531 ),
1542 4472 1595 4515 et
1638 4470 1853 4531 gentem

270 4575 288 4606 ι
332 4566 474 4609 tuam
508 4572 616 4609 non
650 4556 868 4610 amittes
915 4556 1151 4625 amplius
1194 4557 1318 4627 (sive
1353 4571 1486 4626 gens
1531 4566 1616 4609 tua
1646 4556 1855 4625 absque

1966 3340 2094 3386 runt
2122 3330 2548 3401 possessionem,
2592 3340 2744 3386 trans
2772 3330 3064 3386 Iordanem
3092 3330 3112 3402 (
3139 3329 3306 3384 Num.
3338 3346 3481 3385 χχιιι
3509 3329 3561 3402 ),

1964 3434 2019 3481 et
2044 3424 2145 3479 sub
2169 3424 2297 3480 Jesu
2331 3425 2440 3480 filio
2470 3425 2638 3492 Nave,
2681 3426 2801 3479 aliae
2836 3440 3032 3480 novem
3079 3434 3132 3481 et
3181 3426 3345 3481 semis
3396 3425 3569 3480 tribus

1964 3527 2160 3572 terram
2175 3516 2415 3572 Judzeam
2437 3518 2797 3587 possederunt
2830 3517 2974 3588 (los.
2998 3534 3036 3582 ι,
3060 3528 3108 3572 et
3126 3516 3278 3589 xm):
3304 3518 3569 3588 bonisque

1964 3628 2059 3667 vos
2081 3613 2295 3667 donabo
2320 3612 2489 3666 multo
2508 3612 2826 3681 majoribus,
2847 3628 3007 3681 quam
3033 3612 3300 3668 habuistis
3321 3613 3388 3668 ab
3410 3612 3566 3667 initio

1964 3707 2274 3777 priusquam
2333 3707 2683 3777 captivitatcs
2729 3706 2913 3761 varias
2962 3707 3263 3762 sentiretis.
3320 3704 3391 3762 Et
3441 3720 3567 3761 cum

1963 3803 2065 3856 hoc
2091 3802 2244 3857 vobis
2268 3802 2467 3867 fecero,
2500 3813 2630 3856 tunc
2654 3800 3005 3873 cognoscetis
3031 3801 3174 3872 quod
3205 3816 3307 3872 ego
3330 3802 3432 3856 sim
3461 3801 3569 3857 Do-

1960 3900 2163 3952 minus.
2198 3896 2265 3951 Et
2312 3896 2647 3964 impleberis,
2684 3895 2878 3966 inquit,
2907 3910 2942 3949 o
2970 3904 3114 3950 terra
3142 3894 3334 3961 Israel,
3366 3895 3570 3964 populo

1962 4005 2105 4053 meo,
2134 3990 2225 4060 qui
2255 3999 2306 4044 te
2336 3989 2656 4044 haereditate
2688 3999 2938 4044 tenturus
2966 4000 3072 4055 est,
3104 3999 3159 4044 et
3179 3990 3291 4045 eris
3333 3990 3416 4044 eis
3448 4004 3576 4058 pos-

1961 4085 2160 4151 sessio,
2190 4094 2245 4139 et
2276 4099 2381 4139 non
2414 4084 2584 4140 addes
2610 4085 2773 4151 ultra,
2818 4095 2876 4139 ut
2901 4084 3107 4153 absque
3138 4084 3260 4139 filiis
3304 4085 3397 4140 sis.
3433 4086 3568 4141 Cum

1960 4187 2140 4231 autem
2173 4178 2569 4248 multiplicatus
2599 4177 2767 4233 fuerit
2797 4188 2984 4233 vester
3021 4178 3315 4246 habitator,
3347 4195 3379 4235 ο
3413 4195 3574 4235 mon-

1962 4282 2044 4327 tes
2083 4272 2268 4337 Israel,
2330 4284 2457 4327 tunc
2506 4288 2849 4342 nequaquam
2900 4272 3085 4327 dicent
3132 4274 3336 4329 inimici
3380 4276 3570 4343 vestri,

1958 4378 2150 4419 contra
2180 4379 2301 4431 vos,
2334 4364 2477 4435 quod
2510 4366 2759 4421 homines
2786 4365 3087 4431 devoretis,
3115 4377 3170 4421 et
3198 4367 3405 4436 absque
3436 4368 3573 4424 libe-

1960 4458 2036 4533 ris
2064 4459 2135 4511 sit
2164 4470 2346 4513 veStra
2379 4459 2688 4529 possessio;
2714 4461 2809 4515 sed
2837 4475 2868 4514 e
2890 4460 3170 4516 contrario
3193 4463 3569 4533 multiplicetis

1958 4528 2122 4623 E22
2150 4551 2399 4606 homines
2428 4570 2437 4605 :
2469 4562 2523 4606 et
2548 4552 2908 4622 largissimam
2938 4552 3151 4621 prolem
3180 4566 3362 4609 ve5tra
3386 4566 3571 4626 poste-

268 4666 287 4698 ‹
328 4648 516 4704 liberis
545 4649 685 4703 ultra
738 4666 843 4703 non
872 4648 1023 4719 erit),
1051 4649 1182 4703 dicit
1204 4647 1466 4703 Dominus
1491 4648 1651 4702 Deus.
1696 4668 1714 4700 ι
1752 4649 1855 4705 Su—
1881 4628 1935 4687 Ῑ)
1959 4647 2092 4700 ritas
2118 4645 2406 4713 germinet.
2433 4644 2542 4699 Nec
2569 4645 2778 4712 audies,
2803 4645 3000 4715 inquit,
3024 4647 3281 4716 amplius,
3311 4664 3412 4703 nec
3441 4666 3567 4705 sus-

262 4756 355 4809 pra
390 4741 609 4809 ponitur
647 4742 928 4811 propheta:
963 4740 1165 4807 facies,
1224 4741 1341 4794 sive
1379 4740 1720 4794 convertitur
1759 4740 1855 4794 ad-

258 4849 472 4887 versum
500 4842 737 4887 montem
767 4832 888 4886 Seir
914 4851 927 4887 :
961 4833 1047 4886 hic
1072 4832 1215 4885 filius
1239 4830 1477 4887 hominis
1501 4831 1739 4901 loquitur
1783 4833 1853 4886 ad

254 4938 498 4991 montes,
526 4926 641 4980 sive
666 4940 831 4993 super
862 4936 1076 4979 montes
1121 4924 1311 4987 Israel,
1339 4925 1431 4994 qui
1469 4924 1726 4993 jubentur
1757 4923 1854 4979 Dei

251 5020 446 5075 audire
475 5034 812 5074 sermonem.
846 5020 915 5074 Et
964 5029 1024 5073 ut
1057 5034 1349 5086 parumper
1376 5017 1622 5072 differam
1668 5026 1856 5086 tropo-

253 5113 480 5181 logiam,
517 5113 680 5166 totius
705 5113 771 5165 ad
803 5120 1017 5167 montes
1046 5111 1210 5165 Israel
1261 5111 1560 5181 prophetiae
1608 5111 1853 5165 breviter

251 5203 342 5259 hic
371 5219 573 5260 sensus
607 5213 691 5259 est
719 5222 729 5257 :
763 5204 898 5271 Quia
941 5203 1217 5257 iusultavit
1244 5201 1417 5262 {vobis
1448 5203 1717 5269 inimicus,
1748 5201 1854 5257 hoc

249 5309 355 5365 est,
392 5315 552 5353 mons
582 5299 725 5363 Seir,
775 5310 829 5351 et
859 5299 1066 5367 putavit
1094 5295 1238 5366 quod
1284 5298 1335 5349 in
1370 5306 1689 5365 perpetuum
1736 5297 1853 5364 ipse

249 5408 347 5447 vos
374 5393 706 5463 possideret,
733 5401 789 5447 et
814 5391 1130 5447 altitudines
1159 5391 1435 5462 quondam
1471 5392 1682 5446 Domini
1712 5406 1855 5446 nunc

248 5486 501 5541 desertas
527 5486 765 5541 cessisse
796 5486 897 5539 sibi
937 5488 987 5538 in
1020 5484 1423 5547 haereditatem,
1456 5494 1509 5538 et
1537 5501 1642 5539 non
1675 5485 1852 5540 Solum

250 5577 417 5641 dixit,
442 5578 539 5632 sed
563 5587 620 5632 et
638 5578 915 5647 aliquanto
938 5588 1187 5648 tempore
1225 5594 1324 5632 vos
1367 5578 1608 5650 possedit
1639 5599 1649 5633 :
1678 5580 1856 5634 iman-

251 5680 368 5723 tum
398 5677 455 5721 ut
479 5668 711 5741 superbe
763 5671 1081 5739 loqueretur
1108 5681 1299 5725 eontra
1331 5685 1448 5736 vos,
1484 5672 1627 5741 quod
1656 5686 1855 5741 oppro-

1958 4736 2158 4792 tinebis
2186 4735 2560 4791 confusionem
2592 4739 2870 4807 gentium,
2916 4739 3010 4794 sed
3046 4755 3145 4795 nec
3190 4741 3408 4798 amittes
3437 4760 3570 4813 gen-

1958 4845 2069 4890 tem
2102 4843 2271 4899 tuam,
2303 4841 2359 4886 ut
2384 4833 2679 4903 aliquando
2712 4834 2984 4889 sustineas
3015 4834 3406 4905 captivitatem,
3440 4839 3564 4909 quia

1958 4926 2222 4981 Dominus
2248 4926 2468 4981 locutus
2512 4937 2616 4981 est.
2652 4927 2779 4981 Hinc
2810 4937 3243 5005 παραφραστικῶς
3274 4945 3425 4985 more
3471 4931 3566 4986 Ju-

1956 5018 2115 5074 daico
2144 5018 2464 5088 dixerimus,
2497 5021 2727 5090 quaevilli
2759 5032 3080 5090 exspectant
3112 5023 3164 5076 in
3198 5023 3348 5079 mille
3390 5039 3565 5080 anno-

1956 5127 2076 5166 rum
2124 5128 2331 5182 regno,
2379 5112 2596 5182 quando
2639 5114 2915 5169 civitatem
2961 5114 3263 5172 Jerusalem
3310 5131 3565 5174 asserunt

1955 5207 2369 5276 exstruendam,
2416 5219 2471 5263 et
2504 5210 2787 5279 templum,
2819 5209 2964 5280 quod
2994 5210 3046 5265 in
3080 5209 3185 5265 fine
3221 5210 3383 5279 hujus
3411 5212 3566 5267 volu-

1957 5302 2119 5356 minis
2166 5301 2531 5369 describitur,
2595 5313 2649 5359 et
2696 5319 2882 5359 rerum
2932 5306 3176 5360 omnium
3226 5304 3565 5375 felicitatem,

1963 5412 2191 5465 quorum
2242 5397 2485 5453 nonnulli
2541 5398 2873 5454 arbitrantur
2932 5400 3033 5455 sub
3085 5399 3392 5455 Zorobabel
3444 5402 3562 5458 haec

1963 5489 2131 5543 fuisse
2155 5490 2442 5559 completa.
2464 5489 2571 5546 Sed
2594 5493 2867 5560 quomodo
2892 5501 3037 5548 stare
3068 5493 3263 5562 poterit
3286 5493 3389 5549 hoc
3416 5494 3560 5565 quod

1963 5579 2158 5635 dicitur
2185 5601 2197 5634 :
2241 5581 2307 5637 Et
2337 5582 2581 5639 habitare
2610 5582 2740 5655 [Αι.
2773 5584 3047 5657 habitari]
3075 5601 3172 5639 vos
3200 5586 3390 5641 faciam
3424 5589 3566 5643 sicut

1963 5690 1992 5729 a
2041 5676 2326 5745 principio,
2377 5676 2642 5747 bonisque
2671 5679 2883 5732 donabo
2916 5679 3235 5747 majoribus,
3278 5697 3437 5753 quam
3469 5682 3562 5736 ba-

327 5794 353 5821 ο
398 5785 456 5839 ln
486 5786 707 5861 instanti
740 5786 921 5840 dicunt
949 5804 1071 5843 eum
1092 5787 1318 5856 Vulgata
1354 5786 1687 5856 llebrreoque
1715 5796 1873 5844 texui
1904 5789 2195 5861 legendum
2241 5789 2443 5846 Victor.
2487 5792 2798 5861 constituit;
2848 5807 2972 5849 nam
3012 5794 3253 5851 dixerunt
3300 5811 3365 5852 ex
3415 5794 3556 5852 LXX

251 5855 407 5914 εἶπαν
439 5872 559 5911 esse
583 5859 897 5913 arbitratur.
