4038 6328
446 237 554 293 5'9

1702 232 1762 289 S.
1803 233 2080 306 Ευδιῑβιι
2118 231 2506 307 ΗΙΕΒΟΝΥΜΙ

3649 236 3754 294 540

443 355 641 412 buistis
665 353 735 412 ab
763 351 961 413 initio?
985 349 1099 408 Sub
1127 348 1432 408 Zorohabel
1469 349 1639 416 enim,
1671 347 1830 414 Ezra,
1864 357 1917 406 et
1941 349 2046 406 Ne-
2078 353 2133 430 Α
2157 349 2439 421 ejecerunt
2467 364 2586 404 eam
2622 348 2688 404 de
2716 349 2936 405 sedibus
2986 351 3120 419 suis,
3151 361 3206 405 et
3253 359 3615 407 vastaverunt.
3648 351 3754 407 Sed

445 450 622 508 hemia
655 449 810 520 pauci
829 447 900 514 de
929 446 1130 517 populo
1160 453 1287 504 sunt
1316 443 1549 512 reducti,
1579 454 1634 501 et
1663 442 1768 515 ipsi
1795 442 2054 506 obedien.

447 556 530 602 tes
558 543 730 600 Medis
765 556 832 602 ac
879 540 1080 608 Persis,
1143 549 1198 602 et
1249 539 1508 611 deinceps
1559 537 1944 596 Macedonibus
1995 547 2052 594 et

443 635 710 707 .Egyptiis
735 642 904 705 atque
929 631 1216 700 Romanis,
1246 647 1415 703 usque
1441 631 1507 688 ad
1535 630 1712 688 Titum
1764 640 1818 686 et
1847 629 2052 701 Vespa~

441 729 654 784 sianum
683 727 1038 784 diversarum
1063 727 1307 798 gentium
1353 725 1574 798 regibus
1619 725 1952 790 servierunt,
1997 733 2054 780 et

437 837 610 893 usque
637 821 800 878 hodie
843 821 1128 880 serviunt:
1173 829 1231 874 ut
1273 828 1422 876 stare
1468 817 1693 876 omnino
1725 833 1833 876 non
1878 819 2053 890 possit

442 915 545 972 hoc
569 915 715 987 quod
755 915 809 972 in
839 923 1080 974 extrema
1127 912 1326 974 dicitur
1368 911 1690 984 prephetia:
1731 912 1805 972 ‘Et
1852 927 2050 988 appro»

441 1010 620 1064 brium
666 1007 991 1079 populorum
1043 1021 1380 1078 nequaquam
1433 1006 1694 1078 portabis,
1727 1017 1782 1062 et
1826 1016 2047 1080 gentem

439 1112 587 1158 tuam
619 1117 725 1158 nou
751 1105 971 1158 amittes
999 1099 1254 1172 amplius.
1291 1101 1358 1166 Et
1380 1101 1509 1172 quia.
1551 1099 1768 1172 longum
1797 1109 1880 1158 est
1911 1117 2050 1158 nunc

439 1195 727 1251 adversum
772 1193 967 1265 dogma
1009 1192 1314 1262 Iudaicum,
1346 1200 1401 1249 et
1430 1192 1820 1254 beatitudinem
1850 1195 2046 1264 ventri,

441 1299 497 1346 et
525 1289 730 1361 gutturi
782 1287 1007 1348 Judaico
1052 1285 1406 1356 servientem,
1457 1285 1549 1355 qui
1599 1286 1780 1344 omnia
1832 1295 2046 1344 terrena

439 1381 774 1452 desiderant,
804 1389 860 1435 et
889 1378 1073 1438 dicunt
1101 1397 1112 1432 :
1145 1377 1531 1442 Manducemus
1561 1386 1618 1433 et
1661 1378 1930 1446 bibamus,
1981 1377 2050 1435 de

438 1477 637 1547 quibus
664 1484 719 1531 et
755 1474 1051 1548 Apostolus
1076 1472 1355 1544 loquitur:
1389 1473 1529 1530 Esca
1571 1474 1746 1528 ventri
1774 1485 1828 1528 et
1858 1481 2050 1529 venter

436 1569 580 1624 escis
609 1587 622 1622 :
655 1568 798 1624 Deus
834 1577 1014 1626 autem
1039 1574 1096 1622 et
1128 1567 1270 1621 hunc
1297 1575 1353 1620 et
1385 1565 1529 1620 illam
1564 1565 1812 1628 destruet
1837 1565 1855 1639 (
1874 1567 1896 1624 I
1923 1567 2044 1620 Cor.

441 1678 514 1728 γι,
547 1663 614 1720 15
636 1663 676 1731 ),
711 1661 764 1716 iu
790 1661 941 1718 brevi
974 1659 1359 1730 explanatione
1389 1659 1572 1716 dicere
1599 1677 1614 1712 :
1647 1675 1793 1716 nunc
1821 1659 1888 1718 ad
1930 1660 2046 1731 spi-

2153 443 2282 514 quid
2314 443 2514 515 profuit
2535 443 2868 510 nationibus,
2901 442 3026 514 quid
3050 443 3192 514 juvit
3221 445 3598 504 haereticorum
3623 460 3757 516 geu-

2154 544 2237 592 tes
2265 536 2558 600 insultasse
2590 545 2748 592 terrae
2778 536 2989 592 Domini
3017 556 3030 592 :
3063 553 3184 592 cum
3211 538 3473 594 Dominus
3502 539 3758 609 loquatur
3827 586 3830 588 γ

2153 627 2221 684 ad
2253 643 2395 698 eam,
2430 637 2481 683 et
2507 628 2784 684 montibus
2812 628 2959 684 illius
2983 629 3322 702 collibusque
3364 645 3427 684 ac
3450 628 3618 702 jugis,
3641 630 3758 686 sive

2153 721 2460 778 nemorosis
2489 721 2649 791 locis,
2684 737 2808 794 qua:
2853 723 3174 778 amoenitate
3203 721 3452 778 virebaut
3479 722 3713 794 paradisi
3740 741 3754 777 :

2153 823 2210 871 et
2239 814 2485 882 collibus,
2534 814 2602 870 de
2631 814 2829 886 quibus
2861 829 3028 894 supra
3070 815 3327 883 diximus,
3361 815 3414 870 in
3442 815 3561 871 zelo
3605 823 3659 870 et
3698 815 3755 872 in

2153 907 2336 964 furore
2384 923 2483 963 suo
2532 907 2748 966 locutus
2790 909 2857 964 sit
2889 927 2902 963 :
2933 919 2989 964 et
3038 924 3138 988 pro
3185 909 3483 984 opprobrio
3512 911 3756 984 gentium

2151 1003 2300 1066 levet
2347 1019 2565 1058 manum
2606 1019 2758 1060 suam
2805 1015 2994 1060 contra
3040 1005 3409 1074 adversarios,
3439 1005 3531 1078 qui
3565 1005 3759 1062 Eccle-

2151 1099 2286 1154 siam
2314 1099 2580 1170 persecuti
2609 1108 2760 1167 sunt,
2791 1109 2850 1155 ut
2876 1109 3094 1174 portent
3119 1100 3499 1159 confusionem
3522 1110 3578 1158 et
3600 1102 3756 1174 igno-

2151 1191 2375 1248 miniam
2425 1193 2622 1247 suam?
2668 1191 2821 1248 Tunc
2865 1193 3304 1264 persecutoribus
3331 1193 3655 1262 interfectis,
3698 1202 3756 1252 et

2152 1301 2285 1357 pace
2307 1285 2569 1346 Ecclesia:
2593 1286 2828 1356 reddita,
2852 1297 3068 1344 montes
3095 1287 3284 1356 Israel,
3319 1290 3568 1360 Apostoli
3607 1289 3758 1346 vide—

2151 1377 2279 1434 licet
2306 1386 2361 1434 et
2409 1377 2712 1450 Apostolici
2741 1379 2869 1446 viri,
2899 1381 3282 1452 germinabunt
3325 1383 3554 1450 arbores
3602 1397 3752 1450 suas,

2151 1482 2205 1528 et
2235 1471 2536 1528 extendent
2564 1488 2770 1546 ramos,
2819 1489 3058 1548 uvasque
3102 1475 3332 1534 alfcrent
3369 1477 3656 1532 calcandas
3699 1477 3756 1533 in

2151 1564 2322 1634 prmio
2350 1563 2589 1633 Domini,
2620 1564 2688 1620 de
2709 1566 2908 1644 quibus
2933 1574 3110 1622 musta
3138 1567 3462 1638 funduntur,
3496 1584 3617 1641 qua:
3646 1569 3759 1625 ine-

2152 1656 2334 1712 bricnt
2371 1658 2712 1720 credentium
2743 1658 2910 1742 424
2937 1662 3190 1736 populos,
3241 1671 3296 1718 et
3340 1662 3658 1734 exprimitur
3683 1663 3761 1718 vi-

437 1755 689 1810 ritualcm
723 1753 1131 1824 intelligentiam
1181 1764 1544 1820 transeamus,
1592 1753 1752 1824 juxta
1781 1770 1940 1826 quam
1993 1764 2047 1816 et
2075 1762 2126 1824 B
2153 1769 2280 1808 num
2305 1753 2446 1824 quod
2475 1751 2830 1814 laetificatcor
2858 1755 3095 1810 hominis
3123 1754 3295 1828 (Psal.
3329 1771 3418 1812 CIII
3445 1755 3502 1829 ):
3537 1765 3594 1810 ut
3634 1771 3755 1811 om-

438 1845 590 1902 Isaize
645 1854 916 1902 extremas
962 1854 1144 1918 partes
1195 1847 1536 1918 interpretati
1592 1861 1800 1904 sumus.
1854 1847 2042 1918 Neque

439 1942 582 1996 enini
606 1941 766 2012 juxta
791 1940 1047 1998 Judaicas
1078 1940 1306 2008 fabulas,
1329 1957 1466 2013 quas
1489 1941 1566 1997 illi
1588 1941 1922 2020 δευτερὼσεις
1948 1958 2042 2014 ap-

431 2033 654 2103 pellant,
685 2044 1032 2105 gemmatam,
1061 2043 1118 2091 et
1145 2049 1366 2092 auream
1404 2035 1472 2090 de
1503 2037 1642 2098 coelo,
1667 2045 2043 2108 exspectamus

437 2127 738 2184 Jerusalem
767 2145 780 2181 :
811 2143 912 2182 nec
939 2142 1152 2190 rursum
1185 2128 1398 2200 passuri
1443 2129 1874 2190 circumcisiOnis
1904 2129 2045 2201 inju-

441 2222 599 2287 riam,
645 2235 743 2278 nec
791 2221 1025 2284 oblaturi
1080 2231 1357 2276 taurorum
1405 2230 1460 2276 et
1505 2223 1737 2278 arietum
1769 2222 2040 2295 victimas,

442 2332 543 2372 nec
571 2317 778 2374 sabbati
825 2318 939 2374 otio
967 2317 1328 2376 dormiemus.
1362 2318 1517 2388 Quod
1543 2330 1598 2374 et
1644 2321 1799 2376 multi
1830 2331 2046 2382 nostro-

441 2426 583 2474 rum,
613 2419 669 2468 et
691 2413 964 2481 praecipue
983 2411 1304 2470 Tertulliani
1333 2411 1492 2478 liber,
1517 2411 2045 2485 quiinscribitur,de

375 2535 380 2540 -
441 2504 549 2574 Spe
569 2505 821 2574 ﬁdelium,
849 2505 1186 2562 etltactautii
1215 2505 1622 2566 Institutionum
1646 2508 1897 2566 volumen
1919 2524 2044 2582 sep-

440 2599 629 2654 timum
658 2598 962 2668 pollicetur,
988 2608 1046 2658 et
1067 2599 1327 2662 Victorini
1355 2610 1378 2637 α
1398 2602 1810 2658 Petabionensis
1833 2604 2043 2676 episco-

441 2691 492 2762 pi
539 2693 746 2750 crebraa
776 2692 1168 2762 expositiones.
1203 2704 1257 2749 et
1286 2710 1458 2764 nuper
1488 2695 1725 2753 Severus
1755 2707 1946 2752 noster
1987 2697 2044 2754 in

439 2783 655 2854 dialogo
675 2784 762 2840 cui
788 2784 942 2842 Gallo
970 2800 1171 2842 nomen
1205 2786 1480 2857 imposuit.
1517 2789 1580 2846 Et
1611 2797 1668 2844 ut
1697 2788 1915 2844 Graecos
1948 2805 2043 2846 no-

443 2879 667 2946 minem,
714 2887 769 2934 et
797 2880 1029 2948 primum
1076 2889 1488 2953 extremumque
1527 2883 1878 2955 coniungam.
1932 2885 2046 2942 Ire-

444 2986 596 3028 nteus
623 2982 678 3028 et
709 2973 1100 3042 Apollinarius.
1125 2972 1290 3046 423
1315 2973 1421 3030 Nos
1445 2989 1577 3048 ergo
1606 2985 1822 3034 montes
1851 2976 2039 3048 Israel,

443 3066 736 3136 prophetas
775 3077 832 3130 et
863 3068 1147 3138 apostolos
1191 3083 1317 3122 esse
1368 3067 1633 3135 dicemus,
1683 3070 1771 3141 qui
1817 3068 2044 3136 audiunt

2149 1845 2233 1899 nis
2265 1845 2468 1900 fructus
2513 1846 2800 1914 montium,
2851 1846 2919 1902 de
2965 1847 3160 1916 quibus
3190 1847 3476 1902 conficitur
3507 1848 3660 1918 panis
3685 1847 3756 1904 de

2149 1936 2293 1994 caelo
2317 1936 2677 2002 descendens,
2709 1937 3029 1995 comedatur
3057 1954 3086 1994 a
3120 1940 3318 2010 populo
3351 1940 3440 1994 Dei
3479 1939 3659 1994 Israel.
3691 1941 3758 1998 Et

2145 2049 2215 2088 ne
2247 2033 2470 2088 forsitan
2504 2032 2853 2110 desperemus
2880 2033 2931 2087 in
2961 2033 3452 2106 persecutionibus.
3489 2031 3704 2091 additur
3734 2049 3750 2087 :

2147 2127 2322 2200 Prope
2346 2135 2431 2182 est
2453 2138 2663 2196 tempus
2693 2138 2752 2182 ut
2777 2127 2976 2182 veniat.
3010 2127 3250 2183 Veniens
3276 2128 3420 2184 enim
3464 2128 3666 2194 veniet,
3695 2138 3753 2184 et

2148 2236 2255 2274 non
2286 2219 2519 2274 tardabit
2548 2219 2750 2293 (Abac.
2798 2236 2858 2287 tt,
2890 2221 2922 2276 5
2947 2220 2985 2293 ).
3019 2220 3176 2276 Unde
3215 2237 3368 2276 suum
3413 2221 3478 2282 ad
3510 2232 3751 2290 montes,

2147 2325 2198 2370 et
2228 2314 2294 2370 ad
2323 2330 2418 2370 eos
2444 2314 2538 2385 qui
2569 2315 2626 2369 in
2660 2315 3102 2370 tribulationibus
3143 2315 3601 2390 perduraverunt.
3635 2315 3754 2390 pol-

2147 2409 2342 2466 licetur
2370 2409 2682 2476 adventum,
2734 2418 2896 2479 atque
2939 2409 3207 2482 promittit
3231 2409 3372 2480 quod
3419 2417 3542 2482 post
3567 2425 3753 2488 perse-

2148 2505 2384 2560 cutionis
2435 2503 2689 2560 ardorem
2743 2513 3064 2562 exerceatur
3110 2511 3254 2559 terra
3305 2504 3454 2574 prius
3494 2503 3750 2574 decerpta

2147 2597 2346 2656 Christi
2370 2611 2615 2664 vomere,
2647 2605 2702 2652 et
2729 2611 2945 2658 omnem
2984 2596 3242 2654 virtutum
3275 2605 3578 2652 sementem
3609 2597 3748 2652 reci-

2149 2691 2280 2759 piat,
2311 2689 2380 2745 de
2405 2704 2508 2760 qua
2541 2698 2834 2744 nascantur
2857 2699 2911 2744 et
2931 2690 3358 2762 multiplicemur
3388 2691 3656 2756 homines,
3689 2698 3744 2745 et

2149 2786 2325 2846 omnis
2353 2786 2546 2840 domus
2577 2784 2765 2840 Israel.
2795 2784 3040 2854 Cumque
3067 2785 3340 2852 civitates,
3378 2784 3480 2840 hoc
3509 2794 3610 2852 est,
3641 2783 3744 2839 Ec-

2145 2880 2332 2936 clesia:
2388 2879 2727 2933 credentium
2777 2878 2979 2934 fuerint
3024 2879 3341 2934 inhabitatzc
3393 2878 3743 2934 redeuntibus

2149 2971 2343 3040 turbis,
2369 2983 2496 3026 tunc
2519 2986 2860 3044 nequaquam
2887 2971 3060 3026 solum
3080 2970 3327 3026 homines
3349 2973 3438 3043 qui
3462 2973 3745 3046 pollebant

2147 3065 2254 3138 [AL
2290 3064 2591 3142 pollebunt]
2621 3065 2848 3122 scientia
2871 3065 3274 3136 Scripturarum
3300 3083 3313 3120 :
3339 3065 3434 3122 sed
3456 3049 3508 3121 et
3527 3066 3746 3136 jumen-

441 3159 664 3216 verbum
704 3161 816 3226 Dei,
871 3169 922 3218 et
967 3161 1162 3231 quibus
1205 3161 1450 3220 diabolus
1482 3161 1758 3220 insultavit
1787 3163 2040 3222 inimicus
2069 3164 2114 3224 C
2147 3169 2221 3226 ta,
2265 3159 2545 3230 simplices
2586 3159 2788 3232 quique
2835 3159 3194 3224 credentium.
3251 3159 3748 3232 multiplicabuntur

441 3253 665 3322 dicens:
713 3253 884 3324 Euge,
931 3255 1133 3322 excelsi
1158 3256 1433 3327 quondam
1484 3269 1714 3324 montes,
1747 3257 1815 3316 de
1842 3258 2038 3330 quibus

440 3346 699 3416 scriptum
730 3355 849 3404 est:
884 3345 1096 3404 Montes
1118 3347 1170 3402 in
1199 3348 1426 3407 circuitu
1450 3350 1588 3420 cjus,
1619 3359 1674 3406 et
1706 3350 1962 3410 Dominus
1984 3352 2037 3412 in

442 3439 672 3496 circuitu
703 3439 889 3514 populi
921 3440 1004 3496 sui
1035 3438 1170 3513 (Ps.
1220 3457 1413 3510 cxxxv,
1439 3441 1514 3513 2)
1544 3485 1558 3508 ,
1590 3442 1721 3500 mihi
1773 3443 1884 3499 dati
1914 3455 2041 3504 sunt

439 3533 495 3588 in
523 3534 950 3602 possessionem,
983 3534 1198 3604 quando
1224 3535 1625 3606 persecutionis
1652 3537 1916 3610 angustiis
1947 3537 2038 3594 de-

439 3628 597 3686 solati
629 3637 776 3697 sunt,
809 3637 866 3682 et
901 3629 1206 3690 couculcati
1254 3645 1349 3700 per
1386 3631 1695 3697 circuitum,
1728 3641 1783 3688 et
1828 3632 1953 3690 facti
1983 3635 2037 3694 in

439 3721 816 3784 hatreditatem
850 3722 1076 3791 reliquis
1103 3723 1376 3794 gentibus,
1409 3735 1464 3780 et
1505 3725 1574 3780 ab
1601 3725 1854 3784 omnibus
1891 3727 2037 3784 blas-

440 3813 699 3883 phemati.
758 3815 1050 3885 Propterea
1101 3817 1340 3888 loquitur
1387 3819 1652 3874 Dominus
1703 3821 2037 3880 conculcatis

439 3908 717 3964 montibus
761 3915 820 3964 et
849 3907 1129 3978 desolatis,
1171 3920 1226 3966 et
1257 3925 1366 3969 non
1397 3911 1568 3968 solum
1615 3913 1907 3978 montibus,
1941 3913 2037 3970 sed

438 4009 494 4058 et
543 4000 890 4060 inferioribus
939 4016 1003 4056 ac
1031 4016 1130 4072 per
1158 4003 1401 4076 singulos
1431 4005 1636 4076 gradus
1667 4006 1719 4060 in
1770 4015 1912 4060 terra
1943 4007 2038 4064 Ju-

437 4092 576 4162 daea,
612 4091 714 4148 hoc
735 4101 840 4158 est,
867 4093 918 4148 in
956 4102 1140 4156 monte
1171 4094 1434 4150 Ecclesiae
1457 4095 1796 4172 constitutis,
1835 4096 1904 4153 de
1932 4112 2037 4170 qua

437 4187 696 4258 scriptum
723 4195 806 4244 est
829 4204 842 4240 :
863 4185 984 4244 Non
1001 4196 1180 4260 potest
1202 4188 1393 4244 civitas
1414 4187 1676 4244 abscondi
1697 4205 1861 4262 super
1884 4205 2039 4248 mon-

439 4289 548 4335 tem
575 4280 752 4349 posita
777 4279 797 4350 (
821 4279 1012 4336 Matth.
1041 4296 1095 4347 v,
1129 4281 1196 4340 14
1222 4279 1242 4351 )
1271 4297 1286 4347 ;
1310 4290 1364 4336 et
1387 4281 1616 4337 collibus
1638 4290 1799 4352 atque
1827 4293 2036 4340 torren-

435 4372 603 4438 tibus,
635 4386 864 4442 quorum
904 4373 1100 4446 hyeme
1128 4375 1593 4444 persecutionum,
1629 4384 1684 4432 et
1711 4385 2035 4450 tempestate

433 4481 705 4537 pressura:
739 4477 968 4538 augetur
998 4467 1153 4523 ﬁdes.
1188 4467 1432 4526 Vallibus
1476 4485 1691 4540 quoque
1719 4469 1802 4526 his
1836 4472 1929 4543 qui
1977 4473 2032 4532 in

2143 3264 2307 3328 atque
2331 3265 2699 3321 succrescent,
2742 3263 2796 3309 et
2828 3253 3208 3309 habitabantur
3239 3237 3498 3309 Ecclesne
3545 3253 3684 3309 sicut
3715 3269 3745 3308 a

2143 3349 2429 3420 principio,
2476 3347 2577 3404 hoc
2605 3356 2708 3412 est,
2745 3348 3057 3418 priusquam
3088 3355 3234 3402 esset
3260 3347 3565 3417 persecutio
3595 3362 3613 3400 :
3645 3347 3742 3402 bo-

2143 3444 2337 3514 nisque
2362 3441 2634 3497 llorebunt
2663 3441 2982 3509 majoribus,
3015 3455 3173 3512 quam
3201 3440 3507 3495 habuerunt
3547 3439 3616 3493 ab
3641 3439 3747 3493 ini-

2143 3535 2240 3600 tio,
2257 3546 2558 3602 martyrum
2572 3532 2815 3589 victoriis
2837 3542 3135 3589 coronatae.
3161 3533 3226 3588 Et
3245 3543 3372 3588 tunc
3397 3532 3572 3587 scient
3598 3532 3744 3602 quod

2141 3628 2257 3696 ipse
2279 3628 2348 3683 sit
2379 3625 2662 3694 Dominus,
2688 3627 2774 3698 qui
2807 3627 3040 3682 restituit
3077 3627 3290 3698 plebem
3334 3640 3486 3681 suam
3515 3626 3744 3696 pristino

2140 3721 2324 3786 statui,
2341 3736 2459 3792 quae
2483 3721 2753 3790 possideat
2769 3720 3066 3790 Ecclesias,
3082 3730 3137 3776 et
3150 3721 3265 3791 ipsa
3290 3721 3360 3776 sit
3381 3720 3742 3776 Ecclesiarum

2141 3814 2458 3882 hmredilas,
2481 3823 2539 3870 et
2557 3829 2892 3886 nequaquam
2909 3814 3045 3868 ultra
3067 3814 3270 3880 absque
3295 3813 3478 3869 liberis
3500 3814 3744 3884 sit,jquos

2141 3908 2193 3963 in
2211 3908 2586 3982 persecutione
2601 3907 2930 3980 perdiderat.
2953 3904 3112 3964 Unde
3121 3907 3339 3978 iubetur
3355 3906 3656 3978 prophetae,
3687 3914 3746 3962 ut

2139 4003 2392 4072 loquatur
2414 4001 2478 4057 ad
2519 4009 2717 4056 terram
2742 4010 3171 4067 mansuetorum,
3216 4010 3525 4071 terramque
3555 3999 3744 4054 viven-

2141 4098 2294 4164 tium,
2329 4098 2442 4152 sive
2475 4095 2543 4151 ad
2581 4105 2792 4152 montes
2827 4096 3081 4162 lsrael,et
3112 4096 3292 4154 dicat:
3322 4097 3741 4152 Persecutorum

2138 4192 2278 4246 ultra
2308 4206 2412 4246 non
2443 4190 2662 4260 patieris
2675 4190 3045 4261 opprobrium,
3061 4205 3162 4245 nec
3174 4190 3509 4250 insultabunt
3531 4191 3745 4262 jugula-

2138 4296 2249 4340 tum
2267 4283 2523 4355 p0pulum
2566 4294 2740 4350 tuum,
2771 4283 2910 4339 sicut
2939 4299 3067 4338 oves
3088 4283 3394 4339 occisionis.
3429 4285 3566 4342 Pace
3592 4285 3738 4339 enim

2137 4380 2673 4452 reddita,opprobria
2704 4381 2957 4438 universa
2980 4380 3290 4450 cessabunt,
3315 4395 3415 4436 nec
3443 4379 3737 4436 sustinebis

2136 4473 2532 4540 confusionem,
2561 4473 2976 4543 etignominiam
2997 4473 3138 4527 inter
3167 4472 3414 4528 diversas
3443 4473 3493 4527 in
3509 4472 3738 4528 circuitu

430 4558 740 4614 humilitate
762 4558 1007 4632 depressi
1033 4569 1179 4626 sunt,
1204 4569 1260 4615 et
1289 4559 1520 4618 desertis
1547 4562 1830 4632 Ecelesiis,
1856 4573 1910 4622 et
1937 4580 2032 4634 pa-
2056 4571 2109 4630 D
2135 4568 2513 4636 nationes,sed
2541 4574 2756 4640 gentem
2789 4575 2932 4622 tuam
2979 4565 3200 4622 habebis
3219 4575 3274 4622 et
3297 4566 3580 4638 populum,
3613 4566 3739 4636 quia

431 4652 665 4718 rietinis,
693 4663 859 4724 atque
886 4653 942 4710 in
966 4661 1080 4710 toto
1109 4653 1241 4709 orbe
1263 4653 1634 4716 Ecclesiarum
1657 4659 2033 4716 conciliabulis

428 4746 738 4804 derelictis:
771 4746 948 4824 qualis
985 4747 1086 4802 sub
1135 4745 1478 4804 Diocletiano
1523 4759 1578 4805 et
1619 4751 1948 4806 Maximiano
1976 4752 2030 4812 in

426 4848 544 4894 toto
573 4840 708 4896 orbe
735 4839 1045 4909 persecutio
1073 4837 1194 4908 fuit,
1229 4855 1328 4912 per
1365 4856 1525 4911 quam
1568 4843 1883 4920 proscripta:
1907 4853 2035 4900 sunt

427 4933 690 4990 Ecclesiae
747 4942 908 5001 atque
978 4943 1202 4994 vastatae
1235 4955 1247 4990 :
1281 4935 1501 5008 quando
1556 4937 2033 5002 subsannaverunt

422 5027 731 5090 Ecclesiam
763 5041 953 5082 omnes
991 5027 1300 5104 gentilium,
1346 5037 1400 5083 et
1436 5029 1814 5096 haereticorum
1841 5042 2032 5095 gentes

423 5137 523 5194 per
548 5121 858 5187 circuitum,
905 5120 1047 5190 quod
1079 5122 1130 5176 in
1163 5121 1286 5192 igne
1312 5121 1413 5186 zeli
1445 5121 1643 5182 furoris
1696 5125 1778 5190 sui
1817 5124 2032 5184 locutus

419 5217 512 5286 sit,
541 5227 596 5272 et
631 5215 849 5288 proprie
865 5214 1156 5276 adversum
1176 5215 1464 5272 ldumaeam
1495 5234 1615 5296 quae
1634 5219 1865 5280 terrenis
1894 5236 2026 5298 ope-

419 5309 572 5366 ribus
598 5308 814 5364 volebat
837 5323 1049 5378 omnes,
1080 5308 1330 5380 deposita
1356 5309 1592 5379 imagine
1621 5311 1878 5382 coelestis,
1901 5328 2028 5384 por~

421 5415 536 5460 tare
557 5403 852 5476 imaginem
875 5403 1076 5466 terreni
1095 5403 1114 5473 (
1139 5399 1300 5458 ICor.
1322 5419 1391 5458 xv
1413 5403 1456 5474 ).
1477 5403 1559 5460 Illi
1584 5404 1728 5458 enim
1756 5404 2025 5464 dederunt

414 5503 622 5552 terram
650 5495 746 5550 Dei
777 5494 880 5550 sibi
910 5494 966 5552 in
994 5493 1394 5564 hzercditatem,
1425 5503 1478 5550 et
1502 5505 1574 5550 ex
1598 5504 1710 5550 toto
1745 5497 1912 5552 corde
1939 5507 2021 5554 at-

416 5601 525 5658 que
552 5603 617 5642 ex
665 5586 847 5642 animo
879 5586 1181 5643 Ecclesiam
1223 5586 1438 5642 Domini
1471 5589 1742 5658 persecuti
1784 5602 1934 5656 sunt,
1966 5601 2021 5646 et

495 5712 522 5742 ι
557 5703 760 5762 Confer
788 5704 984 5770 librum

415 5791 535 5846 qua!
557 5777 622 5832 ad
639 5773 1025 5832 Praefationem
1049 5773 1177 5832 libri
1207 5793 1334 5832 xvm
1368 5779 1419 5833 in
1453 5778 1644 5835 Isaiam
1667 5773 2014 5837 anriotamus.

2140 4661 2338 4717 veritas
2365 4660 2758 4731 promissionis,
2793 4659 3021 4714 Domino
3052 4660 3323 4730 loquente,
3357 4662 3564 4714 tirmata
3595 4667 3698 4714 est.

2215 4752 2234 4824 (
2265 4751 2416 4809 Vers.
2453 4751 2520 4808 16
2548 4767 2700 4824 seqq.
2727 4750 2748 4823 )
2783 4752 2850 4806 Et
2877 4753 3071 4825 factum
3094 4763 3167 4807 est
3195 4753 3401 4808 ret-bum
3434 4750 3649 4807 Domini
3670 4753 3742 4807 ad

2139 4862 2238 4912 me,
2271 4845 2445 4900 dicens
2477 4861 2494 4897 :
2527 4843 2637 4900 Fili
2679 4845 2919 4914 hominis,
2964 4847 3150 4901 domus
3181 4844 3348 4902 Israel
3379 4844 3740 4903 habitaverunt

2141 4939 2300 5011 (sive
2330 4938 2618 5010 habitavit)
2647 4941 2700 4993 in
2731 4950 2868 4995 terra
2892 4958 3008 5008 sua,
3037 4953 3082 4996 et
3103 4941 3398 5015 polluerunt
3425 4959 3538 4996 eam
3559 4943 3613 4997 in
3643 4945 3741 4998 viis

2137 5031 2262 5092 suis,
2280 5029 2392 5085 etin
2411 5031 2598 5086 studiis
2617 5031 2636 5105 (
2663 5033 2777 5088 sive
2801 5033 2959 5090 idolis
2981 5035 2996 5103 )
3015 5035 3121 5088 suis
3152 5037 3336 5108 :juxto
3350 5036 3738 5092 immunditiam

2136 5134 2467 5180 menstruam
2489 5129 2628 5196 facta
2659 5137 2732 5180 est
2763 5127 2842 5180 via
2868 5143 3044 5181 eorum
3064 5143 3240 5180 coram
3262 5145 3361 5184 nte.
3392 5127 3634 5198 Eia/fudi
3655 5129 3740 5183 in-

2133 5219 2484 5289 dignationem
2517 5234 2680 5274 mearn
2725 5219 2883 5291 (sive
2925 5220 3155 5290 furorem
3194 5220 3398 5294 meum)
3437 5240 3589 5296 super
3624 5239 3734 5292 eos,

2133 5328 2226 5379 pro
2251 5311 2502 5385 sanguine
2520 5327 2669 5382 quem
2693 5312 2939 5384 fuderunt
2961 5307 3111 5386 super
3133 5323 3324 5369 terram
3342 5317 3427 5370 :in
3449 5317 3603 5370 idolis
3627 5316 3739 5371 suis

2129 5403 2429 5477 polluerunt
2455 5421 2587 5472 eam,
2625 5415 2673 5460 et
2700 5406 2917 5478 dispersi
2946 5423 3030 5461 eos
3067 5408 3121 5461 in
3165 5419 3360 5480 gentes,
3411 5421 3460 5464 et
3501 5409 3738 5465 ventilati

2129 5505 2248 5550 sunt
2271 5495 2420 5570 (sive
2440 5497 2679 5552 ventilavi
2696 5513 2779 5551 eos
2803 5495 2822 5568 )
2849 5499 2900 5551 in
2930 5508 3089 5552 terras
3111 5497 3266 5573 (sive
3288 5503 3520 5574 regiones
3541 5502 3558 5574 )
3572 5505 3734 5574 juxta

2127 5590 2235 5662 vias
2253 5607 2454 5658 eorum,
2468 5600 2517 5645 et
2532 5589 2915 5646 adinventiones
2933 5590 3068 5664 (sive
3080 5592 3316 5668 peccata)
3331 5611 3506 5650 eorum
3515 5595 3732 5665 judica-

1025 5706 1110 5781 d_e_
1152 5706 1295 5781 Viris
1327 5706 1636 5781 Illustribus
1692 5724 1813 5781 cap.
1847 5710 1932 5765 74.
1986 5707 2303 5774 Tertulliani
2351 5717 2528 5772 autem
2557 5707 2698 5764 liber
2720 5709 2785 5762 de
2821 5727 2912 5780 spe
2953 5709 3217 5766 Fidelium
3254 5711 3542 5771 intercidit.
3595 5712 3731 5770 Vide
3805 5696 3808 5698 ⁷
