4038 6328
323 274 419 337 διε

952 272 1605 335 COMMENTARIOBUM
1634 276 1703 339 ΙΝ
1742 273 2185 339 exsultans!
2220 275 2352 335 LIB.
2395 277 2488 336 XI.
2531 278 2688 338 CAP.
2733 279 2973 342 XXXVI.

3495 276 3603 338 3ιῖ

312 394 365 451 si
382 390 552 467 ωε
577 406 688 460 eos,
715 401 766 451 et
794 393 1016 465 ingressi
1034 403 1156 453 sum
1183 394 1251 449 ad
1278 403 1476 467 gentes,
1496 394 1568 448 ad
1588 411 1717 462 quas
1739 396 1907 450 ituro-
1932 396 1987 459 Α
2008 394 2306 465 Perspicua
2332 378 2463 451 sunt
2487 412 2611 468 quae
2635 399 2915 467 dicuntur,
2945 410 3000 456 et
3024 400 3207 457 munis
3226 412 3424 456 sensus
3449 415 3602 457 mon-

311 487 518 553 ierunt,
570 496 626 543 et
670 486 970 555 polluerunt
1023 502 1207 543 nomen
1254 495 1494 545 stactam
1540 503 1748 554 naeuus,
1786 505 1907 543 eum
2010 490 2143 544 tium
2170 488 2363 557 Israel,
2397 492 2487 561 qui
2516 493 2673 563 prius
2696 495 2905 550 deserti
2935 496 3174 563 fuerant,
3209 504 3263 552 et
3290 505 3482 567 postea
3508 506 3605 553 res

310 580 582 635 diceretur
608 582 674 635 de
693 582 788 650 eis,
817 580 1060 651 Populus
1093 580 1305 643 θριπὰί
1331 582 1429 639 iste
1448 594 1550 649 est,
1578 593 1630 637 et
1666 584 1732 639 de
1766 593 1907 639 terra
2007 585 2208 649 stituti,
2241 599 2388 640 nunc
2415 587 2761 642 manifestius
2790 591 3033 659 ponitur.
3070 590 3381 663 Redditque
3408 600 3602 649 causas

306 675 425 745 ejus
456 675 656 745 egressi
686 682 827 727 sunt.
862 672 931 727 Et
963 676 1169 746 peperci
1195 676 1395 735 nomini
1419 692 1533 730 meo
1559 686 1741 731 sancto
1762 676 1906 746 (sive
2010 676 2155 732 Deus
2185 692 2355 747 quare
2386 678 2646 748 populum
2672 680 2844 736 Israel
2873 683 3177 752 captivitati
3205 683 3520 751 tradiderit,
3548 695 3605 741 et

308 768 522 835 peperci
549 768 624 822 eis
654 777 865 839 propter
893 784 1079 824 nomen
1103 785 1275 825 meum
1305 780 1542 827 sanctum
1566 770 1586 842 )
1614 773 1751 842 quod
1784 772 1902 842 pol-

310 860 480 915 luerat
530 863 718 917 domus
756 861 931 920 Israel
980 865 1035 919 in
1077 865 1349 937 gentibus,
1396 867 1465 920 ad
1507 883 1639 937 quas
1681 868 1903 940 ingressi

308 968 451 1015 sunt.
482 956 702 1013 Idcirco
726 959 867 1015 dices
893 959 1072 1014 domui
1114 958 1307 1030 Israel,
1339 961 1451 1017 haec
1491 960 1618 1016 dicit
1649 961 1904 1016 Dominus

307 1049 627 1108 Deus:Nou
654 1063 867 1124 propter
897 1071 982 1110 vos
1012 1072 1105 1128 ego
1135 1057 1349 1127 faciam,
1379 1057 1566 1113 domus
1596 1057 1902 1114 lsrael:sed

305 1156 521 1216 propter
560 1162 753 1203 nomen
800 1165 970 1203 nteum
1016 1157 1296 1216 sanctum,
1342 1150 1480 1218 quod
1539 1151 1800 1220 polluistis
1848 1152 1902 1208 in

305 1242 543 1313 gentibus
596 1242 667 1297 ad
708 1259 840 1314 quas
892 1243 1149 1299 intrastis.
1206 1243 1276 1298 Et
1323 1244 1668 1314 senctiﬁcabo
1717 1262 1901 1302 nomen

307 1352 473 1390 meum
506 1351 783 1407 magnum,
815 1338 955 1407 quod
990 1338 1248 1406 pollutum
1277 1347 1351 1393 est
1376 1339 1511 1394 inter
1537 1347 1728 1410 gentes,
1761 1343 1899 1408 quod

302 1428 578 1497 polluistis
622 1429 680 1485 in
727 1429 897 1485 medio
946 1446 1160 1497 earum,
1208 1439 1266 1485 ut
1288 1431 1455 1487 sciant
1499 1431 1680 1505 [Vulg.
1723 1434 1896 1490 addit.

298 1519 525 1594 gentes],
559 1522 685 1592 quia
712 1538 806 1594 ego
834 1538 948 1577 sum
990 1521 1282 1593 Dominus,
1314 1525 1439 1579 dicit
1468 1525 1722 1583 Dominus
1748 1544 1898 1583 eaer-

293 1617 527 1680 cituam,
563 1631 683 1669 cum
719 1616 1075 1683 sancti/iratus
1110 1618 1260 1687 fuero
1307 1619 1362 1673 in
1408 1619 1550 1674 vobis
1594 1635 1770 1675 coram
1799 1622 1895 1676 eis.

293 1707 510 1763 Tollam
538 1709 734 1782 quippe
758 1726 847 1765 vos
872 1710 937 1767 de
973 1711 1231 1782 gentibus,
1264 1722 1314 1769 et
1343 1716 1665 1788 congregabo
1695 1715 1893 1787 (Vulg.

2006 781 2235 843 propter
2271 788 2425 828 suam
2462 774 2815 830 clementiam
2844 777 3136 845 pollicetur
3158 780 3510 834 reducturum
3541 794 3599 836 se

2005 879 2102 921 eos
2132 865 2189 920 in
2220 875 2423 922 terram
2466 867 2733 933 Iudaeam,
2765 869 3025 923 et‘multo
3066 870 3326 939 ampliora
3360 870 3598 926 tributu-

2007 974 2129 1014 rum
2157 1003 2170 1027 ,
2222 974 2387 1029 quam
2438 959 2763 1016 abstulerat.
2813 960 2970 1028 Quod
3010 962 3236 1032 quidam
3283 963 3593 1019 ludaeorum

2005 1052 2254 1109 referunt
2278 1053 2345 1110 ad
2374 1054 2682 1110 Zorobabel
2705 1064 2988 1124 tempora,
3024 1056 3262 1126 quando,
3287 1055 3431 1129 Cyro
3473 1072 3601 1128 rege

2004 1150 2291 1207 Persarum
2350 1150 2573 1205 laxante
2628 1150 3001 1218 captivitatem
3056 1162 3279 1215 eorum,
3333 1149 3403 1204 de
3453 1150 3595 1204 tribu

2002 1243 2162 1311 luda,
2193 1254 2250 1298 et
2278 1242 2567 1312 Beniamin
2597 1241 2821 1311 plurimi
2848 1240 3065 1297 reducti
3090 1249 3222 1295 sunt
3248 1241 3301 1294 in
3328 1239 3591 1296 Judzeam.

2003 1336 2108 1390 Alii
2132 1350 2265 1392 vero
2287 1335 2352 1390 ad
2378 1334 2528 1389 mille
2548 1348 2815 1389 annorum
2840 1348 3068 1405 regnum
3089 1333 3357 1400 referunt,
3378 1332 3596 1403 quando

2002 1430 2104 1484 sub
2125 1428 2368 1494 Christo,
2398 1442 2562 1498 quem
2592 1436 2787 1498 putant
2818 1441 2942 1482 esse
2971 1435 3288 1491 venturum,
3318 1432 3377 1479 ut
3400 1424 3596 1479 civitas

1999 1533 2320 1579 exstruatur
2360 1520 2700 1585 Jerusalem,
2747 1528 2805 1575 et
2850 1518 3153 1574 aediﬁcetur
3200 1518 3497 1588 templum,
3529 1516 3597 1572 de

1999 1631 2108 1687 quo
2128 1617 2185 1671 iu
2208 1616 2399 1670 ultima
2429 1623 2583 1685 parte
2613 1614 2775 1683 hujus
2806 1612 3110 1683 prophetiae
3156 1611 3355 1667 dicturi
3382 1625 3591 1666 sumus.

2000 1709 2070 1765 Et
2115 1710 2371 1779 interim,
2427 1718 2487 1763 ut
2516 1706 2779 1763 Judaicas
2824 1705 3034 1761 fabulas
3082 1705 3488 1776 relinquamus,
3535 1710 3594 1758 et

293 1799 449 1855 addit
480 1797 616 1872 vos]
650 1799 714 1855 de
740 1802 992 1857 universis
1021 1803 1196 1871 terris,
1226 1813 1275 1859 et
1302 1806 1563 1861 adducam
1593 1820 1682 1861 vos
1709 1808 1762 1861 in
1793 1816 1895 1862 ter-
1922 1800 1973 1865 B
2001 1802 2437 1860 interminabiles
2489 1801 2842 1873 genealogias
2866 1839 2884 1868 ,
2930 1799 3087 1869 juxta
3135 1796 3591 1853 consuetudinem

288 1909 399 1946 ram
428 1901 689 1947 vestram.
731 1892 800 1949 Et
830 1893 1097 1962 effundam
1127 1896 1274 1964 (sive
1299 1900 1595 1970 aspergam)
1622 1915 1780 1970 super
1804 1918 1892 1955 vos

298 2004 485 2057 equam
518 1987 799 2054 mundam,
824 1996 874 2042 et
904 1989 1280 2044 mundabimini
1304 1991 1368 2045 ab
1390 1992 1626 2047 omnibus
1649 1994 1893 2057 inquina-

308 2081 476 2134 mentis
524 2081 749 2149 vestris,
778 2090 827 2133 et
852 2080 915 2135 ab
944 2082 1202 2141 universis
1232 2083 1389 2139 idolis
1418 2086 1607 2143 uestris
1636 2086 1895 2142 mandabo

316 2193 409 2230 res.
434 2174 502 2229 Et
536 2174 681 2230 dabo
710 2175 850 2231 vobis
876 2192 964 2237 car
998 2193 1207 2245 novum,
1236 2188 1285 2232 et
1310 2180 1551 2250 spiritum
1579 2196 1767 2236 novum
1796 2199 1893 2253 po-

312 2286 410 2321 sset
433 2270 493 2322 in
530 2269 708 2325 medio
736 2270 891 2323 vestri
922 2270 1075 2340 (sive
1100 2270 1235 2325 dabo
1258 2271 1435 2344 vobis)
1464 2282 1514 2328 et
1542 2274 1781 2345 auferam
1806 2291 1897 2330 cor

298 2362 568 2433 lapideum
596 2363 664 2423 de
692 2379 849 2419 carne
874 2372 1066 2432 vestra,
1096 2374 1141 2417 et
1170 2364 1305 2421 dabo
1336 2366 1477 2421 vobis
1506 2382 1595 2421 cor
1626 2383 1893 2424 eameam.

296 2456 358 2510 Et
384 2458 650 2528 spiritum
676 2474 846 2513 meum
876 2474 1065 2530 ponant
1093 2459 1149 2512 in
1174 2458 1347 2515 medio
1392 2461 1546 2514 vestri
1578 2460 1734 2530 (sive
1760 2462 1895 2517 dabo

290 2550 455 2623 vobis)
505 2560 557 2605 et
589 2552 786 2621 faciam
829 2560 883 2605 ut
912 2553 969 2607 in
1009 2553 1281 2623 prwceptis
1312 2554 1437 2608 meis
1467 2554 1606 2625 (sive
1624 2555 1895 2626 justiﬁes-

290 2645 526 2699 tionibus
556 2644 729 2716 meis)
758 2644 1054 2713 ambuletis,
1084 2654 1135 2699 et
1165 2646 1376 2717 judicia
1406 2662 1519 2701 mea
1562 2649 1894 2715 custodiatis,

290 2750 338 2791 et
364 2737 664 2811 operemini
696 2736 853 2807 (sive
873 2738 1081 2809 faciatis
1105 2737 1124 2809 )
1151 2756 1211 2793 ea
1257 2739 1456 2812 [ναις.
1496 2752 1640 2800 tacet
1665 2761 1725 2798 ea
1750 2744 1790 2817 ].
1826 2744 1897 2799 Et

292 2830 605 2885 habitabilis
630 2830 684 2884 in
711 2838 846 2884 terra
869 2847 1024 2901 quam
1043 2831 1166 2891 dedi
1190 2833 1429 2903 patribus
1450 2838 1655 2905 vestris,
1677 2848 1728 2893 et
1747 2841 1896 2895 eritis

292 2922 425 2979 mihi
458 2924 515 2977 in
542 2921 817 2993 populum,
848 2933 895 2977 et
922 2940 1016 2996 ego
1046 2941 1134 2979 ero
1154 2926 1294 2980 vobis
1322 2926 1378 2981 in
1407 2926 1596 2984 Deum.
1628 2930 1699 2985 Et
1726 2933 1897 2989 salvos

294 3034 385 3071 ros
416 3015 531 3089 [AL
556 3017 765 3073 salvabo
788 3016 897 3091 vos]
920 3018 1116 3090 faciam
1131 3035 1198 3075 ea:
1216 3022 1466 3079 universis
1490 3024 1896 3093 inquinamentis

296 3112 310 3179 (
339 3111 467 3166 sive
495 3109 887 3182 immunditiis)
920 3113 1124 3179 vestris,
1167 3124 1215 3168 et
1246 3115 1434 3171 vocabo
1482 3118 1818 3189 frumentum,
1847 3131 1895 3177 et

1996 1907 2261 1963 nostram,
2296 1894 2545 1951 breviter
2575 1898 2855 1971 περικοπὴν
2885 1891 3051 1963 hujus
3098 1891 3323 1961 capituli
3369 1898 3595 1960 percur-

1996 2005 2202 2056 ramus,
2251 1998 2308 2043 et
2329 1988 2457 2058 quid
2491 1988 2647 2042 nobis
2668 1987 2941 2051 videatur,
2968 1985 3125 2055 juxta
3160 1983 3592 2039 ecclesiasticam

1995 2084 2414 2154 intelligentiam
2452 2082 2809 2139 disseramus.
2855 2081 3059 2135 Domus
3106 2078 3271 2134 Israel
3294 2121 3308 2143 ,
3341 2078 3445 2133 hoc
3475 2087 3593 2143 est,

1994 2177 2557 2251 populusludteorum
2600 2176 2870 2231 habitavit
2902 2173 3175 2245 quondam
3202 2172 3258 2226 in
3289 2180 3435 2227 terra‘
3460 2187 3583 2238 sua,

1996 2273 2101 2329 hoc
2112 2279 2217 2338 est,
2233 2273 2285 2324 in
2305 2281 2447 2325 terra
2461 2269 2684 2334 Iudaeas,
2699 2268 2918 2340 quando
2932 2268 3126 2323 educta
3144 2276 3225 2322 est
3239 2265 3308 2321 de
3319 2264 3585 2337 Egypto;

1995 2372 2090 2428 sed
2118 2370 2560 2437 polluerunteam
2580 2368 2633 2422 in
2650 2367 2751 2421 viis
2764 2375 2820 2422 et
2841 2367 2893 2421 in
2906 2365 3126 2431 studiis,
3142 2364 3256 2419 sive
3278 2362 3436 2417 idolis
3453 2361 3584 2428 suis,

1995 2473 2052 2520 et
2081 2465 2348 2518 intentum
2391 2460 2655 2516 exstitere
2703 2458 2935 2528 polluti,
2984 2468 3043 2511 ut
3077 2438 3438 2511 iiumunditia:
3468 2468 3587 2507 mu-

1996 2555 2147 2611 lieris
2175 2560 2531 2609 menstruam
2554 2552 2857 2622 comparati
2875 2551 3004 2606 sint.
3029 2548 3262 2619 Propter
3277 2546 3421 2618 quod
3441 2547 3585 2603 Deus

1997 2649 2185 2704 effudit
2214 2646 2647 2718 indignationem
2676 2659 2832 2699 suam
2856 2658 3027 2714 super
3051 2657 3171 2708 eos,
3201 2656 3300 2711 pro
3321 2642 3588 2711 sanguine

1997 2743 2382 2817 prophetarum
2412 2750 2576 2812 atque
2603 2742 2901 2811 iustorum,
2944 2753 3106 2809 quem
3137 2736 3393 2793 fuderant
3419 2750 3586 2806 super

1999 2848 2222 2904 terram,
2255 2835 2473 2891 dicente
2499 2833 2555 2888 in
2588 2832 2885 2902 Evangelio
2914 2826 3584 2891 Salvatorezlerusalem,

1995 2931 2320 2998 Jerusalem,
2350 2944 2472 3000 quae
2492 2927 2698 2983 occidis
2720 2925 3034 2997 prophetas,
3060 2934 3113 2979 et
3134 2921 3343 2993 lapidas
3373 2936 3468 2977 eos
3493 2921 3584 2992 qui

1998 3026 2064 3081 ad
2092 3034 2145 3080 te
2175 3024 2326 3079 missi
2356 3031 2482 3079 sunt
2507 3020 2721 3092 (Matth.
2760 3034 2911 3085 χχιιι,
2944 3016 3059 3087 57).
3090 3016 3157 3072 Et
3181 3017 3376 3071 iterum
3405 3014 3586 3087 (Vere.

1999 3116 2089 3189 55)
2116 3135 2129 3173 :
2153 3117 2351 3183 Amen,
2383 3130 2542 3171 amen
2588 3114 2709 3169 dico
2748 3112 2905 3168 vobis
2950 3130 2965 3167 :
3007 3110 3323 3180 requiretur
3361 3109 3584 3177 sanguis

300 3203 670 3272 multiplicabo
701 3212 726 3238 δ
758 3202 929 3271 illud,
982 3215 1029 3259 et
1073 3222 1175 3258 non
1215 3207 1479 3277 imponam
1514 3209 1668 3281 (sive
1718 3211 1895 3285 dabo)
1923 3198 1969 3262 C
1999 3211 2091 3280 qui
2136 3209 2297 3283 427
2342 3206 2548 3264 effusus
2578 3215 2663 3263 est
2691 3220 2721 3260 a
2749 3204 3105 3275 generatione
3134 3204 3234 3255 hac
3262 3216 3290 3254 a
3318 3199 3585 3270 sanguine

298 3299 449 3353 vobis
481 3299 673 3368 famem
693 3341 710 3365 ,
738 3306 785 3352 et
814 3298 1178 3368 multiplicabo
1207 3301 1435 3371 fructum
1474 3301 1635 3374 ligni,
1668 3315 1715 3359 et
1751 3308 1898 3379 geni-

298 3391 451 3445 mina
482 3391 628 3463 agri,
668 3400 720 3447 ut
749 3407 853 3447 non
879 3393 1094 3462 portatis
1133 3392 1274 3447 ultra
1299 3395 1629 3466 opprobrium
1658 3399 1813 3470 famis
1839 3402 1896 3455 in

300 3488 567 3561 gentibus.
610 3486 681 3542 Et
719 3488 1123 3545 recordabimini
1151 3490 1355 3547 viarum
1403 3502 1691 3548 vestrarum
1732 3497 1896 3565 pessi-

304 3596 520 3635 marum
541 3622 555 3645 ,
583 3580 979 3648 studiorumque
1007 3598 1109 3637 non
1156 3581 1408 3638 bonorum
1427 3626 1444 3650 ,
1477 3597 1525 3639 et
1554 3586 1901 3657 displicebant

302 3672 448 3728 vobis
480 3672 783 3744 iniquitates
807 3682 1011 3740 vestrm,
1040 3684 1085 3728 et
1111 3675 1306 3730 scelera
1329 3686 1515 3733 vestra.
1540 3677 1668 3734 Non
1688 3693 1900 3753 propter

302 3782 393 3821 vos
418 3766 631 3837 faciant,
664 3768 739 3821 ait
765 3765 1020 3827 Dominus
1058 3767 1221 3836 Deus,
1261 3781 1443 3826 notum
1465 3773 1532 3827 sit
1559 3773 1723 3829 vobis.
1756 3775 1900 3831 Con-

302 3859 596 3927 fundimini
624 3869 671 3917 et
692 3859 973 3915 erubescite
993 3876 1147 3932 super
1167 3863 1264 3918 viis
1283 3866 1487 3934 vestris,
1504 3867 1692 3923 domus
1705 3868 1897 3927 Israel.

305 3952 442 4007 Herc
470 3952 597 4007 dicit
633 3952 886 4011 Dominus
912 3954 1095 4011 Deus:
1122 3956 1188 4010 In
1217 3958 1301 4015 die
1324 3976 1429 4029 qua
1458 3962 1774 4019 mandavero
1812 3981 1902 4019 vos

304 4063 369 4100 ea:
420 4047 657 4105 omnibus
700 4048 1065 4119 iniquitatibus
1110 4054 1287 4107 vestris
1312 4093 1329 4120 ,
1375 4064 1422 4108 et
1465 4055 1690 4112 habitari
1733 4062 1903 4131 fecero

306 4141 488 4208 urbes,
518 4152 567 4197 et
588 4142 949 4199 instauravero
977 4144 1195 4200 ruinosa
1214 4188 1230 4212 ,
1271 4156 1319 4201 et
1352 4155 1491 4203 terra
1516 4150 1718 4206 deserta
1749 4156 1904 4225 fuerit

306 4232 551 4301 exculta,
593 4250 708 4304 quia
735 4235 999 4306 quondam
1028 4246 1137 4292 erat
1164 4238 1403 4295 desolata
1431 4240 1485 4298 in
1528 4242 1693 4303 oculis
1735 4248 1905 4301 cumis

311 4326 545 4390 viatoris,
572 4326 782 4382 dicent:
807 4324 973 4383 Terra
1002 4326 1096 4383 illa
1119 4330 1321 4387 inculta
1348 4331 1491 4403 (sive
1510 4335 1736 4405 deserta)
1766 4338 1903 4408 facta

309 4431 383 4475 est
422 4429 480 4476 ut
506 4420 687 4479 hortus
723 4423 1034 4493 voluptatis,
1064 4432 1111 4478 et
1141 4424 1369 4480 civitates
1399 4426 1634 4496 desertis,
1663 4428 1828 4503 426
1855 4441 1907 4486 et

309 4514 572 4571 destituta:
610 4523 765 4586 atque
794 4512 980 4587 [Vulg.
1011 4517 1368 4591 quiscumque]
1397 4519 1654 4588 cuiusne,
1692 4525 1907 4579 inunita:

1997 3305 2133 3360 Abel
2176 3304 2308 3373 justi
2334 3346 2348 3369 ,
2400 3315 2571 3371 usque
2600 3300 2666 3354 ad
2695 3299 3017 3368 sanguinem
3042 3295 3322 3350 Zachariae
3350 3292 3448 3348 filii
3477 3292 3582 3346 Bac

1998 3398 2231 3463 rachiae,
2263 3410 2421 3467 quem
2464 3394 2785 3451 eﬂ’uderunt
2826 3392 2967 3446 inter
3011 3390 3269 3443 altare'et
3297 3385 3583 3456 templum.

1998 3492 2116 3548 Non
2161 3492 2344 3548 solum
2392 3500 2572 3546 autem
2621 3488 2933 3544 effuderunt
2975 3486 3296 3557 sanguinem
3326 3526 3341 3547 ,
3392 3479 3485 3536 sed
3531 3490 3586 3534 et

1998 3585 2312 3655 polluerunt
2355 3592 2555 3639 terram
2602 3582 2902 3638 sceleribus
2946 3580 3058 3635 suis
3088 3577 3158 3650 (ll
3185 3574 3367 3631 Paral.
3409 3574 3583 3642 xxrv).

2001 3680 2366 3748 Quamobrem
2396 3678 2655 3749 diSpersit
2681 3691 2798 3744 eos,
2832 3674 2918 3731 vel
2951 3673 3056 3729 sub
3082 3670 3380 3743 Babylonia
3411 3668 3587 3737 capti-

2002 3775 2207 3839 vitate,
2256 3772 2338 3829 vel
2387 3772 2487 3828 sub
2523 3772 2768 3827 Romana
2814 3789 2825 3823 :
2868 3767 3087 3840 quando
3114 3781 3243 3822 vere
3282 3762 3593 3819 effuderunt

2002 3868 2315 3938 sanguinem
2346 3867 2577 3933 Christi,
2607 3876 2660 3921 et
2701 3861 2948 3919 ventilati
2990 3866 3115 3917 sunt
3143 3862 3198 3916 in
3227 3867 3429 3923 terras,
3460 3869 3593 3925 quo-

2004 3960 2167 4016 modo
2224 3961 2393 4030 paleae
2443 3959 2797 4024 ventilantur,
2848 3964 2905 4012 et
2948 3956 3101 4022 juxta
3156 3954 3271 4008 vias
3325 3964 3487 4013 suas,
3539 3955 3595 4001 et

2004 4056 2348 4111 inventiones
2393 4055 2658 4124 pessimas
2704 4050 2961 4121 judicati,
3010 4051 3082 4105 ita
3128 4056 3190 4103 ut
3237 4049 3291 4101 in
3339 4042 3592 4117 gentibus

2003 4164 2218 4220 quoque
2260 4148 2327 4202 ad
2376 4162 2510 4216 quas
2555 4146 2756 4217 captivi
2805 4145 2952 4200 ducti
2998 4143 3239 4209 fuerant,
3286 4138 3595 4208 polluerent

2006 4256 2203 4297 nomen
2224 4250 2471 4297 sanctum
2494 4240 2589 4296 Dei
2609 4256 2704 4295 :eo
2728 4238 2873 4309 quod
2893 4252 2992 4308 per
3014 4235 3321 4291 irrisionem
3349 4230 3597 4287 dicerent

2007 4339 2283 4393 universae
2312 4337 2558 4391 nationes
2601 4351 2616 4388 :
2661 4334 2800 4388 Ecce
2828 4331 3067 4404 populus
3096 4329 3194 4385 Dei
3228 4330 3335 4383 iste
3361 4335 3475 4391 est,
3507 4324 3600 4396 qui

2007 4445 2067 4487 se
2110 4429 2349 4500 jactabat
2392 4428 2614 4499 preprie
2652 4442 2818 4482 nosse
2848 4425 3058 4481 cultum
3107 4424 3225 4479 Dei.
3268 4420 3426 4489 Quod
3472 4434 3597 4474 cum

2011 4525 2289 4587 vidissem,
2319 4523 2417 4589 ait,
2452 4538 2558 4577 non
2591 4530 2818 4591 propter
2846 4532 2967 4583 eos,
2997 4517 3093 4573 sed
3127 4524 3354 4586 propter
3397 4527 3597 4568 nomen

309 4612 573 4667 sederunt.
629 4610 697 4667 Et
741 4612 905 4667 scient
945 4623 1123 4687 gentes
1168 4630 1281 4683 quae
1320 4616 1579 4671 derelicta
1611 4620 1821 4687 fuerunt
1848 4620 1903 4675 in
1934 4593 1985 4655 θ
2013 4632 2192 4673 meum
2242 4624 2492 4671 sanctum
2531 4612 2807 4683 (Creator
2835 4611 2982 4666 enim
3013 4609 3254 4664 omnium
3290 4604 3455 4677 sum)
3499 4614 3597 4676 pe.

310 4704 531 4759 circuitu
561 4714 755 4772 vestro,
780 4707 907 4777 quia
932 4722 1028 4779 ego
1057 4705 1313 4763 Dominus
1342 4710 1596 4779 adiﬁcavi
1623 4711 1902 4783 dissipata,

310 4806 361 4852 et
389 4796 626 4867 plantavi
654 4798 1005 4871 inculta:ego
1026 4799 1283 4855 Dominus
1313 4802 1519 4857 locutus
1543 4803 1661 4870 sim,
1691 4813 1738 4858 et
1764 4805 1902 4872 fece-

310 4890 436 4943 rim.
470 4887 601 4944 Haec
621 4889 750 4943 dicit
770 4888 1028 4947 Dominus
1059 4889 1200 4946 Deus
1223 4907 1242 4946 :
1270 4890 1456 4946 Adhuc
1481 4893 1537 4946 in
1566 4893 1660 4947 hoc
1687 4895 1907 4950 inveniet

310 4998 390 5036 me
415 4981 601 5037 domus
624 4980 795 5039 Israel
823 4983 966 5053 (sive
993 5000 1200 5055 qumrar
1221 4985 1399 5041 dontui
1423 4983 1617 5058 Israel)
1640 4998 1694 5042 ut
1719 4989 1912 5058 faciam

309 5077 385 5131 eis
414 5074 600 5149 [Vulg.
623 5078 679 5130 iu
699 5075 816 5148 eis].
848 5075 1215 5146 Hultiplicabe
1243 5094 1327 5134 eos
1357 5078 1489 5134 sicut
1515 5095 1717 5151 gregem
1744 5078 1913 5134 homi-

311 5186 441 5225 num
459 5170 600 5240 (sive
631 5180 687 5226 ut
714 5186 831 5227 oues
857 5172 1114 5243 homines)
1132 5182 1187 5229 ut
1211 5188 1419 5245 gregem
1445 5183 1682 5228 sanctum
1699 5175 1839 5247 (sive
1858 5185 1912 5229 ut

312 5279 435 5317 oves
459 5262 695 5334 sanctas)
720 5273 773 5317 ut
801 5279 1006 5336 gregem
1026 5263 1166 5337 (sive
1187 5264 1632 5336 oees).lerusalem
1652 5269 1706 5322 in
1727 5269 1911 5324 solem-

313 5358 564 5413 nitatibus
590 5358 702 5426 ejus
724 5375 743 5412 :
764 5359 839 5414 sic
864 5370 1015 5413 erunt
1039 5360 1275 5415 civitates
1298 5361 1538 5427 deserta;
1557 5363 1726 5433 plena:
1745 5366 1915 5437 gregi-

315 5452 412 5505 bus
434 5451 579 5521 (sive
601 5452 803 5524 ovibus)
827 5453 1118 5521 hominum,
1139 5466 1187 5510 et
1208 5456 1367 5511 scient
1384 5457 1509 5527 quia
1525 5473 1620 5529 ego
1632 5456 1912 5516 Dominus.

389 5609 812 5686 fﬁepnsuimus
858 5613 1207 5683 frumentum,
1261 5630 1328 5668 ne
1376 5615 1502 5669 dum
1550 5632 1579 5671 a
1632 5616 1904 5686 Victoria,

318 5682 409 5746 qui
443 5680 669 5751 Vulgata
718 5680 1056 5754 llebrmoque
1097 5692 1249 5740 textu
1284 5686 1581 5755 nitebatur,
1617 5688 1712 5743 sed
1741 5705 1771 5743 a
1802 5680 1909 5745 Va;

316 5755 416 5808 tic.
448 5769 670 5829 quoque
699 5768 803 5809 ms.
829 5765 887 5829 et
916 5755 1139 5829 [tabano
1168 5756 1451 5812 admoniti.
1487 5760 1616 5814 Erat
1643 5771 1909 5829 praeterea

321 5823 671 5881 manifestum
703 5842 771 5883 ex
822 5826 883 5883 S.
931 5827 1108 5884 Patris
1159 5832 1503 5901 expositione
1551 5823 1683 5886 illud
1734 5833 1802 5888 ab
1845 5849 1912 5891 eo

2012 4710 2157 4780 perci
2190 4708 2270 4763 eis
2295 4751 2308 4771 ,
2354 4719 2409 4763 et
2455 4705 2792 4762 sanctillcavi
2845 4703 2969 4758 illos
2994 4745 3007 4767 ,
3060 4709 3116 4757 et
3140 4700 3332 4773 glorim
3357 4699 3606 4770 pristina:

2013 4803 2264 4868 restitui,
2298 4803 2370 4856 ita
2400 4811 2457 4856 ut
2502 4815 2669 4871 super
2712 4798 3031 4863 credentes,
3068 4806 3121 4852 et
3148 4796 3217 4850 ab
3248 4808 3432 4849 errore
3476 4806 3605 4848 con-

2016 4912 2237 4961 versos,
2269 4895 2607 4951 effunderem
2637 4909 2832 4965 aquam
2870 4890 3127 4947 mundam
3164 4888 3422 4959 Baptismi
3455 4887 3609 4942 salu-

2022 4991 2178 5055 taris,
2215 4997 2269 5043 et
2299 4987 2618 5044 mundarem
2661 5001 2757 5042 eos
2804 4988 2872 5041 ab
2918 4983 3412 5041 abominationibus
3460 4980 3604 5047 suis,

2019 5097 2074 5140 et
2106 5086 2173 5141 ab
2202 5086 2475 5141 universis
2505 5083 2809 5152 erroribus,
2858 5081 3058 5153 quibus
3086 5080 3307 5134 fuerant
3336 5073 3608 5144 occupati,

2021 5189 2077 5235 et
2121 5178 2306 5235 darem
2356 5180 2437 5235 eis
2488 5190 2584 5235 cor
2636 5188 2865 5246 novum,
2900 5184 2960 5231 ut
2988 5174 3283 5232 crederent
3323 5173 3380 5227 in
3410 5168 3610 5226 Filium

2025 5274 2139 5339 Dei,
2175 5285 2226 5329 et
2259 5275 2509 5345 Spiritum
2542 5288 2781 5338 novum,
2814 5272 2880 5328 de
2911 5270 3107 5341 quibus
3136 5267 3307 5323 David
3340 5264 3609 5335 loquitur:

2021 5368 2131 5425 Cor
2157 5369 2417 5425 mundum
2444 5385 2568 5425 crea
2600 5370 2654 5424 in
2680 5386 2789 5439 me,
2822 5368 2991 5436 Deus,
3027 5372 3082 5421 et
3113 5364 3362 5434 spiritum
3404 5368 3613 5415 rectum

2024 5465 2222 5521 innora
2251 5465 2305 5521 in
2332 5464 2640 5521 visceribus
2666 5465 2803 5520 meis
2834 5460 3010 5533 (Psal.
3041 5476 3093 5525 L,
3120 5456 3235 5527 2|).
3270 5455 3341 5510 Et
3366 5453 3617 5509 conside-

2019 5622 2280 5687 positnm.
2314 5621 2775 5693 Multiplicabitur,
2827 5616 3031 5688 inquit,
3082 5616 3155 5667 eis
3181 5614 3521 5693 frumentum,
3548 5610 3617 5693 de

2016 5683 2118 5763 quo
2164 5694 2381 5764 efficitur
2406 5683 2632 5764 caelestis
2655 5683 2827 5764 panis,
2859 5683 3039 5764 etnon
3080 5683 3345 5764 patientur
3374 5684 3510 5764 ultra
3538 5683 3620 5753 fa-

2018 5757 2149 5817 ntem
2172 5757 2421 5819 s'ermouis
2446 5763 2563 5818 Dei.
2589 5757 2961 5819 Nihilusecius
2981 5758 3228 5815 Martian.
3253 5773 3374 5813 cum
3394 5757 3618 5812 Erasmo

2020 5836 2243 5892 retinuit
2273 5835 2526 5905 fructum.

2642 6008 2651 6015 ι
2702 6000 2761 6021 ι*
