4038 6328
391 267 502 326 3ιὸ

1626 264 1686 320 S.
1725 258 1994 319 EUSEBII
2030 256 2413 316 HIERONYMI

3565 256 3668 313 544

393 381 625 437 randum
644 422 660 449 ,
693 377 837 450 quod
875 390 973 433 cor
1017 390 1218 431 novum
1238 416 1252 442 ,
1284 384 1340 430 et
1365 374 1591 447 spiritus
1620 388 1796 430 novus
1825 372 1984 428 detur
2010 386 2065 446 Α
2088 371 2397 427 Invenietur
2431 371 2580 426 enim
2606 385 2636 427 a
2666 370 2829 426 domo
2875 369 3075 435 Israel,
3102 369 3192 439 qui
3221 367 3395 424 multo
3425 377 3671 438 tempore

396 488 497 545 per
516 473 833 530 effusionem
864 479 918 526 et
940 470 1315 541 aspersionem
1343 484 1516 539 aquae.
1542 467 1769 538 Quando
1797 477 1980 522 autem

396 580 493 622 cor
530 580 733 620 novum
783 564 965 618 datum
1013 561 1175 618 fuerit
1220 572 1282 618 et
1324 563 1549 631 spiritus
1596 576 1803 627 n0vus,
1859 570 1985 614 tunc

395 660 677 714 auferetur
704 655 775 711 de
803 655 970 711 corde
1014 654 1244 711 Judaico
1272 656 1450 711 omnis
1478 654 1678 710 duritia
1697 697 1710 717 ,
1754 669 1877 725 qua:
1904 653 1984 708 la-

397 752 510 825 pidi
541 759 910 821 comparatur,
971 760 1027 804 ut
1071 765 1167 820 pro
1206 750 1422 820 lapideo
1448 748 1616 805 corde
1645 750 1717 804 sit
1745 765 1840 805 cor
1868 763 1989 805 car-

396 862 557 902 neum
579 888 593 913 ,
638 845 803 901 molle
832 855 887 900 et
917 855 1196 910 tenerum,
1250 844 1393 914 quod
1423 844 1672 913 spiritum
1706 844 1803 898 Dei
1836 843 1890 899 in
1930 858 1991 899 se

398 941 573 1013 possit
600 940 868 1010 recipere,
897 949 951 995 et
976 939 1200 995 inscribi
1230 938 1428 994 litteris
1452 938 1804 997 salutaribus.
1836 937 1991 995 Tunc

399 1034 756 1090 ambulabunt
800 1034 855 1087 in
914 1032 1203 1104 praeceptis
1256 1033 1511 1099 Domini,
1572 1044 1626 1088 et
1680 1034 1992 1089 eustodient

397 1126 602 1196 judicia
648 1126 805 1194 ejus,
851 1135 907 1180 et
954 1124 1285 1181 habitabunt
1327 1126 1377 1178 in
1415 1135 1561 1180 terra
1609 1125 1991 1189 confessiOnis,

402 1235 563 1288 quam
593 1218 819 1273 dederat
848 1218 1102 1288 patribus
1131 1232 1321 1272 eorum
1354 1217 1660 1284 Abraham,
1709 1217 1890 1283 Isaac,
1938 1228 1995 1273 et

402 1309 592 1377 Jacob,
622 1320 675 1365 et
700 1311 922 1365 cunctis
967 1310 1171 1364 sanctis
1197 1324 1264 1365 ac
1296 1308 1604 1379 prophetis,
1650 1319 1705 1365 et
1732 1322 1892 1365 erunt
1939 1311 1992 1365 in

406 1408 664 1477 populum
701 1404 817 1473 Dei,
850 1416 903 1460 et
935 1404 1198 1460 Dominus
1229 1405 1338 1460 erit
1383 1404 1464 1460 eis
1511 1406 1564 1459 in
1595 1404 1763 1459 Deum
1787 1445 1803 1469 ,
1851 1404 1996 1473 quod

404 1500 661 1569 praesenti
722 1508 974 1565 tempore
1023 1498 1434 1569 comprobatur.
1496 1496 1746 1569 Cumque
1803 1499 1995 1553 salvati

406 1592 627 1659 fuerint,
658 1593 876 1647 vocabit
909 1593 1170 1647 Dominus
1197 1591 1561 1657 frumentum,
1592 1601 1649 1646 et
1669 1591 1999 1662 multiplica-

410 1687 489 1743 bit
519 1688 669 1744 illud.
704 1688 818 1743 Nisi
849 1690 994 1743 enim
1024 1703 1253 1758 granum
1284 1685 1451 1741 tritici
1482 1687 1681 1741 cadens
1726 1687 1779 1741 in
1823 1696 1996 1749 terra.

2087 467 2347 537 quaesitus
2375 465 2584 530 fuerat,
2627 473 2685 521 et
2723 480 2830 519 non
2859 464 3132 519 inventus.
3179 463 3247 519 Et
3278 470 3560 534 postquam
3592 461 3675 515 in-

2087 560 2296 616 venerit
2313 574 2461 623 eum,
2496 555 2881 627 multiplicabit
2902 571 3004 611 eos
3026 555 3169 610 sicut
3187 570 3317 610 oves
3335 573 3347 607 :
3365 570 3470 608 non
3492 552 3677 607 bruto-

2089 670 2209 710 rum
2234 654 2615 719 animantium,
2650 651 2745 707 sed
2787 667 2919 707 oves
2944 651 3255 717 hominum,
3295 663 3419 720 qua:
3451 649 3678 704 rationis

2092 747 2557 817 confessionisque
2605 754 2733 800 sunt
2782 744 2998 814 plenae,
3060 743 3200 798 sicut
3259 758 3387 797 oves
3460 750 3677 796 sanctas

2093 852 2150 898 et
2197 857 2394 914 greges
2440 842 2780 906 Jerusalem,
2830 840 2885 895 in
2936 854 3038 910 qua
3088 839 3306 909 preprie
3338 837 3429 892 Dei
3479 835 3677 901 cultus,

2094 946 2150 992 et
2192 935 2331 990 visio
2378 936 2526 1005 pacis
2572 944 2698 1001 est,
2748 934 2800 987 in
2853 931 3291 988 solemnitatibus
3340 927 3462 1000 ejus
3518 927 3681 1000 429

2095 1032 2310 1105 quando
2353 1031 2690 1089 comedimus
2733 1045 2921 1101 azyma
2967 1025 3300 1083 sinceritatis
3344 1035 3399 1081 et
3424 1024 3676 1079 veritatis

2096 1127 2143 1198 (l
2171 1124 2292 1182 Cor.
2324 1129 2403 1196 v).
2435 1137 2491 1182 et
2521 1126 2663 1196 Agni
2691 1123 2951 1180 carnibus
2976 1121 3255 1177 vescimur
3284 1128 3339 1176 et
3367 1132 3564 1175 cruore
3589 1132 3681 1187 po-

2099 1229 2313 1290 tamur,
2352 1228 2409 1273 et
2438 1220 2491 1273 in
2525 1228 2733 1290 septem
2763 1217 3198 1274 hebdomadibus
3219 1262 3231 1285 ,
3266 1224 3320 1269 et
3350 1215 3402 1268 in
3432 1212 3685 1267 taberna-

2097 1314 2237 1368 culis
2270 1312 2436 1384 hujus
2467 1312 2654 1368 saeculi
2700 1310 2979 1368 Dominica
3033 1312 3170 1365 festa
3210 1307 3579 1369 celebramus,
3626 1312 3685 1360 ut

2100 1408 2351 1464 civitates
2381 1406 2657 1477 quondam
2689 1405 2922 1461 deserta:
2946 1404 3127 1475 plenae
3150 1402 3281 1459 [lant
3302 1400 3558 1473 gregibus
3584 1398 3687 1452 ho-

2103 1504 2306 1557 minum
2333 1544 2348 1570 ,
2402 1511 2457 1558 et
2485 1503 2595 1557 hac
2638 1503 2848 1558 ratione
2879 1512 3251 1571 cognoscant,
3300 1497 3443 1569 quod
3473 1498 3590 1568 ipse
3619 1487 3690 1551 sit

2106 1595 2395 1663 Dominus,
2419 1595 2514 1667 qui
2535 1604 2727 1651 cuncta
2755 1593 3092 1665 prteStiterit.
3126 1593 3255 1647 llaec
3277 1592 3431 1663 juxta
3449 1590 3691 1645 historiae

2107 1688 2394 1743 veritatem
2419 1734 2433 1757 ,
2463 1689 2631 1743 immo
2656 1691 2812 1759 juxta
2842 1686 3146 1758 prophetite
3178 1684 3337 1741 fidem
3364 1703 3377 1738 :
3419 1682 3690 1754 quomodo

410 1789 679 1835 mertuum
714 1780 896 1845 fuerit,
924 1779 1100 1847 ipsum
1130 1777 1310 1832 solum
1342 1786 1525 1832 manet
1548 1776 1735 1847 (Joan.
1759 1791 1858 1844 xn,
1880 1776 1996 1848 24).
2030 1789 2080 1851 Β
2108 1780 2341 1852 populus
2380 1780 2546 1835 Israel
2594 1782 2916 1836 resrituatur
2964 1781 3017 1834 in
3062 1780 3333 1849 integrum
3367 1786 3588 1842 statum,
3637 1784 3693 1829 et

410 1872 479 1929 Et
528 1885 868 1941 nequaquam
913 1871 1191 1940 patientur
1234 1870 1429 1924 famem
1474 1868 1674 1941 (Amos.
1722 1884 1839 1933 Vill,
1874 1868 1993 1939 il):

411 1980 518 2021 non
564 1964 761 2020 famem
796 1965 955 2034 panis
1001 1973 1056 2018 et
1099 1963 1248 2018 sitim
1297 1978 1483 2032 aquae,
1520 1961 1617 2018 sed
1664 1961 1864 2019 famem
1901 1978 1998 2017 au-

412 2058 597 2114 diendi
644 2072 958 2113 sermonem
995 2058 1125 2125 Dei,
1159 2071 1321 2127 quam
1369 2069 1565 2125 passus
1594 2065 1680 2111 est
1724 2055 1818 2109 ille
1848 2056 1941 2125 qui
1970 2071 1999 2109 a

412 2153 577 2209 Patre
622 2151 925 2223 profectus,
961 2166 1181 2207 omnem
1228 2166 1390 2221 quam
1420 2159 1714 2219 acceperat
1741 2149 2003 2204 substan-

417 2247 585 2315 tiam,
633 2246 919 2315 dissipavit
962 2263 974 2297 :
1022 2244 1239 2313 quando
1282 2242 1449 2316 428
1484 2243 1642 2299 famis
1673 2242 2004 2299 necessitate

413 2355 673 2412 cogente,
724 2355 1017 2411 porcorum
1050 2348 1240 2409 pastus
1270 2350 1355 2393 est
1384 2338 1601 2407 siliquis
1645 2336 1816 2407 (Luc.
1862 2353 1930 2391 xv
1964 2338 2002 2403 ).

418 2436 573 2492 Tunc
607 2432 1054 2502 multiplicabitur
1084 2430 1295 2486 fructus
1326 2430 1483 2501 ligni,
1511 2430 1617 2485 hoc
1642 2439 1750 2499 est,
1781 2430 2003 2499 sapien-

420 2530 531 2592 tite,
562 2528 629 2582 de
654 2543 761 2597 quo
786 2526 1050 2595 scriptum
1084 2533 1169 2580 est
1189 2542 1201 2579 :
1225 2523 1461 2594 Lignum
1484 2525 1611 2579 vitae
1639 2534 1723 2578 est
1750 2524 2007 2579 omnibus

417 2621 510 2693 qui
540 2618 822 2689 requirunt
864 2633 981 2674 eam
1011 2615 1202 2686 (Prov.
1230 2633 1310 2684 ut,
1345 2616 1434 2687 18)
1462 2635 1475 2671 :
1500 2625 1554 2670 et
1583 2616 1862 2687 genimina
1890 2617 2007 2687 agri

420 2718 472 2768 in
520 2712 930 2769 similitudinem
960 2710 1153 2774 Jacob,
1186 2710 1343 2779 cujus
1375 2708 1512 2764 odor
1542 2720 1662 2764 erat
1687 2710 1844 2779 quasi
1874 2711 2009 2765 odor

415 2807 533 2877 agri
563 2805 729 2877 pleni,
752 2806 839 2860 cui
868 2804 1142 2859 benedixit
1170 2804 1431 2858 Dominus
1459 2802 1666 2873 (Cenes.
1693 2818 1860 2870 xxvu,
1892 2803 2009 2874 27).

420 2900 530 2956 Nec
574 2902 712 2956 ultra
746 2900 1041 2971 portabunt
1067 2899 1421 2970 opprobrium
1455 2898 1613 2954 famis
1644 2899 1696 2953 in
1736 2900 2007 2970 gentibus,

421 2996 567 3069 quod
614 2995 885 3064 hodieque
910 2994 1226 3050 Iudaeorum
1271 2993 1473 3064 patitur
1503 2993 1854 3049 incredulitas
1878 3010 1892 3046 :
1916 2995 2013 3049 sed

422 3100 709 3161 postquam
758 3087 1152 3143 beatitudinem
1203 3086 1407 3142 fuerint
1455 3087 1775 3151 consecuti,
1829 3086 2007 3141 imita-

2104 1874 2347 1944 reliquiae
2380 1874 2569 1944 populi
2588 1874 2933 1939 Iudaeorum,
2970 1872 3236 1943 Apostolo
3262 1869 3433 1927 Paulo
3461 1868 3693 1925 docente

2104 1967 2284 2041 (Rom.
2309 1984 2383 2032 lx,
2412 1968 2528 2039 Η),
2551 1968 2719 2023 salva:
2743 1967 2855 2022 sint
2880 1967 2934 2021 in
2964 1966 3252 2035 Apostolo,
3277 1975 3329 2019 et
3354 1967 3408 2018 in
3436 1962 3693 2017 omnibus

2104 2064 2199 2131 qui
2226 2078 2299 2119 ex
2329 2062 2535 2118 Iudaeis
2566 2064 2621 2118 in
2667 2063 2941 2133 principio
2982 2060 3343 2117 crediderunt
3368 2106 3381 2127 ,
3428 2069 3483 2113 et
3523 2072 3695 2128 usque

2107 2155 2279 2210 hodie
2309 2155 2542 2211 redeunt
2569 2155 2634 2211 ad
2667 2154 2967 2211 Ecclesiam
2991 2196 3005 2219 ,
3051 2152 3299 2209 breviter
3337 2150 3543 2206 dixisse
3580 2149 3695 2203 suf-

2108 2249 2276 2307 ﬁciat.
2308 2248 2463 2305 Nunc
2496 2250 2813 2321 tropologiae
2845 2248 3036 2305 eadem
3066 2247 3336 2301 brevitate
3368 2242 3698 2314 aperiendus

2110 2353 2195 2400 est
2216 2357 2433 2398 sensus.
2473 2341 2814 2413 Quicumque
2840 2341 2910 2397 de
2939 2341 3101 2396 domo
3133 2349 3216 2394 est
3248 2337 3457 2403 Israel,
3498 2346 3551 2391 et
3580 2350 3701 2389 cer-

2113 2440 2191 2493 nit
2217 2453 2405 2509 paeem
2445 2436 2687 2502 Christi,
2732 2451 2853 2507 qua:
2881 2444 3173 2501 exsuperat
3202 2448 3418 2487 omnem
3456 2443 3697 2496 sensum,

2112 2531 2322 2585 habitat
2350 2529 2403 2584 in
2436 2539 2578 2584 terra
2601 2545 2719 2597 sua,
2749 2528 2854 2583 hoc
2878 2536 2989 2593 est,
3017 2527 3258 2582 Ecclesia
3281 2566 3296 2591 ,
3324 2523 3412 2579 vel
3438 2525 3490 2577 in
3517 2523 3701 2578 carnis

2113 2624 2353 2694 hospitio
2380 2664 2396 2689 ,
2448 2622 2594 2693 quod
2638 2623 2689 2677 ei
2737 2637 2764 2675 a
2794 2622 2908 2677 Deo
2946 2621 3207 2676 traditum
3245 2628 3352 2674 est.
3394 2617 3487 2674 Sin
3520 2625 3696 2670 autem

2113 2716 2370 2786 polluerit
2405 2726 2698 2786 utramque
2730 2724 2933 2769 terram
2967 2715 3021 2768 in
3049 2714 3154 2767 viis
3189 2712 3304 2765 suis
3332 2710 3616 2781 pessimis,
3648 2718 3701 2762 et

2115 2811 2475 2865 immunditite
2499 2809 2744 2864 mulieris
2773 2816 3126 2863 menstruatae
3142 2803 3308 2861 fuerit
3326 2819 3516 2873 compa
3527 2812 3697 2857 ratus:

2115 2903 2347 2959 effundit
2388 2904 2532 2958 Deus
2569 2902 3002 2973 indignationem
3036 2915 3191 2954 suam
3220 2914 3387 2970 super
3414 2913 3536 2953 eum
3560 2940 3573 2961 ,
3601 2910 3700 2966 pro

2116 2998 2400 3067 sanguine,
2424 2998 2511 3051 vel
2534 3010 2655 3061 suo,
2685 2995 2772 3051 vel
2804 3009 3018 3058 eorum,
3050 3007 3189 3063 quos
3215 2989 3693 3053 scandalizaverit,

2118 3102 2177 3148 et
2203 3091 2462 3148 eﬂ‘uderit
2489 3105 2655 3161 super
2679 3100 2885 3145 terram
2904 3132 2919 3156 ,
2963 3097 3019 3144 et
3046 3087 3324 3157 perversis
3361 3082 3706 3155 cogitationi-

422 3183 626 3238 buntur
652 3181 974 3251 Apostolum
1007 3181 1096 3250 qui
1122 3178 1291 3234 dicit:
1318 3177 1437 3234 Non
1465 3193 1583 3233 sum
1610 3177 1810 3248 dignus
1830 3180 2013 3234 vocari
2043 3188 2089 3253 ρ
2120 3186 2222 3242 bus
2247 3186 2445 3257 quibus
2476 3186 2674 3255 polluit
2721 3199 2864 3240 eam.
2932 3185 3084 3239 Tunc
3121 3182 3465 3252 diSpergetnr
3495 3181 3547 3235 in
3576 3195 3708 3251 gen.

423 3274 740 3344 Apostolus,
794 3272 924 3343 quia
967 3280 1285 3342 persecutus
1316 3287 1434 3326 sum
1472 3270 1772 3327 Eeclesiam
1805 3272 1904 3327 Dei
1956 3271 2018 3344 (ι

426 3369 547 3422 Cor.
580 3383 671 3433 xv,
700 3364 781 3438 9).
816 3366 884 3421 Et
910 3365 1341 3421 recordabuntur
1369 3366 1577 3420 viarum
1600 3380 1820 3420 suarum
1847 3367 2021 3435 pessi-

423 3476 661 3529 marum,
708 3470 763 3515 et
791 3459 1100 3515 studiorum
1151 3474 1258 3513 non
1291 3460 1590 3524 bonorum,
1619 3459 1821 3529 quibus
1846 3457 2022 3513 offen-

426 3555 621 3610 derant
666 3553 837 3609 Deum
884 3571 895 3607 :
938 3564 995 3607 et
1026 3552 1396 3621 displicebunt
1421 3552 1502 3606 eis
1533 3551 1850 3622 iniquitates
1881 3567 2016 3614 sum,

425 3656 481 3703 et
507 3648 716 3703 scelera
765 3662 863 3702 sua
893 3646 1091 3717 quibus
1125 3646 1275 3716 prius
1306 3654 1648 3700 erraverant.
1679 3644 1806 3700 Haec
1836 3653 2019 3699 autem

428 3742 609 3795 omnia
645 3740 945 3795 tributurus
975 3749 1061 3795 est
1093 3740 1382 3802 Dominus,
1414 3755 1521 3794 non
1557 3747 1784 3809 propter
1807 3754 1901 3793 eos
1929 3739 2022 3809 qtti

430 3834 651 3906 proprio
698 3848 886 3890 errore
930 3834 1247 3904 perierunt;
1277 3831 1372 3888 sed
1403 3840 1632 3902 propter
1664 3846 1862 3886 nomen
1895 3847 2024 3885 san-

429 3936 575 3983 ctum
607 3942 787 3982 suum.
822 3924 975 3981 Unde
1005 3934 1267 3996 provocat
1294 3924 1521 3978 domum
1567 3922 1764 3986 Israel,
1799 3932 1856 3978 ut
1886 3938 2023 3977 con-

430 4018 691 4075 fundatur
712 4028 766 4074 et
785 4018 1075 4075 erubescat
1095 4032 1261 4086 super
1283 4017 1568 4088 prioribus
1589 4016 1758 4081 vitiis,
1787 4024 1843 4071 et
1863 4031 2023 4070 suum

431 4114 700 4185 intelligat
727 4112 1069 4169 Creatorem.
1115 4110 1411 4181 Postquam
1451 4121 1631 4165 autem
1682 4111 2027 4166 mundaverit

436 4205 779 4263 credentium
802 4220 870 4260 ex
891 4203 1095 4259 ludatis
1116 4204 1375 4274 populum
1399 4202 1469 4257 ab
1492 4203 1866 4274 iniquitatibus
1888 4202 2023 4269 suis,

438 4310 492 4356 et
537 4297 772 4353 habitari
822 4297 1013 4352 fecerit
1044 4297 1208 4351 nrbes
1242 4296 1527 4364 Ecclesiae,
1558 4305 1613 4351 et
1642 4297 2030 4352 iustauraverit

434 4392 658 4449 ruinosa
705 4407 827 4463 qua:
876 4393 931 4444 in
979 4391 1271 4463 synagogis
1323 4389 1721 4459 conciderant,
1773 4399 1832 4446 et
1882 4399 2028 4447 terra

435 4486 799 4543 confessionis
846 4484 1012 4542 fuerit
1054 4486 1273 4541 exculta
1329 4485 1679 4541 caeremoniis
1728 4485 1860 4553 Dei,
1908 4502 2028 4556 quae

2121 3290 2226 3345 tes,
2253 3290 2311 3333 ut
2335 3279 2639 3334 incredulis
2670 3287 3003 3346 comquetnr,
3023 3287 3077 3331 et
3104 3275 3461 3331 ventilabitur
3479 3274 3533 3328 in
3560 3282 3708 3328 terra

2122 3371 2294 3426 instar
2321 3371 2626 3442 palearum,
2657 3381 2715 3425 ut
2744 3386 2773 3423 a
2801 3372 3077 3426 frumento
3096 3368 3360 3424 Ecclesiae
3392 3377 3707 3437 separetur,

2123 3474 2178 3519 et
2205 3462 2483 3534 judicetur
2522 3464 2824 3519 secundum
2871 3464 2988 3519 vias
3034 3476 3179 3519 suas.
3221 3461 3377 3528 Quod
3419 3461 3465 3515 si
3503 3475 3603 3517 nec
3634 3462 3711 3515 sic

2124 3556 2362 3611 senserit
2391 3566 2675 3625 peccatum
2705 3572 2889 3622 suum,
2937 3555 3033 3610 sed
3064 3553 3325 3625 polluerit
3351 3568 3548 3608 nomen
3588 3568 3712 3607 san-

2124 3659 2270 3705 ctum
2295 3649 2438 3720 ejus,
2470 3649 2659 3704 dicent
2687 3663 2880 3704 omnes
2909 3650 3051 3703 inter
3071 3663 3207 3717 quos
3246 3646 3504 3702 habitarit
3529 3664 3540 3700 :
3578 3646 3714 3701 Ecce

2126 3743 2359 3814 populus
2405 3743 2539 3809 Dei,
2589 3757 2718 3799 ecce
2762 3743 2854 3813 qui
2903 3756 3161 3812 egressus
3188 3749 3275 3797 est
3301 3741 3369 3796 de
3403 3749 3550 3795 terra
3574 3739 3711 3810 ejus,

2127 3839 2294 3892 immo
2338 3839 2641 3907 projectus.
2694 3836 2787 3891 Sin
2828 3846 3011 3890 autem
3054 3836 3269 3905 egerint
3308 3834 3714 3904 paenitentiam,

2127 3942 2181 3987 et
2219 3928 2589 3986 sanctificatus
2617 3929 2774 3984 fuero
2804 3929 2855 3983 in
2901 3928 3083 3983 medio
3109 3943 3333 3991 eorum,
3372 3939 3497 3982 tunc
3535 3926 3719 3981 omnis

2128 4025 2411 4095 gentilium
2443 4024 2599 4077 turba
2639 4031 2965 4093 cognoscet,
2995 4021 3142 4091 quod
3178 4036 3280 4091 ego
3312 4036 3407 4075 eos
3437 4019 3620 4074 tollam
3651 4018 3719 4071 de

2131 4120 2315 4182 terris,
2346 4120 2402 4173 in
2430 4134 2566 4187 quas
2588 4117 2821 4184 dispersi
2848 4126 3028 4183 erant,
3056 4125 3111 4171 et
3135 4115 3393 4171 reducam
3427 4116 3479 4168 in
3516 4124 3717 4169 terram

2130 4212 2424 4280 Ecclesiae,
2447 4222 2502 4265 et
2525 4210 2803 4266 effundam
2827 4226 2993 4280 super
3022 4209 3144 4263 illos
3184 4224 3526 4279 nequaquam
3552 4224 3718 4277 aquas

2130 4305 2394 4375 Baptismi
2423 4303 2706 4372 salutaris,
2739 4304 2833 4357 sed
2869 4318 3041 4373 aquas
3073 4302 3339 4356 doctrina:
3367 4310 3422 4355 et
3453 4301 3717 4355 sermonis

2132 4398 2263 4454 Dei:
2294 4407 2354 4452 et
2394 4395 2669 4451 mundabo
2719 4394 2844 4450 illos
2891 4394 2960 4448 ab
3002 4393 3257 4449 omnibus
3294 4392 3718 4463 inquinamentis

2135 4492 2280 4554 suis,
2319 4499 2376 4545 et
2415 4490 2485 4543 ab
2511 4488 2785 4544 universis
2813 4488 2972 4543 idolis
2997 4497 3161 4557 atque
3187 4487 3467 4542 erroribus
3514 4501 3633 4557 qua:
3660 4485 3715 4538 in

438 4580 714 4652 quondam
763 4579 879 4635 visa
925 4589 1008 4636 est
1054 4579 1298 4635 desolata
1342 4579 1596 4637 omnibus
1643 4578 1888 4644 sanctis,
1940 4579 2030 4649 qui
2061 4580 2113 4640 D
2140 4599 2241 4639 suo
2270 4583 2439 4639 corde
2469 4583 2886 4638 simulaverant.
2948 4581 3015 4635 Et
3042 4581 3221 4644 dabo,
3259 4582 3454 4652 inquit,
3504 4582 3586 4635 eis
3628 4593 3724 4633 cor

439 4686 670 4730 terrena:
700 4674 1133 4729 conversationis
1153 4689 1318 4744 opera
1347 4682 1679 4744 praetereunt
1706 4692 1716 4726 :
1756 4684 1882 4728 tunc
1909 4689 2029 4726 om-

440 4783 540 4823 nes
590 4767 807 4822 dicent:
841 4765 1125 4834 Quomodo
1174 4776 1318 4821 terra
1355 4766 1543 4821 Judzea
1590 4780 1710 4836 quae
1750 4765 2024 4834 quondam

440 4859 619 4914 fuerat
644 4858 881 4925 inculta,
931 4874 1074 4914 nunc
1122 4858 1289 4913 habet
1330 4858 1743 4913 similitudinem
1793 4857 2025 4927 paradisi

442 4951 574 5016 Dei;
608 4961 664 5006 et
706 4951 958 5006 civitates
1006 4950 1247 5015 Judaaae,
1290 4967 1410 5021 qum
1456 4950 1686 5006 deserta:
1732 4949 2032 5005 fueruntet

440 5045 737 5110 destitutae,
760 5054 814 5100 et
840 5060 938 5100 sua
965 5045 1349 5101 incredulitate
1369 5044 1637 5113 sulfossae,
1668 5061 1811 5100 nunc
1832 5055 2031 5099 erectae

441 5149 498 5194 et
531 5137 755 5192 munitae
795 5149 923 5193 sunt
970 5137 1023 5192 in
1069 5136 1448 5203 confessione,
1481 5149 1534 5195 et
1564 5138 1783 5194 nomine
1818 5138 2031 5192 Domini

445 5229 781 5285 Salvatoris?
830 5229 901 5284 ita
958 5239 1017 5285 ut
1061 5232 1239 5287 omnis
1287 5241 1545 5286 creatura
1596 5242 1928 5302 cognoscat,
1978 5241 2035 5287 et

442 5320 817 5377 multitudines
863 5322 1232 5391 Augelorttm,
1277 5338 1397 5394 qua:
1445 5334 1641 5378 terram
1671 5324 1919 5378 ambiunt
1955 5324 2030 5378 ls-

440 5414 579 5482 rael,
611 5413 756 5484 quod
782 5413 1042 5469 Dominus
1068 5414 1357 5486 dissipatas
1378 5416 1731 5472 aedificaverit
1750 5416 2025 5485 civitates,

442 5516 499 5562 et
527 5506 759 5559 incultas
787 5505 1116 5576 plautaverit
1140 5510 1425 5579 regiones,
1458 5518 1516 5563 et
1562 5506 1707 5579 quod
1758 5508 2031 5578 pollicitus

442 5603 619 5656 fuerat
649 5616 745 5670 per
776 5602 1072 5672 prophetas
1092 5645 1109 5670 ,
1159 5620 1325 5676 opere
1366 5604 1750 5675 compleverit.
1782 5602 1895 5658 Nec
1925 5602 2031 5658 hoc

443 5694 550 5750 erit
590 5694 927 5751 liberalitatis
973 5714 1085 5753 sua:
1132 5701 1183 5754 in
1232 5700 1488 5771 populum
1533 5713 1689 5770 quem
1740 5697 2032 5753 salvaverit

441 5794 730 5843 contentus
775 5804 1029 5855 munere;
1086 5793 1180 5847 sed
1239 5799 1407 5851 multo
1461 5796 1666 5867 majora
1717 5792 2026 5862 prwstabit.

2134 4691 2359 4741 novum,
2385 4675 2530 4744 quod
2560 4690 2656 4744 per
2674 4683 2961 4742 peceatum
2985 4671 3360 4742 perdiderant,
3390 4682 3445 4725 et
3470 4671 3723 4742 spiritum

2137 4779 2347 4823 rectum
2396 4767 2666 4823 innovabo
2705 4768 2757 4820 in
2800 4765 3064 4820 cordibus
3092 4780 3307 4822 eorum.
3372 4765 3441 4819 Et
3481 4765 3726 4819 auferam

2136 4876 2231 4917 cor
2277 4860 2590 4931 lapideum,
2644 4874 2739 4914 eor
2786 4858 3050 4913 videlicet
3095 4857 3464 4922 incredulum;
3498 4865 3555 4912 et
3583 4858 3727 4912 dabo

2136 4971 2233 5011 eor
2252 4968 2534 5017 carneum,
2565 4951 2751 5018 molle,
2778 4962 2833 5005 et
2856 4961 3136 5016 tenerum;
3164 4950 3309 5021 quod
3329 4950 3425 5005 Dei
3455 4961 3728 5019 praecepta

2136 5047 2431 5116 suscipiat;
2459 5044 2624 5117 5,30
2648 5044 2721 5099 ita
2752 5054 2815 5099 ut
2844 5044 3128 5099 ambulent
3154 5045 3208 5097 in
3244 5043 3538 5112 praeceptis
3561 5044 3726 5104 meis,

2136 5154 2191 5199 et
2218 5142 2682 5212 faciantjudicia;
2724 5158 2847 5211 quae
2881 5141 3035 5211 prius
3065 5140 3458 5210 neglexerant,
3491 5149 3546 5193 et
3578 5137 3728 5191 habi-

2137 5247 2254 5292 tent
2283 5239 2337 5292 in
2369 5249 2515 5292 terra
2543 5250 2708 5307 quam
2732 5234 2995 5291 dederam
3028 5232 3276 5303 patribus
3305 5248 3497 5286 eorum
3516 5277 3529 5299 ,
3558 5231 3730 5301 magi-

2138 5333 2270 5387 stris
2296 5332 2554 5386 videlicet
2577 5342 2742 5400 atque
2767 5329 3120 5385 doctoribus:
3153 5335 3210 5381 et
3231 5341 3449 5381 rursum
3473 5328 3539 5380 sit
3566 5341 3729 5396 popu-

2139 5424 2224 5480 lus
2272 5423 2391 5488 Dei,
2432 5434 2489 5477 et
2527 5422 2790 5479 Dominus
2839 5422 2919 5476 eis
2968 5428 3213 5475 vertatur
3241 5421 3293 5472 in
3328 5419 3530 5486 Deum,
3563 5434 3728 5488 quem

2139 5517 2292 5587 prius
2338 5513 2697 5571 offenderant.
2754 5512 2908 5568 Tunc
2953 5511 3308 5567 salvabuntur
3356 5512 3423 5564 ah
3460 5511 3730 5566 universis

2140 5608 2565 5678 inquinamentis
2597 5606 2711 5660 suis
2739 5647 2752 5671 ,
2804 5614 2858 5659 et
2904 5603 3362 5671 multiplicabitur
3384 5603 3463 5658 eis
3492 5603 3731 5657 frumen—

2140 5710 2279 5769 tum,
2308 5702 2377 5756 de
2403 5716 2510 5772 quo
2536 5700 2769 5755 efficitur
2800 5697 3043 5754 ctelestis
3069 5696 3261 5765 panis;
3292 5704 3348 5750 et
3376 5710 3482 5750 non
3520 5695 3730 5764 patien-

2140 5803 2226 5849 tur
2258 5794 2403 5849 ultra
2451 5794 2649 5847 famem
2699 5791 2969 5845 sermonis
3002 5791 3131 5849 llei;
3174 5802 3228 5843 et
3268 5789 3727 5854 multiplicabitur
