4038 6328
280 280 386 336 545

910 281 1567 343 ΟΟΜΜΕΝΤΑΒΙΟΒΗΜ
1598 283 1672 342 IN
1708 279 1844 340 ΕΖΒ

1950 280 2151 342 IELEM
2179 283 2310 342 LIB.
2354 285 2445 344 XI.
2486 286 2640 344 CAP.
2683 289 2956 348 XXXVII.

3454 288 3557 345 ⁸546

274 396 328 450 in
352 396 437 452 eis
477 396 692 468 lignum
727 399 1012 472 sapientiae
1033 441 1049 467 ,
1079 409 1135 457 et
1161 400 1438 472 genimina
1469 402 1522 458 in
1553 415 1744 459 eorum
1775 415 1869 470 pe-
1895 403 1950 463 Α
1972 412 2194 457 xerunt:
2225 411 2580 476 steteruntque
2605 421 2763 475 super
2793 407 2948 476 pedes
2970 423 3090 464 suos
3127 411 3385 465 exercitus
3405 427 3563 483 gran-

269 499 426 545 ctore
467 491 910 559 complebantur.
970 493 1081 550 Nec
1121 503 1282 550 erunt
1321 495 1463 550 ultra
1509 493 1864 566 opprobrium

269 581 322 634 in
352 582 648 651 gentibus;
699 583 795 640 sed
840 595 1123 656 postquam
1166 586 1424 642 misertus
1472 585 1637 642 fuerit
1674 600 1863 642 eorum

271 675 448 742 Deus,
481 679 926 735 recordabuntur
967 685 1177 736 viarum
1219 697 1438 738 suarum
1483 682 1858 751 pessimarum,

269 781 323 827 et
348 774 534 828 scient
557 775 648 829 ubi
680 773 905 843 fuerint,
932 775 1476 846 etdisplicebuntsibi
1509 777 1561 830 in
1586 776 1864 848 inquitati-

270 869 368 923 bus
396 870 536 924 suis.
580 871 736 940 Quod
785 871 919 927 dicit
944 871 1239 941 Dominus,
1291 887 1397 928 non
1439 881 1665 942 propter
1714 873 1860 937 illos,

271 962 364 1017 sed
398 973 633 1034 propter
677 981 832 1022 suam
883 981 944 1022 se
990 969 1171 1022 tacere
1215 967 1584 1023 clementiam.
1630 965 1784 1023 Unde
1808 974 1864 1022 et

271 1059 600 1116 cohortatur
625 1072 900 1130 errantes,
923 1072 985 1118 ut
1009 1063 1434 1128 confundantur,
1461 1073 1516 1119 et
1536 1063 1862 1118 erubescant

274 1153 324 1207 in
349 1154 456 1208 viis
481 1155 603 1212 suis
620 1198 634 1221 ,
667 1164 721 1211 et
747 1157 1109 1213 restituantur
1136 1158 1188 1213 in
1221 1158 1387 1214 urbes
1411 1157 1673 1213 Ecclesiae
1695 1201 1709 1226 ,
1738 1172 1859 1229 quae

272 1263 482 1303 rursum
519 1249 842 1306 habitentur
871 1252 940 1306 ab
971 1252 1069 1316 eis,
1101 1262 1154 1308 et
1183 1253 1365 1307 omnia
1395 1267 1516 1323 qua:
1547 1252 1598 1306 in
1629 1252 1710 1308 eis
1727 1267 1854 1306 cor-

267 1353 510 1410 ruersnt,
549 1343 890 1401 aediﬁcentur
921 1364 932 1398 :
965 1357 1018 1402 et
1049 1346 1114 1400 ad
1149 1346 1407 1417 pristinas
1435 1346 1664 1402 redeant
1689 1361 1858 1400 etcre-

263 1437 470 1490 onias
499 1479 513 1502 ,
550 1447 608 1493 et
647 1449 792 1494 terra
837 1438 1106 1510 quondam
1139 1439 1390 1504 deserta,
1425 1454 1550 1508 qnte
1575 1437 1771 1493 accolis
1803 1448 1857 1493 ct

259 1531 567 1601 peregrinis
588 1574 603 1595 ,
657 1525 714 1587 et
743 1533 932 1588 mundi
980 1533 1140 1600 hujus
1167 1534 1638 1590 conversationem
1673 1545 1855 1590 trans-

254 1626 508 1680 euntibus
562 1625 677 1682 viso
719 1627 896 1683 fuerat
926 1628 1204 1698 desolata,
1239 1638 1547 1683 revertatur
1578 1628 1630 1683 in
1673 1628 1856 1698 pristi-

253 1734 376 1773 um
406 1727 668 1787 statum;
697 1735 1000 1793 omnesque
1025 1722 1312 1789 mirentur,
1344 1732 1396 1776 et
1430 1721 1615 1776 dicant
1640 1738 1654 1777 :
1681 1721 1849 1777 Terra

1968 497 2050 550 dis
2085 499 2240 552 nimis
2280 497 2449 553 valde.
2494 498 2558 553 Et
2589 501 2722 555 dixit
2749 501 2817 554 ad
2849 519 2930 558 me
2961 519 2981 558 :
3017 501 3130 559 Fili
3163 503 3410 569 hominis,
3442 521 3561 559 ossa

1965 591 2076 647 haec
2103 594 2342 649 universa
2370 594 2557 650 domus
2584 595 2756 651 Israel
2784 609 2878 652 est.
2915 597 3031 669 Ipsi
3051 601 3263 658 dicunt:
3287 601 3552 656 Aruerunt

1966 703 2084 741 ossa
2114 697 2315 753 nostra,
2363 700 2412 745 et
2454 691 2608 762 periit
2645 708 2760 763 spes
2798 703 2997 762 nostra,
3042 705 3088 749 et
3115 695 3332 751 abte-issi
3354 713 3555 752 sumus.

1965 776 2253 852 Propterea
2277 783 2580 851 vaticinare,
2634 795 2681 839 et
2711 785 2854 841 dices
2882 787 2953 840 ad
2980 803 3064 842 eos
3103 805 3122 842 .'
3153 791 3261 844 lucc
3287 789 3412 844 dicit
3443 790 3554 844 Do—

1961 874 2131 926 minus
2156 873 2324 930 Deus:
2362 874 2496 930 Ecce
2521 879 2754 948 aperiam
2783 880 3010 935 tumulos
3051 891 3246 938 vestros
3270 928 3286 954 ,
3335 895 3385 940 et
3429 887 3555 940 edu-

1963 981 2076 1021 cam
2125 984 2214 1023 vos
2258 969 2323 1024 de
2351 972 2599 1038 sepulcris
2639 975 2838 1040 vestris,
2883 975 3105 1045 papulas
3135 993 3298 1043 meus,
3330 988 3378 1033 et
3399 979 3556 1033 indu-

1962 1076 2076 1114 cam
2099 1076 2188 1114 vos
2211 1063 2267 1115 in
2291 1070 2480 1118 terram
2513 1064 2723 1120 Israel:
2749 1075 2798 1119 et
2819 1067 2989 1122 scietis
3017 1069 3141 1138 quia
3158 1085 3252 1141 ego
3273 1066 3548 1137 Dominus,

1961 1170 2075 1206 cum
2100 1171 2349 1226 aperuero
2373 1157 2608 1229 sepulcra
2633 1167 2819 1224 vestra,
2844 1167 2890 1214 et
2913 1160 3138 1214 eduxere
3165 1177 3254 1216 vos
3286 1162 3351 1216 de
3378 1170 3554 1218 tumu-

1961 1245 2026 1300 lis
2054 1249 2250 1314 vestris,
2289 1251 2515 1321 populus
2549 1267 2720 1319 meus,
2745 1262 2794 1306 et
2821 1252 3012 1306 dedero
3036 1255 3279 1323 spiritum
3306 1271 3477 1309 meum
3500 1258 3555 1310 in

1959 1339 2120 1405 vobis,
2151 1349 2202 1395 et
2231 1343 2477 1410 vixet-itis,
2531 1354 2578 1398 ct
2603 1345 2918 1416 requiescere
2938 1363 3026 1401 vos
3051 1348 3240 1418 faciam
3270 1365 3430 1420 super
3457 1348 3556 1402 hu-

1959 1451 2101 1488 mum
2121 1445 2367 1502 vestram,
2387 1447 2435 1492 et
2464 1439 2637 1492 scietis
2661 1440 2782 1510 quia
2807 1457 2898 1510 ego
2922 1439 3178 1496 Dominus
3201 1443 3402 1496 locutus
3421 1459 3554 1508 sum,

1957 1537 2007 1582 et
2027 1530 2144 1599 feci,
2175 1530 2247 1583 ait
2270 1529 2528 1586 Dominus
2549 1531 2712 1588 Deus.
2739 1532 2883 1589 LXX
2907 1552 2920 1588 :
2947 1533 3015 1588 Et
3043 1535 3180 1604 facta
3197 1546 3271 1590 est
3294 1553 3448 1604 super
3476 1553 3556 1591 me

1957 1641 2142 1679 manus
2162 1624 2394 1694 Domini,
2414 1637 2462 1682 et
2483 1629 2663 1682 eduxit
2684 1631 2826 1684 mein
2839 1630 3027 1703 spiritu
3059 1629 3286 1696 Domini,
3310 1641 3356 1684 et
3379 1632 3556 1701 posuit

1958 1719 2098 1771 mein
2119 1720 2290 1772 medio
2311 1721 2501 1788 campi,
2523 1729 2570 1774 et
2589 1720 2675 1775 hic
2703 1733 2812 1775 erat
2833 1723 3016 1794 plenus
3045 1723 3237 1778 ossium
3259 1722 3552 1792 hominum,

251 1812 336 1867 illa
369 1812 590 1870 inculta
618 1857 634 1882 ,
672 1825 817 1871 terra
853 1814 1074 1871 deserta
1100 1857 1113 1882 ,
1148 1814 1200 1870 in
1227 1829 1336 1887 qua
1357 1830 1550 1870 omnes
1576 1815 1850 1885 quondam
1884 1800 1932 1860 Β
1957 1823 2006 1867 et
2027 1815 2373 1868 circumduxit
2403 1833 2483 1869 me
2514 1833 2670 1886 super
2701 1833 2760 1871 ea
2792 1835 2885 1890 per
2910 1835 3096 1891 gyrum
3133 1819 3186 1872 in
3218 1819 3464 1885 circuitu,
3497 1831 3552 1876 et

249 1909 462 1977 periere
505 1909 748 1964 virtutes
771 1954 785 1979 ,
817 1925 961 1963 nuric
1003 1909 1144 1964 facta
1179 1919 1265 1964 cst
1291 1912 1443 1979 quasi
1475 1910 1666 1965 hortus
1694 1911 1850 1964 volu-

249 2004 409 2073 piatis
435 2011 498 2059 et
545 2003 842 2074 paradisus
893 2003 1021 2070 Dei;
1068 2013 1124 2060 et
1165 2004 1412 2060 civitates
1452 2003 1725 2076 quondam
1756 2005 1850 2060 de-

257 2107 432 2162 sensa,
457 2111 595 2167 quae
627 2097 798 2152 Deum
832 2097 1101 2168 hospitem
1137 2113 1243 2154 non
1274 2098 1566 2165 habebant,
1601 2109 1654 2155 et
1681 2098 1850 2154 desti-

270 2196 392 2242 tute
415 2198 578 2243 erant
633 2205 664 2244 a
701 2188 905 2260 Spiritu
938 2201 1160 2260 sancto,
1209 2199 1265 2245 et.
1317 2191 1561 2246 suffossa:
1611 2191 1849 2247 creduli-

274 2290 391 2346 tate,
419 2282 664 2336 munitm
691 2292 851 2338 erunt
879 2283 980 2338 iidc
1013 2284 1215 2338 Christi
1246 2301 1261 2340 :
1293 2293 1352 2339 ut
1377 2285 1555 2340 sciant
1577 2300 1770 2339 mnnes
1795 2284 1844 2338 in

259 2377 505 2447 circuitu,
541 2378 692 2448 quod
719 2379 978 2434 Dominus
1001 2378 1356 2434 aediﬁcaverit
1383 2379 1592 2433 animas
1615 2377 1848 2449 dissipa-

250 2481 320 2525 tas
341 2513 356 2533 ,
403 2481 466 2527 et
497 2473 840 2544 plantaverit
867 2473 920 2528 in
951 2474 1062 2537 eis,
1098 2481 1259 2544 atque
1285 2473 1595 2528 conseverit
1626 2481 1846 2526 cuncta-

248 2578 356 2615 rum
396 2564 682 2620 virtutum
731 2565 985 2630 arbores;
1037 2574 1092 2620 et
1139 2566 1256 2636 ipse
1289 2565 1450 2620 rebus
1489 2564 1842 2636 prxstiterit,

243 2673 358 2728 qua:
371 2643 648 2714 sermone
661 2660 930 2730 promisit.
949 2659 1300 2730 Rursumque
1323 2662 1642 2714 cohortatur
1663 2674 1846 2714 sermo

245 2753 615 2822 prepheticus
667 2755 1027 2824 pmnitentes,
1079 2766 1139 2809 ut
1195 2754 1357 2810 etiam
1425 2769 1548 2808 cum
1602 2755 1842 2824 regressi

243 2844 452 2901 fuerint
479 2848 540 2902 in
571 2847 841 2914 Ecclesia,
875 2863 1094 2918 semper
1125 2849 1405 2919 requirant
1431 2847 1758 2912 Dominum,
1789 2855 1844 2900 et

246 2940 538 2996 inveniant
559 2957 716 2996 cum:
747 2952 806 2997 ut
839 2942 1269 3012 multiplicemur
1299 2941 1639 2996 redeuntium
1671 2941 1842 2995 turbis

245 3049 446 3106 greges
473 3035 693 3090 Domini
726 3054 740 3090 :
791 3051 895 3091 non
924 3039 1295 3106 jumentorum
1328 3046 1383 3090 et
1411 3035 1689 3090 brutorum
1722 3035 1842 3088 ani-

247 3128 542 3194 mantium,
574 3128 671 3182 sed
700 3144 894 3199 greges
935 3129 1242 3196 hominum,
1286 3129 1376 3196 qui
1424 3129 1546 3182 titlei
1582 3129 1836 3183 rationis-

1955 1923 2071 1960 ecce
2095 1908 2260 1961 multa
2282 1908 2435 1961 nimis
2462 1925 2616 1980 super
2629 1910 2814 1978 [aciem
2847 1910 3016 1982 campi
3038 1919 3088 1964 et
3105 1909 3256 1964 arida
3283 1913 3554 1967 vehemen-

1953 2012 2046 2067 ter,
2067 2011 2114 2055 et
2128 2002 2261 2055 dixit
2282 2002 2350 2054 ad
2375 2018 2484 2056 me:
2511 2001 2622 2056 Fili
2646 2003 2894 2070 hominis,
2918 2009 2965 2058 si
2988 2005 3152 2059 vivent
3169 2021 3285 2059 ossa
3306 2004 3416 2059 hcce
3432 2007 3458 2061 Ρ
3481 2006 3547 2061 Et

1951 2094 2093 2149 dixi:
2125 2093 2293 2155 Unde.
2325 2093 2572 2160 Domine,
2604 2095 2842 2162 Domine,
2876 2107 2931 2151 tu
2976 2097 3110 2152 nosti
3152 2098 3278 2152 lucc.
3317 2098 3386 2152 Et
3412 2101 3544 2154 dixit

1949 2187 2020 2240 ad
2043 2204 2156 2242 me:
2183 2185 2292 2241 Fili
2318 2187 2542 2240 hominis
2559 2232 2573 2250 ,
2618 2187 2866 2260 prapheta
2887 2206 3040 2262 super
3059 2207 3175 2244 ossa
3197 2189 3298 2244 ista
3328 2201 3376 2245 et
3399 2192 3543 2246 dices

1949 2282 2024 2336 eis
2046 2299 2065 2335 :
2098 2280 2230 2336 Ossa
2250 2281 2422 2347 arida,
2442 2282 2616 2336 audite
2631 2284 2829 2336 verbum
2858 2282 3065 2337 Domini
3091 2298 3109 2337 :
3142 2282 3253 2337 hcce
3283 2282 3412 2338 dicit
3434 2282 3546 2338 Do-

1950 2377 2121 2430 minus
2138 2374 2280 2429 Deus
2301 2375 2498 2430 ossibus
2513 2376 2658 2430 istis:
2679 2375 2841 2449 432
2865 2375 2998 2430 Ecce
3018 2393 3110 2448 ego
3126 2378 3384 2432 adducam
3397 2394 3550 2451 super

1950 2483 2039 2522 vos
2057 2470 2297 2540 spiritum
2316 2469 2469 2522 vitm:
2493 2469 2682 2523 etdabo
2700 2486 2854 2541 super
2881 2487 2970 2524 vos
3003 2487 3206 2538 nervos,
3235 2481 3283 2525 et
3307 2471 3547 2526 inducam

1948 2582 2104 2632 super
2123 2581 2208 2619 vos
2227 2581 2427 2633 carnes,
2455 2577 2501 2620 et
2524 2567 2800 2621 extendam
2821 2586 2977 2637 super
2991 2585 3080 2623 vos
3101 2569 3308 2641 pellem,
3341 2581 3390 2624 et
3413 2568 3547 2622 dabo

1947 2658 2374 2730 spiritummeum
2395 2676 2550 2732 super
2569 2668 2741 2725 vos,et
2764 2661 2977 2716 viretis:
3007 2672 3055 2715 et
3086 2663 3405 2734 cognoscetis
3425 2679 3547 2729 quo-

1948 2755 2087 2818 niam
2110 2771 2203 2825 ego
2245 2771 2358 2808 sum
2400 2753 2678 2809 Dominus.
2715 2754 2783 2808 Et
2811 2749 3115 2827 prophetavi
3144 2756 3276 2810 sicut
3305 2757 3547 2827 prtecepit

1945 2845 2074 2900 mihi
2090 2857 2164 2901 :et
2186 2850 2330 2919 facta
2345 2858 2418 2901 est
2440 2863 2537 2901 vox
2553 2864 2669 2901 cum
2686 2864 2780 2917 ego
2801 2847 3186 2920 prop/ictorem,
3205 2858 3253 2902 et
3267 2864 3382 2902 ecce
3403 2865 3545 2901 com-

1946 2941 2106 2994 motio
2127 2985 2141 3007 ,
2171 2953 2219 2996 et
2236 2941 2546 2996 accedebant
2575 2959 2692 2996 ossa
2715 2944 2784 2995 ad
2799 2959 2916 2996 ossa
2942 2943 3012 2995 ad
3042 2945 3341 3012 iuncturam
3371 2960 3545 2996 suam.

1945 3029 2016 3085 Et
2035 3033 2161 3098 vidi,
2183 3043 2230 3086 et
2252 3049 2368 3088 ecce
2383 3051 2538 3103 super
2565 3051 2623 3088 ea
2649 3035 2818 3100 nervi,
2852 3044 2901 3087 ct
2931 3049 3114 3089 carnes
3143 3033 3463 3100 oriebantur,
3496 3043 3548 3090 el

1961 3128 2308 3182 ascendebant
2340 3144 2499 3200 super
2527 3145 2591 3183 ea
2611 3129 2774 3197 pelles
2814 3128 3058 3198 desuper,
3093 3137 3142 3182 et
3177 3129 3392 3197 spiritus
3440 3144 3542 3182 non

247 3237 348 3292 quc
377 3222 498 3276 sint
528 3223 706 3292 pleni,
743 3238 934 3294 greges
958 3224 1164 3289 sancti,
1216 3239 1404 3293 greges
1443 3221 1592 3278 urbis
1622 3222 1839 3277 .lerusa-
1869 3201 1914 3265 Ο
1943 3222 2126 3276 eratin
2149 3223 2238 3278 eis.
2272 3221 2342 3277 Et
2362 3223 2496 3278 dixit
2516 3223 2586 3277 ad
2604 3241 2684 3278 me
2703 3239 2719 3276 :
2741 3223 3025 3295 Propheta,
3051 3224 3129 3292 [ili
3151 3224 3398 3291 hominis,
3422 3241 3546 3296 pro-

249 3315 352 3368 lem
380 3356 396 3380 ,
451 3316 507 3369 in
537 3317 750 3370 cunctis
775 3316 1243 3383 solemnitatibus,
1273 3331 1408 3387 quas
1430 3316 1524 3370 Dei
1553 3316 1838 3372 clementia

249 3419 582 3478 receperunt
608 3425 622 3472 ;
669 3419 726 3462 ut
757 3420 1044 3480 postquam
1071 3411 1319 3465 civitates
1351 3410 1563 3464 Domini
1587 3409 1840 3480 hujusce-

249 3503 398 3557 modi
443 3517 676 3574 gregum
724 3503 1018 3560 multitudo
1065 3506 1462 3576 compleverit,
1501 3515 1629 3561 tunc
1662 3506 1840 3560 sciant

252 3609 463 3663 omnes,
496 3596 641 3665 quod
669 3597 784 3666 ipse
814 3598 886 3652 sit
914 3598 1198 3654 Dominus.

318 3687 990 3762 (Cap.XXXVIl.—Vers.
1013 3692 1038 3746 I
1062 3689 1582 3765 seqq.)ﬁ,31Facta
1600 3701 1673 3745 cst
1687 3707 1842 3761 super

256 3800 325 3837 me
346 3800 536 3837 manus
550 3783 778 3853 Domini,
802 3793 848 3838 et
878 3786 1053 3840 eduxit
1067 3803 1146 3839 me
1168 3788 1222 3840 in
1237 3787 1420 3858 spiritu
1439 3784 1672 3839 Domini:
1694 3796 1739 3838 et
1760 3785 1841 3838 di—

253 3877 388 3929 misit
414 3893 496 3930 me
523 3878 576 3930 in
594 3878 758 3931 medio
773 3879 965 3946 campi,
981 3879 1068 3947 qui
1090 3887 1203 3933 erat
1230 3879 1414 3947 plen-us
1433 3879 1652 3942 ossibus,
1671 3889 1715 3932 et
1739 3879 1841 3932 cir-

252 3971 524 4026 cumduxit
549 3988 628 4025 me
655 3987 745 4041 per
770 3989 830 4025 ea
871 3973 926 4026 in
956 3989 1141 4044 gyrum
1170 3972 1350 4045 [Vulg
1377 3976 1430 4027 in
1458 3972 1628 4046 gyro].
1671 3971 1839 4026 Erant

257 4075 420 4118 autem
447 4065 619 4119 multa
640 4064 790 4120 valde
813 4083 968 4135 super
997 4068 1178 4138 faciem
1207 4068 1402 4139 campi,
1432 4069 1668 4138 siccaque
1691 4070 1840 4120 vehe-

255 4168 467 4212 menter.
494 4156 561 4210 Et
585 4158 716 4220 dixit
737 4160 806 4212 ad
831 4175 911 4213 me
937 4177 956 4214 :
988 4158 1102 4214 Fili
1121 4159 1372 4226 hominis,
1398 4173 1638 4232 putasne,
1671 4161 1838 4214 vivent

258 4265 368 4302 ossa
400 4251 502 4304 ista
527 4252 552 4303 ἶ)
601 4247 670 4302 Et
702 4251 843 4312 dixi,
891 4251 1111 4306 Domine
1138 4250 1302 4316 Deus,
1341 4262 1398 4306 tu
1427 4255 1578 4307 nosti.
1617 4253 1682 4306 Et
1706 4255 1839 4308 dixit

258 4341 322 4392 ad
343 4357 426 4394 me
443 4357 464 4395 :
506 4340 800 4396 Vaticinare
828 4342 893 4397 de
921 4344 1125 4398 ossibus
1153 4346 1292 4412 istis,
1323 4355 1371 4400 et
1391 4346 1530 4399 dices
1561 4347 1635 4400 eis
1659 4362 1678 4399 :
1706 4345 1840 4400 Ossa

259 4436 402 4490 arida
432 4478 445 4502 ,
495 4437 675 4492 audite
709 4437 920 4492 verbum
963 4437 1174 4492 Domini
1206 4457 1225 4494 :
1251 4438 1360 4494 haec
1411 4441 1536 4494 dicit
1581 4439 1838 4496 Dominus

259 4527 393 4584 Deus
433 4530 636 4586 ossibus
681 4530 764 4585 his
794 4549 814 4586 :
846 4530 979 4586 Ecce
1005 4549 1100 4606 ego
1121 4534 1464 4587 intromittam
1491 4535 1544 4588 in
1576 4552 1662 4589 ros
1684 4537 1840 4606 spiri-

259 4638 380 4693 tum,
413 4637 460 4682 et
490 4629 666 4682 vinetis
682 4646 700 4683 :
724 4638 776 4683 et
793 4629 926 4683 dabo
951 4646 1104 4702 super
1125 4647 1212 4684 vos
1231 4647 1430 4696 nervos,
1451 4640 1498 4684 et
1520 4648 1839 4685 succrescere

257 4723 438 4794 faciam
488 4739 644 4792 super
685 4741 774 4778 vos
822 4739 1027 4792 carnes,
1075 4733 1120 4778 et
1153 4727 1582 4796 superextendam
1613 4727 1667 4778 in
1697 4727 1839 4778 vobis

255 4826 443 4881 cutem,
468 4827 514 4869 et
543 4816 676 4870 dabo
702 4815 846 4870 vobis
868 4817 1132 4883 spiritum,
1167 4827 1216 4872 et
1245 4819 1418 4871 vivetis
1444 4828 1503 4904 et.
1518 4817 1688 4871 scietis
1718 4819 1839 4886 quia

252 4925 339 4980 ego
395 4908 671 4965 Dominus.
731 4908 798 4963 Et
842 4909 1146 4981 prophetavi
1168 4913 1300 4965 sicut
1331 4921 1645 4980 praeceperat
1669 4913 1798 4966 mihi
1821 4929 1840 4966 :

249 5001 514 5074 {actusque
540 5012 614 5055 est
636 5001 821 5075 [Vulg.
851 5005 1021 5074 factus
1054 5013 1127 5058 est
1147 5003 1343 5076 autem]
1366 5009 1589 5069 sonitus,
1615 5008 1839 5077 praphe-

247 5104 386 5150 tante
431 5112 544 5161 me,
599 5105 647 5149 et
692 5113 807 5150 ecce
864 5097 1155 5162 commotio,
1200 5107 1247 5151 et
1278 5110 1600 5152 accesserunt
1632 5115 1748 5152 assa
1772 5100 1841 5152 ad

248 5203 362 5239 ossa
395 5207 416 5242 :
453 5189 855 5258 unumquodque
895 5187 964 5241 ad
983 5191 1295 5260 juncturam
1325 5206 1492 5243 suam.
1537 5188 1606 5242 Et
1628 5191 1755 5257 vidi,
1791 5201 1841 5244 et

245 5295 362 5333 ecce
392 5297 556 5349 super
579 5297 638 5334 ea
666 5281 840 5348 nervi,
879 5291 926 5334 et
955 5296 1136 5335 carnes
1165 5283 1528 5346 ascenderunt,
1562 5290 1608 5336 et
1635 5293 1841 5337 extenta

242 5384 320 5428 est
364 5374 418 5428 in
449 5373 523 5428 eis
567 5375 698 5428 cutis
726 5374 949 5442 desuper
976 5385 1022 5428 et
1053 5375 1297 5444 spiritum
1320 5391 1421 5428 non
1452 5373 1728 5428 habebant.
1776 5375 1839 5429 Et

245 5468 385 5522 dixit
418 5467 488 5522 ad
507 5484 624 5522 me:
660 5467 958 5523 Vaticinare
984 5471 1052 5523 ad
1081 5470 1352 5541 spiritum:
1390 5469 1720 5535 Vaticinare,
1763 5470 1841 5536 ﬁli

247 5565 517 5626 hominis,
569 5574 619 5619 et
663 5566 802 5620 dices
847 5567 916 5618 ad
963 5567 1244 5636 spiritum:
1286 5566 1397 5622 haec
1435 5569 1560 5621 dicit
1582 5566 1838 5622 Dominus

243 5657 425 5712 Deus:
454 5659 496 5710 Α
517 5668 739 5729 quatuor
766 5661 930 5714 ventis
963 5661 1098 5730 veni,
1119 5662 1357 5734 spiritus,
1375 5672 1424 5716 et
1449 5662 1654 5734 insuﬂla
1685 5679 1840 5733 super

235 5755 544 5820 interfectos
589 5753 736 5822 istos,
789 5763 836 5806 et
877 5755 1203 5810 reviviscunt.
1268 5756 1330 5810 Et
1362 5756 1665 5829 praphetavi
1706 5758 1839 5812 sicut

235 5855 565 5916 pra’ceperat
597 5845 723 5900 mihi
742 5890 756 5912 ,
798 5857 846 5900 et
883 5849 1150 5916 ingressus
1179 5859 1252 5903 est
1275 5853 1328 5903 in
1357 5869 1416 5903 ea
1442 5851 1656 5920 spiritus
1681 5861 1727 5904 et
1759 5851 1836 5904 vi-

1945 3317 2104 3389 pheta
2127 3334 2282 3387 super
2302 3319 2570 3388 spiritum,
2603 3328 2654 3373 et
2684 3319 2767 3372 dic
2795 3319 3040 3385 spiritui:
3062 3319 3170 3373 lucc
3201 3319 3328 3372 dicit
3361 3317 3545 3372 Domi-

1944 3428 2041 3466 nus
2072 3411 2212 3467 Deus
2231 3428 2250 3466 :
2269 3414 2312 3465 Α
2337 3421 2559 3483 quatuor
2573 3412 2839 3476 spiritibus
2864 3413 2998 3477 veni,
3015 3413 3254 3484 spiritus,
3270 3423 3316 3466 et
3338 3413 3544 3483 insuﬁla

1943 3522 2104 3576 super
2123 3507 2497 3559 mortuosistos
2528 3515 2575 3559 et
2605 3507 2793 3559 vivant.
2839 3503 2908 3559 Et
2932 3506 3240 3574 prophetavi
3260 3507 3394 3559 sicut
3415 3522 3544 3576 pra?-

1945 3607 2150 3668 ceperat
2181 3596 2340 3664 mihi,
2376 3605 2422 3650 et
2451 3596 2713 3669 ingressus
2739 3606 2816 3649 est
2847 3597 2900 3648 in
2929 3611 3014 3649 eos
3046 3597 3284 3668 spiritus,
3324 3607 3371 3649 et
3394 3597 3542 3650 vixe-

1945 3700 2101 3757 runt,
2131 3701 2180 3745 et
2209 3699 2457 3744 steterunt
2488 3691 2540 3743 in
2579 3689 2793 3756 pedibus
2829 3690 2940 3743 suis
2969 3705 2986 3744 :
3018 3692 3348 3762 congregatio
3380 3690 3545 3741 ntulta

1944 3785 2269 3839 vehementer
2299 3783 2475 3837 nimis.
2532 3782 2601 3837 Et
2643 3784 2844 3836 locutus
2895 3792 2968 3837 est
3012 3781 3272 3836 Dom-inus
3317 3782 3387 3835 ad
3441 3798 3540 3845 me,

1944 3881 2156 3934 dicens:
2187 3878 2302 3933 Fili
2333 3879 2559 3933 hominis
2580 3922 2593 3941 ,
2627 3895 2742 3931 ossa
2787 3879 2898 3932 lucc
2945 3877 3111 3930 onmis
3149 3877 3339 3930 domus
3371 3874 3544 3930 Israel

1945 3986 2038 4029 est.
2085 3973 2197 4046 Ipsi
2224 3975 2444 4028 dicunt:
2471 3972 2632 4027 Arida
2665 3975 2809 4042 facta
2839 3982 2955 4024 sunt
2987 3986 3106 4023 ossa
3136 3979 3354 4024 nostra:
3387 3970 3542 4042 periit

1943 4085 2060 4136 spes
2117 4076 2292 4122 nostra
2321 4112 2334 4134 ,
2399 4064 2782 4135 desperavimus
2815 4080 2834 4117 :
2890 4072 3168 4133 propterea
3235 4063 3541 4126 vaticinare,

1943 4171 1991 4215 et
2043 4161 2127 4215 dic
2167 4160 2235 4213 ad
2267 4177 2352 4214 eos
2391 4178 2410 4214 :
2443 4160 2550 4214 hare
2591 4159 2718 4212 dicit
2770 4159 3026 4212 Dominus
3057 4157 3236 4212 Deus:
3281 4156 3413 4211 Ecce
3451 4175 3544 4227 ego

1943 4255 2175 4324 aperiam
2203 4256 2476 4308 memorias
2507 4263 2702 4306 vestras
2727 4294 2740 4316 ,
2773 4260 2820 4305 et
2846 4251 3096 4306 reducam
3131 4268 3217 4304 vos
3257 4252 3322 4304 de
3366 4251 3541 4322 sepul—

1943 4349 2045 4402 cris
2068 4348 2267 4412 vestris,
2294 4347 2518 4416 populus
2543 4363 2707 4410 meus,
2742 4358 2788 4400 et
2811 4346 3139 4400 introducam
3159 4363 3246 4400 vos
3276 4348 3328 4400 in
3355 4356 3546 4400 terram

1945 4441 2132 4506 Israel,
2165 4451 2216 4496 et
2244 4443 2559 4512 cognoscetis
2583 4443 2826 4510 quoniam
2848 4457 2939 4513 ego
2959 4457 3072 4494 sum
3094 4439 3350 4494 Dominus
3372 4483 3386 4508 ,
3425 4458 3540 4494 cum

1945 4553 2192 4608 aperuere
2239 4537 2480 4605 sepulcra
2519 4544 2707 4601 vestra,
2753 4543 2806 4586 ut
2847 4534 3062 4587 educam
3089 4549 3174 4587 vos
3209 4533 3271 4587 de
3292 4534 3544 4605 sepulcris

1947 4630 2148 4690 vestris,
2172 4629 2392 4700 papulas
2413 4643 2577 4693 meus,
2604 4636 2650 4680 et
2673 4625 2808 4680 dabo
2835 4625 3074 4698 spiritum
3100 4641 3269 4678 meum
3297 4627 3350 4678 in
3379 4626 3546 4689 vobis,

1948 4733 1993 4774 et
2026 4721 2229 4786 vivatis,
2272 4731 2317 4772 et
2358 4735 2544 4792 ponam
2578 4736 2664 4772 vos
2693 4735 2847 4789 super
2879 4728 3065 4772 terram
3096 4726 3340 4784 vestram,
3374 4729 3423 4773 et
3453 4736 3541 4772 ro-

1946 4816 2201 4888 gnnscetis
2231 4815 2354 4885 quia
2379 4830 2473 4884 ego
2513 4830 2624 4866 stun
2660 4811 2910 4866 Dominus
2938 4827 2957 4867 :
3007 4810 3209 4867 locutus
3238 4830 3354 4866 sum
3385 4822 3429 4866 et
3463 4813 3547 4884 fa-

1947 4908 2108 4972 ciam,
2163 4907 2288 4960 dicit
2337 4904 2597 4960 Dominus
2643 4904 2804 4960 Deus.
2877 4904 3112 4962 Famosa
3156 4917 3240 4960 est
3282 4907 3446 4974 visio,
3493 4917 3548 4960 et

1947 5001 2190 5056 omnium
2227 5001 2590 5054 Ecclesiarnm
2620 4999 2818 5055 Christi
2847 4999 3085 5055 lectione
3121 5000 3431 5055 celebrata:
3466 4999 3538 5052 ob

1946 5108 2104 5164 quam
2152 5093 2242 5148 vel
2289 5093 2523 5148 maxime
2561 5109 2782 5148 causam
2820 5103 3106 5163 utramque
3151 5091 3452 5146 editionem
3483 5107 3544 5144 ex

1944 5189 2158 5258 integro
2200 5187 2394 5256 posui;
2449 5201 2516 5241 ne
2563 5202 2666 5256 qua
2702 5185 2860 5242 nobis
2887 5186 2954 5238 ab
2987 5185 3238 5240 Ilebrtcis
3275 5183 3547 5238 calumnia

1948 5283 2124 5346 tieret,
2157 5284 2201 5337 si
2226 5283 2418 5337 saltem
2449 5282 2502 5335 in
2543 5281 2727 5336 verbis
2757 5281 2962 5350 aliquid
3001 5281 3398 5350 discreparent.
3442 5276 3546 5333 Su-

1945 5378 2058 5432 lent
2084 5377 2229 5430 enim
2255 5374 2439 5430 ridere
2470 5374 2538 5428 de
2564 5373 2755 5439 nobis,
2788 5386 2840 5429 et
2870 5374 3125 5428 attollere
3166 5371 3518 5439 supercilium

1948 5481 2003 5526 et
2050 5471 2251 5526 inﬂatis
2284 5470 2469 5525 buccis
2517 5477 2738 5526 ructare
2767 5468 3052 5523 scientiam
3099 5467 3535 5535 Scripturarum,

1948 5565 1996 5620 si
2023 5580 2130 5620 non
2153 5565 2332 5618 dicam
2363 5575 2626 5618 sensuum
2656 5561 3075 5629 discrepantiam
3108 5559 3252 5632 (qua:
3283 5559 3328 5612 si
3353 5558 3544 5625 fuerit,

1943 5660 2068 5731 jure
2100 5655 2580 5728 reprehenditur),
2613 5657 2657 5708 si
2702 5654 2992 5709 verborum
3037 5651 3435 5708 dissonantium
3486 5654 3537 5707 in

1949 5753 2151 5810 nostris
2180 5751 2461 5807 codicibus
2489 5747 2773 5819 potuerint
2802 5745 3202 5800 demonstrare.
3267 5745 3370 5814 Qui
3407 5760 3537 5816 ergo

1948 5856 2139 5919 putant
2157 5847 2226 5903 de
2249 5843 2802 5910 resurrectionc,quae
2821 5839 2890 5898 ab
2911 5840 3470 5906 omnibusetludteis,
3488 5850 3548 5897 et
