4038 6328
507 273 611 331 5i?

1738 274 1777 331 S
1838 272 2115 333 EUSEBII
2148 272 2544 335 monuit

498 392 830 476 Christianis
851 389 1110 451 creditur.
1141 389 1234 445 Dei
1258 403 1381 444 esse
1401 404 1707 447 sermonem
1727 432 1743 456 ,
1774 391 1891 448 liam
1914 391 2097 448 solent
2120 394 2171 456 Α
2196 390 2456 457 habetur,
2478 387 2702 459 grandis
2718 387 3027 456 exercitus;
3050 402 3226 460 eoque
3253 389 3560 460 completur
3588 398 3795 462 tempo-

503 488 718 543 dicere:
749 488 911 543 Facta
947 492 1031 545 est
1054 498 1221 554 super
1264 484 1591 555 prophetam
1626 500 1815 540 manus
1850 486 2093 553 Domini,

508 580 611 635 hoc
652 587 757 645 est,
800 576 1086 643 Dominus,
1115 586 1277 646 atque
1316 577 1588 642 Salvator,
1622 594 1717 645 per
1736 593 1898 647 quem
1932 578 2097 634 Pater

502 682 697 735 cuncta
713 682 976 741 operatus
998 679 1098 735 est.
1114 669 1307 726 Omnia
1325 671 1470 727 enim
1489 687 1584 740 per
1597 672 1774 741 ipsum
1790 670 1930 729 facta
1947 683 2094 739 sunt,

502 774 555 822 et
568 765 684 829 sine
706 766 826 834 ipso
847 766 1044 821 factum
1071 774 1155 827 est
1178 764 1312 821 nihil
1328 764 1472 833 quod
1497 764 1696 820 factum
1717 774 1800 821 est
1818 774 1867 821 α.
1883 765 2099 823 Ειεάιιγ

505 861 586 915 xit
616 874 723 926 me,
758 857 919 932 433
953 858 1163 928 inquit,
1218 860 1272 913 in
1305 859 1498 928 Spiritu
1530 858 1786 925 Domini,
1837 860 2098 917 subaudi.

512 963 621 1017 tur,
655 967 849 1006 manus
883 952 1121 1008 Domini.
1155 952 1353 1007 Eduxit
1387 959 1569 1007 autem
1600 968 1726 1008 eum
1768 952 1821 1009 in
1851 953 2053 1023 spiritu
2082 971 2095 1009 :

506 1062 611 1101 non
644 1047 695 1099 in
728 1060 977 1115 corpore,
1020 1044 1115 1099 sed
1146 1053 1301 1101 extra
1342 1060 1566 1114 corpus,
1613 1054 1667 1101 et
1696 1047 1878 1114 posuit
1910 1046 2094 1117 illum,

505 1141 622 1195 sive
647 1138 853 1195 dimisit
886 1139 938 1191 in
976 1136 1158 1193 medio
1182 1138 1383 1207 campi,
1414 1138 1506 1208 qui
1541 1137 1731 1207 plenus
1761 1147 1881 1194 erat
1908 1138 2097 1201 huma.

507 1234 592 1289 nis
632 1232 887 1287 ossibus:
934 1247 1035 1287 nec
1059 1247 1183 1288 eum
1233 1242 1316 1287 est
1365 1247 1523 1302 passa
1571 1233 1953 1301 requiescere,
2001 1232 2096 1289 sed

512 1327 647 1382 fecit
676 1341 801 1381 ossa
846 1327 1028 1381 omnia
1077 1326 1350 1393 circuire,
1383 1342 1505 1398 quae
1555 1342 1661 1383 non
1708 1335 1868 1383 erant
1909 1337 2096 1398 operta

509 1419 719 1484 humo,
774 1417 871 1474 sed
926 1434 1095 1488 super
1142 1433 1394 1488 campum
1439 1419 1723 1488 iacentia:
1774 1434 1873 1477 nee
1922 1420 2098 1479 solum

504 1513 673 1567 multa
694 1556 709 1580 ,
736 1512 831 1568 sed
860 1512 1027 1567 multa
1061 1511 1254 1581 nimis,
1291 1523 1346 1569 et
1373 1522 1596 1584 propter
1620 1514 1886 1584 temporis
1915 1525 2101 1571 vetus.

504 1614 670 1667 tatem
712 1604 861 1669 arida
903 1606 1157 1675 siccaque
1204 1605 1591 1671 vehementer,
1654 1617 1708 1661 et
1749 1606 1884 1662 nihil
1941 1607 1994 1663 in
2038 1624 2099 1667 se

508 1699 754 1755 humoris
782 1698 1057 1757 habentia.
1082 1697 1328 1769 Cumque
1350 1701 1746 1771 interrogasset
1765 1715 1887 1756 cum
1916 1715 2099 1756 sermo

2199 502 2261 542 re
2283 505 2294 540 :
2318 486 2519 542 Emitte
2539 484 2793 553 spiritum
2812 493 2961 540 tuum
2984 491 3041 541 et
3060 485 3412 551 creabantur,
3426 494 3481 541 et
3504 487 3795 544 renovabis

2199 582 2390 637 faciem
2420 589 2602 636 term.
2629 578 2783 647 Quod
2802 588 2984 635 autem
3007 583 3287 651 sequitur:
3312 581 3379 637 Et
3404 581 3542 637 dixit
3565 581 3633 637 ad
3660 599 3750 640 me
3778 602 3793 637 :

2199 675 2299 732 Fili
2324 675 2581 745 hominis,
2601 688 2724 730 ossa
2749 674 2868 731 haec
2897 674 3150 730 universa
3173 674 3367 733 domus
3388 685 3473 731 est
3492 676 3692 743 Israel,
3717 677 3799 732 vi—

2198 769 2359 825 detur
2377 767 2561 823 facere
2575 767 3043 838 quaestionem,eo
3058 766 3204 836 quod
3232 782 3339 823 non
3366 766 3434 822 de
3452 767 3692 837 generali
3711 783 3799 824 re—

2199 860 2566 929 surrectione,
2585 859 2680 917 sed
2707 860 2927 929 proprie
2946 859 3015 916 de
3036 860 3442 921 resurrectione
3466 860 3680 917 dicatur
3698 861 3800 917 do—

2198 969 2320 1011 mus
2343 953 2533 1018 Israel,
2555 967 2676 1023 qua:
2694 951 2874 1013 dicat:
2896 954 3173 1009 Aruerunt
3193 967 3314 1013 ossa
3338 960 3617 1019 nostra,et
3638 954 3801 1025 periit

2198 1064 2325 1121 spes
2367 1058 2574 1113 nostra,
2608 1055 2665 1103 et
2701 1047 2933 1105 abscissi
2963 1063 3154 1105 sumus
3183 1064 3211 1102 a
3247 1056 3393 1105 terra
3423 1058 3640 1116 nostra,
3680 1049 3799 1109 sive

2199 1145 2423 1207 omnino
2443 1142 2853 1212 desperavimus
2885 1160 2900 1197 :
2925 1141 3124 1212 quibus
3150 1141 3248 1201 ista
3276 1140 3617 1209 dicentibus,
3640 1142 3799 1199 tertio

2201 1237 2453 1294 Ezechiel
2470 1235 2795 1306 prophetare
2805 1235 3173 1307 compellitur,
3187 1246 3244 1295 et
3256 1236 3442 1295 dicere
3457 1236 3675 1294 ossibus
3686 1238 3801 1295 ari-

2198 1331 2282 1386 dis
2307 1348 2319 1385 :
2344 1331 2471 1387 Ilaec
2499 1330 2636 1387 dicit
2656 1328 2913 1389 Dominus
2944 1329 3086 1387 Deus
3112 1347 3125 1383 :
3151 1328 3294 1385 Ecce
3320 1344 3423 1401 ego
3445 1330 3684 1400 aperiam
3716 1340 3801 1389 tu-

2201 1426 2378 1481 mulus
2399 1432 2631 1481 vestros.
2662 1423 2717 1477 ln
2746 1438 2856 1493 quo
2883 1425 3145 1494 queritur
3175 1442 3189 1478 :
3224 1424 3281 1483 Si
3312 1425 3493 1495 aperit
3521 1424 3794 1494 tumulos,

2199 1518 2476 1590 quomodo
2515 1533 2681 1589 supra
2710 1518 2913 1575 dixerit
2945 1537 2958 1572 :
2992 1519 3166 1575 Erant
3210 1527 3395 1575 autem
3445 1520 3614 1575 multa
3644 1520 3801 1578 valde

2198 1629 2362 1685 super
2393 1614 2581 1670 faciem
2611 1614 2822 1684 campi,
2851 1614 3106 1684 siccaque
3127 1614 3504 1673 vehementer.
3559 1615 3625 1670 Et
3660 1615 3798 1675 edu-

2199 1723 2319 1763 cam
2342 1748 2356 1773 ,
2388 1708 2595 1775 inquit,
2625 1722 2721 1763 vos
2741 1706 2810 1769 de
2832 1708 3101 1777 sepulcris
3118 1708 3340 1772 vestris,
3364 1708 3595 1778 populus
3616 1724 3797 1775 meus,

505 1793 721 1849 divinus
744 1834 759 1858 ,
808 1801 992 1849 utrum
1026 1793 1325 1847 aestimaret
1359 1792 1476 1848 haec
1504 1807 1629 1847 ossa
1665 1807 1827 1862 posse
1877 1792 2095 1849 vivere?
2130 1795 2173 1854 Β
2201 1802 2505 1859 secundum
2533 1800 2693 1868 illud,
2744 1802 2889 1873 quod
2934 1803 3204 1873 scriptum
3233 1811 3318 1859 εει
3355 1804 3408 1857 in
3453 1802 3745 1874 Ενεηεειίο
3778 1822 3794 1859 ε

502 1885 783 1955 reSpondit
842 1901 857 1939 :
916 1883 1145 1939 Domine
1197 1884 1362 1949 Deus,
1406 1894 1459 1943 tu
1511 1884 1687 1953 nosti,
1738 1884 1827 1954 qui
1878 1884 2095 1954 plenam

509 1979 678 2035 habes
712 1979 996 2033 scientiam
1040 1978 1368 2035 futurorum.
1425 1979 1676 2050 Dixitque
1705 1980 1773 2034 ad
1821 1994 1945 2035 eum
1995 1981 2099 2034 Do-

507 2074 687 2131 minus
719 2089 732 2126 :
768 2071 1081 2131 Vaticinare
1102 2072 1170 2127 de
1200 2073 1439 2139 ossibus,
1468 2075 1582 2128 sive
1609 2088 1773 2143 super
1802 2088 1927 2129 ossa
1956 2074 2095 2141 hac,

505 2176 562 2224 et
580 2168 730 2225 dices
757 2166 826 2231 ad
854 2182 915 2222 ea
951 2184 963 2220 :
992 2167 1126 2222 Ossa
1156 2167 1307 2223 arida
1326 2167 1558 2235 ,‘audite
1601 2168 1825 2223 verbum
1856 2168 2093 2229 Domini.

504 2262 565 2318 In
590 2278 699 2332 quo
718 2261 1025 2321 mirandum
1053 2262 1326 2332 quomodo
1346 2262 1414 2317 ad
1437 2276 1558 2317 ossa
1582 2261 1729 2317 arida
1755 2262 1831 2318 sit
1856 2262 2092 2329 locutus,

505 2377 625 2431 qua:
656 2370 784 2416 ante
812 2374 1034 2426 nervos,
1063 2374 1279 2425 carnes,
1311 2370 1365 2414 et
1404 2368 1616 2423 cutem,
1646 2368 1701 2415 et
1730 2357 1980 2430 spiritum
2013 2359 2092 2413 vi—

509 2455 811 2511 vilicantem
830 2496 845 2520 ,
874 2453 974 2510 Dei
996 2463 1223 2524 possent
1246 2453 1437 2509 audire
1460 2467 1797 2510 sermonem.
1830 2452 2099 2509 Primum-

507 2562 611 2617 que
650 2562 771 2605 ossa
796 2562 919 2603 cum
948 2547 1070 2604 aliis
1102 2547 1326 2605 ossibus
1352 2562 1649 2603 nervorum
1681 2547 1913 2602 vinculis
1936 2547 2096 2603 colli-

502 2650 695 2710 gantur
725 2658 739 2695 :
770 2640 969 2697 deinde
1012 2640 1309 2710 implentur
1345 2640 1601 2696 carnibus
1628 2683 1644 2707 ,
1680 2649 1735 2695 et
1753 2639 1995 2711 desuper
2024 2641 2097 2699 ob

508 2733 969 2804 pulchritudinem
1001 2733 1494 2801 extenditurcutis,
1521 2749 1642 2805 qua:
1672 2733 1936 2790 nudarunt
1973 2749 2097 2790 car-

509 2827 657 2882 nium
689 2828 899 2897 operiat
926 2827 1227 2905 fmditatem
1252 2843 1266 2893 ;
1291 2837 1346 2884 et
1367 2836 1493 2884 tunc
1513 2828 1795 2898 accipiunt
1818 2827 2093 2899 spiritum,

508 2921 599 2991 qui
628 2922 813 2977 vivere
841 2936 906 2977 ea
935 2922 1122 2983 faciat.
1152 2930 1208 2978 et
1239 2930 1521 2991 postquam
1548 2921 1810 2989 vixerint,
1849 2932 1979 2977 tunc
2004 2936 2098 2983 co-

508 3027 805 3085 gnoscant,
837 3017 979 3083 quod
1029 3018 1145 3087 ipse
1192 3018 1265 3072 sit
1296 3018 1585 3073 Dominus.
1634 3018 1862 3073 Dicente
1909 3017 2096 3089 itaque

511 3108 770 3180 propheta
793 3110 935 3181 quod
970 3112 1019 3166 ei
1046 3110 1222 3166 fuerat
1252 3112 1599 3182 imperatum,
1629 3112 1810 3167 statim
1840 3111 2093 3169 estfacta

2206 1899 2367 1954 Venit
2391 1898 2522 1953 hora
2548 1915 2563 1965 ;
2614 1897 2834 1969 quando
2863 1898 2955 1967 qui
2988 1896 3043 1953 in
3073 1898 3342 1968 sepulcris
3369 1907 3495 1955 sunt
3516 1939 3531 1964 ,
3577 1898 3805 1965 audient

2206 2010 2390 2050 vocem
2423 1993 2546 2049 Filii
2575 1993 2706 2058 Dei,
2738 2002 2795 2048 et
2819 1993 3047 2049 exibunt
3069 1994 3160 2063 qui
3186 1992 3329 2048 bona
3360 2002 3591 2064 egerunt
3620 1993 3673 2049 in
3707 2009 3803 2049 ree

2204 2088 2596 2144 surrectionem
2643 2086 2772 2142 vitae
2815 2085 3044 2150 (Joann.
3079 2102 3133 2153 v,
3164 2084 3261 2158 2).
3312 2086 3378 2142 Et
3418 2088 3615 2142 iterum
3648 2104 3660 2140 :
3692 2085 3800 2152 Qtti

2204 2179 2475 2235 audierint
2502 2179 2686 2234 vivent
2716 2176 2933 2249 (Ibid).
2954 2177 3022 2233 Et
3050 2177 3116 2243 si,
3134 2178 3277 2234 sicut
3301 2177 3417 2248 (Al.
3440 2177 3521 2249 ut)
3547 2179 3800 2235 nonnulli

2200 2272 2550 2338 arbitrantur,
2592 2270 2661 2326 de
2702 2271 2943 2341 generali
2987 2269 3392 2327 resurrectione
3438 2270 3570 2327 dicit
3610 2286 3799 2329 sermo

2201 2364 2449 2430 divinus,
2479 2362 2607 2434 quid
2633 2378 2857 2419 necesse
2882 2363 2982 2421 fuit
3011 2363 3330 2433 specialiter
3353 2363 3459 2421 dici
3494 2383 3506 2419 :
3532 2363 3604 2431 Et
3632 2364 3797 2423 indu-

2202 2472 2319 2511 cam
2353 2472 2449 2511 vos
2476 2455 2529 2510 in
2563 2465 2758 2511 terram
2783 2455 2957 2513 Israel
2978 2498 2992 2521 ,
3036 2470 3162 2511 cum
3190 2456 3244 2511 in
3272 2457 3422 2512 omni
3447 2456 3584 2523 orbe
3622 2466 3796 2512 terra-

2202 2564 2317 2609 rum
2340 2563 2625 2620 resurgere
2655 2549 2889 2605 debeant
2913 2549 3114 2607 mortui
3139 2565 3209 2607 ex
3232 2549 3317 2605 his
3344 2550 3481 2609 locis
3512 2550 3566 2607 in
3590 2551 3798 2623 quibus

2201 2641 2398 2711 sepulti
2419 2643 2579 2705 sunt?
2609 2639 2886 2710 Cumque,
2918 2643 3016 2709 ait,
3043 2642 3285 2699 eduxere
3320 2659 3418 2699 vos
3458 2643 3528 2703 de
3568 2645 3795 2703 tumulis

2202 2735 2419 2795 vestris.
2455 2734 2738 2791 ctdedero
2764 2736 3016 2805 spiritum
3046 2751 3227 2793 meum
3253 2737 3309 2792 in
3340 2737 3516 2805 vobis,
3557 2749 3612 2797 et
3641 2739 3795 2796 vixe-

2202 2828 2334 2894 ritis,
2386 2838 2516 2885 tunc
2563 2829 2917 2899 requiescere
2957 2844 3058 2887 vos
3106 2830 3303 2886 faciam
3357 2846 3523 2901 super
3564 2832 3788 2890 humum

2204 2929 2472 2988 vestram;
2514 2932 2567 2977 ut
2596 2932 2879 2993 postquam
2909 2924 3288 2992 requieveritis
3314 2925 3364 2979 in
3405 2933 3550 2981 terra
3586 2925 3790 2995 Israel,

2202 3024 2331 3073 tunc
2356 3016 2729 3085 cognoscatis,
2761 3014 2905 3085 quod
2928 3016 3045 3085 ipse
3064 3015 3169 3072 sim
3202 3016 3496 3085 Dominus,
3524 3019 3618 3088 qui
3657 3034 3789 3089 pro-

2202 3109 2364 3164 missa
2396 3124 2513 3164 mea
2538 3123 2706 3178 opere
2731 3108 3149 3178 compleverim.
3174 3108 3279 3176 Qui
3305 3123 3435 3179 ergo
3463 3110 3530 3164 de
3548 3111 3795 3180 generali

508 3204 825 3270 commotio,
852 3218 1083 3273 ossaque
1116 3205 1169 3259 in
1216 3219 1370 3260 suam
1401 3215 1526 3261 sunt
1565 3204 1835 3274 applicata
1876 3219 2098 3274 compa-
2124 3200 2170 3266 Ο
2203 3204 2604 3259 resurrectione
2634 3202 2751 3259 ltaac
2792 3202 2935 3258 dicta
2984 3202 3323 3271 intelligunt,
3376 3204 3506 3259 illud
3535 3206 3675 3274 quod
3708 3206 3791 3261 νὶ-

507 3313 663 3367 gem,
719 3298 938 3352 astricta
989 3299 1209 3362 nervis,
1259 3298 1416 3367 plena
1452 3297 1731 3365 carnibus,
1787 3298 1926 3367 pelle
1969 3314 2099 3354 coo-

512 3400 665 3461 perta
712 3409 724 3444 :
768 3390 1129 3460 jacebantque
1174 3390 1408 3445 humana
1446 3404 1679 3460 corpora
1709 3390 1965 3461 spiritum
1991 3405 2100 3447 non

509 3485 783 3539 habentia.
812 3485 1017 3540 Idcirco
1050 3486 1310 3555 propheta
1337 3484 1666 3540 vaticinatur
1705 3484 1772 3539 ad
1806 3485 2057 3555 spiritum
2082 3526 2098 3553 ,

509 3589 562 3633 et
592 3581 665 3633 ait
698 3597 709 3631 :
746 3579 871 3634 Haec
899 3579 1029 3635 dicit
1069 3580 1330 3634 Dominus
1362 3580 1503 3634 Deus
1538 3599 1551 3632 :
1586 3580 1631 3637 A
1662 3589 1897 3648 quatuor
1919 3581 2099 3636 ventis

509 3672 666 3736 veni,
691 3668 915 3742 spiritus
941 3686 955 3724 :
990 3686 1017 3723 a
1048 3681 1281 3739 quatuor
1309 3669 1561 3726 videlicet
1584 3671 1767 3733 mundi
1794 3672 1965 3743 plagis
1991 3716 2005 3739 ,
2042 3682 2100 3731 ut

508 3762 781 3832 quomodo
822 3761 875 3817 in
907 3762 1081 3832 prima
1123 3763 1440 3819 conditione
1482 3763 1716 3823 hominis
1742 3805 1757 3831 ,
1808 3763 2103 3823 insulﬂavit

510 3856 651 3911 Dens
680 3857 731 3911 in
762 3855 952 3912 faciem
981 3858 1121 3927 ejus,
1147 3867 1202 3914 et
1223 3858 1399 3915 factus
1433 3868 1517 3915 est
1545 3858 1600 3914 in
1643 3860 1881 3915 animam
1913 3864 2101 3916 viven-

512 3959 618 4005 tem
649 3950 859 4021 (Genes.
895 3968 931 4006 Il
952 3993 966 4015 ,
995 3952 1051 4023 7)
1077 3969 1090 4005 :
1121 3952 1203 4007 sic
1232 3961 1287 4008 et
1323 3952 1562 4007 secunda
1589 3954 1828 4009 conditio
1849 3994 1863 4019 ,
1900 3953 1951 4009 id
1982 3964 2097 4020 est,

2201 3296 2358 3353 detur
2386 3298 2563 3353 facere
2590 3295 2947 3367 qumstionem
2975 3315 2989 3351 :
3020 3297 3158 3353 Ossa
3183 3297 3301 3351 lliBC
3323 3298 3578 3357 universa
3602 3298 3798 3355 domus

2201 3403 2284 3447 est
2308 3391 2465 3453 Israel
2491 3432 2505 3457 ,
2537 3391 2605 3447 ad
2651 3400 2961 3447 sanctorum
2992 3391 3457 3455 resurrectionem
3501 3390 3793 3462 referunt,

2202 3484 2270 3539 de
2294 3499 2402 3555 qua
2437 3483 2598 3557 435
2641 3494 2697 3541 et
2740 3483 3034 3554 Apostolus
3070 3481 3317 3543 Joannes
3364 3484 3416 3538 in
3461 3484 3799 3557 Apocalypsi

2204 3576 2445 3646 loquitur
2475 3595 2485 3630 :
2535 3577 2736 3632 Beatus
2769 3586 2824 3630 et
2853 3584 3071 3631 sanctus
3094 3616 3109 3640 ,
3160 3575 3253 3644 qui
3291 3574 3454 3633 habet
3487 3586 3698 3646 partem
3742 3578 3801 3637 in

2203 3672 2603 3733 resurrectione
2649 3671 2819 3743 prima
2841 3713 2855 3735 ,
2898 3685 3063 3742 super
3087 3686 3209 3727 eum
3240 3670 3477 3731 secunda
3512 3686 3658 3731 mors
3684 3686 3798 3727 non

2203 3766 2363 3822 habet
2387 3773 2710 3836 potestatem
2754 3765 2940 3836 (Apoc.
2975 3781 3041 3819 xx
3066 3810 3081 3831 ,
3112 3763 3168 3836 6)
3201 3783 3215 3819 :
3244 3763 3389 3836 quod
3415 3764 3669 3823 videlicet
3686 3765 3800 3823 alia

2201 3872 2547 3924 sanctorum,
2601 3859 2710 3915 alia
2743 3869 3089 3929 peccatorum
3137 3860 3210 3915 sit
3240 3859 3596 3917 resurrectio.
3643 3859 3802 3917 Unde

2201 3963 2256 4010 et
2279 3954 2333 4009 in
2375 3954 2583 4022 psalmo
2613 3954 2790 4022 primo
2817 3952 3015 4011 dicitur
3041 3974 3055 4008 :
3086 3951 3204 4007 Non
3238 3964 3533 4025 resurgunt
3557 3953 3711 4024 impii
3742 3954 3801 4015 in

511 4046 837 4099 resurrectio
873 4055 1210 4099 mortuorum
1234 4087 1248 4105 ,
1305 4044 1621 4101 insufﬂantc
1670 4048 1885 4116 spiritu,
1921 4048 2099 4105 viviﬁ-
2195 4044 2431 4115 judicio,
2461 4060 2637 4114 neque
2666 4052 2980 4114 peccatores
3003 4045 3053 4099 in
3079 4045 3310 4100 consilio
3334 4045 3633 4116 iustorum.
3667 4045 3800 4102 Ter-

508 4148 664 4194 cetur
695 4158 708 4196 :
739 4141 829 4211 qui
860 4141 1136 4212 ingressus
1151 4152 1233 4197 est
1264 4142 1495 4198 humana
1516 4142 1681 4216 434
1700 4158 1952 4215 corpora,
1983 4155 2096 4199 sta-

508 4234 713 4306 timque
762 4236 1042 4303 vixerunt,
1088 4247 1459 4310 steteruntque
1520 4255 1684 4309 super
1732 4240 1898 4311 pedes
1941 4256 2090 4298 suos.

511 4328 665 4386 Unde
682 4338 739 4386 et
767 4333 1093 4388 resurrectio
1111 4333 1306 4389 dicitur
1331 4343 1689 4402 mortuorum,
1722 4336 2092 4407 congregatio,

508 4424 621 4481 sive
650 4425 891 4483 Ecelcsia
919 4427 1087 4483 multa
1116 4426 1290 4499 (Psal.
1313 4443 1403 4484 ctu
1424 4471 1438 4495 ,
1468 4426 1562 4498 30)
1581 4469 1595 4493 ,
1619 4437 1675 4484 et
1696 4438 1755 4483 ut
1784 4429 1839 4485 in
1866 4428 2095 4485 Hebraao

2203 4153 2319 4194 ram
2340 4147 2520 4195 autem
2548 4138 2713 4193 Israel
2739 4153 2901 4206 quam
2941 4138 3355 4209 resurgentibns
3389 4139 3652 4195 Dominus
3685 4140 3803 4210 pol-

2203 4232 2416 4298 licetur,
2450 4233 2599 4288 illam
2629 4248 2749 4291 csse
2774 4232 3123 4299 confirmant,
3160 4234 3227 4289 de
3248 4249 3352 4303 qua
3384 4234 3647 4303 scriptum
3671 4243 3793 4291 est:

2203 4332 2349 4388 Beati
2411 4330 2599 4396 mites,
2671 4331 2929 4400 quoniam
2979 4329 3084 4400 ipsi
3115 4328 3508 4400 ipossidebunt
3575 4338 3796 4389 terram.

2205 4426 2423 4498 (Matth.
2450 4442 2503 4491 v,
2535 4423 2614 4494 ι).
2647 4424 2717 4480 Ει
2748 4442 2761 4480 :
2794 4424 3031 4483 Plaeebo
3076 4424 3305 4480 Domino
3354 4424 3408 4479 in
3454 4424 3671 4495 regione
3719 4423 3799 4477 vi,

590 4619 616 4683 fi
664 4611 989 4667 Constanter
1034 4611 1396 4683 Hieronymus
1459 4611 1605 4667 hunc
1648 4611 1877 4683 Joannis
1924 4611 2103 4667 locum
2131 4610 2181 4671 Ι)
2214 4610 2506 4683 ιιεΐειτίεᾼει
2533 4609 2635 4683 hoc
2657 4616 2806 4683 textu
2840 4608 2906 4663 iis
2933 4624 3056 4678 qua:
3086 4608 3226 4665 facta
3261 4617 3389 4683 sunt
3413 4649 3429 4674 ,
3474 4622 3803 4663 annumera-

517 4682 738 4754 subhac
774 4683 902 4754 legit
932 4682 1370 4754 interpunCtione
1401 4698 1464 4738 ac
1490 4700 1675 4749 sensu,
1722 4682 1940 4752 quoties
1971 4699 2095 4749 eum

521 4753 737 4823 laudat,
782 4753 964 4809 laudat
1006 4772 1134 4811 vero
1185 4759 1417 4826 saepius,
1453 4756 1667 4811 tametsi
1702 4756 1967 4810 lectorem
1998 4755 2102 4808 hac

521 4827 590 4879 de
618 4841 674 4880 re
702 4836 858 4881 antea
883 4844 990 4882 non
1026 4827 1427 4882 admonuimus.
1458 4828 1625 4881 Vetus
1648 4836 1826 4881 antem
1855 4838 1936 4882 est
1956 4841 2103 4896 qua:-

523 4899 628 4953 stio
652 4898 759 4968 jam
785 4900 853 4952 ab
880 4902 996 4969 ipso
1018 4900 1075 4953 S.
1102 4901 1275 4954 Patris
1298 4915 1413 4952 aevo
1438 4901 1657 4970 agitata,
1688 4909 1869 4954 utrum
1892 4899 2100 4961 verbis,

522 4972 661 5039 quod
685 4971 879 5039 factum
902 4983 999 5034 est,
1036 4972 1406 5041 subjungenda
1441 4975 1550 5025 sint
1582 4988 1686 5025 una
1719 4973 1884 5038 serie,
1917 4973 1967 5024 in
1990 4971 2105 5041 ipso

522 5044 621 5096 rita
653 5055 760 5097 erat
786 5061 804 5099 :
830 5058 897 5098 an
928 5045 1063 5098 alius
1090 5059 1157 5097 ex
1190 5043 1272 5096 his
1300 5059 1492 5097 sensus
1521 5043 1880 5098 inclinandus.
1910 5042 2105 5097 Hiero-

528 5129 743 5186 nymus,
793 5126 852 5170 ut
895 5117 1069 5181 vides,
1120 5117 1256 5169 hanc
1279 5116 1509 5170 alteram
1538 5115 1827 5169 lectionem
1851 5115 2109 5169 continuo

530 5188 802 5255 przetnlit,
856 5203 1013 5258 quam
1055 5203 1120 5241 ex
1154 5187 1369 5257 antiqua
1408 5189 1631 5255 Vulgata
1662 5186 2111 5251 interpretatione

527 5262 888 5328 expressisse,
926 5276 1031 5315 non
1061 5259 1283 5313 dubium
1317 5268 1422 5314 est.
1462 5260 1597 5314 Cum
1632 5274 1698 5312 eo
1727 5258 1931 5313 faciunt
1960 5267 2113 5312 vete-

530 5345 616 5386 res
642 5332 734 5384 alii
768 5331 957 5387 Patres
984 5377 997 5399 ,
1054 5341 1110 5385 et
1154 5346 1275 5385 cum
1327 5332 1514 5399 primis
1544 5330 1749 5395 Grmci;
1784 5329 2115 5384 dissentiunt

530 5419 660 5456 vero
682 5403 793 5469 alii,
826 5404 1001 5458 Latini
1029 5404 1227 5474 pariter
1250 5414 1299 5457 el
1335 5404 1532 5466 Graeci,
1567 5403 1763 5474 quibus
1790 5403 1889 5474 legi
1914 5403 2111 5474 placet,

534 5475 685 5539 Quod
713 5477 903 5544 factum
937 5473 1037 5541 est,
1080 5477 1133 5529 in
1158 5476 1275 5543 ipso
1306 5476 1407 5528 vita
1440 5483 1567 5528 erat.
1612 5473 1815 5528 Verum
1861 5473 1998 5526 hanc
2033 5473 2114 5526 le—

532 5547 764 5601 ctionem
796 5547 983 5603 Ariani
1028 5563 1091 5602 ac
1128 5546 1495 5601 Macedoniani
1544 5548 1598 5601 in
1641 5545 1950 5600 harreticum
1981 5558 2110 5601 sen-

529 5632 649 5671 sum
681 5620 1099 5689 detorquebant,
1132 5628 1188 5673 ut
1217 5634 1338 5673 cum
1378 5618 1493 5672 haec
1519 5618 1706 5689 verba,
1740 5616 1891 5684 Quod
1914 5616 2114 5687 factum

532 5699 610 5763 est
627 5689 680 5742 in
712 5692 820 5763 ipso
843 5688 948 5744 uita
973 5703 1103 5753 erat,
1133 5708 1158 5742 a
1194 5690 1632 5763 pra-cedentibus
1660 5688 1947 5763 distincta,
1990 5703 2117 5763 pro-

531 5761 704 5830 priam
731 5759 1079 5817 sententiam
1127 5764 1454 5828 redderent,
1492 5760 1560 5816 de
1594 5759 1774 5813 Verbo
1815 5776 1879 5814 ac
1907 5760 2117 5829 Spiritu

527 5843 711 5887 sancto
756 5846 941 5890 essent
984 5832 1332 5903 intelligenda
1354 5875 1367 5900 ,
1415 5848 1550 5907 quas
1575 5831 1794 5888 divinas
1826 5846 2117 5903 personas,

2209 4683 2361 4738 bant.
2418 4679 2719 4736 Ortltodoxi
2771 4696 2877 4733 una
2926 4695 3135 4743 omnes,
3187 4678 3330 4750 quod
3382 4695 3477 4748 par
3506 4689 3645 4745 erat,
3677 4693 3805 4733 sese

2206 4755 2371 4823 impie
2403 4754 2526 4807 huic
2556 4751 2884 4821 expositioni
2915 4752 3273 4825 objecernnt,
3307 4766 3370 4805 ea
3404 4764 3607 4813 tamen,
3641 4766 3803 4825 quam

2207 4828 2441 4897 quisque
2486 4834 2644 4897 antea
2694 4835 3079 4897 usurpaverat,
3134 4823 3367 4876 lectione
3407 4832 3642 4897 retenta.
3673 4823 3805 4897 _Ho_c

2208 4894 2373 4952 tinum
2404 4894 2626 4953 Fideles
2659 4905 2843 4950 monet
2863 4895 3221 4965 Augustinus,
3254 4909 3461 4951 necum
3493 4894 3807 4953 Manichwis

2211 4971 2280 5023 ita
2314 4969 2720 5034 distinguerent
2746 5009 2759 5033 ,
2790 4967 2928 5037 quod
2962 4970 3155 5037 factum
3190 4978 3261 5019 est
3294 4967 3344 5019 in
3370 4968 3503 5037 ipso,
3533 4966 3637 5020 vita
3666 4975 3804 5033 erat,

2210 5042 2304 5095 sed
2332 5056 2454 5093 cum
2497 5037 2741 5109 Ecclesia
2787 5039 3050 5107 legerent,
3079 5037 3217 5109 quod
3264 5039 3455 5109 factum
3483 5048 3578 5101 est,
3614 5039 3665 5091 in
3694 5038 3810 5108 ipso

2213 5115 2317 5166 vim
2349 5123 2478 5164 erat.
2527 5108 2792 5164 Caeterum
2837 5108 3237 5179 quamcumque
3270 5108 3592 5178 praeferrent.
3630 5109 3810 5163 luere-

2216 5186 2307 5238 tici
2337 5185 2499 5248 στὶξιν
2524 5226 2537 5249 ,
2591 5183 2709 5237 sive
2752 5183 3019 5237 orationis
3047 5181 3481 5241 distinctionem.
3514 5182 3655 5235 falso
3684 5196 3807 5233 eam

2214 5273 2277 5309 ac
2302 5266 2506 5310 temere
2536 5271 2635 5308 suo
2655 5256 2839 5309 sensui
2871 5253 3307 5317 accommodare,
3339 5253 3576 5308 Ostendit
3597 5253 3653 5308 S.
3678 5252 3810 5307 Ain-

2218 5328 2431 5381 ltrosins
2460 5327 2551 5380 lib.
2587 5342 2642 5379 Ill
2670 5325 2731 5379 de
2764 5322 2933 5379 Fille:
2971 5345 2987 5374 ι
3025 5323 3195 5387 Unde,
3232 5325 3503 5393 inquiens,
3538 5339 3639 5378 nec
3670 5323 3809 5377 illud

2221 5400 2551 5462 verendum,
2592 5396 2733 5465 quod
2767 5397 2945 5451 solent
2967 5395 3156 5451 Ariani
3186 5411 3323 5449 saeva
3350 5396 3809 5463 interpretatione

2219 5485 2572 5538 componere,
2603 5467 2851 5524 dicentes
2878 5467 3075 5523 factum
3102 5483 3225 5523 esse
3253 5468 3346 5521 Dei
3372 5468 3646 5523 Verbum:
3678 5467 3809 5535 quia

2221 5546 2488 5612 scriptum
2520 5550 2623 5605 est,
2658 5540 2931 5610 inquiunt,
2961 5538 3101 5665 quod
3135 5539 3335 5595 factum
3357 5550 3441 5593 est
3473 5541 3524 5592 in
3556 5539 3674 5609 ipso
3698 5539 3811 5594 vita

2222 5624 2328 5665 est.
2358 5625 2464 5665 etc.
2491 5656 2502 5665 .
2525 5652 2572 5665 ..
2593 5651 2605 5662 .
2661 5610 2867 5665 Deinde
2895 5627 2966 5665 un
3008 5627 3038 5665 e
3071 5622 3298 5665 possunt
3320 5610 3539 5665 docere.
3574 5611 3654 5665 sic
3685 5625 3808 5665 nro-

2222 5610 2464 5680 est,_etc.
2491 5656 2502 5667 .
2525 5652 2572 5669 ..
2593 5651 2605 5662 .
2661 5610 2867 5666 Deinde
2895 5610 3038 5665 unde
3071 5622 3298 5679 possunt
3320 5610 3539 5675 docere,
3574 5611 3654 5665 sic
3685 5625 3808 5679 pro-

2224 5686 2504 5740 nuntiasse
2546 5683 2965 5752 evangelistam:
3014 5683 3257 5752 plerique
3294 5684 3437 5737 enim
3468 5681 3613 5737 docti
3639 5693 3691 5735 et
3720 5681 3810 5736 Fi-

2226 5759 2377 5813 deles
2408 5758 2486 5811 sic
2511 5756 2865 5827 pronuntiant
2890 5773 2903 5807 :
2944 5754 3143 5827 Omnia
3170 5770 3263 5823 per
3290 5756 3461 5825 ipsum
3483 5753 3624 5808 facta
3653 5765 3808 5819 sunt,

2231 5842 2286 5886 et
2309 5829 2428 5885 sine
2452 5832 2570 5899 ipso
2596 5826 2797 5883 factum
2823 5837 2908 5884 est
2938 5826 3071 5883 nihil
3099 5827 3244 5897 quod
3275 5827 3474 5885 factum
3505 5834 3610 5883 est.
3638 5843 3659 5878 ι
