4038 6328
243 249 350 305 5.9

852 248 1503 310 COMMENTARIORUM
1542 253 1611 317 IN
1648 252 2097 325 EZECHIELEM
2136 256 2267 314 LIB.
2313 253 2405 312 XI.
2445 254 2599 313 CAP.
2642 254 2914 316 XXXVII.

3423 256 3526 313 550

242 370 478 422 ι-εηιῐιιηῖ
517 370 650 445 (Ps.
681 388 825 442 cxtv,
861 373 951 455 9).
987 375 1113 429 llzcc
1161 376 1478 453 loquuntur,
1533 376 1625 448 qui
1653 375 1722 439 de
1750 390 1843 447 ge-
1870 379 1923 451 Α
1946 376 2139 445 babel,
2188 386 2246 443 ut
2283 376 2434 447 prius
2464 376 2612 443 dixi,
2642 378 2858 446 expleta
2901 376 3229 439 conﬁrmant
3257 417 3271 442 ,
3315 376 3531 447 quando

238 464 445 531 ncrali,
478 473 539 519 ut
580 466 852 537 diximus,
883 468 1286 525 resurrectione
1314 469 1657 531 Ezechielem
1704 470 1843 529 scri-

240 556 413 625 psisse
436 566 747 623 autumant.
761 558 860 628 Qui
879 570 1061 619 autem
1079 561 1259 615 taliter
1276 561 1704 633 interpretantur
1718 562 1841 639 ista,

237 664 345 704 non
372 649 585 706 debent
635 652 793 716 nobis
823 652 1002 709 facere
1034 653 1297 707 invidiam
1321 696 1335 718 ,
1373 653 1517 727 quod
1566 655 1729 709 istum
1759 654 1839 709 lo-

237 757 357 796 cum
391 743 563 798 aliter
593 754 968 815 exponentes,
1016 747 1483 803 resurrectionem
1528 761 1728 818 negare
1758 747 1842 802 vi-

239 835 496 892 deamur.
525 837 743 901 Scimus
772 838 917 894 enim
962 838 1132 893 nmlto
1156 838 1467 893 robustiora
1498 838 1837 907 testimonia,

238 940 287 986 et
316 931 375 985 in
401 932 615 1001 quibus
645 932 791 987 nulla
823 932 897 987 sit
926 932 1221 999 dubitatio,
1267 933 1318 988 in
1370 931 1667 1004 Scripturis
1714 948 1841 986 san—

239 1024 339 1078 ctis
364 1025 641 1094 reperiri,
677 1035 732 1079 ut
760 1034 844 1081 est
865 1024 994 1079 illud
1020 1024 1122 1081 Job
1157 1044 1171 1081 :
1203 1025 1502 1083 Suscitabit
1529 1025 1637 1098 (At.
1667 1028 1842 1081 susci-

240 1115 403 1184 tabis)
439 1115 648 1186 pellem
686 1132 858 1172 meam
884 1159 898 1181 ,
932 1133 1052 1189 qua:
1093 1118 1197 1172 i5ta
1235 1117 1472 1173 sustinet
1524 1115 1675 1189 (Job.
1707 1116 1842 1188 χιχ).

242 1212 303 1265 Et
330 1211 386 1264 in
424 1210 669 1266 Daniel:
699 1211 845 1265 Sluiti
877 1212 967 1282 qui
999 1211 1279 1266 dormiunt
1307 1211 1358 1265 in
1391 1220 1557 1266 terra:
1585 1211 1843 1281 pulvere,

242 1314 535 1374 rcsurgent
563 1321 578 1370 ;
623 1304 711 1359 isti
742 1303 796 1359 in
828 1305 993 1359 vitam
1026 1314 1283 1360 aeternam
1312 1346 1328 1373 ,
1365 1314 1420 1361 et
1448 1305 1534 1360 isti
1562 1306 1613 1360 in
1645 1321 1844 1378 oppro-

244 1399 440 1462 brium,
476 1408 538 1453 et
565 1400 620 1452 in
651 1398 1027 1454 confusionem
1068 1408 1329 1454 mternam
1355 1399 1519 1471 (Dan.
1544 1416 1643 1471 ιιι,
1668 1402 1748 1473 2).
1779 1401 1847 1456 Et

243 1494 290 1547 in
332 1492 647 1563 Evangelia
672 1511 684 1547 :
712 1493 891 1550 Nolite
923 1495 1117 1550 timere
1148 1510 1274 1562 eos,
1299 1496 1388 1567 qui
1412 1511 1610 1567 corpus
1638 1496 1845 1553 interfi-

241 1588 422 1654 ciunt,
450 1589 700 1643 animam
729 1596 909 1643 autem
944 1604 1055 1643 non
1086 1598 1315 1662 possunt
1341 1589 1627 1654 occidere;
1661 1589 1847 1646 timete

239 1693 413 1739 autem
440 1698 573 1738 eun:
596 1683 795 1754 magis,
816 1683 907 1754 qui
926 1692 1100 1754 potest
1124 1694 1176 1743 et
1195 1683 1431 1737 animam
1451 1693 1504 1738 et
1520 1699 1714 1755 corpus
1732 1699 1849 1754 pcr-

1946 486 2136 541 magna
2161 470 2406 527 estfacta
2436 473 2763 537 commotio;
2796 479 2853 527 et
2891 486 3119 543 regnum
3149 470 3528 528 Chaldaeorum

1946 564 1998 618 in
2029 562 2238 631 Medos,
2269 562 2575 634 Persasque
2602 564 2926 623 translatum
2956 580 2970 620 :
3012 564 3098 620 vel
3130 563 3187 619 in
3234 564 3527 634 praesentia

1944 655 2147 717 Christi
2181 656 2286 724 sui,
2318 671 2480 725 quem
2512 664 2705 724 putant
2732 670 2855 713 esse
2881 664 3193 717 venturum.
3219 656 3329 713 Nos
3353 670 3530 715 autem

1947 748 2266 821 spiritaliter
2288 756 2411 818 post
2438 762 2656 807 crucem
2692 748 2904 809 Domini
2931 748 3233 804 Salvatoris
3262 748 3532 820 completa

1948 855 2347 909 memoramus;
2394 852 2450 897 et.
2482 840 2726 912 quotidie
2771 840 2888 901 fieri
2920 842 2971 897 in
3006 840 3091 903 his
3136 843 3221 898 vel
3275 844 3532 909 maxime,

1948 937 2037 1006 qui
2070 934 2242 993 instar
2280 934 2468 997 Lazari
2510 942 2859 1005 peccatorum
2904 947 3126 991 suorum
3169 933 3351 990 fasciis
3380 934 3537 991 colli-

1946 1030 2077 1100 gati.
2130 1029 2196 1095 ad
2242 1043 2432 1095 vocem
2484 1028 2698 1089 Domini
2752 1028 3083 1098 suscitantur
3122 1028 3306 1099 (Joan.
3332 1027 3447 1101 x1);
3478 1039 3538 1086 et

1948 1137 2080 1181 vere
2103 1129 2232 1181 Sunt
2259 1120 2455 1183 domus
2481 1118 2679 1185 Israel,
2711 1134 2876 1174 arens
2917 1118 3214 1190 quondam,
3243 1128 3297 1179 et
3323 1120 3528 1176 nullam

1948 1230 2102 1284 spem
2125 1216 2334 1273 habens
2362 1213 2554 1275 salutis
2582 1232 2593 1267 :
2631 1213 2726 1269 sed
2758 1213 2998 1269 intrante
3030 1212 3082 1269 in
3113 1228 3172 1273 se
3193 1213 3389 1282 spiritu
3416 1229 3542 1285 gra-

1952 1308 2060 1373 tim,
2090 1319 2145 1369 et
2170 1308 2482 1380 porrigeute
2513 1307 2748 1362 Domino
2773 1321 3018 1371 manum,
3049 1305 3118 1362 de
3160 1305 3430 1375 profundo
3456 1308 3540 1363 in-

1948 1403 2045 1465 feri
2079 1403 2378 1469 liberentur
2405 1420 2418 1456 :
2444 1413 2499 1457 et
2524 1404 2613 1472 qui
2642 1402 2793 1471 prius
2812 1402 3064 1459 dixerant
3089 1416 3104 1457 :
3135 1400 3539 1468 DomineDeus,

1950 1507 2005 1551 tu
2033 1497 2170 1553 nosti
2204 1496 2341 1560 hrec,
2375 1508 2561 1564 postea
2592 1492 2816 1549 audiant
2836 1492 3095 1555 liberati:
3134 1491 3355 1553 Modica:
3386 1491 3536 1559 ﬁdei,

1950 1605 2120 1660 quare
2148 1589 2437 1647 dubitastis
2469 1586 2684 1660 (Matth.
2714 1603 2824 1654 31v,
2853 1586 2986 1657 5t)?

2023 1682 2202 1756 (Vers.
2240 1684 2338 1748 15,
2367 1681 2508 1759 seq.)
2545 1701 2564 1739 ς
2604 1682 2672 1743 Et
2704 1681 2874 1747 factus
2903 1689 2989 1739 est
3016 1695 3199 1737 sermo
3230 1678 3443 1734 Domini
3475 1679 3543 1741 ad

240 1777 360 1832 dere
385 1778 441 1831 in
468 1777 786 1847 gehennam
808 1776 1609 1850 (Matth.x,28).Etaposlolus
1626 1778 1845 1833 Paulus:
1878 1786 1925 1846 Β
1960 1796 1978 1839 t
2027 1793 2147 1844 me,
2192 1776 2379 1839 dicens
2418 1792 2432 1835 :
2476 1775 2545 1830 Et
2582 1784 2638 1837 tu
2663 1819 2677 1844 ,
2731 1774 2809 1828 iili
2837 1773 3072 1830 hominis
3097 1817 3113 1841 ,
3163 1788 3319 1828 sume
3360 1772 3452 1833 tibi
3486 1773 3549 1827 li-

239 1868 332 1935 Qui
348 1876 370 1902 "
393 1867 713 1923 viviﬁcabit
737 1869 987 1923 mortalia
1008 1876 1192 1924 vestra
1209 1883 1436 1938 corpora
1462 1880 1679 1940 propter
1701 1870 1850 1925 inbu-

244 1962 510 2016 bitantem
539 1963 797 2033 spiritum
831 1962 950 2031 ejus
994 1962 1048 2017 in
1084 1963 1241 2029 vobis
1277 1963 1453 2035 (Rom.
1488 1980 1578 2018 Vlll
1601 2006 1616 2035 ,
1652 1965 1767 2035 II),
1797 1977 1852 2029 et

251 2055 400 2108 multa
422 2053 571 2108 alia.
611 2056 685 2109 Ex
715 2070 823 2126 quo
845 2055 1194 2127 perspicuum
1227 2065 1331 2125 est,
1353 2072 1459 2110 non
1484 2072 1584 2112 nos
1604 2074 1852 2114 resurrev

265 2152 479 2206 ctionem
511 2166 742 2223 negare,
768 2149 864 2206 sed
889 2150 1005 2205 haec
1024 2166 1131 2206 non
1156 2150 1356 2222 scripta
1372 2151 1438 2206 de
1451 2154 1853 2208 resurrectione

268 2244 612 2309 contendere,
642 2257 696 2301 et
728 2262 824 2316 per
853 2245 1269 2309 resurrectionis
1300 2245 1645 2317 parabolam,
1673 2247 1741 2304 de
1767 2264 1857 2306 re-

258 2338 538 2393 stitutione
574 2338 740 2393 Israel
773 2338 1093 2415 prophetari
1120 2340 1210 2409 qui
1248 2354 1315 2394 eo
1339 2350 1585 2409 tempore
1610 2341 1857 2413 captivus

249 2441 354 2486 erat
369 2433 428 2487 in
450 2433 758 2509 Babylone.
778 2432 886 2488 Nec
903 2432 1085 2495 statim
1106 2432 1381 2488 hmreticis
1395 2435 1738 2489 occasionem
1764 2434 1857 2491 da-

252 2527 449 2597 bimus,
474 2530 521 2582 si
544 2528 663 2593 lirec
691 2527 758 2583 de
782 2527 1189 2585 resurrectione
1210 2527 1488 2582 communi
1516 2528 1743 2599 intelligi
1766 2528 1859 2583 de-

250 2621 867 2694 negemus.Nutnquam
893 2621 1037 2675 enim
1060 2618 1089 2658 ι’
1112 2632 1417 2693 poneretur
1445 2620 1748 2676 similitudo
1772 2638 1860 2677 rc-

252 2716 620 2770 snrrectionis
648 2714 712 2783 ad
737 2714 1140 2781 restitutionem
1167 2714 1447 2769 Israelitici
1475 2715 1662 2786 populi
1688 2716 1855 2787 signi-

254 2807 552 2871 ﬁcandam,
571 2808 673 2867 nisi
693 2816 863 2869 staret
888 2807 998 2876 ipsa
1026 2809 1379 2873 resurrectio,
1400 2816 1455 2862 et
1479 2807 1659 2863 futura
1681 2809 1859 2864 crede-

255 2913 408 2957 retur
438 2923 451 2956 :
482 2905 605 2974 quia
635 2917 796 2958 nemo
827 2902 894 2956 dc
932 2901 1095 2957 rebus
1124 2916 1228 2956 non
1275 2903 1618 2957 exstantibus
1650 2906 1857 2959 incerta

255 2996 577 3049 conﬁrmat.
609 2994 854 3065 Totaque
884 3003 1073 3049 nostra
1098 2993 1196 3048 illo
1223 2994 1399 3055 tendit
1424 2995 1687 3065 assertio,
1715 2995 1857 3067 quod

258 3088 543 3160 quomodo
560 3088 778 3149 videtur
801 3086 1171 3157 incredulum,
1193 3087 1337 3156 quod
1356 3087 1571 3142 ossibus
1594 3087 1781 3154 aridis,
1807 3098 1861 3143 et

1957 1888 1977 1924 ς
2024 1887 2186 1941 gnum
2212 1886 2402 1938 unum,
2420 1881 2476 1926 et
2500 1870 2683 1931 scribe
2705 1883 2869 1939 super
2892 1868 3020 1925 illud
3046 1866 3221 1931 Judtc,
3239 1879 3293 1923 et
3314 1868 3547 1927 ﬁliorum

1960 1984 1977 2017 ι
2024 1964 2190 2029 Israel
2224 1964 2503 2027 sociorum
2526 1964 2647 2033 cjus
2671 2007 2687 2032 ,
2719 1971 2778 2017 et
2806 1962 2932 2023 tolle
2961 1962 3166 2031 lignum
3210 1960 3466 2029 alterum,
3496 1968 3550 2019 et

1960 2077 1979 2111 ι
2027 2059 2205 2115 scribe
2253 2072 2418 2126 super
2464 2056 2597 2117 illud
2638 2054 2844 2125 Ioseph
2892 2054 3095 2125 lignum
3142 2052 3441 2125 Ephraim,
3493 2062 3550 2112 et

1961 2172 1981 2209 ι
2027 2150 2204 2206 omnis
2234 2151 2427 2207 domus
2446 2149 2633 2216 Israel,
2657 2148 2929 2209 sociorum
2959 2148 3098 2217 ejus.
3120 2144 3439 2217 Etadjunge
3459 2146 3546 2204 illa

1964 2266 1981 2299 ι
2030 2260 2199 2307 unum
2251 2244 2316 2303 ad
2364 2242 2598 2303 alterum
2651 2241 2749 2299 tibi
2792 2241 2847 2296 in
2887 2239 3090 2310 lignum
3139 2254 3346 2303 unum;
3384 2236 3545 2310 5.37

1965 2359 1984 2394 ι
2028 2349 2086 2397 et
2121 2345 2281 2395 erunt
2315 2335 2589 2400 inunione
2633 2335 2685 2389 in
2728 2349 2888 2397 rnanu
2926 2342 3037 2391 tua.
3080 2330 3215 2389 Cum
3258 2341 3435 2387 autem
3467 2331 3549 2385 di-

1966 2452 1983 2485 i
2029 2430 2207 2489 xerint
2233 2429 2299 2491 ad
2332 2437 2384 2491 te
2412 2426 2705 2497 liliipopuli
2736 2426 2835 2490 tui,
2856 2426 3166 2494 loquentes:
3193 2424 3381 2479 Nonne
3410 2423 3549 2481 indi-

1967 2542 1984 2576 t
2034 2538 2124 2581 cas
2154 2520 2308 2577 nobis
2336 2520 2464 2590 quid
2492 2521 2543 2573 in
2575 2519 2659 2573 bis
2690 2518 2785 2573 tibi
2816 2516 2996 2579 velis?
3019 2516 3286 2588 Loqueris
3314 2516 3380 2571 ad
3406 2531 3502 2571 eos
3531 2533 3548 2577 ι

1967 2637 1985 2675 t
2034 2618 2148 2675 hmo
2163 2616 2295 2679 dicit
2314 2613 2574 2671 Dominus
2590 2614 2733 2669 Dens
2748 2629 2763 2665 :
2780 2611 2921 2671 Ecce
2942 2626 3042 2683 ego
3060 2625 3328 2671 assutnam
3346 2610 3551 2679 lignum

1968 2731 1986 2764 ‹
2032 2709 2234 2781 Joseph
2260 2755 2273 2777 ,
2307 2707 2449 2780 quod
2497 2718 2581 2763 est
2624 2707 2677 2761 in
2710 2721 2872 2765 manu
2928 2704 3231 2775 Ephraim;
3276 2713 3332 2759 et
3374 2702 3552 2765 tribus

1968 2827 1986 2865 t
2035 2806 2223 2871 Israel,
2247 2819 2368 2874 quin
2397 2806 2599 2872 juncta:
2644 2809 2775 2857 sunt
2817 2800 2867 2865 ei
2904 2815 2917 2853 :
2950 2808 3005 2855 et
3034 2798 3175 2853 dabo
3203 2811 3296 2855 eas
3353 2796 3554 2867 pariter

1969 2921 1988 2955 ι
2035 2917 2155 2961 cum
2192 2900 2336 2971 ligno
2362 2896 2524 2968 Juda,
2558 2906 2614 2952 ct
2647 2895 2840 2951 faciam
2872 2910 2965 2949 cas
2989 2892 3176 2965 [I’ulg.
3207 2892 3349 2953 addit
3385 2890 3460 2963 in]
3491 2891 3558 2944 li-

1970 3016 1987 3049 ι
2034 3011 2197 3066 gnum
2231 3009 2421 3057 unum,
2455 3002 2509 3048 et
2541 3002 2702 3047 erunt
2734 3005 2898 3049 unum
2932 2988 2983 3043 in
3015 3002 3209 3047 manus
3239 2986 3559 3057 ejus.Erunt

1972 3111 1989 3143 ι
2037 3099 2217 3157 autem
2249 3088 2392 3158 ligna
2423 3100 2587 3156 super
2618 3099 2740 3153 quae
2780 3081 3067 3153 scripseris
3098 3081 3151 3141 in
3182 3096 3342 3134 manu
3373 3090 3458 3133 tua
3502 3078 3555 3135 in

260 3184 435 3238 multa
459 3190 731 3238 vetustate
753 3180 1040 3247 confectis,
1067 3180 1246 3236 futura
1270 3182 1601 3245 resurrectio
1625 3182 1851 3253 promit-
1882 3186 1925 3247 (ἶ
1965 3204 1981 3234 ι
2032 3182 2202 3239 oculis
2230 3196 2419 3237 eorum
2458 3197 2471 3232 :
2521 3188 2575 3234 et
2605 3177 2755 3233 dices
2784 3174 2849 3230 ad
2881 3189 2974 3231 eos
3005 3191 3018 3227 :
3052 3173 3182 3229 Haec
3208 3172 3338 3229 dicit
3369 3172 3552 3227 Domi-

262 3287 415 3332 tatur
441 3287 529 3332 :et
561 3286 737 3331 tamen
767 3275 1005 3330 futurum
1032 3285 1114 3330 est
1142 3274 1282 3349 quod
1305 3274 1642 3344 promittitur
1666 3292 1679 3340 ;
1706 3274 1785 3329 sic
1808 3282 1863 3329 et

262 3371 543 3425 restitutio
560 3369 743 3441 populi
759 3368 942 3430 Israel,
965 3368 1055 3439 qui
1075 3367 1270 3422 ductus
1293 3366 1441 3422 estin
1468 3366 1858 3437 captivitatem,

262 3463 434 3537 5,36
460 3471 517 3517 et
560 3464 612 3517 in
642 3470 757 3516 toto
786 3461 918 3515 orbe
940 3460 1246 3533 dispersus,
1276 3460 1491 3514 videtur
1512 3458 1731 3529 quidem
1782 3461 1859 3513 in-

260 3556 547 3612 credibilis
575 3556 658 3610 his
680 3555 769 3626 qui
801 3554 891 3609 Dei
920 3570 1027 3608 non
1051 3562 1249 3609 norunt
1282 3553 1607 3617 potentiam,
1636 3551 1730 3607 sed
1766 3561 1849 3605 ta-

263 3665 392 3705 men
426 3656 613 3703 rutura
640 3657 760 3702 est:
793 3649 914 3718 quia
942 3661 1045 3718 ego
1070 3688 1083 3713 ,
1115 3645 1315 3717 inquit,
1351 3645 1620 3700 Dominus
1646 3650 1861 3701 locutus

259 3758 407 3807 sum,
440 3749 496 3796 et
526 3740 718 3795 faciam
751 3740 891 3795 sicut
922 3740 1202 3811 pollicitus
1243 3755 1385 3794 sum.
1416 3739 1663 3810 Denique
1695 3750 1751 3795 et
1793 3741 1851 3795 in

257 3836 530 3892 anteriori
558 3836 867 3907 prophetia,
902 3836 954 3891 in
980 3851 1081 3907 qua
1106 3836 1383 3891 montibus
1404 3836 1573 3893 Israel
1603 3838 1860 3908 antiquus

261 3930 670 4000 repromittitur
700 3941 909 3999 status,
968 3930 1103 3985 dicit
1157 3930 1224 3984 ad
1279 3945 1375 3985 eos
1431 3931 1701 3991 Dominus
1736 3951 1750 3987 :
1785 3933 1855 3988 Et

263 4034 567 4080 convertar
583 4023 649 4078 ad
681 4039 802 4091 vos,
833 4031 889 4079 et
913 4023 1226 4086 arabimini,
1254 4032 1307 4077 et
1325 4024 1611 4095 accipietis
1640 4039 1858 4081 semen-

266 4130 399 4183 tem,
435 4126 493 4173 et
520 4116 899 4188 multiplicabo
944 4116 999 4171 in
1037 4116 1197 4171 vobis
1229 4116 1503 4189 homines,
1538 4135 1862 4190 omnemque

266 4214 494 4267 domum
518 4211 687 4267 Israel
705 4210 907 4283 (Supra
927 4225 1123 4273 xxxvi,
1146 4210 1308 4281 9,10)
1338 4224 1428 4266 :et
1455 4228 1694 4277 rursum,
1718 4212 1860 4282 quod

268 4310 470 4364 domus
501 4308 668 4363 Israel
698 4306 1009 4363 habitatura
1033 4309 1107 4362 sit
1135 4308 1191 4363 in
1219 4319 1363 4362 terra
1387 4323 1504 4376 sua,
1535 4323 1655 4380 quae
1684 4294 1861 4378 quon-

269 4404 396 4457 dant
422 4401 651 4463 inculta.
683 4409 870 4473 postea
892 4398 1074 4456 futura
1097 4400 1169 4457 sit
1196 4401 1353 4471 quasi
1386 4400 1583 4463 hortus
1604 4401 1861 4461 voluntas

271 4499 375 4565 tis,
407 4506 463 4552 et
493 4495 741 4553 civitates
770 4493 1028 4562 desertae,
1049 4502 1107 4549 et
1124 4493 1396 4550 destitutae
1419 4493 1770 4562 muniantur;
1808 4502 1865 4559 et

1972 3295 1989 3327 ι
2040 3292 2141 3333 nos
2176 3276 2313 3335 Deiis
2346 3291 2359 3331 ;
2392 3270 2538 3333 Ecce
2560 3285 2663 3340 ego
2690 3282 2963 3327 assumant
2990 3266 3129 3321 ﬁlios
3157 3265 3319 3321 Israel
3352 3264 3419 3319 dc
3449 3278 3560 3318 nae.

1972 3390 1989 3423 t
2037 3370 2129 3425 dio
2156 3367 2473 3431 nationum,
2505 3364 2571 3418 ad
2602 3378 2736 3432 quas
2780 3362 3032 3421 abierunt
3067 3378 3079 3413 :
3115 3368 3171 3414 et
3209 3356 3561 3428 congregabo

1972 3481 1990 3513 ι
2037 3478 2133 3519 eos
2165 3459 2406 3529 undique
2433 3503 2446 3523 ,
2479 3465 2534 3517 et
2575 3455 2839 3515 adducam
2871 3469 2968 3509 eos
3014 3452 3080 3509 ad
3114 3451 3333 3511 humum
3371 3466 3522 3507 suam
3543 3490 3559 3514 ,

1973 3575 1990 3608 ι
2037 3564 2091 3611 et
2121 3554 2317 3610 {nciam
2348 3566 2444 3609 eos
2473 3559 2690 3623 gentem
2723 3564 2885 3605 unam
2920 3549 2975 3607 in
3024 3559 3164 3602 terra
3198 3547 3251 3601 in
3284 3544 3563 3605 tltontibus

1971 3667 1989 3701 ‹
2039 3646 2221 3709 Israel,
2252 3655 2307 3709 et
2332 3660 2427 3705 rex
2459 3658 2601 3703 unus
2627 3642 2733 3701 erit
2758 3639 3009 3697 omnibus
3038 3638 3332 3703 imperans.
3363 3636 3430 3692 Et
3451 3650 3560 3689 non

1972 3760 1989 3793 ‹
2037 3748 2198 3794 erunt
2230 3738 2368 3799 ultra
2396 3736 2519 3793 duae
2548 3745 2757 3805 gentes,
2786 3748 2884 3791 nec
2912 3732 3225 3786 dividentur
3250 3730 3484 3799 amplius
3506 3728 3561 3782 in

1970 3853 1988 3886 ι
2036 3833 2146 3888 duo
2171 3846 2338 3903 regna
2366 3847 2380 3895 ;
2424 3844 2596 3899 neque
2625 3827 2936 3898 polluentur
2964 3826 3103 3885 ultra
3136 3825 3188 3879 in
3221 3822 3383 3877 idolis
3423 3822 3559 3885 suis,

1971 3947 1988 3979 ι
2036 3936 2091 3981 et
2139 3928 2191 3983 in
2242 3921 2747 3981 ahominationihus
2778 3917 2964 3991 [ναις.
2998 3917 3141 3972 addit
3179 3914 3352 3985 suis],
3404 3922 3460 3969 et
3506 3914 3561 3969 in

1971 4041 1989 4073 ‹
2037 4020 2252 4081 cunctis
2282 4016 2663 4088 iniquitatibus
2690 4015 2824 4076 suis,
2857 4023 2914 4068 et
2946 4012 3131 4066 salvos
3153 4024 3249 4067 eos
3276 4009 3472 4064 faciam
3496 4007 3567 4069 de

1971 4135 1990 4169 ι
2040 4114 2311 4175 universis
2333 4110 2556 4173 sedibus
2585 4110 2721 4174 suis,
2758 4108 2812 4162 in
2856 4106 3055 4177 quibus
3089 4111 3480 4175 peccaverunt,
3511 4110 3568 4167 et

1971 4228 1990 4262 ι
2038 4206 2315 4267 mundabo
2366 4196 2588 4273 eos,°et
2641 4210 2800 4255 erunt
2840 4199 2976 4257 mihi
3019 4197 3247 4266 populus
3288 4194 3474 4268 [Vulg].
3508 4195 3562 4255 in

1972 4322 1991 4357 ι
2040 4298 2355 4375 populum],
2388 4306 2443 4361 et
2469 4311 2571 4369 ego
2600 4310 2697 4355 ero
2725 4294 2805 4357 eis
2836 4293 2981 4351 Deus
3012 4290 3033 4363 [
3062 4290 3220 4361 Vulg.
3250 4291 3304 4343 in
3333 4287 3562 4359 Deum].

1973 4417 1992 4450 ‹
2039 4397 2108 4452 Et
2132 4408 2326 4453 servus
2354 4406 2511 4453 meus
2542 4388 2710 4451 David
2757 4403 2855 4443 rex
2899 4400 3065 4457 super
3105 4400 3203 4440 eos
3231 4425 3245 4451 ,
3277 4392 3333 4438 et
3381 4392 3565 4452 pastor

1972 4509 1991 4540 ι
2039 4504 2180 4551 unus
2211 4491 2324 4549 erit
2350 4484 2593 4545 omnium
2625 4498 2814 4543 eorum
2846 4500 2856 4534 :
2893 4480 3185 4550 injudiciis
3213 4480 3351 4536 meis
3379 4478 3567 4534 ambu-

271 4589 668 4663 multiplicetur
691 4590 745 4643 in
773 4589 854 4645 eis
880 4588 1075 4647 domus
1114 4587 1310 4655 Israel,
1331 4588 1471 4645 sicut
1490 4604 1623 4660 grex
1651 4589 1854 4657 ovium,

1974 4600 1992 4634 ί
2042 4581 2250 4647 labunt,
2283 4588 2338 4637 et
2367 4576 2622 4639 mandata
2656 4589 2775 4633 mea
2805 4571 3140 4641 custodierit,
3168 4580 3226 4626 et
3247 4569 3451 4629 facient
3477 4585 3566 4627 ea.

270 4696 329 4741 et
350 4693 548 4743 caetera
573 4696 693 4752 quae
723 4690 1025 4755 sequuntur
1060 4680 1127 4737 ad
1156 4680 1411 4741 eumdem
1439 4696 1661 4737 sensum
1693 4683 1863 4752 perti-

270 4792 409 4833 ncre
435 4818 451 4842 ,
494 4776 585 4844 qui
627 4788 770 4829 nunc
801 4774 901 4837 sub
927 4773 1235 4843 tropologia
1279 4782 1333 4829 et
1375 4773 1631 4844 parabole
1664 4773 1863 4835 dicitur

266 4870 555 4926 aridorum
587 4869 792 4925 ossium
816 4910 831 4934 ,
863 4875 921 4927 et
949 4868 1169 4939 penitus
1191 4868 1398 4922 nullum
1428 4866 1711 4925 humorem
1738 4868 1863 4924 vita:

268 4966 628 5029 habentium,
673 4962 899 5031 impleto
944 4962 1040 5018 illo
1089 4962 1234 5034 quod
1268 4964 1322 5019 in
1374 4961 1681 5033 Evangelio
1721 4962 1861 5019 seris

271 5069 427 5129 ptum
454 5056 716 5125 estzQute
738 5055 878 5126 apud
909 5054 1162 5115 homines
1191 5055 1551 5126 impossibilia
1584 5056 1857 5121 videntur,

270 5150 416 5222 apud
447 5150 619 5207 Deum
652 5147 933 5217 possibilia
971 5156 1097 5203 sunt
1136 5146 1355 5211 (Matth.
1389 5164 1510 5211 xix,
1540 5148 1659 5219 26).
1692 5148 1863 5218 Ejecti

271 5253 403 5300 sunt
430 5252 609 5303 autem
641 5242 710 5303 de
727 5241 993 5313 sepulcris
1023 5241 1156 5305 suis,
1183 5241 1251 5301 de
1280 5242 1551 5312 sepulcris
1577 5243 1865 5312 captivita-

275 5340 371 5406 tis,
401 5346 457 5392 et
490 5335 724 5393 vinculis
750 5334 945 5405 quibus
975 5334 1238 5395 servitute
1276 5334 1568 5407 Babylonia
1602 5336 1867 5393 teneban-

273 5443 365 5488 tur
393 5430 627 5489 astricti.
676 5429 782 5493 Sed
825 5428 942 5485 hmc
985 5429 1167 5485 omnia
1209 5428 1405 5495 Judaei,
1432 5430 1515 5485 vel
1557 5430 1659 5487 suh
1696 5430 1865 5489 Zoro-

347 5605 375 5633 ι
416 5594 640 5666 Supplet
663 5593 882 5666 Victor.
907 5594 1178 5665 integrum
1211 5595 1582 5649 testimonium
1608 5595 1709 5650 boc
1739 5612 1858 5651 mo-

275 5669 347 5724 do
375 5687 391 5722 :
418 5664 831 5734 Qui'sttscitavit
858 5664 1041 5721 Jesum
1069 5666 1345 5721 Christum
1377 5683 1403 5719 a
1429 5668 1681 5733 mortuis,
1715 5669 1855 5722 vivi-

281 5739 468 5797 ﬁcobit
488 5738 760 5804 mortalia,
788 5747 921 5803 θῦε..
955 5754 1025 5794 ex
1050 5737 1387 5793 Florentinis
1407 5738 1570 5793 codd.

356 5811 384 5850 ιι
422 5810 620 5866 Confer
641 5808 962 5866 Tertulliani
985 5809 1076 5866 lib.
1106 5810 1174 5866 de
1196 5809 1619 5868 Rcsurrectione
1641 5810 1858 5881 Carnis,

1973 4695 1991 4728 ι
2039 4675 2108 4731 Ει
2136 4672 2463 4731 babitabunt
2483 4683 2647 4739 super
2670 4677 2896 4731 terram,
2926 4680 3085 4736 quam
3109 4662 3235 4721 dedi
3261 4678 3421 4719 servo
3440 4678 3564 4719 meo

1973 4788 1993 4822 ‹
2038 4768 2210 4829 Jacob
2244 4784 2258 4825 :
2291 4764 2346 4825 in
2370 4778 2479 4837 qua
2510 4761 2899 4819 habitaverunt
2929 4770 3109 4830 patres
3150 4757 3341 4826 vestri,
3376 4768 3431 4814 et
3464 4761 3563 4817 ba-

1973 4883 1993 4917 c
2039 4863 2291 4920 hitabunt
2317 4874 2483 4929 super
2523 4871 2644 4917 eam
2675 4854 2780 4925 ipsi
2810 4864 2867 4911 et
2910 4853 3007 4913 filii
3036 4868 3226 4908 eorum
3254 4894 3269 4919 ,
3299 4862 3353 4907 et
3380 4851 3470 4906 ﬁlii
3503 4850 3565 4907 ti-

1974 4978 1993 5013 ι
2039 4960 2236 5023 liorum
2275 4968 2463 5009 eorum
2496 4964 2668 5020 usque
2698 4949 2752 5004 in
2801 4948 3198 5017 sempiternum
3231 4962 3244 4999 :
3302 4955 3356 5001 et
3396 4945 3566 5000 David

1975 5071 1994 5106 ι
2039 5063 2238 5109 servus
2264 5062 2420 5104 meus
2445 5088 2459 5113 ,
2492 5045 2747 5116 princeps
2791 5057 2981 5097 eorum
3032 5043 3083 5096 in
3117 5050 3462 5111 perpetuum.
3497 5038 3566 5093 Et

1972 5166 1991 5200 ‹
2040 5146 2340 5215 percutiam
2368 5141 2480 5197 illis
2508 5138 2684 5195 fmdus
2712 5138 2859 5208 pacis
2885 5155 2896 5190 :
2931 5144 3145 5206 pactum
3174 5133 3564 5203 sempiternum

1973 5260 1992 5293 ι
2039 5239 2145 5295 erit
2172 5239 2346 5303 eis,et
2370 5233 2607 5290 l'undabo
2629 5248 2747 5298 eos,
2776 5240 2831 5286 et
2857 5228 3237 5299 multiplicabo
3261 5242 3355 5282 eos
3377 5224 3565 5297 [ναις.

1975 5354 1993 5387 ι
2040 5342 2169 5391 tacet
2189 5330 2329 5404 eos],
2353 5339 2409 5387 et
2435 5328 2577 5385 dabo
2597 5326 3089 5384 sanctiﬁcationem
3109 5337 3282 5379 tneam
3314 5323 3364 5381 in
3386 5320 3566 5376 medio

1978 5449 1996 5484 ι
2042 5444 2230 5487 eorum
2260 5429 2314 5481 in
2339 5432 2685 5497 perpetuum.
2720 5422 2786 5477 Et
2813 5420 2911 5477 erit
2948 5417 3356 5483 tabernaculum
3384 5431 3561 5471 meum

1966 5612 2085 5666 cap.
2114 5593 2207 5659 50,
2237 5592 2327 5667 ubi
2363 5590 2477 5644 haec
2516 5586 2800 5667 prtecipue
2842 5585 2979 5641 ratio
3012 5582 3433 5667 Ilieronyntiana
3473 5591 3565 5666 est

1966 5654 2225 5738 gemina:
2254 5664 2390 5738 Nam
2426 5654 2536 5738 etsi
2566 5657 2884 5738 figmentum
2934 5658 3185 5738 veritatis
3220 5654 3281 5710 in
3324 5654 3562 5738 imagine

1968 5730 2074 5804 cst,
2104 5740 2282 5807 imago
2311 5737 2422 5803 ipsa
2451 5730 2765 5807 iuveritgte
2799 5737 2883 5782 est
2908 5730 2991 5781 sui
3020 5769 3034 5791 ,
3073 5742 3300 5783 necesse
3329 5737 3560 5783 estesse

1969 5801 2121 5882 prius
2149 5801 2277 5874 sibi,
2306 5801 2416 5875 quo
2447 5803 2538 5858 alii
2567 5801 2958 5870 conﬁgurctur,
3004 5808 3109 5854 etc.
