4038 6328
400 277 497 333 351
1640 280 1701 341 S.
1744 280 2020 339 EUSEBII
2060 281 2443 344 HIERONYMI
3585 297 3693 352 352

405 413 426 448 ι
472 395 527 451 ἰη
559 396 659 461 eis,
686 404 743 452 et
766 409 861 451 ero
880 396 963 451 eis
987 396 1149 464 Deus,
1174 404 1229 451 et
1257 396 1360 467 ipsi
1391 409 1554 453 erunt
1577 397 1708 453 mihi
1739 398 1992 470 populus.
2020 401 2077 461 Α
2098 397 2237 455 Juda
2294 412 2349 457 et
2387 402 2558 459 Israel
2606 403 2893 461 adversum
2941 420 3001 462 se
3039 406 3297 465 habuisse
3350 410 3647 466 certamina
3674 453 3691 480 ,

406 507 426 542 ι
474 490 541 545 Et
570 490 747 544 scient
793 498 983 557 gentes
1032 490 1154 560 quia
1200 503 1302 560 ego
1335 488 1596 546 Dominus
1626 490 1997 546 sanctificator
2098 498 2449 568 propriisque
2487 500 2738 569 paruisse
2774 502 2988 572 regibus
3029 502 3049 575 (
3085 503 3151 559 IV
3191 504 3317 576 Reg.
3354 521 3460 560 xxv
3490 503 3508 575 )
3541 524 3554 560 :
3588 509 3698 577 pri-

406 601 427 635 ι
475 583 664 649 Israel,
697 597 820 637 cum
850 581 1013 637 fuerit
1039 583 1400 639 sanctiﬁcatio
1441 599 1560 639 mea
1599 585 1653 639 in
1683 584 1863 640 medio
1902 600 1997 641 eo-
2100 608 2323 665 masque
2373 596 2560 652 decem
2600 596 2775 653 tribus
2814 609 2999 669 captas
3027 600 3093 655 ab
3147 601 3406 674 Assyriis,
3433 600 3598 676 439
3641 613 3697 660 et

409 695 429 729 ι
476 692 596 731 I‘Um
628 676 683 732 in
724 685 1066 747 perpetuum.
1102 676 1245 732 LXX
1293 695 1308 731 τ
1358 677 1430 733 Et
1475 676 1651 733 factus
1681 688 1764 733 est
1815 693 1998 733 sermo
2102 698 2225 755 post
2254 688 2589 759 aliquantum
2642 693 2906 761 temporis
2957 708 3049 747 eas
3104 710 3226 763 qua:
3281 696 3698 765 appellabantur

405 785 426 819 ι
472 768 688 823 Domini
714 767 781 823 ad
810 768 1125 835 me,dicens
1150 786 1164 822 :
1192 768 1263 824 Et
1286 780 1367 835 tu,
1396 769 1467 824 fili
1498 769 1759 835 hominis,
1783 785 1999 825 assume

2111 778 2257 847 Iuda,
2287 797 2314 835 a
2342 780 2611 839 Chaldruis
2635 786 2687 838 in
2713 785 3045 855 Babylonem
3066 787 3255 844 ductas
3277 803 3403 845 esse
3427 791 3693 861 captivas,

410 882 429 914 ‘
480 862 583 955 {illi
608 862 814 933 Virgam
844 877 1030 928 “nam:
1065 871 1121 917 ει
1148 861 1331 918 scribe
1358 878 1521 934 super
1550 879 1668 919 eam
1698 862 1915 928 JUdamt
1947 872 2002 919 οι
2103 884 2159 930 et
2202 876 2402 931 tribum
2459 877 2599 933 Juda
2645 890 2770 949 post
2818 895 2989 935 annos
3040 881 3383 953 septuaginta
3416 925 3430 947 ,
3462 887 3697 955 antiquae

416 974 433 1006 ι
483 954 627 1010 filios
659 955 824 1010 Israel
848 956 939 1024 qui
971 956 1205 1026 appositi
1237 965 1363 1009 sunt
1384 957 1454 1022 ei,
1489 965 1544 1011 et
1573 957 1777 1027 virgam
1811 971 2003 1011 sccun-

2111 981 2264 1025 terrac
2295 971 2559 1027 redditam
2596 992 2607 1026 :
2642 974 2833 1029 decem
2860 986 3040 1030 autem
3085 975 3256 1030 tribus
3281 992 3399 1047 qua:
3426 979 3693 1034 vocaban-

413 1067 433 1099 ‘
480 1046 605 1101 dam
636 1063 886 1103 θεευῐηθδ
919 1048 1039 1115 ΠΜ»
1072 1060 1126 1103 et
1171 1048 1380 1104 scribes
1411 1064 1578 1119 super
1622 1054 1742 1105 eam
1773 1048 1999 1120 Ioseph,
2105 1071 2192 1118 tur
2222 1062 2411 1130 Israel,
2438 1080 2606 1135 usque
2629 1065 2792 1121 hodie
2821 1068 2871 1121 in
2904 1068 3198 1133 montibus,
3231 1046 3563 1140 urbibusque
3585 1070 3693 1127 Me-

414 1160 433 1192 ι
481 1141 687 1211 virgam
712 1141 974 1211 Ephraim
997 1187 1011 1207 .
1036 1152 1090 1196 et
1119 1157 1310 1197 omnes
1340 1142 1480 1197 ﬁlios
1504 1142 1669 1199 Israel
1714 1143 1803 1213 qui
1832 1157 2003 1214 appo-
2105 1158 2301 1214 dorum
2331 1159 2537 1214 servire
2568 1159 2817 1229 Captivas
2843 1159 2935 1233 (tv
2966 1161 3096 1231 Reg.
3130 1178 3233 1216 xxv
3255 1162 3295 1231 ).
3326 1161 3696 1235 Prwscnsigi-

414 1253 433 1287 ‹
482 1234 573 1290 sitl
600 1246 725 1290 sunt
752 1236 833 1302 ei,
859 1245 915 1290 et
944 1235 1243 1306 conjunges
1265 1251 1359 1291 eas
1401 1236 1634 1290 invicem
1669 1236 1764 1290 tibi
1802 1236 1853 1290 in
1898 1237 2006 1290 vir-

2111 1264 2197 1307 tur
2221 1253 2504 1323 prOphetia
2539 1255 2653 1309 hinc
2695 1272 2763 1309 ex
2794 1254 2888 1310 ore
2933 1256 3146 1311 Domini
3194 1258 3481 1327 pollicetur
3507 1302 3520 1325 ,
3551 1234 3697 1329 quod

420 1347 438 1379 ‘
484 1344 608 1399 ϐείω
641 1345 828 1396 “nam:
857 1340 911 1383 ιιι
937 1329 1162 1400 οοΡυῘθε
1187 1344 1314 1394 935»
1344 1339 1398 1383 θῐ
1424 1338 1585 1384 erum
1614 1330 1664 1383 in
1696 1344 1861 1384 man“
1893 1339 2003 1385 "13-
2108 1357 2399 1416 utrumque
2425 1347 2529 1401 sibi
2551 1348 2817 1418 jungatur
2858 1350 3169 1419 imperium,
3201 1350 3303 1405 hoc
3324 1360 3407 1405 est
3434 1393 3449 1417 ,
3470 1367 3696 1422 regnum

420 1443 439 1475 ι
486 1423 555 1479 Et
585 1424 692 1479 erit
719 1422 939 1495 quando
967 1423 1205 1478 dixerint
1232 1423 1331 1477 tibi
1361 1423 1452 1477 lilii
1482 1423 1649 1478 Israel
1679 1424 1965 1494 loquentes
1991 1440 2004 1477 :
2107 1440 2284 1509 Judm,
2318 1451 2373 1496 ei
2399 1456 2621 1512 regnum
2648 1440 2814 1498 Israel
2843 1461 2857 1507 ;
2892 1443 3215 1511 tollaturque
3240 1444 3389 1511 virga
3416 1444 3699 1514 Ephraim,

420 1537 440 1568 ί
488 1517 604 1572 Νοιι
634 1517 843 1573 indicas
868 1517 1025 1573 nobis
1055 1517 1185 1588 quid
1213 1515 1323 1571 sint
1360 1516 1463 1570 ista
1493 1516 1593 1570 tibi
1620 1516 1643 1569 ?
1670 1516 1739 1570 Et
1765 1515 1912 1571 dices
1939 1514 2007 1570 ad
2111 1536 2201 1604 qui
2229 1534 2295 1592 de
2318 1535 2517 1606 Joseph
2553 1536 2722 1606 stirpe
2748 1544 3035 1606 generatus
3063 1548 3167 1602 est,
3205 1554 3329 1591 cum
3360 1538 3582 1608 reliquis
3605 1538 3702 1593 tri—

423 1633 442 1664 ί
487 1627 583 1668 805
616 1631 628 1667 ε
663 1613 788 1667 καθα
832 1611 967 1666 die“
996 1611 1265 1665 Dominus
1310 1609 1453 1664 Deus
1488 1627 1501 1662 ε
1530 1609 1670 1665 Ecce
1701 1624 1803 1680 εεο
1852 1622 2006 1663 ³ε⁵¹¹“
2111 1628 2307 1695 bubus,
2336 1644 2455 1698 quae
2482 1627 2531 1683 ei
2556 1629 2779 1683 sociatae
2810 1639 2957 1697 sunt,
2984 1638 3040 1684 et
3062 1630 3321 1700 jungatur
3350 1631 3516 1701 virgae
3538 1630 3697 1698 Juda,

341 1791 347 1796 _
422 1722 442 1758 ‘
490 1721 632 1760 "Iam
686 1716 712 1742 "
764 1706 817 1760 in
881 1705 1080 1760 tribum
1148 1702 1315 1776 438
1379 1703 1580 1774 105W"
1646 1717 1741 1773 Ρθτ
1790 1717 2007 1757 mimum
2114 1733 2174 1776 ut
2199 1738 2538 1792 nequaquam
2570 1732 2795 1777 vocetur
2823 1724 2983 1789 Juda,
3009 1735 3063 1777 et
3094 1723 3420 1789 lsrae|,sed
3470 1740 3575 1779 uno
3604 1741 3700 1777 no-

424 1816 443 1849 ι
492 1797 747 1868 Ephraim
780 1797 953 1852 tribus
998 1797 1189 1864 Israel,
1221 1812 1345 1867 qua:
1377 1796 1647 1867 adjuncta:
1679 1805 1806 1851 sunt
1834 1796 1883 1851 ei
1911 1838 1926 1863 ,
1956 1806 2008 1851 et

2116 1817 2263 1873 mine
2291 1818 2636 1889 appellentur
2661 1817 2798 1873 Juda
2830 1836 2843 1871 :
2874 1828 2925 1873 et
2956 1819 3058 1873 sub
3091 1818 3263 1889 ligura
3293 1819 3592 1890 prophelze,
3613 1818 3705 1891 qui

423 1909 443 1943 ι
488 1891 632 1945 dabo
658 1906 753 1947 eos
784 1905 976 1946 omnes
1018 1906 1182 1961 super
1233 1891 1434 1984 tribum
1466 1889 1605 1984 Juda
1635 1899 1733 1984 ,Aet
1762 1899 1922 1984 e_runt
1951 1888 2005 1945 in
2116 1888 2377 1983 pmced’it
2418 1912 2470 1965 in
2524 1922 2651 1982 ηχρο
2698 1912 2915 1966 Domini
2974 1888 3323 1979 Salvajoris"
3367 1888 3707 1984 nequaquam

424 2002 443 2035 ι
488 1984 695 2053 virgam
724 1997 908 2049 unam,
928 1991 982 2037 et
1008 1992 1291 2037 erttnluna
1316 1981 1370 2036 ill
1397 1997 1557 2036 manu
1580 1980 1737 2036 JUd3-
1762 1981 1831 2035 Et
1851 1990 2013 2037 θτωη
2115 1980 2328 2061 duabus
2365 1980 2618 2059 manibus
2641 2049 2654 2073 ,
2686 2004 2782 2059 sed
2824 2021 2925 2059 una
2957 2004 3160 2061 Christi
3199 1980 3489 2062 teneantur
3518 1980 3705 2063 manu.

426 2094 446 2127 ‹
492 2077 656 2147 virgae
679 2092 813 2147 quas
838 2075 1163 2146 inscripsisti
1194 2075 1272 2130 sic
1301 2077 1355 2129 in
1386 2090 1551 2130 manu
1580 2085 1669 2129 tua
1692 2090 1878 2130 coram
1900 2075 2008 2131 eis:

2118 2097 2255 2152 Dicit
2284 2097 2430 2151 enim
2458 2112 2517 2152 se
2554 2110 2835 2151 assumere
2866 2096 3009 2151 ﬁlios
3034 2097 3194 2152 Israel
3226 2098 3293 2152 de
3322 2097 3501 2153 medio
3529 2101 3707 2154 natio-

428 2195 446 2220 ‘
493 2178 547 2223 θί
576 2169 725 2225 dices
752 2169 833 2223 eis
858 2211 873 2237 ν
909 2173 1027 2223 "me
1057 2167 1189 2223 die“
1232 2167 1492 2261 Dominus
1522 2167 1665 2261 De"?
1696 2184 1710 2221 ³
1745 2168 1887 2223 Ecce
1911 2182 2012 2238 ego
2115 2208 2264 2257 num,
2294 2191 2360 2245 ad
2385 2206 2517 2261 quas
2548 2190 2747 2261 captivi
2778 2190 2923 2245 ducti
2955 2202 3079 2245 sunt
3108 2237 3121 2260 ,
3144 2203 3198 2245 ct
3222 2189 3571 2246 reducturum
3614 2207 3709 2246 eos

426 2281 444 2313 ι
492 2277 763 2316 assumam
786 2276 1003 2316 omnem
1027 2262 1244 2317 domum
1272 2261 1439 2317 Israel
1461 2260 1529 2315 de
1545 2260 1725 2316 medio
1744 2262 2008 2332 gentium,
2113 2287 2166 2342 in
2195 2260 2480 2341 [ermm'el
2510 2286 2564 2341 in
2595 2260 2807 2340 "mutes
2848 2286 3041 2349 Israel,
3070 2285 3137 2340 de
3188 2286 3385 2354 quibus
3418 2302 3582 2356 supra
3630 2287 3708 2342 le-

427 2376 447 2409 ι
493 2356 560 2411 ad
587 2370 722 2427 quas
749 2356 981 2426 ingressi
1014 2366 1138 2409 sunt
1173 2373 1188 2410 :
1217 2365 1271 2409 et
1300 2355 1648 2425 congregabo
1672 2369 1768 2409 eos
1792 2369 1861 2409 ex
1890 2370 2008 2408 om-

2112 2382 2287 2455 gimus
2315 2398 2328 2433 :
2363 2390 2415 2435 et
2445 2379 2824 2451 appellandam
2863 2396 3027 2435 unam
3056 2389 3295 2451 gentem,
3329 2382 3591 2452 uniusque
3624 2398 3706 2437 re-

429 2467 448 2498 (
500 2448 661 2502 nibus
687 2449 777 2518 qui
805 2448 856 2502 in
880 2447 1109 2547 circuitu
1138 2446 1256 2547 ejus
1285 2456 1434 2547 sunt,
1466 2458 1520 2502 et
1551 2446 1801 2502 inducam
1832 2461 1928 2502 eos
1956 2448 2009 2547 III
2112 2446 2195 2547 gis
2225 2446 2777 2547 regendam—imperio
2807 2492 2818 2527 :
2854 2484 2913 2529 ut
2962 2446 3101 2530 nltr'a
3130 2492 3236 2530 non
3281 2446 3606 2546 polluantur
3652 2478 3705 2532 in

430 2560 449 2595 ‘
500 2552 698 2597 mnam
734 2542 895 2598 1⁵⁸³⁸1
922 2584 936 2609 ν
968 2550 1023 2596 et
1069 2541 1210 2596 dabo
1240 2556 1336 2596 eos
1379 2541 1435 2595 i"
1483 2548 1698 2611 gentem
1746 2555 1906 2595 “nam
1954 2541 2008 2595 in
2114 2568 2295 2636 idolis,
2321 2578 2375 2623 et
2396 2566 2891 2623 abominationibus
2921 2568 3193 2633 suis;sed
3226 2582 3350 2622 cum
3393 2567 3593 2623 fuerint
3639 2568 3705 2625 de

426 2656 445 2689 ⁴
495 2647 640 2692 terra
675 2651 797 2693 mea
829 2638 882 2691 in
928 2636 1205 2692 momibUs
1244 2636 1407 2691 [smel
1438 2679 1453 2703 ν
1485 2646 1540 2691 et
1579 2636 1830 2706 princeps
1876 2652 2011 2732 ""95
2112 2662 2441 2732 captivitatis
2472 2660 2693 2715 sedibus
2725 2660 2960 2726 liberati,
2996 2660 3045 2713 in
3088 2659 3285 2730 quibus
3313 2670 3699 2730 peccaverunt,

426 2752 445 2784 ί
492 2734 596 2787 em
625 2734 868 2789 omnium
903 2734 1134 2787 ismrum
1167 2732 1219 2789 i"
1256 2747 1458 2802 regem
1496 2732 1558 2786 El
1584 2747 1692 2786 n0“
1725 2740 1884 2785 erum
1922 2730 2009 2785 ¹¹¹⁶
2112 2730 2364 2811 omnibus
2393 2754 2537 2810 vitiis
2567 2769 2687 2809 esse
2718 2752 3087 2820 mundandos,
3118 2760 3174 2807 et
3203 2750 3414 2806 futuros
3446 2753 3698 2823 populum

423 2846 442 2877 ι
488 2836 572 2881 tra
604 2826 655 2880 in
698 2825 832 2881 duas
880 2836 1071 2896 gentes
1108 2842 1122 2879 :
1151 2840 1250 2879 nec
1293 2824 1609 2880 dividentur
1638 2824 1777 2878 ultra
1808 2825 1861 2878 in
1900 2823 2008 2878 duo
2114 2850 2232 2913 Dei,
2261 2851 2331 2904 ita
2363 2861 2421 2904 ut
2452 2850 2712 2903 Dominus
2740 2848 2811 2900 εει
2847 2846 2991 2902 Deus
3031 2862 3245 2901 eorum.
3275 2845 3344 2901 Et
3373 2862 3558 2902 servus
3581 2890 3595 2913 ’
3620 2847 3699 2902 in,

424 2938 445 2971 ι
489 2935 677 2989 regna,
707 2931 766 2975 ut
795 2934 900 2974 non
936 2920 1254 2989 polluantur
1287 2919 1425 2974 ultra
1456 2921 1506 2973 in
1539 2920 1700 2974 idolis
1727 2920 1842 2975 suis
1872 2928 1926 2973 et
1953 2920 2006 2973 in
2111 2946 2247 3014 quit,
2282 2959 2435 2998 meus
2468 2941 2634 2996 David
2667 2958 2765 2996 rex
2799 2957 2961 3011 super
2990 2955 3085 2996 eos
3111 2940 3278 3012 (LW
3308 2941 3384 3012 ι).
3416 2941 3491 2995 De
3518 2956 3619 3010 quo
3645 2950 3700 2995 et

420 3032 440 3067 ι
484 3012 827 3068 oll‘endiculis
856 3014 987 3076 suis,
1018 3024 1073 3068 et
1101 3013 1154 3067 in
1183 3014 1434 3069 omnibus
1462 3014 1835 3083 impietatibns
1866 3014 2004 3068 suis.
2113 3012 2349 3107 Angelus
2382 3036 2621 3107 “quin”.
2658 3036 2711 3090 in
2744 3035 3042 3105 Evangelio
3068 3077 3081 3097 ν
3115 3034 3256 3105 quod
3289 3047 3604 3106 regnaturus
3635 3036 3703 3088 εει

421 3125 440 3157 ι
490 3106 561 3161 Ει
588 3122 772 3161 eruam
805 3121 900 3161 eos
930 3122 996 3161 ex
1024 3108 1275 3163 omnibus
1306 3107 1682 3178 iniquitatibus
1710 3124 1918 3174 eorum,
1950 3109 2005 3162 in

2111 3145 2275 3200 super
2304 3129 2522 3184 domum
2548 3128 2742 3195 Jacob,
2774 3137 2829 3183 et
2855 3129 3003 3198 regni
3030 3128 3146 3199 ejus
3173 3144 3275 3183 n0n
3302 3129 3365 3182 sit
3395 3129 3515 3181 linis
3544 3144 3557 3179 :
3590 3140 3704 3181 tan-

418 3217 438 3250 ι
486 3200 681 3270 quibus
710 3210 1095 3272 peccaverunt,
1125 3212 1178 3255 et
1200 3200 1474 3255 mundabo
1499 3216 1593 3255 eos
1622 3210 1853 3256 eteruut
1874 3202 2006 3257 mihi

2113 3233 2290 3295 tteque
2313 3224 2417 3277 erit
2442 3221 2770 3289 clementiae,
2796 3230 2855 3275 ut
2880 3235 2988 3275 non
3022 3221 3197 3275 solum
3228 3236 3321 3274 rex
3340 3264 3353 3288 ,
3382 3219 3474 3274 sed
3500 3229 3555 3274 et
3578 3234 3701 3289 pas-

503 3263 521 3270 -
710 3263 726 3272 ’³
1085 3263 1088 3264 ⁷
2115 3263 2290 3295 ιιι-ιιιιυ
2313 3263 2417 3277 vnn.
2442 3263 2459 3277 \,
2478 3263 2770 3289 ιιιιιυιιυινι’
2799 3263 2855 3275 un.
2881 3263 2988 3275 μυ..
3022 3263 3197 3275 υνιυιιι
3229 3263 3321 3274 ιν..
3340 3264 3353 3288 ’
3382 3263 3474 3274 νυνι
3502 3263 3555 3274 ν.
3578 3263 3671 3289 ιον-ν

490 3293 541 3345 i"
580 3293 833 3386 populum
855 3335 869 3357 ’
905 3302 958 3347 θί
986 3308 1086 3362 ego
1131 3308 1229 3348 em
1276 3295 1357 3348 eis
1394 3294 1448 3347 in
1494 3294 1685 3347 Deum‘
1722 3294 1789 3348 Et
1817 3309 2006 3349 genus
2036 3263 2081 3326 Ο
2116 3326 2201 3371 tor
2229 3316 2554 3385 appelletur,
2587 3331 2653 3370 eo
2684 3315 2827 3386 quod
2858 3315 3148 3384 superbum
3178 3332 3371 3368 nomen
3404 3313 3508 3386 [ΑΙ.
3546 3329 3707 3367 voca-

487 3400 638 3439 meus
666 3385 837 3482 David
887 3386 1147 3482 princeps
1194 3386 1245 3441 in
1276 3387 1456 3482 medio
1488 3403 1675 3482 eorum
1701 3430 1715 3455 ,
1743 3395 2008 3482 cipitle
2113 3410 2323 3479 bulum)
2350 3411 2586 3482 imperii,
2611 3411 2850 3481 pastoris
2876 3410 3139 3465 vocnbulo
3165 3385 3526 3480 mitigctaQui
3558 3418 3704 3478 post-

485 3495 621 3578 "'“_'s
652 3479 757 3578 έΓ-ίί
786 3481 1027 3578 omnium
1052 3480 1311 3578 _i_51_0rum’
1334 3480 1458 3551 quia
1487 3481 1851 3578 i"__pmcepli_s
1875 3481 2008 3578 meis
2111 3524 2272 3578 quam
2303 3506 2503 3561 fuerint
2533 3506 2586 3560 in
2612 3514 2828 3577 gentem
2862 3519 3022 3559 unam
3050 3550 3064 3573 ,
3092 3512 3149 3560 et
3176 3504 3228 3559 in
3259 3513 3399 3558 terra
3428 3503 3617 3567 Israel,
3643 3518 3704 3557 ac

420 3403 441 3438 ς

420 3592 438 3625 ⁸
484 3572 860 3671 a"“’_‘_'"‘_"“_"_"
888 3583 948 3671 fu
974 3573 1179 3671 NW“
1210 3588 1329 3628 mea
1359 3574 1702 3671 cusmdiemj
1729 3574 2010 3671 evade"!
2114 3572 2390 3657 montibus
2442 3572 2825 3671 habitaverint,
2856 3600 3182 3655 ambulaturi
3216 3601 3319 3654 sint
3350 3601 3401 3654 in
3451 3598 3702 3654 omnibus

417 3778 437 3813 ‹

2107 3698 2325 3768 jtttliciis
2352 3697 2587 3759 Domini,
2618 3706 2673 3750 et
2705 3703 2979 3766 praecepta
3006 3694 3147 3749 illius
3169 3692 3486 3748 custodituri
3512 3710 3526 3756 ;
3551 3692 3701 3746 habi-

2116 3791 2273 3845 taturi
2300 3799 2478 3844 autem
2506 3808 2610 3843 non
2643 3790 2694 3843 in
2720 3790 2823 3842 alia
2859 3799 3025 3855 terra,
3052 3788 3147 3844 sed
3180 3790 3232 3843 in
3267 3804 3329 3843 ea
3363 3804 3523 3857 quam
3553 3786 3704 3842 dedit

939 3881 1053 3959 ,ΨΜ
1080 3881 1135 3910 τι
1162 3881 1255 3962 ¹¹θ¹¹¹
1289 3881 1523 3962 ww”;
1548 3881 1634 3962 ⁸ιῆ
1653 3881 2007 3962 ¹¹¹ξ¹1¹¹¹¹¹¹¹⁷¹¹¹¹¹
2113 3898 2277 3938 servo
2308 3900 2405 3938 suo
2436 3882 2629 3945 Jacob,
2663 3883 2717 3935 in
2744 3898 2848 3952 qua
2877 3881 3260 3936 habitaverunt
3292 3891 3470 3951 patres
3492 3896 3699 3943 eorum,

491 3963 676 4001 eorum
727 3963 897 4045 "sm":
938 3950 991 4003 in
1035 3951 1453 4045 sempitern?“
1483 3949 1551 4003 E"
1596 3948 1764 4002 DaVid
1805 3964 2009 4045 ξετγλυε
2114 3975 2408 4041 Abraham,
2444 3975 2613 4041 Isaac,
2644 3984 2697 4028 et
2731 3973 2919 4039 Jacoh,
2955 3985 3009 4030 et
3038 3975 3232 4045 reliqui
3267 3973 3461 4038 sancti,
3495 3982 3551 4028 et
3596 3990 3705 4027 non

423 4058 442 4093 ι
492 4054 645 4095 incus
673 4082 687 4106 ,
713 4041 965 4144 princeps
989 4056 1178 4095 eorum
1203 4043 1312 4096 erit
1341 4042 1393 4144 in
1439 4051 1779 4111 perpeluum-
1805 4041 1870 4095 Ει
1902 4042 2010 4095 (“5'
2113 4067 2289 4122 solum
2322 4069 2419 4136 ipsi
2452 4067 2745 4121 hahitaturi
2772 4068 2911 4133 sint,
2948 4067 3041 4121 sed
3084 4078 3138 4122 et
3169 4067 3262 4121 ﬁlii
3296 4082 3484 4122 eorum
3514 4083 3577 4120 ac
3609 4082 3702 4121 nc-

424 4152 444 4186 ι
494 4149 691 4202 ponam
724 4142 803 4188 eis
828 4142 1213 4189 testamentum
1246 4142 1414 4204 pacis,
1445 4144 1826 4189 testamentum
1862 4150 2009 4189 sem-
2114 4170 2271 4232 poles
2296 4160 2444 4229 juxta
2475 4160 2607 4215 mud
2637 4160 2987 4230 Virgiliauum
3014 4165 3030 4227 (
3069 4160 3285 4215 ‘Eneid.
3310 4161 3399 4214 “b-
3436 4161 3515 4230 ιγ)
3551 4179 3562 4213 ε

423 4246 443 4279 ι
489 4231 758 4298 piternum
790 4228 895 4283 erit
935 4244 1056 4283 eum
1088 4227 1167 4283 eis
1202 4249 1214 4284 :
1242 4237 1300 4283 et
1328 4228 1467 4284 dabo
1501 4243 1596 4284 eos
1619 4272 1633 4294 ,
1665 4238 1720 4285 et
1747 4230 2010 4299 multipli-

422 4340 441 4372 ι
490 4321 630 4375 cabo
671 4334 766 4375 eos
789 4362 804 4387 ,
834 4329 889 4376 et
917 4336 1114 4391 ponam
1144 4331 1330 4376 sancta
1362 4337 1480 4377 mea
1513 4323 1567 4377 in
1612 4322 1792 4378 medio
1822 4338 2008 4378 eorum

422 4432 441 4464 ι
489 4413 543 4468 in
580 4424 925 4484 perpetuum,
955 4424 1011 4470 et
1036 4414 1141 4470 erit
1168 4414 1587 4470 tabernaculum
1618 4430 1799 4471 meum
1829 4417 1882 4470 in
1908 4417 2009 4481 eis,
2116 4417 2470 4485 habitentque
2503 4433 2609 4471 non
2640 4416 2705 4469 ad
2732 4416 2895 4470 breve
2920 4425 3148 4484 tempus,
3175 4415 3269 4469 sed
3295 4417 3346 4469 in
3367 4425 3703 4487 perpetuum.

422 4527 441 4559 ι
489 4519 541 4562 et
574 4524 669 4563 ero
708 4508 788 4562 eis
815 4507 962 4562 Deus
990 4550 1003 4570 ,
1030 4517 1086 4563 et
1135 4509 1237 4577 ipsi
1287 4516 1447 4562 erunt
1489 4508 1622 4563 mihi
1662 4510 1912 4579 populus.
1944 4510 2013 4564 Et
2116 4511 2295 4566 Vultis
2334 4521 2536 4574 autem,
2571 4509 2665 4572 ait,
2700 4509 2842 4564 seire
2868 4509 2990 4579 quis
3021 4509 3091 4564 sit
3131 4510 3232 4563 istc
3261 4524 3360 4564 rex
3390 4518 3445 4564 et
3477 4508 3707 4577 pastor?

423 4622 443 4655 ‹
493 4603 665 4658 scient
697 4612 884 4673 gentes
905 4602 1029 4673 quia
1056 4617 1158 4673 ego
1181 4617 1302 4658 smn
1327 4602 1587 4659 Dominus
1614 4605 1704 4673 qui
1733 4605 2011 4660 sanctifico
2119 4604 2239 4673 Ipse
2265 4611 2349 4657 est
2371 4602 2440 4657 de
2467 4620 2575 4670 quo
2602 4602 2899 4672 supraﬁdixi
2925 4644 2940 4666 ,
2968 4617 3160 4657 servus
3191 4618 3344 4658 meus
3391 4601 3581 4657 David.
3607 4602 3707 4669 Qui

421 4715 440 4748 ι
488 4710 604 4758 eos,
637 4710 759 4749 cum
794 4696 994 4749 fuerint
1036 4705 1225 4749 sancta
1256 4709 1373 4748 mea
1402 4694 1455 4748 in
1503 4695 1681 4750 medio
1720 4711 1909 4751 eorum
1960 4698 2011 4751 in
2039 4678 2094 4739 Ῑ)
2119 4712 2240 4753 cum
2272 4697 2323 4750 in
2354 4696 2522 4751 forma
2554 4697 2647 4750 Dei
2678 4704 2853 4764 esset,
2884 4711 2993 4750 non
3026 4706 3112 4750 est
3140 4697 3387 4764 rapinam
3419 4696 3713 4751 arbitratus

422 4807 440 4840 ι
491 4796 869 4858 perpetuum.)
902 4787 1111 4858 Regum
1131 4800 1317 4843 narrat
1348 4786 1576 4842 historia
1604 4788 1693 4857 (III
1718 4788 1849 4862 Reg.
1885 4790 2011 4856 xu),
2116 4804 2241 4844 esse
2272 4804 2329 4842 se
2374 4788 2633 4857 aequalem
2668 4787 2777 4842 Deo
2810 4804 2824 4852 ;
2866 4788 2960 4843 sed
3011 4803 3071 4842 se
3115 4789 3410 4844 exinanivit
3434 4831 3450 4854 ,
3484 4789 3711 4843 formam

417 4880 518 4935 sub
548 4880 791 4935 Rohoam
820 4878 935 4935 ﬁlio
968 4881 1283 4937 Salomonis
1310 4880 1597 4937 duodecim
1630 4881 1803 4937 tribus
1853 4884 2016 4938 luisse
2118 4884 2261 4939 servi
2299 4881 2464 4954 m
2489 4882 2762 4951 accipiens
2790 4923 2803 4947 ,
2832 4892 2888 4936 et
2920 4880 3097 4936 factus
3130 4892 3214 4936 est
3261 4881 3524 4936 obediens
3566 4881 3711 4936 Patri

415 4975 645 5042 divisas,
680 4985 734 5031 et
756 4976 890 5030 duas
914 5021 929 5044 ,
965 4977 1067 5031 hoc
1098 4985 1184 5031 est
1210 5019 1223 5042 ,
1250 4975 1440 5031 Judam
1485 4984 1542 5030 et
1589 4976 1865 5043 Benjamin
1895 4993 2017 5033 cum
2120 4992 2292 5048 usque
2319 4979 2383 5030 ad
2413 4986 2667 5043 mortem,
2688 4985 2918 5031 mortem
2939 4987 3117 5031 autem
3148 4977 3324 5032 crucis
3350 4978 3366 5046 (
3406 4976 3604 5045 Philip.
3632 4992 3669 5029 Il
3695 5018 3711 5039 ,

418 5071 619 5125 Levitis
648 5087 710 5123 ac
740 5071 1124 5126 sacerdotibus
1148 5079 1366 5124 secutas
1390 5084 1509 5124 esse
1532 5068 1777 5124 Roboam
1796 5114 1808 5136 ,
1830 5072 1916 5141 qui
1943 5088 2022 5127 re-
2123 5074 2155 5123 ti
2186 5068 2339 5139 δρψ).
2366 5067 2615 5137 Cumque
2639 5067 2739 5122 sub
2763 5069 2855 5122 tali
2887 5084 3012 5139 rege
3038 5067 3266 5133 fuerint,
3291 5069 3583 5137 percutiam
3607 5070 3714 5121 illis

417 5165 601 5235 gnavit
636 5165 688 5219 in
719 5164 1041 5225 Jerusalem.
1076 5176 1130 5218 et
1158 5180 1381 5234 regnum
1412 5163 1532 5234 ejus
1564 5164 1895 5233 appellatum
1930 5176 2015 5219 est
2117 5164 2294 5220 ltedus
2335 5165 2484 5233 pacis
2529 5183 2541 5218 :
2575 5179 2919 5234 nequaquam
2958 5174 3015 5218 ut
3055 5166 3108 5218 in
3149 5164 3319 5218 veteri
3366 5164 3712 5219 Testamento

416 5258 579 5312 Juda.
610 5257 762 5312 Alias
814 5274 942 5311 vero
981 5258 1170 5312 decem
1201 5257 1376 5310 tribus
1404 5272 1523 5327 quae
1554 5255 1813 5311 dixerunt
1841 5276 1854 5312 :
1895 5256 2012 5311 Non
2117 5257 2474 5313 certaminum
2504 5267 2666 5326 atque
2692 5256 2960 5311 bellorum
2987 5298 3001 5319 ,
3027 5255 3121 5309 sed
3153 5266 3364 5325 pactum
3398 5256 3566 5325 pacis,
3592 5271 3712 5324 qua:

417 5363 502 5407 est
532 5353 692 5408 nobis
735 5369 860 5421 pars
891 5353 943 5406 in
991 5353 1157 5407 David
1187 5395 1200 5417 ,
1239 5368 1416 5423 neque
1465 5352 1758 5407 hwreditas
1798 5353 1850 5408 in
1900 5354 2015 5408 lilio
2120 5360 2415 5415 exsuperat
2438 5366 2654 5404 omnem
2680 5365 2904 5404 sensum
2932 5392 2943 5411 ,
2968 5349 3036 5403 de
3058 5365 3164 5419 qua
3189 5348 3439 5405 Salvator
3478 5349 3713 5419 loquitur

415 5445 507 5499 Sai
532 5446 551 5519 ι
578 5448 661 5501 Αι.
716 5446 871 5502 .lcsse
898 5446 950 5520 ],
986 5446 1278 5502 Jerohoam
1332 5445 1444 5500 lilio
1490 5445 1700 5501 Nabath
1745 5447 1815 5501 de
1867 5446 2013 5502 tribu
2118 5442 2189 5497 ad
2220 5442 2516 5512 Apostolus
2544 5460 2558 5494 :
2585 5442 2779 5496 Pacem
2815 5457 2989 5496 meam
3013 5440 3083 5495 do
3115 5442 3286 5507 vobis,
3315 5457 3500 5511 pacem
3538 5458 3712 5495 meam

416 5537 703 5609 Ephraim,
730 5541 821 5611 qui
847 5538 942 5594 fuit
970 5540 1110 5594 filius
1136 5538 1337 5609 .Ioseph
1360 5580 1375 5605 ,
1397 5540 1719 5594 submisisse
1746 5541 2010 5607 cervices,
2120 5536 2373 5607 relinquo
2399 5536 2557 5591 vobis
2598 5534 2799 5604 (Joan.
2825 5550 2913 5588 xiv
2939 5576 2954 5599 ,
2979 5534 3092 5600 9.7).
3122 5534 3183 5588 Et
3230 5534 3493 5604 propheta
3541 5535 3670 5587 dicit
3698 5551 3711 5586 :

413 5644 469 5688 et
496 5636 733 5692 servisse
753 5637 801 5692 ei
832 5654 845 5691 :
878 5636 1292 5708 appellatasque
1319 5652 1385 5692 ex
1417 5651 1614 5707 magna
1645 5644 1801 5708 parte
1833 5635 2016 5705 populi
2125 5630 2325 5688 Factus
2350 5643 2431 5686 est
2459 5631 2511 5686 in
2539 5644 2673 5700 pace
2712 5630 2865 5685 locus
2907 5628 3024 5700 ejus
3050 5630 3069 5702 (
3092 5626 3185 5683 Ps.
3232 5644 3373 5684 Lxxv
3400 5671 3415 5694 ,
3438 5628 3516 5697 2).
3567 5628 3714 5692 Quos

412 5728 640 5799 antiquo
669 5732 890 5787 nomine
936 5731 1100 5788 Israel
1133 5748 1148 5798 ;
1179 5743 1233 5788 et
1282 5730 1455 5787 multo
1492 5739 1741 5801 tempore
1790 5743 2015 5799 regnum
2123 5743 2247 5784 cum
2278 5729 2332 5782 in
2363 5725 2612 5783 Ecclesia
2641 5723 2971 5795 fundaverit,
2994 5735 3050 5781 et
3077 5726 3386 5793 stabilierit,
3412 5725 3484 5780 ita
3506 5734 3558 5779 ut
3591 5738 3711 5795 pos-

484 3681 569 3720 ea.
606 3666 669 3720 Et
701 3665 1020 3721 habitabunt
1070 3668 1121 3719 in
1156 3676 1300 3721 terra
1341 3682 1436 3721 sua
1480 3682 1637 3737 quam
1671 3667 1800 3723 dedi
1848 3683 2009 3723 servo

486 3776 607 3816 meo
634 3760 818 3826 Jacob,
855 3761 942 3815 ubi
966 3762 1350 3816 habitaverunt
1381 3773 1563 3831 patres
1594 3778 1809 3831 eormn,
1830 3774 1883 3817 et
1909 3763 2009 3816 ha-

490 3854 741 3909 bitabunt
764 3856 815 3909 in
856 3870 918 3909 ea
950 3840 1058 3923 ipsi
1080 3865 1135 3910 et
1162 3854 1255 3908 lilii
1289 3871 1514 3920 eorum,
1548 3865 1603 3911 et
1650 3854 1746 3909 lilii
1772 3854 2007 3909 filiorum

2242 4288 2301 4338 Et
2326 4291 2425 4337 nati
2451 4295 2691 4348 natorum,
2721 4294 2774 4335 et
2795 4286 2879 4348 qtti
2904 4292 3167 4335 nascentur
3190 4284 3252 4334 ab
3274 4282 3371 4335 illis
3396 4298 3408 4333 :

481 5859 507 5885 ιι
542 5850 694 5904 Delet
725 5850 999 5904 Victorius
1028 5851 1093 5904 ad
1123 5850 1298 5905 Grieci
1337 5862 1515 5905 textos
1552 5850 1713 5905 fidem
1765 5849 2012 5903 voculam
2046 5849 2120 5911 in,
2153 5847 2239 5901 cui
2274 5846 2427 5912 Vulg.
2464 5859 2679 5914 quoque
2711 5851 2768 5899 et
2794 5845 3046 5899 Iichraic.
3077 5844 3463 5913 sullragantur.
