4038 6328
241 288 348 345 555

818 288 1497 352 ’COMMENTARIORUM
1541 292 1606 350 IN
1648 291 2090 352 EZECHIELEM
2129 293 2260 351 LIB.
2306 293 2398 351 XI.
2439 292 2593 351 CAP.
2636 292 2926 352 XXXVIII.
2986 308 2989 311 '

3428 289 3533 348 554

239 401 558 457 sintdicerc
601 418 612 455 :
644 401 848 459 Statuit
880 421 1041 475 supra
1070 416 1275 476 petram
1306 407 1475 477 pedes
1507 422 1656 462 meos
1699 407 1715 473 (
1744 405 1834 461 Ps.
1865 412 1914 472 Α
1946 408 2611 477 rusalcm,exstruendum
2639 409 2922 477 templum,
2947 413 3174 463 cunctas
3191 404 3349 478 Legis
3366 421 3534 462 etcre-

243 495 499 565 xxxix,3)
532 515 545 551 :
582 505 709 552 tunc
730 500 1232 566 multiplicabuntur
1254 501 1338 556 vel
1370 499 1712 556 credentium
1737 514 1839 554 nu-

238 608 417 654 mero,
445 592 533 646 vel
555 593 1009 663 multiplicatione
1036 596 1321 652 virtutum.
1348 597 1414 653 Et
1443 596 1613 661 dabo,
1639 595 1835 665 inquit,

234 686 737 743 sanctificationem
784 691 1122 758 meam,sive
1163 692 1535 748 sanctuarium
1568 693 1621 746 in
1662 688 1843 748 medio

235 794 436 835 eorum
462 781 515 834 in
562 794 913 854 perpetuum,
938 784 1083 855 quod
1116 785 1292 841 Judaei
1320 785 1390 840 de
1429 786 1635 856 templo
1677 784 1845 839 inter-

238 883 557 943 pretantur,
580 877 724 948 quod
756 878 857 932 sub
892 878 1199 934 Zorohahel
1225 890 1560 935 exstructum
1608 888 1711 934 est.
1737 877 1844 935 Sed

238 968 525 1036 quomodo
559 980 705 1026 stare
738 972 937 1041 poterit
973 972 1076 1027 hoc
1113 972 1273 1044 quod,
1301 974 1503 1028 dicitur
1524 1015 1538 1040 ,
1570 973 1624 1026 in
1662 989 1845 1043 perpe-

241 1068 400 1114 tuum
431 1080 446 1115 :
474 1077 599 1116 cum
625 1064 882 1133 templum
919 1064 1050 1119 illud
1078 1066 1221 1137 quod
1251 1082 1277 1119 a
1304 1066 1608 1123 Zorobabel
1633 1075 1846 1121 exstru-

240 1166 392 1210 ctum
432 1166 521 1211 est
549 1165 605 1213 et
635 1168 822 1228 postea
866 1176 893 1212 a
939 1161 1126 1216 multis
1167 1162 1559 1224 instauratum,
1600 1162 1845 1216 Romano

240 1250 369 1320 igne
402 1266 728 1307 succensum
770 1253 885 1308 sit?
913 1253 1045 1321 Quae
1083 1256 1262 1310 omnia
1298 1256 1582 1312 referenda
1624 1266 1750 1310 sunt
1776 1255 1846 1311 ad

242 1343 580 1416 Ecclesiam,
606 1353 661 1402 et
684 1346 751 1401 ad
776 1356 1024 1419 tempora
1057 1349 1356 1406 Salvatoris
1376 1392 1393 1418 ,
1419 1350 1636 1420 quando
1668 1351 1846 1406 taber—

239 1439 504 1492 naculum
535 1443 650 1507 ejus
675 1440 910 1509 positum
940 1450 1024 1496 est
1051 1441 1102 1495 in
1133 1442 1418 1497 Ecclesia:
1445 1443 1536 1497 ubi
1558 1441 1730 1497 factus
1760 1452 1847 1498 est

240 1528 391 1584 Deus
420 1539 630 1598 uoster,
657 1543 713 1585 et
736 1548 834 1586 nos
856 1534 1091 1604 p0pulus
1120 1534 1260 1605 ejus.
1298 1534 1689 1606 Profectusque
1724 1550 1845 1589 om-

238 1626 390 1680 nium
426 1638 514 1681 est
535 1639 632 1695 ,ut
658 1628 837 1683 sciant
861 1629 1009 1700 quod
1056 1629 1179 1700 ipse
1217 1630 1289 1685 sit
1319 1631 1579 1684 Dominus
1604 1672 1618 1695 ,
1648 1640 1701 1685 et
1731 1631 1847 1699 ipse

238 1720 559 1777 sanctiﬁcet
588 1721 774 1788 Israel,
800 1740 905 1778 non
928 1724 1087 1794 juxta
1118 1740 1360 1794 carnem,
1388 1724 1482 1779 sed
1503 1724 1658 1794 juxta
1686 1725 1847 1794 spiri-

240 1825 351 1869 tum
386 1833 399 1867 :
431 1815 656 1885 quando
684 1815 1042 1871 sanctificatio
1064 1818 1183 1888 ejus
1214 1818 1267 1871 in
1298 1816 1480 1872 medio
1506 1817 1843 1871 credentium
1874 1810 1923 1872 B

239 1908 383 1963 facta
414 1918 498 1963 est
524 1909 577 1963 in
601 1921 945 1979 perpetuum.
966 1910 1085 1979 Quo
1121 1923 1301 1967 autem
1331 1911 1601 1966 Dominus
1635 1911 1847 1981 abjece—

240 2001 315 2056 rit
342 2001 550 2055 tribum
586 2002 865 2072 Ephraim,
892 2014 946 2059 et
978 2004 1205 2075 elegerit
1256 2004 1456 2059 tribum
1485 2002 1623 2058 Juda
1650 2046 1663 2069 ,
1694 2012 1749 2058 et
1794 2002 1847 2057 in

242 2093 478 2149 Psalmis
511 2094 766 2166 legimus,
792 2097 1064 2168 inquibus
1092 2099 1358 2169 scriptum
1389 2107 1475 2154 est
1508 2116 1521 2151 :
1554 2098 1621 2153 Et
1648 2097 1848 2168 repulit

251 2190 662 2245 tabernaculum
705 2189 932 2262 Joseplt,
964 2201 1020 2247 et
1061 2192 1266 2248 tribum
1301 2192 1560 2263 prraim
1603 2207 1709 2247 non
1738 2192 1849 2248 ele-

256 2282 362 2353 git;
382 2282 470 2335 sed
501 2281 672 2352 elegit
693 2282 891 2338 tribum
916 2282 1052 2338 Juda
1080 2281 1198 2355 (Ps.
1221 2282 1722 2354 Lxxvu,67,68),de
1742 2297 1846 2353 qua

254 2377 514 2444 scriptum
546 2387 630 2431 est
662 2374 817 2431 :Non
850 2376 1069 2433 deficiet
1100 2377 1359 2447 princeps
1387 2392 1450 2431 ex
1482 2375 1644 2441 Juda,
1676 2391 1851 2446 neque

246 2467 350 2522 dux
378 2469 451 2523 de
496 2468 796 2525 femoribus
828 2471 943 2540 ejus
965 2512 980 2538 ,
1017 2471 1188 2526 donec
1229 2470 1412 2526 veniat
1437 2471 1524 2525 cui
1553 2469 1850 2540 repositum

250 2572 321 2615 est
358 2580 370 2615 :
402 2572 461 2617 et
486 2564 603 2633 ipse
632 2564 738 2618 erit
764 2565 1105 2629 exspectatio
1130 2563 1369 2632 gentium
1401 2561 1553 2631 (Gen.
1582 2561 1851 2632 XLIXJO).

252 2655 391 2712 Vere
423 2658 572 2711 enim
597 2657 649 2711 in
683 2657 919 2713 adventu
946 2657 1159 2712 Domini
1183 2657 1510 2724 Salvatoris,
1532 2657 1650 2710 duce
1672 2656 1852 2727 virgae,

244 2758 297 2805 et
316 2760 379 2805 ut
401 2752 456 2804 in
472 2750 736 2807 l’lebraico
752 2752 983 2822 positum
1000 2762 1105 2817 est,
1132 2751 1235 2804 duo
1254 2752 1396 2823 ligna
1414 2752 1469 2805 in
1490 2749 1852 2819 unumjuncta

245 2854 382 2900 sunt
416 2854 780 2915 sceptrum,et
805 2846 858 2900 in
889 2846 1216 2915 baptismate
1242 2844 1446 2900 Christi
1469 2842 1671 2899 dudum
1700 2858 1858 2915 sepa-

247 2948 376 2994 rata
408 2942 716 2995 sociantur:
744 2948 803 2996 ut
832 2941 968 2996 fiant
995 2942 1047 2996 in
1066 2958 1228 2995 unum
1260 2956 1455 2994 novum
1483 2938 1857 3004 liomiuem,et

247 3031 303 3087 in
322 3050 491 3087 unam
504 3042 740 3105 gentem,
761 3049 934 3105 neque
948 3034 1255 3105 polluantur
1268 3034 1407 3088 ultra
1430 3035 1479 3088 in
1497 3033 1657 3088 idolis
1672 3032 1860 3088 elabo-

249 3127 672 3195 minatiouibus;
693 3128 787 3184 sed
816 3129 1001 3184 mundi
1022 3128 1264 3193 lavacro,
1284 3128 1390 3183 sint
1409 3127 1640 3199 populus
1658 3126 1778 3193 Dei,
1803 3136 1860 3182 et

1943 506 2155 559 monias
2168 503 2933 568 exercendas,obscrvandum
2952 503 3258 567 sabbatum,
3276 501 3539 571 accipien-

1941 596 2066 653 dam
2131 597 2566 653 circumcisionis
2640 596 2939 667 injuriam,
3000 596 3435 653 manducandum
3483 604 3540 652 et

1943 690 2238 746 bibendum
2262 733 2276 755 ,
2311 699 2367 746 et
2397 688 2709 744 divitiarum
2740 688 3134 745 abundantiam
3178 704 3275 759 pro
3323 702 3535 746 summa

1943 782 2274 840 beatitudine
2322 793 2376 839 et
2431 784 2643 840 cunctis
2695 784 2889 853 opibus
2939 783 3353 848 aestimandam,
3411 798 3532 837 cum

1943 876 2234 947 Apostolus
2260 876 2408 932 dicat
2437 895 2450 930 :
2480 876 2617 932 Esca
2650 876 2847 939 ventri,
2872 884 2928 931 et
2957 886 3151 932 venter
3180 876 3321 932 escis
3353 893 3365 929 :
3397 874 3538 930 Deus

1941 979 2123 1025 autem
2152 981 2205 1025 et
2235 969 2380 1025 hunc
2411 981 2465 1025 et
2494 970 2611 1023 illas
2633 969 2881 1024 destruet
2903 968 2946 1041 (Ι
2978 968 3097 1024 Cor.
3130 986 3183 1024 vr
3204 1010 3219 1033 ,
3256 968 3367 1041 15).
3389 968 3538 1036 Quo-

1947 1062 2109 1117 modo
2146 1074 2326 1118 autem
2372 1063 2423 1115 in
2457 1073 2583 1133 typo
2614 1062 3032 1117 resurrectionis
3067 1062 3321 1132 superior
3358 1076 3539 1117 sermo

1947 1154 2299 1226 propheticus
2340 1154 2800 1210 resurrectionem
2833 1153 3040 1210 Judaici
3073 1154 3259 1225 populi
3308 1153 3536 1209 demon-

1946 1251 2157 1315 stravit,
2188 1266 2294 1305 non
2336 1251 2633 1318 carnalem,
2673 1250 2767 1304 sed
2799 1247 3137 1319 spiritualem
3174 1266 3187 1301 :
3222 1247 3300 1302 sic
3346 1257 3401 1301 et
3439 1248 3540 1303 ista

1947 1345 2232 1414 prophetia
2265 1359 2602 1414 nequaquam
2628 1341 2695 1396 ad
2721 1342 2929 1407 carnis,
2959 1339 3055 1397 sed
3098 1341 3165 1396 ad
3192 1340 3389 1395 animae
3416 1354 3542 1409 per-

1949 1436 2086 1493 tinet
2107 1436 2441 1501 felicitatem,
2464 1446 2519 1491 et
2544 1435 2609 1489 ad
2641 1434 2841 1490 Christi
2871 1434 3052 1500 ﬁdem,
3082 1449 3187 1505 qua
3210 1432 3542 1488 inundamur

1948 1533 2002 1587 in
2048 1532 2394 1601 baptismate,
2426 1528 2579 1599 cujus
2609 1544 2832 1600 regnum
2878 1529 2929 1581 in
2962 1537 3288 1598 perpetuum
3316 1533 3439 1593 est,
3481 1535 3542 1581 ut

1950 1644 2056 1683 non
2105 1636 2492 1698 exspectemus
2540 1635 2767 1681 ventura
2809 1641 2926 1696 qua:
2974 1633 3246 1679 transacta
3278 1632 3446 1690 sunt,
3487 1632 3542 1677 et

1949 1721 2200 1792 quotidie
2231 1720 2452 1789 transigi
2485 1719 2755 1773 novimus.

2019 1815 2173 1886 (Cap.
2204 1813 2520 1885 XXXVIII.)
2556 1833 2573 1865 c
2614 1812 2680 1867 Et
2709 1812 2882 1867 factus
2908 1820 2992 1868 est
3018 1828 3197 1867 sermo
3219 1810 3433 1867 Domini
3471 1809 3540 1865 ad

1953 1928 1971 1962 ‹
2018 1926 2129 1975 me,
2158 1908 2344 1963 dicens
2370 1926 2382 1960 :
2410 1905 2512 1960 Fili
2548 1905 2805 1971 hominis,
2847 1920 2988 1976 pone
3018 1904 3206 1960 faciem
3237 1916 3379 1957 tuam
3410 1916 3542 1957 con-

1955 2024 1972 2056 ι
2024 2013 2105 2058 tra
2128 2002 2268 2072 Cog,
2289 2011 2486 2055 terram
2503 2000 2717 2071 Magog,
2749 2000 3050 2070 principem
3068 1996 3260 2069 capitis
3286 1997 3411 2068 (sive
3430 1995 3545 2065 ros)

1953 2117 1971 2149 ‹
2019 2096 2261 2163 Musoclt,
2281 2103 2336 2151 et
2352 2094 2587 2161 Thubal,
2616 2103 2671 2149 et
2698 2091 2994 2148 vaticinare
3016 2090 3084 2147 de
3101 2106 3187 2147 eo.
3214 2091 3279 2145 Et
3300 2089 3450 2145 dices
3473 2086 3541 2141 ad

1956 2213 1975 2245 ι
2022 2209 2177 2248 eum:
2202 2191 2330 2245 Haec
2352 2189 2485 2244 dicit
2507 2187 2767 2243 Dominus
2785 2186 2930 2240 Deus
2956 2203 2969 2239 :
2998 2185 3137 2240 Ecce
3154 2198 3255 2253 ego
3274 2182 3339 2236 ad
3361 2191 3412 2236 te
3430 2179 3545 2250 Gog

1956 2306 1976 2339 ι
2025 2285 2320 2357 principem
2345 2283 2536 2353 capitis
2572 2282 2693 2353 (sive
2716 2277 2830 2352 ros)
2858 2279 3102 2344 Mosoch,
3128 2275 3289 2349 442
3319 2285 3373 2330 et
3397 2272 3547 2328 Thu-

1957 2398 1978 2433 ί
2021 2378 2133 2444 bal,
2161 2388 2214 2432 et
2234 2378 2595 2445 circumagam
2628 2384 2701 2440 te,
2729 2382 2785 2428 et
2806 2388 2999 2443 ponam
3031 2370 3246 2425 frenum
3274 2371 3328 2423 in
3357 2365 3550 2423 maxil-

1959 2493 1977 2525 ι
2026 2472 2095 2526 lis
2127 2472 2252 2537 tuis,
2280 2480 2332 2525 et
2362 2468 2585 2524 educam
2614 2467 2741 2539 (sive
2758 2462 3123 2535 congregabo)
3148 2474 3222 2529 te,
3253 2470 3546 2517 etomnem

1960 2586 1979 2621 ι
2026 2567 2326 2622 exercitum
2370 2576 2544 2630 tuum,
2575 2576 2745 2633 equos
2775 2571 2831 2616 et
2860 2561 3073 2631 equites
3109 2558 3334 2613 vestitos
3366 2555 3553 2611 loricis

1962 2680 1981 2714 ‹
2031 2661 2333 2724 universos,
2360 2655 2766 2712 multitudinem
2794 2669 3068 2724 magnam,
3100 2654 3313 2707 hastam
3354 2661 3407 2707 et
3435 2651 3551 2723 cly-

1962 2772 1980 2805 ‹
2028 2768 2186 2824 peum
2210 2750 2609 2820 arripieutium,
2640 2757 2695 2803 et
2716 2742 2955 2819 gladium
2990 2747 3119 2819 (sive
3150 2747 3329 2818 peltas
3367 2752 3423 2801 et
3458 2760 3550 2817 ga-

1964 2868 1981 2897 ‹
1998 2848 2164 2920 βιρδς,
2188 2854 2241 2901 et
2262 2843 2496 2916 gladios)
2518 2843 2745 2909 :Persaa,
2772 2842 3083 2911 Ethiopes,
3102 2849 3158 2897 et
3180 2840 3400 2913 Libyes,
3424 2854 3549 2895 cum

1966 2960 1984 2994 ι
2030 2940 2109 2995 eis
2136 2953 2327 2994 omnes
2357 2938 2551 2994 scutati
2581 2936 2856 3008 etgaleati
2890 2954 2901 2989 :
2935 2935 3141 2992 Gomer
3162 2977 3177 2999 ,
3212 2944 3266 2991 et
3296 2935 3553 2990 universa

1967 3053 1985 3085 ι
2033 3033 2244 3103 agmina
2270 3032 2427 3100 ejus:
2460 3031 2652 3085 domus
2683 3029 3014 3100 Tlmgorma,
3060 3028 3229 3083 latera
3270 3025 3557 3098 Aquilonis

1969 3145 1986 3177 ι
2036 3126 2162 3200 (sive
2188 3124 2258 3180 ab
2280 3123 2537 3180 extremis
2560 3122 2894 3194 Aquilonis),
2928 3132 2981 3178 et
3002 3131 3171 3177 totum
3197 3121 3367 3176 robur
3396 3120 3512 3191 ejus
3539 3166 3553 3189 ,

248 3216 483 3289 imperet
511 3220 589 3274 eis
620 3206 892 3277 ‘Christus
917 3263 933 3288 ,
963 3231 1019 3277 et
1048 3221 1295 3277 habitent
1325 3236 1491 3291 super
1522 3232 1717 3275 terram
1749 3218 1854 3274 mi-
1880 3210 1925 3274 C
1964 3243 1981 3276 ι
2033 3224 2325 3294 p0pulique
2348 3232 2372 3259 ει
2398 3223 2527 3285 (sive
2549 3228 2767 3294 gentes)
2792 3220 2975 3277 multm
2999 3229 3202 3275 tecum.
3231 3218 3482 3287 Pratpara
3502 3224 3559 3271 et

250 3314 412 3379 tium,
447 3323 650 3370 terram
703 3316 1022 3381 viventium,
1055 3332 1214 3388 quam
1263 3315 1489 3373 dederat
1546 3329 1702 3370 servo
1750 3329 1851 3369 suo

246 3407 443 3474 Jacob,
476 3410 569 3480 qui
613 3410 867 3482 populum
912 3411 1076 3467 Israel
1118 3411 1170 3465 in
1203 3410 1393 3466 matris
1417 3418 1571 3465 utero
1594 3407 1853 3478 supplan-

250 3504 405 3557 tavit.
432 3503 531 3559 Sin
562 3513 743 3559 autem
772 3504 1281 3576 voluerimusjuxta
1308 3504 1648 3575 prophetiam
1674 3502 1812 3557 Osee
1835 3545 1851 3571 ,

245 3595 411 3669 ul
437 3614 559 3667 qua:
588 3613 724 3668 pene
754 3600 931 3654 omnis
955 3600 1023 3653 ad
1053 3598 1240 3654 decem
1272 3598 1446 3653 tribus
1478 3596 1736 3666 dirigitur
1756 3637 1770 3662 ,
1800 3594 1852 3650 id

248 3701 356 3757 est,
383 3692 453 3745 ad
480 3691 684 3763 Joseph
713 3702 767 3747 et
800 3693 1082 3763 Ephraim,
1113 3703 1169 3748 et
1199 3693 1530 3757 Samariam,
1561 3701 1613 3747 et
1640 3689 1808 3747 Israel
1834 3732 1849 3758 ,

250 3783 563 3854 intelligere
592 3785 708 3839 falsi
739 3786 978 3841 nominis
1004 3787 1288 3841 scientiam
1310 3827 1324 3851 ,
1355 3793 1412 3840 et
1450 3785 1698 3841 diversas
1742 3797 1852 3838 tur-

251 3878 350 3933 bas
381 3879 793 3948 haereticorum,
821 3880 925 3936 hoc
950 3880 1213 3948 dicemus,
1242 3880 1386 3952 quod
1417 3881 1471 3935 in
1503 3881 1697 3935 ultimo
1721 3889 1855 3959 tern—

246 3988 388 4044 pore
436 3976 653 4045 quando
701 3976 1100 4031 subiutraverit
1144 3975 1427 4047 plenitudo
1474 3976 1717 4048 gentium
1746 4018 1761 4042 ,
1802 3984 1857 4032 et

250 4068 441 4123 omnis
467 4069 627 4125 Israel
656 4068 837 4124 salvus
867 4069 1030 4125 fuerit
1061 4069 1239 4142 (Rom.
1265 4070 1340 4142 x1)
1359 4111 1374 4137 ,
1407 4078 1537 4125 tunc
1563 4071 1730 4126 etiam
1756 4070 1855 4124 ad-

256 4161 496 4216 versarii
548 4162 768 4232 populi,
813 4163 902 4233 qui
950 4172 1138 4219 contra
1171 4164 1391 4219 domum
1431 4161 1583 4219 Judte
1631 4174 1688 4218 et
1727 4179 1858 4218 con—

255 4253 566 4310 fessionem
596 4255 853 4311 Ecclesia:
883 4267 1292 4327 pugnaverunt,
1337 4255 1554 4312 tradant
1588 4273 1648 4313 se
1685 4257 1859 4312 eccle-

254 4347 497 4401 siastica:
538 4346 680 4411 fidei,
714 4359 768 4403 et
808 4349 1079 4405 universis
1128 4349 1408 4405 erroribus
1446 4349 1755 4414 derelictis,
1805 4358 1863 4405 et

256 4438 598 4509 principibus
628 4439 820 4495 mundi
850 4441 1007 4498 istius
1051 4441 1142 4513 qui
1202 4442 1559 4498 destruunlur
1609 4441 1717 4515 [ΑΙ.
1762 4441 1858 4497 de—

252 4531 587 4604 struantur],
607 4542 663 4588 et
686 4534 1010 4603 patriarchis
1032 4536 1167 4601 suis,
1193 4536 1287 4608 qui
1304 4550 1399 4591 eos
1421 4535 1476 4590 in
1501 4534 1860 4606 blaSpliemia-

1958 3337 1977 3370 ‹
2025 3319 2234 3373 instrue
2278 3329 2329 3373 te
2357 3359 2372 3382 ,
2421 3325 2476 3372 et
2515 3331 2735 3371 omnem
2776 3312 3181 3370 multitudinem
3226 3320 3374 3367 tuam
3432 3325 3555 3379 qua:

1958 3430 1976 3464 ι
2021 3421 2340 3466 coacervata
2386 3420 2473 3466 est
2525 3411 2591 3465 ad
2648 3419 2735 3475 te,
2814 3422 2867 3465 et
2939 3418 3059 3465 esto
3126 3408 3207 3463 eis
3253 3407 3305 3461 in
3358 3421 3558 3477 praece-

1960 3524 1977 3557 ι
2026 3515 2175 3575 ptum
2212 3504 2339 3576 (sive
2361 3503 2551 3559 eteris
2584 3501 2718 3556 mihi
2765 3502 2815 3555 in
2865 3500 3215 3572 custodiam).
3257 3498 3392 3554 Post
3438 3498 3557 3554 dies

1961 3619 1979 3652 ι
2033 3600 2232 3654 multos
2264 3598 2579 3653 visitaberis
2612 3615 2624 3650 :
2656 3597 2709 3651 in
2744 3596 3045 3650 novissimo
3076 3593 3188 3668 [ΑΙ.
3223 3591 3561 3663 novissimis]

1960 3717 1979 3748 ι
2027 3713 2295 3753 annorum
2318 3699 2508 3753 venies
2535 3695 2600 3751 ad
2625 3703 2826 3751 terram
2849 3710 2973 3767 qua:
3002 3709 3223 3751 reversa
3245 3691 3411 3764 (siveb
3437 3708 3558 3762 per-

1962 3809 1981 3842 (
2031 3790 2217 3861 versa)
2249 3800 2334 3846 est
2359 3805 2388 3845 a
2417 3789 2600 3859 gladio
2630 3807 2642 3843 :
2697 3799 2750 3844 et
2778 3796 3106 3859 congregata
3138 3798 3221 3844 est
3248 3788 3316 3843 de
3345 3785 3559 3858 populis

1964 3904 1981 3937 ι
2030 3886 2214 3940 multis
2254 3884 2321 3939 ad
2367 3894 2608 3939 montem
2684 3882 2810 3954 [ΑΙ.
2856 3881 3111 3955 montes]
3158 3882 3284 3953 (sive
3330 3877 3558 3952 terram)

1963 4002 1984 4037 ί
2030 3979 2214 4040 Israel.
2245 3980 2335 4049 qui
2361 3977 2580 4032 fuerunt
2607 3976 2811 4033 deserti
2837 3976 3044 4047 jugiter
3079 3995 3092 4032 :
3129 3979 3246 4033 tunc
3277 3974 3347 4032 de
3388 3990 3559 4047 potiu-

1964 4092 1983 4126 ι
2031 4073 2094 4129 lis
2124 4072 2317 4129 educm
2348 4081 2431 4126 est
2476 4081 2529 4128 et
2561 4071 2887 4127 habitabunt
2919 4070 3029 4144 [ΑΙ.
3075 4070 3463 4126 habitaverunt
3506 4072 3557 4124 iu

1966 4186 1984 4219 ‹
2032 4184 2093 4222 ea
2143 4166 2485 4223 confidenter
2536 4167 2801 4223 universi.
2847 4166 3169 4223 Ascendens
3213 4178 3395 4223 autem
3428 4181 3563 4238 quas

1968 4282 1985 4314 ‹
2035 4272 2328 4332 tempestas
2358 4262 2565 4327 venies,
2594 4271 2647 4318 et
2676 4262 2830 4332 quasi
2860 4263 3056 4330 nubes,
3097 4272 3157 4316 ut
3185 4262 3403 4332 operias
3453 4270 3561 4315 ter-

1967 4374 1985 4408 ‹
2034 4374 2151 4411 rain
2180 4366 2237 4411 tu
2264 4364 2320 4412 et
2350 4354 2534 4412 omnia
2562 4357 2778 4427 agmina
2813 4365 2926 4421 tua,
2974 4364 3028 4410 et
3064 4356 3249 4426 populi
3278 4355 3402 4427 (sive
3432 4370 3562 4425 gen-

1969 4468 1988 4501 ι
2037 4451 2138 4520 tes)
2183 4450 2337 4504 multi
2381 4460 2579 4505 tecum.
2615 4449 2747 4504 Hmc
2792 4449 2923 4504 dicit
2962 4448 3229 4504 Dominus
3277 4449 3419 4503 Deus
3458 4466 3471 4503 :
3505 4448 3561 4502 In

1970 4561 1989 4595 ι
2035 4543 2121 4597 die
2168 4542 2261 4597 illa
2293 4542 2597 4598 ascendent
2640 4556 2925 4597 sermones
2965 4556 3129 4612 super
3174 4556 3269 4597 cor
3313 4549 3485 4605 tuum,
3512 4550 3568 4597 et

254 4638 389 4678 rum
438 4623 745 4681 barathrum
794 4627 1160 4695 deduxerunt,
1191 4637 1556 4700 consurgant,
1589 4638 1644 4683 et
1694 4628 1861 4683 relin-
1888 4609 1936 4669 ί)
1969 4655 1987 4687 ι
2034 4637 2298 4707 cogitabis
2346 4636 2733 4709 cogitationem
2783 4609 3075 4705 pessimam
3104 4679 3118 4701 ,
3171 4648 3226 4692 et
3264 4635 3411 4693 dices
3450 4656 3460 4689 :
3493 4635 3563 4691 A-

257 4726 439 4788 quant
464 4717 597 4772 idola
625 4734 745 4784 sua,
780 4731 836 4775 et
866 4721 1299 4777 abominationes
1321 4736 1469 4788 suas,
1502 4736 1637 4792 quas
1664 4720 1732 4775 de
1759 4735 1859 4775 suo

258 4813 440 4870 corde
464 4815 853 4885 confinxerant,
878 4827 931 4873 et
954 4816 1022 4874 de
1048 4818 1254 4874 cunctis
1272 4818 1491 4875 sedibus
1513 4819 1645 4887 suis,
1668 4819 1718 4872 in
1742 4818 1861 4888 qui-

257 4911 367 4965 bus
399 4922 783 4980 peccaverunt,
808 4923 1085 4969 transeant
1108 4912 1176 4969 ad
1206 4913 1637 4970 ecclesiasticam
1664 4912 1822 4967 fidem
1844 4953 1859 4976 ,

263 5013 317 5057 et
345 5004 700 5073 mundentur,
745 5014 801 5062 et
846 5008 955 5061 sint
1000 5006 1231 5077 populus
1270 5006 1495 5074 Christi,
1546 5016 1601 5062 et
1646 5006 1763 5077 ipse
1792 5005 1862 5060 sit

264 5098 409 5155 Deus
439 5116 627 5155 eorum
660 5119 674 5155 :
704 5117 821 5173 qua:
847 5102 1063 5174 plenius
1094 5102 1143 5157 in
1167 5102 1309 5159 Osee
1330 5102 1596 5174 propheta
1622 5101 1864 5158 dictasse

262 5208 356 5247 me
386 5195 535 5249 novi.
573 5192 726 5261 Quod
759 5196 803 5249 si
845 5194 1017 5251 Judaei
1061 5206 1116 5251 et
1146 5195 1439 5252 Christiani
1469 5194 1816 5250 Judaizantes
1843 5234 1859 5260 ,

264 5284 386 5342 haec
405 5287 473 5341 ad
501 5288 646 5344 mille
668 5304 928 5345 annorum
956 5291 1227 5346 voluerint
1256 5290 1468 5346 referre
1491 5306 1737 5361 regnum,
1766 5304 1864 5345 ne-

265 5380 529 5436 cessitate
576 5391 866 5452 coguntur,
911 5392 973 5438 ut
1016 5383 1322 5453 suscipiant
1368 5397 1559 5439 omnes
1604 5383 1696 5453 qui
1727 5382 1862 5437 salvi

266 5473 476 5529 fuerint
523 5475 861 5533 habitaturos
885 5478 937 5532 in
970 5487 1116 5533 terra
1144 5476 1338 5543 Israel,
1376 5476 1746 5532 aedificandam
1774 5478 1863 5533 Je-

264 5618 272 5650 -'
343 5622 369 5650 ει
403 5613 571 5687 Vict,
627 5614 909 5687 populique
941 5615 1112 5681 multi,
1159 5615 1263 5669 sive
1308 5623 1481 5687 gentes
1502 5662 1515 5687 ,
1548 5627 1654 5671 etc.
1679 5661 1694 5685 ,
1720 5615 1867 5685 quod

269 5686 516 5754 supplet.
546 5702 612 5741 ex
638 5686 796 5758 Vulg.
830 5698 883 5741 et
907 5687 1070 5742 Hebr.

1969 4748 1987 4780 ι
2036 4728 2293 4784 scendam
2328 4728 2395 4784 ad
2443 4738 2648 4784 terram
2684 4728 2832 4801 (sive
2880 4744 3047 4799 super
3094 4732 3317 4802 terram)
3360 4731 3565 4801 absque

1967 4841 1985 4873 ‹
2034 4837 2190 4877 muro
2241 4822 2372 4889 (sive
2419 4820 2712 4892 abjectam)
2765 4839 2778 4874 :
2826 4822 3041 4878 veniam
3096 4822 3163 4879 ad
3216 4825 3562 4893 quiescentes

1969 4934 1988 4967 ‹
2036 4916 2447 4987 habitantesque
2472 4930 2666 4971 secure
2690 4916 2818 4987 (sive
2844 4918 2896 4971 in
2919 4917 3075 4991 pace)
3111 4936 3124 4972 :
3155 4934 3344 4975 omnes
3375 4918 3561 4991 [Vulg.

1971 5027 1989 5060 σ
2036 5010 2181 5063 addit
2229 5008 2305 5081 hi]
2359 5008 2605 5066 habitant
2648 5010 2768 5065 sine
2817 5026 3007 5077 muro,
3057 5022 3239 5069 vectes
3292 5023 3345 5069 et
3397 5023 3567 5083 porta:

1969 5121 1989 5156 ‹
2055 5118 2165 5159 non
2194 5112 2321 5158 sunt
2343 5101 2422 5159 eis
2452 5120 2465 5157 :
2496 5110 2554 5158 ut
2582 5101 2810 5174 diripias
2846 5106 3019 5175 spolia
3047 5148 3063 5173 ,
3096 5117 3152 5163 et
3180 5108 3403 5164 invadas
3423 5122 3566 5179 prae-

1971 5216 1990 5249 ε
2035 5197 2198 5252 dam:
2233 5205 2292 5251 ut
2338 5196 2553 5262 inferas
2607 5212 2830 5253 manum
2896 5209 3040 5255 tuam
3100 5216 3262 5272 super
3326 5214 3423 5257 eos
3476 5200 3571 5272 qui

1969 5308 1987 5340 ‹
2037 5289 2242 5345 deserti
2269 5288 2485 5344 fuerant
2518 5330 2532 5352 ,
2582 5298 2638 5344 et
2661 5299 2853 5360 postea
2885 5292 3149 5359 restituti,
3185 5300 3240 5345 et
3270 5306 3433 5363 super
3476 5308 3572 5363 po-

1971 5403 1988 5436 ς
2043 5384 2226 5454 pulum
2255 5384 2345 5455 qui
2376 5393 2461 5439 est
2486 5393 2852 5455 congregatus
2882 5402 2950 5442 ex
2990 5389 3248 5458 gentibus
3276 5430 3289 5453 ,
3322 5387 3412 5459 qui
3445 5402 3572 5456 pos-

1971 5496 1992 5529 ι
2038 5476 2220 5533 sidere
2242 5476 2428 5547 coepit,
2445 5483 2502 5531 et
2519 5490 2640 5532 esse
2664 5476 2934 5535 habitator
2955 5480 3201 5536 umbilici
3224 5489 3402 5537 terrae.
3427 5479 3570 5537 Saba

1974 5613 2098 5698 cog
2110 5616 2532 5698 expugnandam
2553 5659 2568 5682 ,
2614 5634 2734 5691 qua:
2763 5635 2990 5677 reversa
3026 5632 3130 5683 est.
3174 5622 3294 5698 sive
3321 5638 3515 5680 averso
3540 5640 3572 5682 a

1976 5688 2176 5759 gladio.
2218 5688 2275 5743 In
2334 5689 2591 5763 Hebraic.
2632 5688 2868 5763 quoque
2917 5702 3183 5755 murra.
3236 5694 3358 5751 Mox
3408 5700 3572 5753 etiam

342 5758 372 5797 ι)
410 5758 561 5842 Idem
595 5774 843 5843 ,horersa
873 5774 971 5843 pro
1000 5775 1256 5843 perversa,
1292 5775 1358 5816 ex
1400 5758 1873 5843 subnexaﬂiero—A
1978 5758 2266 5843 projectum
2295 5776 2395 5831 pro
2426 5758 2679 5835 abjectani
2729 5758 2798 5819 ei
2825 5766 3018 5822 eadem
3063 5767 3409 5838 expositione
3437 5785 3579 5843 pra:-

273 5832 425 5901 nymi
448 5831 809 5902 expositione,
835 5832 959 5887 ubi:
987 5832 1069 5888 Ad
1090 5848 1319 5904 quorum
1347 5842 1691 5889 terram......
1723 5832 1875 5887 venit

1980 5833 2105 5888 fert.
