4038 6328
485 244 589 299 535

1724 242 1782 297 s.
1824 212 2094 297 tussim
2134 212 2512 300 tnenosvnt

3669 248 3774 303 556

488 378 508 413 t
554 358 823 425 etDedan,
845 365 898 413 et
925 356 1291 427 negotiatores
1314 355 2078 429 Tharsis(siveCarthaginen-
2109 369 2153 425 Α
2182 359 2235 417 ἰη
2267 372 2465 420 terram
2498 363 2680 429 Israel,
2731 363 2947 436 quando
2986 365 3273 423 :ediﬁcatio
3324 367 3509 438 templi
3565 366 3774 423 descri-

488 472 508 507 ‹
555 451 1111 510 sesetomnesleones
1130 449 1294 522 villae)
1323 449 1442 520 ejus
1458 450 1637 505 dicent
1664 448 2074 519 tibizNumqnid

487 564 506 598 ι
553 545 618 600 ad
643 544 907 601 sumenda
938 544 1108 615 Spolia
1137 552 1192 598 tu
1228 541 1380 598 venis
1403 542 1427 595 ?
1450 542 1589 598 Ecce
1620 540 1686 597 ad
1711 541 2073 612 diripiendam

485 662 504 695 ι
554 644 789 715 przedam
818 643 1159 714 congregasti
1194 639 1597 695 multitudinem
1631 640 1802 707 tuam,
1838 645 1891 693 ut
1917 628 2076 693 tollas

484 755 503 789 ‹
550 746 833 810 argentum
858 745 912 793 et
934 751 1147 801 aurum,
1178 746 1231 790 et
1256 733 1472 789 auferas
1494 730 1888 802 supellectilem
1912 741 2076 802 atque

484 851 502 883 ι
553 831 934 898 substantiam,
979 841 1030 888 et
1062 829 1289 901 diripias
1335 826 1621 883 manubias
1648 822 1912 881 infinitas.
1941 822 2074 881 Pro-

484 945 502 978 ‹
551 940 733 998 pterea
755 926 1075 995 vaticinare,
1094 925 1167 979 Iili
1186 922 1441 987 hominis,
1459 932 1514 979 et
1531 920 1761 979 dicesad
1782 920 1896 993 Gog
1915 939 1928 976 :
1948 920 2076 975 Haec

484 1039 504 1073 ι
550 1020 681 1076 dicit
726 1021 993 1077 Dominus
1040 1018 1183 1075 Dcds
1221 1015 1533 1088 :Numquid
1587 1033 1693 1072 non
1738 1016 1790 1071 in
1842 1015 1930 1070 die
1980 1014 2076 1069 illo

480 1136 500 1170 ‹
546 1134 669 1173 cum
704 1116 1028 1173 habitaverit
1057 1115 1289 1187 populus
1329 1128 1483 1169 meus
1528 1108 1690 1167 Israel
1737 1109 2076 1165 conﬁdenter

482 1230 501 1263 ‹
548 1210 682 1281 (sive
714 1210 765 1265 in
799 1208 967 1281 pace)
1000 1210 1143 1265 scies
1203 1207 1329 1279 (sive
1372 1202 1734 1276 consurges)?
1781 1202 1848 1257 Et
1890 1201 2075 1255 venies

481 1323 500 1356 ε
547 1302 749 1359 deloco
770 1312 906 1358 tuoa
925 1300 1324 1374 lateribus(sive
1342 1316 1369 1353 a
1395 1296 1737 1365 novissimis)
1765 1293 2071 1366 Aquilonis,

479 1416 501 1449 ‹
547 1407 602 1453 ιιι
630 1407 685 1453 et
708 1399 888 1468 papuli
912 1396 1066 1451 multi
1094 1407 1631 1462 tecum,ascensores
1658 1404 1924 1461 equorum
1955 1388 2075 1441 uni-

479 1512 499 1545 ι
544 1494 711 1559 versi,
742 1489 905 1565 443
955 1502 1130 1547 cretus
1175 1505 1425 1562 magnus,
1478 1492 1535 1544 et
1581 1486 1858 1543 exercitus
1903 1489 2074 1540 vehe—

478 1606 497 1639 t
547 1604 721 1644 mens.
754 1588 821 1642 Et
851 1588 1157 1643 ascendens
1188 1602 1351 1655 super
1388 1580 1643 1655 populum
1688 1592 1874 1637 meum
1907 1578 2076 1634 Israel

476 1698 496 1732 ι
542 1681 698 1752 quasi
745 1680 937 1745 nubes,
992 1688 1054 1734 ut
1098 1677 1319 1749 operias
1366 1688 1590 1732 terram.
1642 1672 1703 1731 In
1758 1671 2076 1729 novissimis

2181 456 2345 525 bitur,
2376 469 2429 513 et
2462 458 2912 514 caeremoniarum
2942 458 3060 529 ejus
3090 460 3225 515 ordo
3264 470 3533 515 narratur.
3568 460 3776 517 Deinde

2177 547 2574 607 observandum
2604 550 2707 618 est,
2740 551 2882 623 quod
2910 552 3148 624 ponitur,
3180 554 3295 610 sive
3336 554 3656 611 oblirmatur
3698 553 3776 607 fa-

2175 642 2290 699 cies
2321 642 2598 715 prOphette
2625 657 2810 701 contra
2844 645 2964 718 Gog
2992 638 3192 701 terram
3213 688 3228 714 ,
3278 647 3398 703 sive
3431 658 3630 703 terram
3664 646 3778 703 Ma-

2176 751 2301 807 gog.
2350 735 2745 794 Obﬁrmatione
2784 736 2929 794 enim
2958 734 3123 812 444
3159 748 3215 795 et
3252 740 3419 795 multa
3456 741 3777 798 considera-

2179 822 2324 887 tione
2351 833 2529 888 vultus
2554 849 2692 905 opus
2722 842 2826 901 est,
2858 845 2916 889 ut
2947 852 3066 905 quae
3099 834 3380 901 dicuntur,
3410 851 3572 892 nosse
3604 835 3781 906 possi-

2177 941 2299 980 mus
2329 924 2625 981 secnndum
2656 924 2788 982 illud
2830 922 3203 999 Apostolicum
3238 942 3252 983 :
3286 927 3396 983 Nos
3428 936 3609 983 autem
3651 944 3777 983 om-

2178 1035 2276 1075 nes
2314 1020 2553 1075 revelata
2587 1010 2720 1076 facie
2741 1021 2967 1090 gloriam
2993 1016 3206 1076 Domini
3230 1021 3688 1092 contemplantes,
3724 1026 3777 1077 in

2177 1109 2423 1167 eamdem
2464 1110 2752 1184 imaginem
2783 1113 3170 1182 reformamur,
3197 1129 3226 1168 a
3256 1112 3429 1185 gloria
3458 1113 3511 1169 in
3546 1116 3778 1186 gloriam

2176 1205 2333 1274 quasi
2355 1220 2384 1258 a
2410 1200 2623 1259 Domini
2654 1204 2914 1278 spiritu(l
2948 1204 3070 1263 Cor.
3095 1222 3176 1275 tu,
3204 1202 3295 1278 18)
3320 1204 3489 1278 Igitur
3510 1206 3682 1262 Judwi
3724 1214 3782 1261 ct

2177 1301 2347 1353 nostri
2375 1297 2727 1355 Judaizahtes
2759 1310 2950 1372 putant
2975 1299 3091 1372 Gog
3116 1312 3309 1374 gentes
3354 1297 3381 1339 ι)
3405 1317 3528 1358 esse
3566 1300 3782 1374 Scythi-

2176 1408 2288 1460 cas,
2320 1393 2587 1450 immanes
2609 1402 2660 1450 et
2686 1390 3135 1467 innumerabiles,
3161 1414 3281 1468 quae
3310 1406 3461 1454 trans
3476 1398 3781 1455 Caucasum

2176 1496 2444 1553 montem,
2469 1498 2524 1543 et
2551 1488 2863 1545 Marotidem
2893 1489 3167 1561 paludem,
3210 1499 3269 1546 et
3306 1506 3475 1564 prope
3525 1491 3783 1564 Caspium

2176 1595 2324 1635 mare
2350 1580 2415 1634 ad
2446 1578 2654 1637 Indiam
2687 1596 2857 1651 usilne
2886 1580 3212 1647 tendantur;
3244 1592 3300 1638 et
3330 1584 3427 1638 has
3453 1593 3579 1653 post
3623 1585 3782 1641 mille

2174 1690 2438 1730 annorum
2472 1686 2697 1747 regnum
2749 1691 2871 1731 esse
2901 1674 3118 1731 diabolo
3149 1677 3604 1745 commovendas,
3659 1694 3784 1750 qua:

475 1791 495 1825 ι
542 1772 732 1829 diebus
770 1773 884 1829 eris
910 1774 1033 1841 (sire
1062 1771 1188 1842 erit)
1220 1780 1276 1826 et
1306 1771 1572 1826 adducam
1603 1778 1655 1824 te
1678 1783 1840 1838 super
1869 1776 2069 1821 terram
2100 1784 2149 1844 Β
2177 1767 2396 1823 veniant
2425 1771 2477 1823 in
2507 1780 2708 1825 terram
2740 1766 2930 1839 Israel,
2960 1778 3016 1824 ut
3048 1779 3291 1841 pugnent
3317 1780 3505 1825 contra
3534 1780 3783 1840 sanctos,

474 1886 493 1918 ι
540 1884 721 1923 meam
756 1886 769 1920 :
804 1878 861 1922 ut
892 1869 1067 1922 sciant
1091 1881 1283 1921 omnes
1313 1863 1505 1939 [ναις.
1539 1871 1672 1918 tacet
1699 1862 1910 1934 omnes]
1942 1876 2068 1931 gen~

472 1980 491 2013 ι
542 1972 620 2017 tes
663 1978 789 2031 me,
839 1976 960 2016 cum
1013 1960 1386 2016 sanctilicatns
1432 1960 1590 2016 fuero
1621 1957 1675 2012 in
1705 1964 1761 2013 te
1792 1957 1844 2012 in
1892 1954 2066 2011 oculis

394 2094 399 2107 ς
471 2072 490 2104 ‹
539 2070 749 2121 eorum,
782 2070 813 2108 ο
840 2053 977 2125 Gog.
1010 2054 1133 2108 llaec
1158 2053 1289 2109 dicit
1315 2051 1577 2107 Dominus
1602 2051 1748 2106 Deus
1780 2068 1790 2103 ε
1823 2049 1901 2103 Tu
1935 2064 2069 2120 ergo

473 2168 491 2200 ι
540 2148 631 2204 ille
661 2165 744 2216 es,
778 2148 847 2204 de
880 2165 987 2220 quo
1034 2149 1246 2204 locutus
1275 2164 1396 2202 sum
1423 2147 1475 2202 in
1520 2146 1712 2202 diebus
1743 2145 1984 2215 antiquis
2014 2145 2067 2198 in

472 2261 491 2296 ι
540 2258 700 2297 manu
729 2254 1016 2297 servorum
1047 2257 1296 2297 meorum
1329 2238 1720 2312 prophetarum
1756 2236 1940 2304 Israel,
1973 2241 2070 2304 qui

471 2360 488 2393 ι
538 2341 1008 2410 prophetaverunt
1052 2338 1107 2392 in
1156 2336 1348 2393 diebus
1384 2336 1493 2390 illis
1534 2345 1699 2404 atque
1730 2330 2070 2402 temporibus

475 2453 494 2486 ι
540 2432 727 2505 (Vulg.
755 2432 978 2488 illorum
1023 2427 1351 2501 temporum]
1384 2431 1511 2501 (sive
1556 2427 1734 2492 annis)
1764 2445 1776 2479 :
1805 2433 1862 2479 ut
1903 2420 2072 2478 addu-

474 2546 493 2579 ‹
542 2542 721 2582 cerem
755 2538 803 2581 tc
832 2541 995 2596 super
1023 2525 1153 2580 eos?
1183 2523 1249 2579 Et
1281 2523 1386 2577 erit
1412 2521 1466 2575 in
1490 2520 1577 2576 die
1609 2520 1701 2574 illa
1724 2561 1737 2583 ,
1773 2518 1825 2573 in
1858 2517 1945 2572 die
1976 2512 2071 2571 ad-

473 2638 491 2671 ‹
541 2631 732 2677 ventus
778 2619 894 2690 Gog
941 2634 1105 2688 super
1163 2628 1361 2672 terram
1416 2612 1623 2675 Israel,
1680 2612 1756 2667 ait
1810 2610 2071 2665 Dominus

472 2734 490 2767 ι
541 2716 686 2771 Deus
718 2733 730 2770 :
758 2712 1022 2769 ascendet
1050 2710 1346 2783 indignatio
1377 2724 1499 2764 mea
1527 2709 1579 2762 in
1612 2705 1801 2762 lurore
1829 2720 1971 2759 meo.
2007 2702 2073 2757 Et

470 2828 489 2860 ι
538 2810 589 2863 in
621 2808 740 2863 zelo
770 2822 913 2875 meo,
946 2805 1000 2860 in
1030 2807 1151 2877 igne
1181 2800 1279 2860 ira:
1318 2818 1451 2858 mea:
1484 2801 1698 2855 locutus
1729 2808 1846 2852 sum
1874 2842 1887 2864 ,
1943 2786 2069 2864 quia

470 2924 490 2957 σ
534 2904 588 2958 in
613 2896 701 2957 die
728 2902 813 2955 illa
843 2899 947 2956 erit
974 2899 1271 2954 commotio
1301 2910 1494 2968 magna
1541 2909 1711 2963 super
1744 2896 1946 2947 terram
1995 2890 2071 2943 ls-

470 3015 488 3048 ι
537 2995 670 3060 rael,
700 3003 756 3049 et
777 2992 1270 3049 commovebuntur
1294 3004 1324 3043 a
1348 2986 1484 3045 facie
1518 3002 1639 3042 mea
1663 2987 1847 3056 pisces
1877 2985 2069 3047 maris,

468 3108 486 3141 ι
532 3098 587 3144 et
615 3088 863 3143 volucres
893 3086 1039 3149 cceli,
1076 3093 1129 3139 et
1172 3083 1370 3139 bestize
1410 3079 1527 3152 agri
1576 3077 1701 3152 (sive
1732 3079 1974 3147 campi),
2018 3085 2075 3132 et

1940 3187 2068 3226 cun~
2096 3178 2140 3240 C
2181 3190 2199 3223 t
2245 3183 2299 3227 et
2328 3173 2601 3228 civitatem
2630 3172 2905 3227 dilectam.
2945 3171 3010 3227 Et
3034 3173 3319 3229 descendit
3350 3175 3490 3245 ignis
3521 3191 3548 3228 a
3577 3177 3687 3231 Deo
3708 3176 3779 3231 de

470 3203 488 3236 ε
536 3198 700 3239 omne
732 3181 928 3251 reptile
956 3180 1102 3250 quod
1132 3184 1383 3233 movetur
1413 3190 1577 3245 super
1606 3176 1829 3228 humum
1878 3191 1889 3225 :

469 3296 487 3328 ι
534 3278 716 3349 etique
768 3275 1017 3330 homines
1042 3274 1131 3342 qui
1180 3280 1308 3326 sunt
1353 3284 1519 3340 super
1551 3266 1744 3322 faciem
1789 3276 1967 3333 terrae,
2011 3275 2066 3321 et

468 3388 486 3422 ι
535 3371 915 3426 snbvertentur
959 3368 1083 3439 (sive
1129 3365 1447 3421 scindentur
1489 3372 1725 3428 montes,
1780 3368 1834 3416 et
1869 3361 2069 3415 cadent

469 3484 489 3515 ‹
538 3474 746 3534 nscpes
774 3463 901 3533 (sive
922 3459 1118 3530 valles)
1153 3476 1166 3511 :
1196 3467 1253 3515 et
1299 3457 1477 3513 omnis
1526 3470 1716 3510 murus
1762 3453 1813 3507 in
1863 3463 2064 3508 terram

470 3574 490 3607 ε
536 3567 779 3612 corruet.
814 3555 880 3609 Et
908 3551 1225 3609 convocabo
1264 3549 1551 3605 adversum
1584 3564 1707 3602 enm
1755 3547 1807 3600 in
1857 3548 2066 3600 cunctis

466 3668 485 3701 ‹
535 3648 808 3704 montibus
856 3647 992 3701 meis
1033 3643 1267 3715 gladium
1310 3643 1438 3712 (sive
1460 3655 1677 3695 omnem
1715 3637 2063 3693 formidinem

472 3765 490 3797 ι
537 3744 723 3815 gladii)
756 3741 926 3797 :dicit
955 3739 1219 3794 Dominus
1250 3736 1417 3792 Deus.
1449 3732 1676 3790 Gladius
1718 3733 2064 3802 uniuscujus-

468 3861 486 3893 ι
536 3856 640 3912 que
670 3838 798 3911 (sive
831 3836 1099 3904 hominis)
1132 3836 1183 3888 in
1220 3832 1443 3886 fratrem
1476 3842 1633 3884 suum
1666 3828 1954 3898 dirigetur.
1999 3825 2067 3881 Et

468 3955 486 3988 ι
528 3932 781 4006 judicabo
832 3947 953 3987 eum
987 3939 1139 3999 peste
1166 3928 1302 3997 (sive
1335 3922 1533 3996 morte)
1577 3934 1633 3979 et
1662 3923 1925 3992 sanguine
1950 3964 1963 3988 ,
2012 3928 2069 3976 e’t

471 4050 489 4083 ι
537 4028 709 4083 imbre
772 4024 1085 4080 vehementi
1141 4030 1197 4076 et
1248 4018 1520 4089 lapidibus
1569 4017 1852 4072 immensis
1919 4015 2067 4087 (sive

470 4141 488 4174 ‹
534 4118 860 4194 grandinis).
886 4117 1067 4189 Ignem
1086 4116 1141 4170 et
1165 4113 1399 4184 sulphur
1426 4112 1606 4182 pluam
1638 4124 1802 4182 super
1831 4126 1978 4177 eum,
2010 4121 2067 4165 et

467 4237 489 4272 ι
540 4234 635 4289 per
668 4218 968 4273 exercitum
998 4212 1114 4284 ejus
1149 4210 1273 4283 (sire
1305 4224 1470 4280 super
1512 4221 1703 4262 omnes
1729 4206 1818 4276 qui
1845 4221 1967 4259 cum
1999 4220 2065 4260 eo

470 4331 489 4363 ‹
537 4312 707 4379 sunt),
738 4318 792 4366 et
822 4322 985 4378 super
1026 4305 1261 4378 populos
1294 4303 1498 4357 multos
1527 4301 1618 4372 qui
1646 4309 1774 4355 sunt
1816 4314 1940 4354 cum
1976 4314 2060 4354 co.

470 4422 488 4456 ι
539 4403 603 4458 Et
632 4398 1037 4473 magniliCabor,
1065 4407 1119 4454 et
1161 4393 1569 4461 sanctiﬁcabor,
1598 4402 1654 4447 et
1682 4404 1847 4447 notus
1874 4407 1969 4445 ero
2012 4392 2065 4445 in

471 4514 490 4550 ι
538 4503 835 4566 conspectu
865 4491 1051 4567 [ναις.
1099 4489 1296 4562 oculis]
1337 4487 1577 4559 gentium
1634 4484 1927 4539 multarum
1954 4525 1968 4548 ,
2011 4492 2068 4538 et

2172 1863 2358 1918 multis
2395 1878 2580 1918 secum
2621 1863 2875 1935 gentibus
2907 1864 3275 1935 congregatis.
3329 1863 3573 1919 Primum
3605 1910 3619 1935 ,
3667 1866 3785 1921 Mo-

2170 1956 2321 2025 soch,
2348 1973 2485 2027 quos
2510 1956 2779 2028 Iosephus
2804 1957 3195 2028 interpretatur
3225 1957 3597 2029 Cappadocas,
3625 1958 3784 2014 dein-

2170 2050 2239 2106 de
2261 2050 2491 2116 Thubal,
2523 2065 2659 2122 quos
2691 2046 2835 2107 idem
2867 2048 3076 2117 Iberos,
3102 2050 3188 2106 vel
3238 2050 3524 2123 Ilispanos,
3562 2050 3785 2108 ilebrzei

2170 2142 2333 2198 Italos
2365 2143 2729 2214 suspicantur,
2764 2143 3032 2200 habentes
3055 2161 3237 2200 secum
3277 2138 3329 2201 in
3360 2146 3602 2201 exercitu
3652 2147 3786 2202 Per-

2173 2252 2281 2305 sas,
2310 2234 2695 2307 1Ethiopas,'_et
2723 2236 2922 2309 Libyas
2951 2255 2964 2290 :
2994 2237 3196 2294 Gomer
3218 2248 3437 2311 quoque
3458 2250 3514 2295 et
3537 2239 3783 2311 Thogor-

2175 2346 2284 2399 ma,
2310 2346 2448 2400 quos
2472 2326 2689 2385 Galatas
2718 2340 2771 2385 et
2793 2326 3033 2402 Phrygas
3058 2330 3489 2401 interpretantur
3515 2349 3528 2385 :
3555 2332 3778 2388 Sabmos

2173 2438 2391 2495 quoque
2417 2433 2473 2479 et
2500 2422 2706 2490 Dedan,
2745 2435 2802 2480 et
2829 2416 3315 2495 Carthaginenses,
3362 2425 3475 2480 sive
3504 2425 3731 2480 Tltarsis
3757 2470 3773 2496 ,

2172 2526 2230 2572 et
2264 2518 2493 2584 horest,
2525 2516 2666 2588 quod
2694 2515 2934 2572 Joannes
2964 2533 3178 2588 quoque
3209 2518 3263 2572 in
3308 2534 3403 2573 sua
3438 2518 3591 2588 pOnit
3634 2518 3783 2590 Apo-

2173 2609 2381 2681 calypsi
2416 2628 2430 2665 :
2464 2628 2484 2661 ε
2532 2609 2600 2665 Ει
2627 2626 2746 2665 eum
2772 2609 2910 2664 ﬁniti
2940 2610 3140 2665 fuerint
3169 2610 3322 2666 mille
3349 2612 3504 2680 anni,
3537 2612 3783 2667 solvetur

2181 2721 2198 2753 ι
2247 2700 2479 2758 Satanas
2501 2702 2570 2758 de
2596 2702 2841 2757 custodia
2873 2718 2993 2769 sua,
3038 2710 3093 2757 et
3122 2703 3438 2775 egredietur
3469 2715 3523 2757 ut
3552 2703 3781 2759 seducat

2181 2816 2200 2849 ι
2246 2806 2433 2867 gentes
2459 2797 2509 2851 in
2541 2807 2778 2869 quatuor
2803 2794 3015 2867 angulis
3044 2805 3223 2862 terrae,
3256 2794 3370 2868 Gog
3400 2838 3417 2863 ,
3467 2808 3519 2851 et
3548 2793 3732 2867 Magog
3756 2837 3774 2864 ,

2180 2909 2199 2941 ι
2248 2899 2306 2944 ut
2331 2900 2627 2962 congreget
2651 2906 2744 2945 eos
2768 2889 2834 2945 ad
2864 2890 3091 2959 bellum,
3122 2905 3353 2961 quorum
3400 2907 3653 2946 numerus
3683 2900 3773 2946 est

2182 3004 2200 3035 ι
2245 2986 2384 3039 sicut
2415 3000 2582 3039 arena
2616 2985 2798 3038 maris.
2835 2982 2903 3038 Et
2928 2980 3294 3039 ascenderunt
3339 3001 3505 3056 super
3533 2983 3781 3055 latitudi-

2182 3096 2201 3129 ι
2249 3094 2370 3134 nem
2402 3088 2585 3146 terrae,
2620 3086 2675 3132 et
2703 3072 3180 3135 circumdederunt
3207 3088 3383 3135 castra
3416 3093 3733 3136 sanctorum
3760 3126 3775 3149 ,

2176 3285 2196 3318 ι
2242 3267 2405 3333 εωιο,
2438 3277 2493 3322 et
2522 3266 2807 3322 devoravit
2835 3281 2931 3322 eos
2965 3284 2978 3321 :
3011 3280 3065 3322 et
3091 3268 3341 3325 diabolus
3364 3270 3456 3340 qui
3483 3270 3780 3326 seducebat

2175 3380 2195 3413 ‹
2242 3376 2356 3425 eos,
2383 3361 2586 3415 missus
2614 3371 2695 3415 est
2724 3360 2777 3414 in
2808 3370 3058 3430 stagnum
3086 3361 3227 3432 ignis
3260 3366 3314 3417 et
3346 3362 3651 3434 sulphuris,
3682 3350 3777 3419 ubi

2176 3473 2194 3504 ι
2242 3456 2358 3509 erat
2405 3454 2576 3509 bestia
2622 3464 2676 3509 et
2714 3452 3188 3525 pseudopropheta
3231 3472 3245 3510 :
3290 3465 3343 3510 et
3384 3457 3778 3512 crueiabuntur

2175 3568 2195 3600 ‹
2242 3550 2434 3605 diebus
2454 3560 2509 3605 et
2539 3547 2787 3604 nootibus
2814 3549 2870 3603 in
2901 3551 3102 3605 saecula
3132 3549 3460 3605 saeculorum
3494 3550 3680 3622 (Apoc.
3711 3564 3770 3619 ι,

2176 3662 2193 3694 ι
2242 3644 2275 3698 7
2301 3645 2489 3714 seqq).
2530 3662 2550 3696 ι
2599 3658 2704 3697 non
2736 3643 3099 3713 intelligentes
3130 3652 3298 3699 totum
3328 3643 3579 3698 volumen
3607 3643 3776 3700 Joan-

2169 3736 2302 3801 nis,
2378 3736 2520 3804 quod
2584 3734 2960 3795 Revelationis
3027 3738 3186 3793 titulo
3247 3747 3601 3807 praenotatur,
3647 3752 3777 3794 esse

2171 3831 2479 3901 mysticum,
2532 3840 2585 3886 et
2611 3831 2943 3887 revelatione
2972 3846 3068 3886 nos
3100 3830 3368 3901 indigere,
3402 3842 3463 3889 ut
3499 3834 3776 3905 possimus

2168 3932 2290 3980 cum
2322 3925 2579 3996 propheta
2612 3927 2792 3982 dicere
2821 3943 2835 3980 :
2868 3927 3065 3984 Revela
3098 3928 3290 3983 oculos
3313 3944 3483 3998 meos,
3508 3938 3566 3984 et
3589 3928 3773 3984 consi-

2169 4017 2370 4074 derabo
2419 4019 2685 4075 mirabilia
2717 4020 2787 4074 de
2828 4020 2945 4092 lege
2978 4031 3066 4075 tua
3111 4020 3230 4093 (Ps.
3281 4037 3464 4091 cxvni,
3514 4014 3633 4092 18).
3667 4018 3774 4076 Alii

2170 4127 2300 4167 vero
2335 4118 2613 4167 terrenum
2651 4128 2870 4168 sensum
2900 4113 3295 4185 relinquentes,
3326 4114 3649 4184 etjudaicas
3688 4124 3776 4171 at-

2168 4220 2273 4274 que
2324 4205 2495 4260 aniles
2527 4204 2735 4261 fabulas
2775 4221 2897 4277 qua:
2959 4206 3137 4261 noxiae
3191 4214 3319 4262 sunt
3368 4203 3413 4275 (I
3444 4202 3580 4261 Tim.
3636 4200 3709 4278 tv)
3746 4248 3763 4272 ,

2167 4307 2220 4351 et
2267 4298 2674 4368 acquiesccntes
2726 4297 2886 4367 sibi,
2939 4294 3236 4354 detrahunt
3289 4299 3339 4353 in
3398 4298 3761 4369 profundum,

2167 4389 2391 4444 nimium
2420 4389 2487 4445 ad
2528 4391 2635 4445 alta
2666 4391 3082 4460 conscendunt,
3112 4398 3168 4447 et
3197 4393 3370 4446 multo
3406 4391 3618 4473 pejores
3651 4388 3759 4445 Iin-

2167 4494 2299 4555 gunt
2328 4526 2343 4549 ,
2396 4497 2453 4539 ut
2502 4486 2551 4539 in
2585 4486 2800 4541 cmlesti
2849 4476 3152 4541 Jerusalem
3187 4528 3202 4552 ,
3241 4484 3442 4541 diaboli
3487 4494 3542 4540 et
3580 4486 3765 4541 omnis
3814 4504 3817 4507 ί

468 4610 486 4644 ι
537 4589 710 4645 scient
760 4588 888 4659 quia
936 4601 1042 4655 ego
1086 4597 1207 4639 sum
1275 4580 1557 4635 Dominus.
1615 4586 1635 4630 ι
1682 4578 1921 4631 Primum
1977 4576 2434 4640 lii-Desercitus
2480 4579 2599 4648 ejus
2646 4579 2791 4636 bella
2834 4579 3164 4647 describant,
3208 4590 3264 4637 et
3302 4581 3402 4637 sub
3444 4581 3769 4657 τοπολογίαις

460 4685 641 4740 storiae
670 4681 1017 4736 fundamenta
1046 4676 1301 4747 iacienda
1329 4683 1477 4740 sunt,
1508 4670 1901 4739 sciendumqne
1922 4669 2061 4739 quod

459 4777 527 4831 ad
572 4773 913 4831 Ezechielem
947 4770 1271 4842 prophetam
1316 4769 1421 4822 iste
1469 4776 1749 4821 extremus
1778 4778 1959 4819 sermo
1991 4762 2066 4817 sit

462 4869 698 4925 Domini.
726 4864 912 4936 Neque
936 4864 1081 4919 enim
1105 4869 1230 4934 post
1253 4861 1397 4915 hunc
1420 4858 1597 4914 simile
1619 4856 1745 4929 quid
1772 4869 2060 4927 possumus

460 4963 725 5026 invenire,
761 4970 962 5029 praeter
991 4954 1126 5011 illud
1155 4951 1298 5025 quod
1330 4954 1382 5007 in
1416 4952 1678 5007 vicesimo
1700 4950 1890 5021 quinto
1914 4963 2057 5003 anno

459 5058 721 5127 scriptum
752 5062 834 5110 est
864 5046 1384 5122 transimigrationis
1419 5045 1700 5101 Jechonim
1727 5061 1739 5097 :
1770 5040 1934 5099 Facta
1971 5050 2057 5098 est

458 5164 626 5226 super
649 5166 735 5207 me
757 5160 946 5205 manus
969 5140 1203 5212 Domini,
1232 5151 1287 5199 et
1309 5141 1537 5197 adduxit
1558 5155 1645 5195 me
1670 5139 1816 5206 illuc,
1845 5138 1946 5193 hoc
1967 5144 2051 5193 est

533 5303 559 5332 ⁸
592 5292 674 5348 Ex
698 5302 830 5345 mss.
863 5302 930 5342 ex
954 5283 1181 5337 Rabano
1206 5294 1352 5348 δεμες
1381 5274 1789 5341 substituimus;
1820 5290 1920 5347 pro
1936 5289 2045 5346 quo

457 5377 638 5427 antea,
672 5361 886 5417 tametsi
919 5354 1108 5411 eodem
1140 5368 1331 5427 sensu,
1361 5359 1483 5427 erat_
1504 5349 1759 5427 ηιηερεζὶιιτἶ

536 5416 577 5475 Β
603 5416 833 5492 Sanctus
863 5440 1079 5500 quoque
1108 5416 1442 5500 Augustinus
1470 5421 1509 5475 ι.
1542 5436 1615 5476 xx
1644 5418 1901 5500 de__Civi_t.
1952 5416 2048 5474 Dei

461 5527 515 5566 c.
550 5511 609 5562 lt
651 5524 663 5560 :
700 5526 717 5558 ι
753 5492 1207 5568 Genies.'inquit,
1240 5498 1382 5568 istae,
1411 5508 1548 5563 quas
1572 5492 2051 5568 appellatGog,_et

465 5564 673 5650 illagog,
704 5594 810 5650 non
840 5575 919 5628 sic.
954 5564 1460 5650 sunt'accipiendze,
1494 5566 1908 5650 tamquam‘sint
1941 5564 2053 5650 alii-

463 5636 648 5726 quivin'
663 5636 848 5726 aliqua
880 5652 1035 5726 parte.r
1052 5636 1329 5726 terrarum
1344 5636 1904 5726 bAarbar‘iAconsti-tuti,“
1920 5636 2049 5726 sive

463 5700 847 5794 iiaaéﬁﬁdahi
868 5700 1418 5794 suspicanturnGeta‘s,
1434 5718 1488 5792 et
1508 5700 2045 5794 Massagetasﬂpropf

466 5777 792 5853 Ee—eritleraI
837 5777 1031 5847 horu'm
1079 5782 1359 5842 nominum
1403 5780 1631 5853 primas,
1678 5777 1791 5837 sive
1840 5777 2048 5850 aliquos

2166 4670 2291 4745 [Αι.
2352 4674 2738 4747 etymologiis]
2793 4678 3036 4747 gentium
3090 4677 3425 4748 singularum
3492 4678 3768 4747 interpre-

2164 4774 2344 4822 tantur
2396 4768 2658 4837 spiritalia
2716 4770 2973 4836 nequitiae
3021 4771 3074 4825 in
3113 4766 3450 4825 cmlestibus.
3490 4770 3623 4839 Qua:
3664 4784 3764 4824 nos

2161 4858 2322 4933 445
2349 4863 2526 4917 omnia
2560 4861 2776 4918 lectoris
2814 4863 3040 4918 arbitrio
3080 4858 3441 4919 concedentes
3464 4903 3480 4931 ,
3511 4880 3617 4919 non
3654 4873 3763 4919 tam

2158 4954 2334 5008 aliena
2371 4953 2653 5020 damnare,
2683 4971 2842 5026 quam
2870 4956 3293 5013 ecclesiasticam
3321 4957 3765 5029 eXpIanationem

2156 5044 2432 5101 afﬁrmare
2457 5048 2799 5104 conabimur.
2828 5051 2868 5104 Α
2899 5047 3016 5119 Gog
3050 5060 3070 5085 α
3102 5038 3293 5105 Graeco
3316 5065 3567 5106 sermone
3592 5046 3726 5123 δόμα
3745 5090 3765 5118 ,

2150 5136 2344 5194 Latino
2373 5147 2560 5194 tectum
2582 5140 2804 5196 dicitur.
2831 5140 3004 5197 Porro
3028 5140 3216 5215 Magog
3243 5142 3661 5214 interpretatur,
3695 5142 3765 5198 dc

2149 5276 2289 5351 alios
2304 5277 2673 5351 alienigenas,
2700 5287 2760 5351 et
2784 5292 2812 5332 a
2833 5277 3081 5351 Romano
3100 5278 3223 5349 jure
3274 5280 3571 5351 sejunctos.
3596 5301 3617 5334 ι
3648 5280 3763 5336 Re~

2149 5349 2272 5421 cole
2302 5349 2689 5421 Prml‘ationem
2720 5349 3001 5420 hujusmet
3029 5350 3176 5419 libri,
3203 5359 3261 5407 et
3280 5349 3624 5421 quastione:
3647 5354 3757 5408 IIe-

2152 5418 2369 5477 braicas
2402 5423 2454 5476 in
2487 5420 2768 5477 Genesim.

2231 5503 2253 5531 ο
2298 5493 2444 5549 Idem
2498 5493 2714 5548 laudato
2764 5493 2903 5548 libro
2950 5494 3017 5549 de
3060 5494 3296 5550 Civitatc
3341 5497 3477 5553 Dei:
3524 5496 3755 5559 Harant,

2155 5564 2248 5630 ait,
2275 5565 2751 5641 interpretationem
2788 5567 3052 5620 nominum
3100 5583 3206 5621 esse
3246 5571 3607 5641 comperimus,
3640 5568 3757 5641 60g

2158 5645 2398 5711 tectum);
2431 5636 2620 5711 Magog
2646 5634 2715 5692 de
2746 5646 2919 5705 tecto,
2941 5645 3202 5709 tamquam
3228 5634 3425 5711 domita,
3459 5650 3505 5696 et
3534 5634 3644 5711 ipse
3662 5634 3760 5711 quvi

2155 5708 2386 5780 procedit
2411 5709 2471 5762 dc
2495 5708 2668 5762 domo.
