4038 6328
252 255 364 314 επ
864 261 1516 323 COMMENTARIOBUM
1548 261 1618 323 IN
1644 259 2088 323 EZECHIELEM
2125 261 2258 320 LIB.
2299 255 2392 333 XI,
2433 263 2586 321 CAP.
2627 237 2918 321 XXXVIII.
3433 263 3541 323 558

250 387 406 432 tecto.
445 377 644 437 Omnis
670 381 836 454 igitur
857 383 1106 454 superbia
1151 391 1206 439 et
1249 382 1371 440 falsi
1399 384 1636 440 nominis
1663 385 1842 440 sclen--
1871 383 1923 445 Α
1951 387 2031 438 tes
2081 379 2314 435 inimicae
2343 377 2776 452 adversarimque
2801 385 3113 436 sanctorum
3140 418 3154 445 ,
3189 375 3544 450 egrediuntur

250 473 342 538 tia,
373 487 504 542 quae
543 475 706 547 erigit
740 489 800 534 se
825 487 1018 534 contra
1049 478 1296 534 notitiam
1337 480 1602 549 veritatis,
1635 478 1719 534 his
1749 493 1848 534 no~
1951 478 2021 533 ab
2063 475 2272 548 angulis
2303 485 2462 532 terra
2488 521 2501 546 ,
2551 483 2756 530 rectam
2797 473 2993 531 lineam
3040 473 3414 544 relinquentes
3445 514 3458 537 ,
3491 481 3545 527 et

245 565 498 622 minibus
522 567 950 626 demonstratur.
995 571 1100 626 Ista
1129 578 1251 627 sunt
1281 575 1442 640 tecta,
1469 572 1536 628 de
1575 570 1772 643 quibus
1797 579 1853 628 et
1951 571 2358 642 dispositionem
2403 581 2706 626 castrorum
2737 569 2834 626 Dei
2857 590 2878 637 ;
2917 585 3035 642 quae
3061 576 3318 624 narratur
3348 569 3400 622 in
3433 568 3545 623 Nu-

243 654 416 712 lsaias
447 659 690 730 loquitur
715 663 770 717 in
801 665 1012 720 visione
1035 671 1226 720 contra
1263 665 1461 720 valletn
1485 665 1614 721 Sion
1662 680 1676 723 :
1711 665 1848 734 Quid
1953 665 2139 730 meris,
2191 674 2246 720 et.
2290 663 2419 719 illud
2462 661 2827 720 testimonium
2869 664 3176 718 nescientes
3210 679 3223 716 :
3271 659 3425 717 Multi
3479 661 3546 715 de

242 748 340 804 tibi
373 748 584 806 factum
610 761 695 808 est
721 767 888 823 nunc,
927 755 1192 826 quoniam
1219 755 1541 813 ascendistls
1572 773 1762 815 omnes
1794 759 1846 814 in
1949 758 2191 827 Oriente,
2237 773 2290 815 et
2321 758 2636 824 Occidente,
2686 767 2742 814 et
2789 757 3194 827 Septentrione,
3239 765 3294 812 et
3328 755 3550 811 Meridie

241 853 392 900 tecta
424 861 568 902 vana
608 848 761 920 (lsa.
795 865 928 920 xxn,
965 853 991 906 l
1019 852 1086 922 )‘l
1109 853 1444 925 'I‘ectumque
1472 853 1850 925 interpretabi-
1949 851 2188 916 venient,
2209 863 2264 907 et
2289 849 2770 908 discumbenlcum
2794 849 3088 917 Abraham,
3109 849 3279 916 Isaac,
3305 849 3550 906 etJacob
3599 873 3603 877 -

241 955 370 994 mur
397 943 782 999 haereticorum
811 945 1084 1016 principes
1115 965 1126 999 :
1161 957 1217 1003 et
1265 947 1334 1003 de
1379 953 1524 1006 tecto
1571 963 1666 1004 eos
1692 991 1706 1015 ,
1757 949 1847 1022 qui
1920 943 2005 1001 'iu
2023 959 2192 1018 regno
2217 946 2313 1003 Dei
2341 946 2556 1019 (Matth.
2581 961 2695 1014 vm,
2731 941 2842 1019 ll).
2877 947 2941 1001 Et
2982 945 3034 1002 in
3067 945 3174 1001 alio
3205 957 3226 985 ο
3259 945 3378 1001 loco
3407 964 3421 1001 :
3456 946 3550 1001 Di-

239 1032 468 1088 illorum
497 1049 790 1106 suscepere
819 1037 1116 1094 doctrinas.
1146 1039 1213 1094 Et
1243 1039 1466 1109 pulchre
1496 1049 1617 1111 post
1654 1040 1850 1097 multas
1949 1051 2066 1092 eam
2096 1037 2373 1110 Aquiloni,
2402 1037 2573 1106 ali‘cr;
2601 1047 2657 1096 et
2683 1039 2890 1108 Africo,
2935 1039 3048 1094 noli
3077 1037 3392 1110 prohibere.
3445 1039 3552 1094 Ad-

237 1136 290 1181 et
320 1132 596 1199 mysticas
624 1131 677 1185 in
709 1129 814 1186 hoc
842 1131 1118 1188 volumine
1164 1133 1498 1204 prophetias,
1540 1143 1845 1191 extremum
1948 1131 2055 1187 duc
2079 1131 2218 1187 filios
2239 1145 2389 1189 meos
2417 1133 2484 1189 de
2515 1143 2660 1189 terra
2690 1132 3010 1205 longinqua,
3043 1143 3099 1188 et
3139 1131 3279 1190 filias
3305 1143 3455 1187 meas
3484 1130 3554 1184 ab

237 1221 564 1278 vaticinium
619 1233 706 1280 est
735 1235 922 1280 contra
955 1225 1070 1298 Gog
1116 1237 1171 1282 et
1194 1225 1402 1299 Magog.
1444 1227 1500 1285 Si
1531 1229 1676 1284 enim
1708 1233 1845 1285 tem-
1949 1237 2191 1282 extremo
2221 1233 2403 1294 terrai,
2455 1241 2646 1284 omnes
2689 1229 2780 1300 qui
2813 1227 2990 1283 vocati
3021 1237 3145 1282 sunt
3179 1225 3400 1283 nomine
3431 1239 3554 1282 meo

237 1329 337 1384 pus
384 1314 585 1386 judicii
630 1327 735 1387 est,
781 1319 936 1389 juxta
971 1320 1208 1390 Petrum,
1250 1331 1308 1376 ut
1356 1323 1577 1394 incipiat
1614 1339 1642 1377 a
1685 1321 1848 1379 domo
1949 1319 2084 1393 (lsa.
2112 1335 2262 1388 xun,
2288 1322 2365 1395 6).
2395 1321 2498 1379 Sed
2527 1337 2635 1378 non
2661 1323 2796 1379 tales
2834 1321 3016 1393 anguli
3050 1333 3234 1390 terrae,
3265 1319 3336 1377 de
3358 1319 3558 1390 quibus

238 1405 356 1474 Dei,
390 1417 450 1464 et
473 1409 635 1480 juxta
660 1412 803 1467 hunc
833 1413 1086 1469 eumdem
1110 1413 1475 1482 Ezechielem,
1506 1415 1596 1486 qui
1630 1415 1744 1470 ait:
1780 1413 1848 1470 Et
1947 1414 2304 1486 egrediuntur
2333 1415 2446 1487 Gog
2490 1427 2544 1472 et
2570 1415 2757 1487 ltlagog
2800 1433 2815 1469 :
2844 1415 2998 1487 juxta
3033 1427 3170 1484 quos
3200 1415 3426 1485 angulos
3451 1421 3560 1467 stat

237 1516 266 1555 a
303 1503 522 1558 sanctis
550 1507 688 1560 meis
724 1506 946 1577 incipite
975 1505 1174 1580 (Supra
1200 1520 1276 1576 1x,
1312 1509 1391 1582 6),
1428 1517 1482 1566 et
1522 1509 1846 1565 novissimus
1947 1511 2204 1565 meretrix
2255 1511 2308 1565 in
2362 1509 2668 1565 Proverbiis
2703 1509 2723 1582 (
2754 1505 2904 1562 Prov.
2939 1521 3068 1563 xxm
3095 1507 3140 1578 ),
3171 1521 3292 1578 quas
3325 1513 3554 1577 praeter-

240 1593 501 1650 inimicus
530 1595 843 1654 destruetur
867 1609 1016 1655 mors
1045 1600 1100 1672 (Ι
1130 1599 1274 1656 Petr.
1308 1601 1394 1674 IV)
1423 1619 1436 1655 :
1470 1602 1522 1658 in
1553 1602 1688 1658 Isaia
1721 1618 1846 1674 quo-
1946 1611 2136 1660 euntes
2166 1603 2360 1660 stultos
2408 1605 2636 1675 juvenes
2665 1619 2762 1674 per
2793 1601 3023 1672 plateas,
3081 1616 3177 1672 per
3205 1601 3370 1655 latam
3399 1597 3551 1654 vide-

236 1704 340 1760 que
373 1691 591 1759 primus
616 1702 798 1748 sermo
823 1693 883 1748 ﬂt
906 1703 1098 1753 contra
1127 1696 1397 1765 Judaeum,
1425 1697 1478 1752 in
1510 1711 1610 1768 qua
1633 1695 1843 1754 confes-
1944 1697 2071 1754 licet
2095 1706 2150 1752 et
2182 1697 2475 1767 spatiosam
2507 1697 2648 1752 viam
2681 1711 2802 1768 qua:
2830 1693 2980 1749 ducit
3009 1693 3076 1748 ad
3107 1697 3368 1758 mortem,
3401 1691 3550 1746 deci-

233 1783 314 1838 sio
347 1785 564 1839 Domini
594 1795 678 1842 est
703 1830 716 1854 ,
765 1795 822 1842 et
865 1797 1142 1844 extremus
1193 1800 1379 1844 contra
1431 1790 1836 1862 quadrupedes,
1873 1789 1920 1848 B
1945 1805 2076 1861 pere
2103 1790 2345 1847 festinat.
2375 1791 2581 1848 Scrilne
2603 1803 2823 1862 quoque
2848 1787 3176 1845 etharisagi
3208 1785 3440 1842 orantin
3463 1801 3559 1840 an-

234 1892 355 1947 quae
388 1878 446 1932 in
479 1878 704 1936 deserto
732 1889 858 1936 sunt
893 1882 911 1952 (
936 1879 1048 1936 Isa.
1080 1899 1116 1937 ιι
1142 1882 1160 1954 )
1191 1903 1203 1938 :
1235 1895 1384 1940 recte
1415 1891 1470 1940 et
1494 1883 1583 1940 hic
1616 1885 1845 1940 uovlssi-
1947 1884 2087 1954 gulis
2118 1885 2446 1956 platearum,
2479 1896 2537 1940 ut
2565 1885 2636 1940 ab
2667 1883 2984 1939 hominibus
3016 1881 3324 1947 videantur,
3353 1877 3444 1952 qui
3475 1893 3557 1932 re-

236 1986 354 2026 mus
382 1985 575 2028 sermo
604 1975 660 2029 fit
687 1985 877 2031 contra
917 1975 1034 2050 Gog
1062 1985 1118 2033 et
1149 1977 1342 2049 Magog
1366 2025 1380 2049 ,
1411 1980 1502 2050 qui
1535 1989 1849 2051 oppugnant
1949 1987 2212 2047 ceperunt
2243 1978 2546 2034 mercedem
2579 1991 2733 2034 suam
2761 1975 2977 2049 (Matth.
3009 1974 3108 2048 vt).
3137 1974 3269 2042 Quae
3290 1983 3375 2028 est
3399 1973 3561 2042 igitur

241 2064 512 2120 civitatem
545 2065 670 2132 Dei,
699 2080 858 2138 quam
886 2068 1125 2125 ﬂuminis
1152 2069 1392 2140 impetus
1415 2067 1845 2144 ItBlIIIcal(Psal.

249 2159 398 2228 xu).
443 2157 514 2214 Et
539 2176 666 2231 qua:
695 2163 750 2216 in
788 2163 924 2219 Isaia
951 2163 1088 2220 dicit
1119 2184 1130 2218 :
1177 2166 1290 2238 Ego
1338 2165 1531 2222 civitas
1562 2178 1588 2206 ει
1629 2169 1802 2239 prima
1831 2213 1846 2236 ,

254 2267 366 2324 qua:
389 2265 742 2326 oppugnatur
769 2255 904 2328 (Isa.
932 2273 1105 2324 xxvu,
1137 2259 1246 2332 10).
1281 2261 1350 2316 Et
1369 2261 1437 2318 de
1459 2277 1564 2334 qua
1590 2261 1643 2318 in
1669 2261 1852 2319 Evan—

244 2348 382 2416 gelia
410 2349 682 2420 scriptum
714 2360 799 2406 est
831 2367 844 2409 :
879 2349 994 2407 Non
1027 2363 1210 2425 potest
1233 2356 1430 2412 civitas
1463 2356 1725 2414 abscondi
1755 2371 1850 2413 su-

239 2460 335 2516 per
373 2453 628 2504 montem
682 2450 856 2520 posita
889 2449 1127 2524 (Matth.
1164 2471 1215 2523 v,
1255 2453 1319 2509 li
1345 2457 1385 2522 ).
1444 2455 1510 2511 Et
1555 2455 1768 2526 plenius
1799 2457 1850 2510 in

243 2539 455 2608 psalmo
480 2556 494 2593 :
525 2539 828 2598 Jerusalem
879 2559 998 2614 quae
1041 2543 1342 2601 aediﬁcatur
1370 2555 1428 2600 ut
1457 2548 1669 2614 civitas,
1699 2548 1854 2618 cujus

239 2633 596 2704 partieipatio
625 2637 748 2705 ejus
779 2636 832 2691 in
875 2633 1108 2708 idipsum
1140 2631 1319 2711 (Psat.
1353 2655 1498 2707 cxxt,
1528 2639 1606 2713 5).
1640 2635 1856 2698 Montes

237 2726 295 2782 in
327 2730 574 2786 circuitu
614 2731 754 2803 ejus,
797 2743 853 2788 et
885 2733 1146 2788 Dominus
1196 2734 1250 2789 in
1284 2733 1514 2790 circuitu
1559 2737 1742 2807 populi
1772 2734 1856 2792 sui

243 2823 439 2898 (Psal.
469 2841 648 2895 cxxtv,
678 2828 758 2900 l).
791 2828 962 2884 Porro
1003 2829 1147 2900 quod
1191 2829 1244 2884 in
1274 2831 1516 2887 exercitu
1541 2829 1656 2904 Gog
1681 2873 1696 2899 ,
1744 2831 1859 2886 sive

239 2918 466 2992 Hagog,
489 2923 578 2992 qui
597 2921 752 2994 juxta
777 2921 1153 2996 Septuaginta,
1175 2917 1584 2998 Symmachum,
1611 2937 1665 2983 et
1687 2927 1860 2983 Theo-

240 3011 532 3069 dotionem
556 3057 571 3080 ,
605 3015 858 3087 princeps
890 3025 972 3072 est
1002 3015 1114 3072 Ros
1142 3061 1155 3082 ,
1200 3015 1422 3075 Mosocb
1448 3064 1462 3090 ,
1505 3027 1560 3076 et
1599 3017 1806 3075 'I‘hubal
1845 3039 1856 3073 :

240 3109 482 3181 primam
535 3118 754 3180 gentem
805 3103 950 3179 Ras,
993 3107 1186 3182 Aquila
1245 3111 1638 3184 interpretatur
1681 3121 1862 3182 caput,

1950 2081 2141 2125 contra
2172 2069 2286 2139 Gog
2318 2069 2716 2126 comminatio?
2755 2068 3138 2140 Circumagam
3189 2077 3241 2122 te
3280 2066 3394 2122 sive
3434 2080 3565 2120 con-

1952 2175 2182 2233 vertam,
2219 2175 2273 2221 et
2304 2181 2500 2236 ponam
2533 2166 2747 2222 frenum
2780 2167 2832 2221 in
2864 2165 3098 2221 maxillis
3123 2165 3248 2220 tuis.
3299 2163 3562 2227 Primum,

1955 2272 1986 2310 a
2009 2258 2276 2312 sententia
2311 2268 2397 2313 tua
2428 2257 2694 2315 ﬂuctuare
2723 2271 2775 2314 te
2801 2257 2991 2313 faeiam
3015 2267 3177 2328 atque
3203 2257 3468 2312 converti.
3503 2255 3572 2310 Et

1956 2363 2154 2419 ponam
2184 2349 2400 2406 frenum
2433 2351 2486 2405 in
2519 2350 2752 2407 maxillis
2783 2348 2909 2417 tuis,
2937 2350 3005 2405 de
3033 2365 3139 2420 quo
3171 2349 3433 2420 scriptum
3451 2355 3568 2404 est:

1956 2443 2014 2499 In
2042 2459 2200 2500 camo
2226 2455 2282 2502 et
2310 2444 2467 2502 freno
2492 2445 2740 2502 maxillas
2764 2459 2954 2503 eorum
2981 2447 3318 2516 cnnstringe,
3343 2445 3432 2516 qui
3463 2459 3568 2499 non

1961 2539 2350 2609 approximant
2377 2539 2443 2595 ad
2475 2550 2527 2596 te
2556 2539 2673 2614 (Ps.
2705 2557 2854 2601 XXXI.
2885 2542 2975 2610 9);
3004 2537 3376 2595 utiudomitus
3397 2551 3570 2609 equus

1960 2641 2122 2703 atque
2137 2631 2426 2689 lasciviens
2439 2643 2492 2690 et
2505 2649 2768 2690 corruens
2783 2649 2881 2704 per
2895 2631 3191 2704 praecipitia
3203 2632 3378 2700 ,freno
3393 2630 3570 2686 Domi-

1964 2725 2018 2780 ni
2037 2725 2380 2800 subjugetur:
2403 2725 2468 2782 ad
2495 2743 2656 2799 quem
2690 2729 2948 2799 propheta
2964 2728 3126 2784 dicit:
3145 2719 3307 2800 M7
3325 2725 3572 2782 Ascende

1962 2834 2132 2890 super
2158 2835 2328 2893 equos
2351 2833 2496 2890 tuos,
2521 2831 2577 2878 et
2603 2823 2865 2894 equitatio
2891 2831 2982 2877 tua
3010 2823 3157 2879 salus
3177 2823 3359 2894 (Abac.
3388 2837 3466 2887 ιιι,
3493 2819 3573 2890 8-).

1965 2916 2034 2971 Et
2078 2913 2148 2973 ad
2177 2913 2280 2974 Job
2312 2933 2410 2988 per
2449 2918 2647 2974 nubem
2681 2925 2736 2974 et
2765 2917 3039 2975 turbinem
3069 2915 3270 2974 dicitur
3301 2934 3315 2971 :
3345 2915 3427 2971 'I‘u
3467 2917 3575 2970 cir-

1965 3007 2296 3068 cumdedisti
2322 3027 2464 3084 equo
2495 3011 2869 3069 fortitudinem
2897 3012 3040 3087 (Job.
3070 3027 3256 3078 xxxtx,
3292 3009 3385 3084 I9)
3415 3011 3439 3066 ‘?
3481 3005 3581 3066 'I‘a-

1967 3104 2048 3161 les
2097 3118 2254 3162 erant
2307 3108 2434 3179 equi
2493 3118 2549 3164 et
2591 3110 2839 3180 equites;
2898 3125 3128 3181 quorum
3179 3106 3579 3164 multitudinem

241 3220 406 3275 quem
436 3211 492 3258 et
519 3217 622 3258 nos
651 3204 822 3259 secuti
856 3219 1068 3269 sumus,
1093 3215 1152 3261 ut
1182 3205 1251 3262 sit
1280 3219 1475 3262 sensus
1508 3203 1854 3276 :Principem
1885 3189 1934 3254 (ἶ
1963 3197 2201 3254 Joannes
2232 3193 2366 3254 vidit
2386 3201 2439 3254 in
2469 3200 2609 3256 leo
2637 3200 2825 3274 (Apoc.
2861 3202 2961 3274 vt).
2996 3201 3140 3257 Dicit
3159 3215 3290 3274 ergo
3321 3199 3386 3255 ad
3418 3199 3532 3270 Gog
3564 3216 3579 3255 :

239 3295 447 3368 capitis
478 3296 725 3365 Mosocb,
754 3307 808 3353 et
828 3295 1062 3353 Thubal.
1094 3295 1162 3354 Et
1184 3315 1397 3364 revera,
1424 3315 1525 3355 nec
1550 3299 1603 3354 in
1633 3299 1857 3366 Genesi,

245 3403 348 3446 nec
379 3389 434 3444 in
470 3389 581 3444 alio
613 3391 906 3461 Scriptura:
935 3394 1053 3447 loco
1078 3438 1092 3462 ,
1127 3409 1228 3452 nec
1259 3394 1312 3449 iu
1347 3393 1587 3466 Josepho
1613 3393 1854 3466 quidem,

240 3483 334 3554 qui
366 3483 556 3538 omnia
589 3482 980 3540 Hebraicarum
1012 3484 1038 3524 ι)
1063 3489 1305 3558 gentium
1331 3487 1384 3543 in
1415 3487 1861 3562 primoAntiqui-

241 3583 422 3629 tatam
456 3574 604 3631 libro
631 3578 857 3646 exponit
890 3579 1132 3646 nomina,
1163 3577 1306 3636 banc
1336 3595 1553 3653 gentem
1587 3583 1860 3652 potuimus

239 3667 522 3724 invenire.
571 3669 644 3724 Ex
676 3685 781 3740 quo
827 3667 1171 3728 manifestum
1203 3681 1326 3741 est,
1372 3673 1478 3729 Ras
1508 3690 1613 3730 non
1659 3685 1861 3748 gentem

237 3760 602 3832 significare,
631 3761 725 3818 sed
761 3775 934 3834 caput.
987 3765 1120 3822 Illud
1150 3783 1362 3838 quoque
1408 3769 1644 3826 breviter
1691 3785 1863 3826 anno-

239 3854 501 3920 tandum,
529 3851 695 3928 446
717 3859 860 3928 quod
893 3859 946 3914 in
973 3859 1228 3917 Ezechiel
1257 3861 1391 3933 Gog,
1419 3863 1671 3934 princeps
1700 3871 1862 3921 terras

239 3948 446 4022 Magog
477 3959 602 4005 esse
629 3949 866 4007 dicatur.
904 3953 1263 4026 Apocalypsis
1291 3973 1423 4011 vero
1453 3966 1506 4012 et
1537 3955 1652 4026 Gog
1675 3967 1730 4014 et
1753 3958 1863 4013 Ma-

241 4055 354 4111 gog
376 4041 633 4098 nationes
662 4058 785 4099 esse
814 4057 1212 4103 commemoret
1244 4047 1427 4120 (Apoc.
1455 4049 1532 4119 χ),
1559 4065 1680 4120 quae
1707 4065 1860 4122 egre-

244 4133 480 4190 diuntur
525 4134 594 4191 de
639 4146 872 4206 quatuor
919 4139 1130 4210 angulis
1173 4145 1354 4196 terra).
1415 4139 1482 4196 Et
1522 4143 1796 4213 quomodo
1831 4161 1861 4198 a

243 4225 419 4282 Jacob
451 4230 542 4298 qui
571 4238 754 4298 postea
784 4229 1090 4300 appellatus
1117 4241 1200 4288 est
1217 4231 1406 4302 Israel,
1432 4233 1606 4291 omnis
1631 4235 1862 4306 populus

245 4319 612 4376 Hebraeorum
641 4322 812 4378 Israel
839 4325 1068 4380 sortitus
1096 4334 1182 4382 est
1211 4341 1408 4383 nomen
1429 4325 1638 4401 (Gener.
1666 4327 1860 4401 xxxn),

244 4424 309 4467 et
345 4414 414 4469 ab
444 4417 604 4469 Aram
637 4415 816 4488 Syria,
875 4434 905 4471 a
932 4416 1184 4473 Mesraim
1207 4418 1499 4491 Egyptus,
1531 4433 1762 4492 quorum
1807 4421 1866 4476 in

247 4506 456 4562 Genesi
477 4509 676 4580 scripta
705 4520 832 4565 sunt
857 4509 1072 4567 nomina
1102 4509 1294 4586 (Ibid.,
1328 4515 1384 4585 x)
1412 4533 1425 4570 :
1453 4515 1533 4574 sic
1565 4525 1620 4571 et
1659 4533 1688 4570 a
1715 4517 1866 4586 prin-

1965 3291 2227 3364 Educam,
2260 3293 2376 3350 sive
2420 3295 2764 3368 congregabo
2795 3307 2846 3352 te
2866 3341 2881 3366 ,
2913 3306 2968 3353 et
2999 3311 3218 3353 onmem
3253 3295 3583 3360 exercitum,

1964 3386 2051 3442 vel
2078 3385 2453 3442 fortitudinem
2485 3399 2652 3444 tuam.
2708 3387 2812 3456 Qui
2845 3389 3123 3458 educitur,
3180 3387 3329 3444 etde
3376 3387 3587 3458 disper-

1969 3477 2124 3536 sione
2151 3490 2534 3552 congregatur,
2565 3483 2859 3538 retrahitur
2885 3483 2954 3539 ad
2978 3483 3233 3552 salutem,
3263 3483 3416 3552 juxta
3447 3477 3579 3534 illud

1966 3565 2111 3646 Quod
2147 3575 2201 3630 in
2233 3575 2351 3646 lege
2377 3576 2714 3648 promittitur
2747 3595 2761 3632 :
2806 3575 2865 3634 Si
2915 3577 3086 3634 fuerit
3128 3577 3398 3647 dispersio
3445 3583 3532 3630 tua
3557 3590 3588 3630 a

1967 3669 2287 3726 summitate
2313 3669 2436 3726 cmli
2465 3687 2635 3742 usque
2660 3671 2728 3726 ad
2752 3673 3126 3728 summitatem
3150 3672 3289 3742 ejus,
3316 3671 3441 3727 inde
3465 3685 3592 3726 con-

1967 3761 2206 3832 gregabo
2236 3769 2288 3818 te
2317 3775 2334 3836 ί
2359 3761 2518 3820 Deut.
2552 3779 2682 3833 xxx,
2717 3761 2750 3822 3
2769 3764 2814 3838 ).
2865 3765 3048 3838 Equos
3081 3781 3299 3837 quoque
3326 3762 3352 3802 ἀ
3379 3765 3499 3836 ejus
3529 3771 3585 3821 et

1969 3855 2184 3926 equites
2231 3857 2459 3913 vestitos
2504 3857 2731 3926 loricis,
2785 3859 2877 3931 qui
2926 3857 3210 3914 imitantur
3260 3865 3587 3915 armaturam

1972 3947 2243 4020 Apostoli,
2277 3958 2332 4006 et
2360 3947 2558 4006 loricas
2579 3949 2807 4022 iustitia:
2835 3949 3038 4008 habere
3062 3969 3122 4008 se
3136 3951 3345 4022 jactant
3370 3949 3588 4024 (Ephes.

1974 4043 2050 4114 Vl)
2080 4061 2094 4100 :
2128 4045 2422 4102 multitudo
2455 4047 2623 4102 nimia
2645 4058 2754 4116 est,
2778 4061 3080 4120 omnesque
3100 4045 3370 4119 arripiunt
3399 4054 3588 4101 contra

1974 4139 2278 4194 Ecclesiam
2323 4139 2571 4212 clypeum
2603 4150 2658 4198 et
2683 4141 2922 4212 gladium
2949 4184 2964 4208 ,
3012 4147 3067 4196 et
3113 4149 3243 4196 sunt
3270 4147 3456 4211 gentes
3485 4155 3590 4195 stc-

1977 4229 2215 4289 vissimae
2245 4243 2300 4291 et
2329 4231 2566 4290 inimicae
2593 4233 2781 4305 Israel,
2816 4235 3022 4304 Persae,
3065 4233 3349 4306 [Ethiopes
3371 4281 3384 4304 ,
3413 4241 3469 4290 et
3505 4233 3596 4289 Li-

1975 4326 2113 4399 byes
2141 4345 2156 4382 :
2186 4344 2418 4399 quorum
2458 4329 2749 4386 adversum
2781 4330 3040 4402 populum
3075 4329 3174 4384 Dei
3201 4329 3253 4384 in
3295 4327 3597 4398 Scripturis

1977 4421 2182 4475 sanctis
2227 4420 2372 4476 bella
2420 4429 2735 4478 narrantur.
2783 4423 2985 4477 Gomcr
3028 4437 3246 4492 quoque
3301 4427 3359 4476 et
3403 4420 3599 4476 domus

1973 4509 2308 4584 Thogorma,
2359 4515 2452 4586 qui
2501 4515 2724 4571 veniunt
2763 4514 2832 4570 de
2859 4515 3123 4570 lateribus
3150 4513 3461 4588 Aquilonis,
3508 4513 3600 4584 qui

250 4601 387 4670 cipe
411 4599 524 4672 Gog
552 4617 742 4658 omnes
770 4599 866 4675 qui
889 4605 937 4660 ei
965 4604 1168 4662 subditi
1193 4617 1344 4674 sunt,
1368 4605 1555 4680 Magog
1588 4610 1868 4679 appellan-
1895 4597 1951 4658 D
1976 4615 2066 4660 est:
2091 4617 2288 4664 ventus
2315 4607 2724 4680 frigidissimus,
2777 4617 2833 4666 et
2856 4610 3079 4666 nomine
3105 4609 3306 4666 Dexter
3353 4619 3598 4677 vocatur,

254 4699 380 4746 tur.
415 4690 624 4748 Mosae]:
652 4705 832 4749 autem
865 4697 1276 4767 interpretatur,
1300 4703 1530 4755 nutantia
1555 4716 1574 4754 :
1614 4709 1670 4756 et
1709 4700 1861 4756 Tha-

247 4785 365 4856 bat,
396 4794 504 4842 tota
543 4789 632 4844 vel
660 4789 856 4845 omnia.
908 4791 1165 4866 Princeps
1208 4795 1372 4866 igitur
1401 4807 1455 4851 et
1483 4806 1642 4868 caput
1673 4811 1863 4868 super-

247 4879 459 4935 bientis
491 4881 748 4936 amentiae
772 4927 788 4952 ,
821 4889 876 4940 et
905 4885 1144 4940 omnium
1193 4887 1455 4943 malorum
1486 4929 1500 4953 ,
1530 4887 1682 4959 juxta
1730 4887 1866 4944 illud

255 4974 399 5044 quod
430 4975 694 5045 scriptmn
723 4984 811 5034 est
841 4994 854 5030 :
881 4976 1112 5034 Mundus
1153 4979 1208 5035 in
1245 4981 1486 5050 maligno
1525 4982 1732 5052 positus
1782 4991 1868 5038 est

251 5067 298 5140 (ι
330 5065 495 5122 locu.
530 5085 581 5134 v,
617 5067 727 5142 19),
749 5069 866 5142 Gog
893 5080 950 5127 et
978 5071 1166 5144 MagOg
1188 5075 1552 5145 appellantur.
1577 5075 1709 5144 Quae
1735 5091 1868 5146 geu-

332 5259 358 5336 ξι
393 5248 660 5336 Restituit
689 5249 960 5310 Victorius
988 5251 1141 5324 ﬁrma
1180 5271 1244 5311 ex
1284 5256 1474 5313 Graeco
1503 5257 1683 5336 ὀχυρὰ
1718 5257 1862 5329 quod

253 5331 346 5378 est
369 5331 598 5376 munita.

331 5392 360 5432 δ
391 5392 578 5448 Mallet
607 5391 909 5456 Bocltartus
938 5397 1218 5455 Hebraica.
1250 5401 1346 5456 Cui
1365 5416 1466 5459 nec
1488 5401 1621 5458 satis
1648 5401 1862 5458 ﬁrmum

257 5463 580 5544 Hieronymi
612 5479 987 5544 argumetttum
1037 5471 1250 5527 videtur
1292 5474 1358 5528 ad
1413 5476 1716 5544 negantium
1753 5474 1866 5532 Rea

256 5537 580 5612 gionis,’at_tt
615 5537 794 5612 populi
820 5539 966 5596 Rho:
991 5558 1186 5598 nomen
1213 5560 1353 5600 esse.
1397 5537 1562 5601 Multa
1591 5547 1736 5602 enim
1759 5550 1864 5603 alia

258 5617 391 5664 sunt
435 5609 490 5687 i_n
527 5609 822 5687 Ezechiele
865 5611 1108 5687 iecorum
1133 5619 1375 5684 asinina,
1411 5633 1533 5687 qua:
1574 5619 1701 5675 alibi
1747 5635 1872 5674 mis-

259 5695 431 5763 quam
454 5680 701 5763 invenias
725 5701 737 5736 ε
761 5679 996 5763 Cltebar,_
1017 5679 1373 5763 Gatttmaaim;
1389 5679 1668 5763 Cbelmad,
1703 5689 1870 5763 Clitio,

261 5750 489 5834 Cheton,
521 5752 770 5834 Sibraint,
805 5750 1069 5834 atque'his
1090 5758 1308 5814 similia.
1333 5761 1471 5834 Quin
1492 5750 1707 5834 proprie
1729 5750 1876 5817 ΙΜοέ

265 5828 428 5914 putat
454 5826 670 5881 Araxen
697 5821 919 5884 ﬂuvium
951 5842 1074 5888 esse
1092 5843 1114 5914 ¹ε
1147 5843 1246 5901 pro
1273 5821 1448 5902 gentis
1491 5821 1675 5892 autém
1702 5835 1876 5894 uomi-

1967 4707 2256 4771 totumque
2281 4702 2452 4758 robur
2487 4703 2700 4775 Magog,
2732 4713 2789 4760 et
2835 4719 3030 4761 omnes
3075 4707 3166 4776 qui
3211 4704 3448 4775 subjecti
3476 4711 3607 4760 sunt

1971 4793 2026 4849 ei
2061 4794 2269 4865 populi,
2305 4797 2527 4852 venient
2555 4811 2678 4853 cum
2714 4797 2813 4852 illo
2855 4797 2922 4854 ad
2954 4797 3225 4869 praelium.
3277 4799 3376 4854 Cui
3407 4797 3604 4852 dicitur

1977 4903 2075 4959 per
2105 4887 2342 4944 ironiam
2373 4907 2388 4942 :
2425 4907 2670 4961 prtepara
2703 4901 2779 4961 te,
2815 4891 3049 4959 instrue,
3081 4899 3137 4948 et
3167 4907 3388 4948 omnem
3421 4889 3610 4946 multi-'

1979 4982 2225 5038 tudinem
2261 4991 2410 5038 tuam
2452 4999 2574 5054 qua:
2606 4987 2715 5042 tuis
2759 4995 2922 5058 paret
2971 4985 3220 5058 imperiis
3247 5001 3508 5042 coacerva
3542 4983 3609 5039 ad

1983 5086 2036 5132 te
2061 5092 2076 5140 ;
2110 5082 2167 5131 et
2190 5076 2328 5156 scito
2359 5077 2506 5148 quod
2536 5089 2658 5148 post
2687 5077 2810 5137 dies
2843 5079 3049 5138 multos
3074 5079 3410 5149 visitaberis,
3455 5079 3608 5150 juxta

1980 5273 2053 5342 ne
2086 5253 2720 5342 ρῖωιθν“ΙιΧΧ-ἅρχοννιςα
2747 5261 2896 5330 Ῥῶσ,
2927 5259 3311 5342 Symmachus,
3351 5256 3604 5342 Theodo-

1983 5330 2122 5405 _tion,
2171 5343 2228 5388 et
2272 5329 2886 5405 Proeulu's'episcopus
2934 5329 3080 5402 apud
3111 5329 3418 5396 Socratem,
3473 5330 3600 5386 hist.

1981 5401 2024 5457 I.
2054 5418 2228 5484 γιιλε.
2258 5401 2692 5484 45,_accipiun't._
2783 5401 2798 5405 ’
2976 5401 2984 5402 ί
3307 5473 3369 5484 ,.,
3416 5482 3423 5484 _
3501 5474 3510 5484 .

2055 5473 2321 5602 ‘gvocem
2353 5475 2488 5543 loco,
2509 5473 2635 5546 quae
2661 5479 2880 5542 deerat,
2911 5493 2978 5533 ex
3004 5491 3138 5533 mss.
3169 5485 3294 5546 post
3307 5473 3606 5531 Victoriam

2091 5561 2322 5602 CCIIIIIIS.

1985 5559 2322 5602 SUHOCIIIIIIS.

2056 5615 2081 5655 ά
2121 5617 2392 5692 Victorius
2419 5631 2687 5688 expuncta
2717 5621 2808 5676 hic
2829 5633 2976 5677 voce
3006 5622 3148 5690 ejus,
3179 5635 3300 5692 qua:
3335 5615 3386 5672 in
3419 5617 3609 5673 Bibliis

1989 5704 2100 5746 non
2133 5690 2364 5764 habetur
2387 5736 2402 5760 ,
2450 5707 2573 5748 mox
2608 5693 2826 5764 supplet
2851 5706 3109 5764 quorum,
3161 5690 3222 5748 id.
3261 5699 3364 5760 est,
3393 5703 3613 5762 quorum

1989 5761 2296 5833 multitudo,
2321 5772 2432 5822 etc.
