4038 6328
452 249 561 308 559

1693 260 1755 319 ε.
1795 248 2065 322 EUSEBII
2102 262 2488 324 HIERONYMI

3627 281 3735 338 360

445 371 579 426 illud
601 370 740 441 quod
768 369 1029 465 scriptum
1056 380 1140 428 est
1166 372 1445 431 :Visitabo
1468 376 1520 432 in
1545 376 1695 450 virga
1728 380 2040 450 iniquitates
2066 397 2119 456 Α
2148 383 2322 439 locum
2341 394 2489 439 tuum
2518 400 2586 442 ne
2614 385 2961 459 derelinquas
2986 389 3186 463 (Eccle.
3212 408 3265 461 x,
3296 392 3376 465 4).
3403 393 3736 455 Econtrario

445 479 631 519 eorum
662 474 715 519 et
744 465 793 517 in
827 463 1145 520 verberibus
1178 476 1395 537 peccata
1416 485 1604 525 eorum
1629 471 1749 543 (Ps.
1780 489 2035 541 Lxxxvut,

443 558 559 627 55).
588 558 644 612 ltt
678 560 992 625 novissimo,
1026 561 1219 632 inquit,
1253 579 1515 619 annorum
1549 566 1753 622 venies.
1804 568 1959 624 Unde
1982 581 2038 624 et

436 651 671 707 Joannes
710 652 951 723 loquitur
985 672 996 707 :
1049 654 1229 711 Filioli
1276 658 1406 723 mei,
1444 658 1735 715 novissima
1779 660 1912 716 hora
1952 672 2038 718 est

440 746 483 815 (Ι
512 744 671 801 Joan.
702 763 762 813 tt,
795 747 908 819 18).
959 749 1026 805 Ει
1051 751 1281 821 populus
1310 754 1549 823 gentium
1591 753 1721 809 hora
1751 755 2033 813 undecima

437 839 505 894 ad
558 842 889 910 operandam
934 843 1257 900 conducitur
1284 847 1497 902 vineam
1528 847 1754 921 (Matth.
1784 866 1854 905 xx
1878 850 1917 919 ),
1965 851 2034 907 ad

436 949 666 1004 quorum
702 944 922 1003 terram,
972 938 1026 993 id
1057 948 1158 1006 est,
1194 949 1398 995 terram
1440 942 1675 1010 mitium,
1709 952 2034 1016 terramque

435 1040 768 1097 sanetorum,
812 1048 934 1103 qua:
978 1032 1133 1089 aﬂ'ert
1172 1044 1455 1104 centenos,
1504 1046 1563 1093 et
1599 1053 1925 1109 sexagenos,
1978 1047 2035 1095 et

435 1123 670 1180 tricenos
700 1125 929 1195 fructus,
960 1128 1110 1183 venit
1136 1129 1251 1201 Gog
1283 1131 1697 1202 expugnandam
1719 1174 1734 1200 ,
1784 1149 1904 1204 qua:
1941 1150 2031 1189 re-

440 1233 594 1273 versa
626 1228 730 1284 est,
759 1220 874 1277 sive
900 1237 1087 1277 aversa
1114 1238 1142 1275 a
1170 1223 1372 1293 gladio.
1403 1225 1517 1282 Scit
1539 1227 1682 1280 enim
1711 1229 1976 1298 scriptum
2011 1244 2027 1281 :

435 1311 674 1382 Dissipa,
706 1312 955 1380 Domine,
983 1325 1172 1387 gentes
1200 1334 1320 1387 quae
1340 1318 1480 1374 bella
1509 1320 1699 1373 volunt
1721 1318 1836 1390 (Ρε.
1861 1337 2026 1389 vatt,

434 1405 504 1460 5?.
528 1404 565 1477 ).
624 1405 693 1459 Et
738 1407 789 1461 in
830 1422 962 1478 pace
990 1410 1265 1475 consistit,
1292 1418 1346 1464 et
1373 1420 1697 1482 congregata
1727 1421 1811 1467 est
1839 1412 1907 1468 de
1930 1427 2029 1484 po-

434 1497 574 1568 pulis
604 1507 659 1553 et
686 1499 945 1570 gentibus
970 1501 1192 1568 multis;
1238 1512 1298 1558 ut
1341 1504 1618 1558 nationum
1663 1520 1849 1560 errore
1898 1520 2031 1560 con-

435 1601 663 1664 tempto,
696 1595 903 1651 veniret
949 1595 1016 1651 ad
1060 1607 1274 1653 montes
1298 1597 1484 1665 Israel,
1517 1598 1852 1668 patriarchas
1880 1600 2028 1655 vide~

430 1685 555 1743 licet
583 1695 637 1743 et
660 1689 969 1759 prophetas,
996 1691 1084 1761 qui
1113 1690 1333 1747 luerunt
1358 1693 1627 1763 quondam
1658 1694 1860 1750 deserti
1887 1696 2029 1766 jugi-

2141 486 2317 532 autem
2348 478 2401 532 in
2433 480 2606 534 sancti
2630 495 2727 536 cor
2755 483 3001 538 ascendit
3030 485 3193 554 Deus,
3225 486 3293 543 de
3320 504 3427 559 quo
3469 492 3732 563 scriptum

2139 581 2225 625 est
2253 590 2265 626 :
2293 572 2657 630 Ascensiones
2676 576 2729 630 in
2759 577 2923 632 corde
2946 594 3044 633 suo
3071 579 3335 651 disposuit
3362 583 3480 658 (Ps.
3507 602 3731 654 unm,

2141 662 2215 732 ti).
2242 663 2490 736 Dicitque
2518 666 2633 739 Gog
2666 685 2679 722 :
2713 669 3013 726 Ascendam
3043 672 3109 727 ad
3144 680 3343 730 terram
3386 677 3591 748 absque
3620 698 3738 736 mu-

2139 773 2221 825 ro,
2246 759 2359 813 sive
2378 761 2692 831 proiectam,
2722 763 2825 819 hoc
2848 774 2951 830 est,
2980 781 3104 836 quae
3138 767 3231 824 Dei
3256 770 3455 826 auxilio
3475 771 3733 829 destituta

2138 859 2222 905 est
2245 894 2258 917 ,
2292 868 2390 908 nec
2428 854 2838 939 dialecticorum
2868 861 3335 928 argumentatione
3367 866 3570 920 munita
3597 883 3611 932 ;
3644 882 3735 922 ve-

2138 945 2283 999 niam
2313 946 2378 1000 ad
2406 948 2779 1016 quiescentes,
2812 948 3225 1022 habitantesque
3256 969 3448 1011 secure
3469 998 3483 1022 ,
3532 959 3645 1014 sive
3679 958 3732 1013 in

2140 1054 2288 1105 pace.
2340 1039 2455 1095 Rex
2487 1044 2630 1097 enim
2663 1052 2848 1099 noster
2878 1045 3132 1113 paciﬁcus
3163 1058 3247 1103 est
3270 1091 3283 1114 ,
3314 1063 3367 1106 et
3399 1051 3452 1105 in
3483 1067 3615 1122 pace
3646 1054 3735 1108 lo.

2136 1146 2232 1185 cus
2259 1130 2379 1201 ejus
2399 1132 2574 1205 (Psal.
2605 1135 2787 1208 Lxxv).
2822 1136 3022 1193 Omnes
3044 1181 3059 1200 .
3091 1141 3303 1212 inquit,
3345 1142 3590 1200 habitant
3614 1148 3732 1204 sine

2137 1238 2296 1279 muro
2318 1266 2335 1291 ,
2368 1234 2550 1281 vectes
2576 1240 2631 1282 et
2660 1237 2829 1298 portae
2861 1247 2969 1285 non
3021 1243 3145 1287 sunt
3175 1232 3274 1289 eis.
3325 1235 3439 1291 lloc
3485 1237 3730 1294 diabolus

2137 1319 2382 1389 princeps
2408 1319 2785 1377 luereticorum
2818 1325 3091 1395 loquitur,
3145 1328 3291 1395 quod
3343 1330 3491 1385 nulla
3537 1332 3733 1389 habeat

2134 1413 2464 1468 munimenta
2517 1414 2796 1479 Ecclesia;
2855 1432 2957 1473 nec
3008 1419 3332 1489 sapientiam
3391 1424 3731 1490 saecularem,

2132 1518 2252 1572 quae
2297 1504 2439 1574 apud
2484 1504 2654 1560 Deum
2686 1507 2915 1563 stultitia
2946 1519 3047 1580 est,
3099 1521 3157 1566 ut
3195 1512 3416 1584 diripiat
3441 1518 3633 1588 Spolia,
3676 1530 3735 1574 et

2134 1598 2352 1653 invadat
2379 1600 2612 1669 praedam
2648 1602 2939 1669 Ecclesiae,
2984 1616 3038 1658 et
3084 1605 3282 1663 inferat
3318 1625 3534 1665 manum
3575 1627 3731 1668 suam

2132 1709 2296 1763 super
2326 1710 2421 1749 eos
2450 1696 2542 1766 qui
2571 1696 2772 1751 deserti
2827 1697 3042 1753 fuerant
3062 1740 3077 1764 ,
3112 1701 3328 1771 quando
3360 1703 3457 1760 Dei
3486 1706 3729 1762 notitiam

435 1787 516 1834 ter
541 1779 660 1835 sine
698 1782 816 1852 lege
845 1793 900 1838 et
949 1784 1234 1854 praeceptis
1268 1785 1364 1840 Dei
1394 1804 1407 1838 :
1449 1786 1535 1841 cui
1565 1795 1751 1856 postea
1781 1788 1978 1844 dicitur
2011 1806 2025 1842 :
2060 1811 2107 1871 Β
2135 1801 2240 1840 non
2273 1786 2583 1843 habebant:
2612 1799 2666 1844 et
2709 1799 2893 1860 postea
2928 1794 3163 1849 restituti
3192 1812 3289 1863 per
3309 1796 3605 1865 Christum,
3643 1818 3736 1857 ve-

430 1872 618 1931 Plures
650 1874 745 1929 lilii
774 1875 1003 1932 deserta:
1032 1878 1203 1949 magis
1249 1895 1413 1949 quam
1444 1880 1561 1950 ejus
1591 1896 1710 1951 qua:
1742 1883 1905 1938 habet
1946 1885 2025 1936 vi-

423 1980 543 2019 rum
577 1964 722 2037 (Isa.
754 1982 867 2036 LIV,
897 1968 924 2024 1
957 1968 1001 2038 ).
1028 1969 1134 2024 Ista
1169 1979 1295 2025 sunt
1324 1971 1538 2027 deserta
1566 1985 1622 2028 et
1650 1975 1936 2044 iuaquosa,
1972 1979 2026 2030 in

420 2059 620 2131 quibus
651 2060 900 2116 diabolus
946 2063 1122 2117 locum
1164 2062 1330 2136 448
1371 2066 1619 2122 invenire
1651 2084 1757 2122 non
1791 2076 2024 2137 poterat,

423 2156 549 2223 quia
596 2156 772 2212 vocati
823 2156 1043 2212 fuerant
1069 2156 1136 2212 ad
1166 2159 1443 2228 salutem,
1476 2169 1531 2215 et
1560 2171 1743 2231 postea
1775 2176 2025 2232 assump-

427 2251 493 2305 tis
528 2251 649 2306 aliis
675 2261 883 2323 septem
911 2253 1250 2309 dmrnonibus
1279 2255 1630 2324 nequioribus
1659 2271 1739 2323 se,
1776 2272 2027 2312 reversus

425 2352 509 2399 est
538 2343 592 2400 in
624 2344 843 2402 domum
872 2361 1026 2401 suam
1056 2345 1274 2419 (Matth.
1308 2347 1406 2420 χι),
1438 2349 1505 2404 ad
1536 2360 1751 2421 gentem
1772 2351 2026 2407 videlicet

426 2436 617 2493 Israel.
654 2439 802 2505 lltec,
836 2438 1030 2510 inquit,
1060 2439 1129 2495 de
1162 2441 1377 2510 populis
1406 2441 1601 2497 educta
1642 2452 1746 2509 est,
1771 2443 2026 2499 subaudi-

425 2540 512 2586 tur
542 2544 683 2587 terra
711 2550 728 2599 ;
758 2534 872 2588 sive
903 2532 991 2587 hic
1019 2532 1088 2588 de
1118 2534 1371 2603 gentibus
1397 2533 1625 2590 eductus
1648 2546 1752 2601 est,
1779 2544 1836 2589 ut
1867 2536 2026 2591 intel-

424 2624 623 2695 ligatur
653 2625 989 2681 credentium
1030 2625 1263 2696 populus
1292 2628 1378 2695 qui
1406 2627 1666 2682 habitavit
1694 2628 1750 2682 in
1785 2643 1933 2697 pace,
1969 2637 2026 2683 et

419 2720 645 2776 conﬁdit
676 2722 728 2776 in
755 2722 1008 2776 Domino.
1043 2720 1359 2777 Ascendens
1389 2729 1569 2778 autem
1598 2721 1713 2792 Gog
1735 2738 1855 2777 cum
1874 2722 2024 2777 omni

420 2814 662 2870 exercitu
692 2828 813 2879 suo,
836 2813 992 2885 quasi
1023 2821 1317 2884 tempestas
1336 2814 1538 2879 veniet,
1569 2821 1623 2867 et
1647 2814 1801 2883 quasi
1825 2814 2015 2879 nubes,

418 2917 480 2962 ut
508 2908 721 2977 operiat
749 2915 955 2962 terram
983 2906 1348 2963 credentium.
1388 2907 1520 2974 Quis
1560 2907 1705 2962 enim
1735 2906 2019 2963 haeretico-

421 3019 565 3067 rum,
608 3018 838 3073 quorum
869 3004 1123 3074 princeps
1152 3002 1400 3056 diabolus
1428 3011 1532 3068 est,
1567 3018 1675 3056 non
1703 3002 1859 3073 quasi
1883 3010 2020 3057 tem-

421 3106 601 3167 pestas
646 3097 793 3152 venit
830 3104 1019 3152 eontra
1053 3096 1349 3152 Ecclesium
1376 3136 1392 3163 ,
1442 3106 1497 3151 et
1537 3095 1679 3151 nube
1726 3096 2015 3151 verborum

2138 1877 2287 1932 niant
2332 1878 2399 1933 ad
2444 1880 2684 1945 Patrem,
2715 1883 2798 1936 cui
2831 1883 3069 1954 loquitur
3114 1888 3166 1941 in
3215 1887 3510 1961 Evangelio
3562 1910 3577 1947 :
3629 1893 3733 1947 Pa-

2138 1982 2241 2035 ter,
2269 1971 2505 2027 revelavi
2528 1988 2723 2029 nomen
2755 1985 2904 2030 tuum
2934 1976 3240 2034 hominibus
3268 1980 3460 2051 (Ioan.
3492 2000 3621 2051 xvn,
3648 1986 3728 2055 6).

2132 2061 2303 2136 449
2334 2066 2397 2118 Ει
2444 2075 2502 2119 ut
2539 2066 2777 2122 sciamus
2808 2070 3069 2139 populum
3103 2072 3194 2142 qui
3235 2073 3490 2130 desertus
3523 2076 3725 2142 fuerat,

2144 2167 2197 2211 et
2235 2166 2424 2227 postea
2456 2160 2765 2226 restitutus,
2810 2160 3119 2231 signiﬁcare
3174 2167 3435 2235 populum
3462 2167 3730 2226 Christia-

2134 2266 2286 2315 num,
2322 2254 2573 2323 sequitur
2608 2273 2619 2306 :
2657 2255 2719 2308 Et
2753 2271 2920 2324 super
2948 2258 3207 2327 p0pulum
3239 2259 3334 2329 qui
3378 2272 3462 2317 est
3490 2278 3727 2334 congre-

2136 2355 2295 2414 gatus
2323 2362 2389 2400 ex
2420 2347 2683 2417 gentibus
2711 2348 2830 2420 (Ps.
2858 2366 3053 2417 Lxxnt,
3080 2353 3196 2425 li).
3217 2354 3317 2422 Qui
3346 2357 3578 2425 populus
3602 2374 3727 2428 pos-

2130 2436 2312 2494 sidere
2353 2443 2517 2510 coepit
2551 2441 2925 2499 luereditatem
2955 2445 3185 2514 Christi,
3220 2458 3276 2503 et
3302 2464 3424 2506 esse
3451 2450 3725 2509 habitator

2131 2531 2373 2586 umbilici
2408 2543 2592 2600 terrae,
2622 2534 2689 2590 de
2719 2552 2822 2603 qua
2864 2538 3127 2607 scriptum
3158 2552 3248 2596 est
3285 2560 3298 2595 :
3343 2542 3613 2614 Operatus
3642 2559 3730 2602 est

2130 2625 2363 2681 salutem
2407 2627 2458 2681 in
2489 2628 2672 2684 medio
2703 2640 2889 2686 terrae.
2926 2632 3139 2690 Veritas
3162 2636 3310 2692 enim
3334 2638 3403 2693 de
3429 2648 3575 2695 terra
3605 2653 3725 2697 orta

2130 2731 2213 2774 est
2243 2719 2408 2791 (Ibid.
2438 2738 2655 2787 Lxxnv.
2692 2725 2785 2795 l);
2816 2743 2935 2796 quce
2961 2728 3100 2784 dicit
3149 2731 3203 2785 in
3236 2732 3534 2803 Evangelia
3561 2754 3574 2788 :
3608 2737 3723 2807 Ego

2129 2830 2248 2868 sum
2298 2817 2383 2870 via
2417 2825 2473 2871 et
2504 2817 2634 2884 vita,
2668 2828 2723 2875 et
2753 2822 2952 2876 veritas
2981 2822 3164 2895 (Jeau.
3208 2842 3323 2891 xw,
3354 2827 3434 2900 6).
3466 2828 3590 2887 Haec
3624 2832 3721 2886 illo

2128 2909 2431 2979 cogitante,
2463 2920 2626 2982 atque
2665 2912 2908 2984 dicente,
2942 2927 2998 2971 et
3028 2922 3434 2988 possessionem
3460 2924 3722 2981 Ecclesiae

2127 3015 2320 3070 rapere
2380 3002 2698 3071 festinante,
2734 3016 2925 3074 gentes
2978 3024 3098 3079 qua:
3137 3011 3205 3066 ab
3252 3028 3443 3070 errore
3489 3016 3721 3085 pristino

2126 3107 2406 3149 conversa:
2435 3094 2651 3150 fuerant
2675 3098 2743 3150 ad
2767 3099 3027 3165 salutem,
3053 3102 3195 3158 Saba
3225 3113 3281 3159 et
3303 3106 3513 3173 Dedan,
3538 3122 3592 3164 et
3617 3125 3719 3165 ne-

423 3205 664 3255 suorum,
695 3189 970 3259 simplices
1006 3204 1250 3261 quosque
1271 3187 1606 3245 credentium
1633 3190 1941 3259 opprimere
1963 3196 2018 3243 et
2049 3214 2094 3277 ρ
2129 3188 2431 3254 gotiatores
2467 3187 2718 3257 Tharsis,
2752 3190 3125 3263 Carthaginis,
3160 3195 3279 3251 sive
3317 3201 3487 3254 maris
3507 3201 3597 3270 qui
3633 3201 3719 3256 in-

418 3282 631 3355 operire
662 3282 920 3339 festinat?
950 3282 1105 3339 Unde
1135 3282 1334 3337 dicitur
1372 3282 1439 3338 ad
1462 3298 1585 3338 eum
1622 3300 1633 3335 :
1663 3282 1934 3349 Quantum
1963 3281 2017 3337 in

420 3388 471 3436 te
499 3389 603 3447 est,
631 3389 822 3435 cuncta
847 3378 1063 3449 operies
1095 3386 1151 3431 tu
1174 3386 1229 3432 et
1255 3376 1436 3431 omnia
1468 3376 1682 3447 agmina
1712 3385 1823 3441 tua,
1846 3383 1902 3431 et
1924 3389 2019 3445 po-

423 3471 533 3541 puli
567 3471 722 3526 multi
775 3481 972 3525 tecum.
1020 3468 1359 3539 Pulchraque
1407 3467 1709 3523 ascendens
1756 3466 1870 3538 Gog
1909 3483 2016 3522 non

418 3561 579 3619 habet
611 3564 845 3633 pluviam
878 3562 1240 3618 voluntariam
1266 3603 1280 3628 ,
1326 3578 1434 3616 non
1484 3562 1711 3617 imbrem
1743 3570 2016 3631 tempora-

421 3674 579 3715 neum
623 3666 677 3713 et
703 3660 1025 3725 serotinum,
1076 3659 1169 3729 qui
1216 3660 1423 3714 arentia
1455 3673 1583 3713 arva
1614 3657 1872 3725 laatilicet,
1917 3657 2013 3713 sed

419 3761 794 3824 tempestatem
824 3762 880 3809 et
908 3754 1215 3825 caliginem,
1259 3762 1319 3807 ut
1344 3761 1536 3809 cuncta
1587 3752 1821 3808 tenebris
1850 3763 1904 3806 et
1929 3768 2015 3807 er—

419 3864 544 3904 rore
572 3848 891 3904 confundat.
924 3848 1227 3919 Propterea
1258 3846 1374 3902 htec
1411 3847 1460 3901 ei
1493 3845 1729 3916 loquitur
1760 3845 2021 3900 Dominus

419 3943 592 3999 Deus:
620 3941 679 3997 In
718 3942 814 3999 illo
844 3952 1113 4013 tempore,
1142 3941 1247 3997 hoc
1265 3950 1368 4003 est,
1395 3942 1446 3994 itt
1476 3939 1668 3994 diebus
1685 3938 2018 4006 novissimis,

416 4036 714 4093 aseendent
764 4051 1046 4094 sermones
1092 4050 1256 4106 super
1303 4050 1399 4090 cor
1448 4042 1621 4101 tuum,
1671 4042 1727 4089 et
1754 4032 2020 4104 cogitabis

410 4131 798 4201 cogitationem
832 4130 1150 4200 pessimam,
1175 4128 1451 4198 Scriptura
1483 4127 1697 4183 dicente
1726 4144 1739 4180 :
1770 4125 1826 4183 Si
1857 4127 2018 4195 spiri-

408 4236 497 4282 tus
527 4233 851 4297 potestatem
882 4223 1133 4279 habentis
1155 4222 1451 4279 ascendere
1481 4222 1717 4278 voluerit
1744 4238 1907 4292 super
1934 4230 2009 4290 te,

478 4377 503 4405 ⁸
529 4366 684 4423 Hunc
732 4365 910 4421 locum
964 4365 1223 4420 Erasmus
1254 4363 1354 4420 hac
1380 4363 1694 4433 conjectura
1744 4364 1996 4432 sequenti

2130 3285 2213 3332 ter
2236 3280 2424 3334 saeculi
2443 3280 2599 3350 hujus
2622 3280 2821 3337 ﬂuctus
2838 3283 2999 3340 bonis
3018 3288 3279 3357 operibus
3293 3301 3548 3360 quaerunt
3572 3311 3722 3350 tner«

2127 3369 2388 3441 citnonia,
2441 3384 2495 3427 et
2547 3390 2739 3429 omnes
2780 3376 2924 3431 villa:
2971 3394 3179 3446 earum,
3230 3384 3345 3438 sive
3376 3384 3590 3453 leones,
3623 3399 3723 3443 aut

2127 3461 2293 3515 catuli
2322 3465 2536 3518 leonum
2574 3476 2628 3520 ut
2667 3467 2721 3521 in
2759 3466 3029 3525 llebraico
3057 3471 3391 3542 continetur,
3426 3477 3722 3548 loquentur

2124 3557 2174 3613 ei
2206 3576 2329 3630 quae
2352 3572 2669 3631 sequuntur.
2696 3562 2763 3619 Ut
2788 3573 2968 3619 autem
2994 3581 3095 3635 pro
3118 3569 3316 3624 catulis
3348 3571 3592 3641 leonum,
3625 3575 3718 3642 qui

2122 3658 2387 3713 llebraice
2400 3657 2655 3713 dicuntur
2667 3674 2859 3714 carum
2874 3659 3069 3732 (1’53),
3098 3662 3454 3736 Septuaginta
3470 3676 3525 3723 et
3538 3668 3720 3726 Theo-

2126 3750 2280 3807 dotio
2326 3763 2589 3821 ponerent
2631 3753 2810 3822 villas,
2834 3770 2993 3809 error
3021 3757 3342 3828 perspicuus
3362 3771 3466 3815 est.
3495 3761 3548 3817 Si
3570 3764 3716 3819 enim

2126 3860 2221 3913 per
2254 3843 2337 3897 chi
2369 3844 2615 3900 litteram
2649 3847 2883 3914 scribas,
2911 3849 3220 3918 appellatur
3244 3852 3455 3908 catulus
3488 3853 3665 3909 leonis
3699 3874 3712 3907 :

2121 3939 2203 3994 sin
2227 3950 2405 3996 autem
2440 3957 2540 4009 per
2570 3958 2649 4007 ce,
2682 3958 2804 4011 qua:
2851 3941 3120 3998 llebraice
3157 3944 3358 4001 dicitur
3394 3962 3549 4015 corn,
3585 3964 3717 4019 ager

2127 4035 2438 4103 appellatur
2465 4044 2519 4090 et
2543 4035 2696 4089 villa.
2726 4034 2885 4090 Unde
2913 4044 2967 4091 et
2993 4033 3397 4105 Capharnaum,
3428 4055 3559 4110 ager
3590 4043 3715 4111 pul-

2123 4127 2429 4182 cherrimus
2460 4127 2676 4184 dicitur.
2710 4128 2902 4184 Dicent
2950 4143 3081 4200 ergo
3132 4130 3270 4185 Saba
3316 4140 3372 4186 et
3402 4132 3605 4199 Dedan,
3658 4144 3715 4189 et

2123 4222 2487 4293 negotiatores
2518 4220 2765 4289 Tharsis,
2812 4231 2866 4277 et
2912 4238 3105 4278 omnes
3134 4224 3336 4291 sancti,
3371 4226 3460 4295 qui
3493 4226 3710 4283 leonum

2106 4379 2209 4418 una
2258 4371 2364 4428 est,
2394 4361 2667 4418 causanda
2699 4361 2989 4417 videbatur
3022 4381 3033 4417 :
3067 4362 3212 4419 unde
3258 4363 3520 4420 Erasmus
3542 4366 3603 4419 ad
3635 4365 3699 4418 li-

408 4440 723 4495 tnutandum
758 4438 927 4493 voluit
973 4455 985 4489 :
1018 4435 1300 4498 Forsitan.
1337 4438 1532 4504 inquit,
1567 4436 1852 4506 legendum
1893 4448 2003 4491 est:
2036 4434 2086 4493 D
2114 4436 2193 4490 hri
2217 4434 2535 4505 marginem,
2568 4434 3028 4504 quemadmodum
3062 4446 3209 4489 esset
3231 4438 3698 4491 emendandnslo-

406 4513 469 4567 Si
498 4512 633 4565 enim
661 4518 796 4572 '17:):
846 4522 986 4580 per:
1023 4509 1246 4580 litteram
1291 4509 1343 4561 in
1378 4509 1545 4580 prima
1575 4518 1622 4560 et
1660 4516 1678 4551 ν
1720 4509 1769 4560 in
1821 4508 2006 4562 ultima

405 4582 605 4665 syllaba
643 4578 857 4644 scribas,
901 4578 1197 4665 appellatur
1244 4578 1677 4665 catulusulemtis.
1708 4580 1803 4635 Sin
1836 4591 2004 4665 autem

405 4650 581 4717 εἶπεν,
625 4662 757 4717 Ἣ),
795 4667 916 4720 ager
962 4651 1257 4721 appellatur
1307 4661 1354 4706 et
1403 4651 1547 4705 villa.
1589 4650 1764 4719 Quam
1816 4661 2002 4706 notam

403 4725 764 4792 marginalem
816 4726 1029 4779 Erasmi
1059 4725 1109 4777 in
1143 4725 1316 4790 ipsum
1347 4723 1663 4792 Hieronymi
1689 4732 2002 4779 contextum

403 4797 677 4853 Marianus
707 4811 999 4866 perperam
1038 4794 1289 4851 derivare
1319 4811 1487 4850 ausus
1510 4805 1613 4859 est,
1649 4806 1705 4848 ut
1734 4797 1811 4851 sic
1833 4798 2002 4850 lector

399 4870 631 4940 simplex
667 4867 862 4921 illusus
918 4873 1090 4940 putet,
1122 4866 1510 4940 Hieronymum
1548 4867 1835 4937 scripsisse
1858 4867 2001 4937 quod

398 4938 521 5011 post
548 4956 672 4997 eum
706 4947 852 4994 tanta
888 4938 1217 4993 saeculorum
1248 4938 1662 5011 intercapedine
1717 4941 1996 5005 Erasmus,

400 5010 489 5068 vel
521 5014 643 5081 quis
669 5011 811 5067 alius
838 5026 938 5080 pro
965 5024 1056 5075 eo,
1086 5010 1435 5081 excogitavit.
1488 5011 1655 5065 Error
1698 5012 1880 5079 itaque
1904 5012 2003 5064 ho-

400 5100 520 5139 rum
550 5084 821 5141 editorum
849 5083 1173 5153 perSpieuus
1216 5091 1318 5143 est.
1346 5083 1445 5153 (qui
1469 5099 1574 5136 non
1606 5083 2001 5137 intellexerunt

398 5172 597 5212 nomen
618 5152 872 5227 Cltaphir,
897 5154 1162 5223 scriptum
1187 5169 1282 5224 per
1304 5152 1407 5218 chi,
1432 5155 1739 5227 signiﬁcare
1768 5153 1999 5227 catulum

396 5228 600 5291 leonis;
634 5225 899 5295 scriptum
953 5237 1137 5279 autem
1177 5240 1277 5297 per
1305 5242 1350 5285 c,
1409 5226 1615 5297 cap/ti_r,
1650 5226 1732 5279 vel
1784 5225 1994 5297 διιρὴεν,

393 5300 700 5371 signiﬁcare
727 5314 934 5371 agrum,
980 5305 1076 5350 aut
1113 5294 1404 5371 t'iHam,_ut
1446 5295 1813 5371 Capharnaun}
1848 5294 2001 5371 '_scri-

394 5366 543 5441 ptum
588 5387 686 5442 per
714 5366 781 5425 KV
814 5369 1109 5442 Gnaeum;
1140 5369 1285 5438 quod
1309 5366 1559 5442 Crrecum
1594 5367 1661 5433 K,
1688 5366 1810 5442 etC
1848 5367 1999 5421 Lati-

395 5438 522 5499 itum
550 5438 876 5514 aiquivalent
906 5442 1039 5514 capit
1074 5440 1280 5514 litterae
1309 5438 1894 5514 llehrzeor‘utn._l_tlttur.
1926 5470 1995 5478 —-

393 5514 585 5570 Sciunt
618 5509 1049 5580 vero,Hebraice
1092 5512 1273 5580 periti,
1294 5525 1391 5578 per
1419 5509 1668 5563 eamdem
1702 5510 1935 5564 litteram
1963 5524 1993 5568 δ

388 5586 580 5655 chaph,
614 5587 732 5643 sive
775 5602 829 5639 cc
859 5583 1137 5647 Latinum,
1166 5598 1367 5655 nomen
1402 5588 1695 5655 utrumque
1718 5580 1988 5655 incipere,

388 5652 667 5714 nec'aliud
712 5671 834 5713 esse
875 5655 1019 5709 inter
1049 5669 1112 5710 ea
1146 5653 1469 5720 discrimen,
1506 5654 1607 5706 nisi
1639 5652 1745 5717 iod,
1780 5668 1899 5723 quae
1933 5654 1987 5708 in

386 5728 646 5798 Chapltir,
667 5730 721 5783 id
737 5738 813 5785 est
840 5726 1097 5794 leonculo,
1125 5735 1308 5793 sonat,
1333 5741 1442 5779 non
1466 5733 1755 5798 estautem
1780 5726 1831 5779 in
1854 5724 1989 5780 Cha-

384 5796 541 5870 pltar,
587 5801 639 5857 id
665 5809 752 5857 est
773 5798 917 5854 villa.
940 5800 1116 5868 Atque
1144 5798 1261 5855 haec
1290 5797 1506 5869 quidem
1533 5796 1839 5864 diversitas,
1865 5812 1986 5869 qua:

2113 4522 2233 4570 cus,
2264 4506 2518 4580 ascripsit
2542 4524 2554 4559 :
2583 4506 2808 4580 Sienim
2837 4514 2973 4580 vita:
2994 4524 3085 4577 per
3117 4518 3150 4566 3
3171 4506 3402 4580 litteram
3427 4510 3479 4562 in
3509 4513 3699 4580 prima,

2113 4589 2159 4631 et
2210 4580 2260 4632 in
2284 4579 2467 4631 ultima
2513 4577 2715 4647 syllaba
2750 4577 2966 4647 scribas,
3006 4577 3300 4650 appellatur
3353 4577 3558 4634 catulus
3592 4582 3699 4633 lm-

2110 4653 2208 4704 m's.
2246 4650 2343 4705 Sin
2378 4661 2553 4703 autem
2583 4650 2693 4703 sine
2736 4657 2777 4723 9,
2812 4657 2943 4715 ’πελ
2972 4667 3109 4723 ,σθω-
3140 4650 3435 4721 appellatur
3463 4662 3511 4705 et
3553 4652 3701 4706 rilla.

2108 4726 2282 4787 Quam
2335 4723 2622 4777 lectionem
2667 4721 2867 4777 nedum
2899 4721 3111 4777 calculo
3138 4738 3241 4776 suo
3273 4723 3545 4778 Victorius
3579 4740 3710 4793 pro—

2107 4794 2273 4857 bavit,
2300 4794 2391 4848 sed
2425 4803 2477 4848 et
2506 4794 2675 4865 textui
2702 4794 2953 4861 inseruit,
2977 4795 3178 4863 reiecta
3203 4804 3387 4848 vetere
3412 4798 3704 4865 impressa.

2111 4866 2308 4921 Verum
2341 4865 2522 4920 obstat
2552 4864 2801 4937 codicum
2860 4881 2993 4919 mss.
3050 4866 3204 4931 lides,
3249 4864 3705 4937 quorum’ingens

2104 4939 2259 5007 copia
2283 4938 2348 4991 ad
2385 4939 2526 4990 hunc
2564 4936 2743 4991 locum
2780 4947 2864 4990 est
2894 4940 2946 4990 in
2970 4938 3260 4991 consilium
3295 4936 3706 5001 adltibita,’mi-

2105 5026 2303 5081 rusque
2327 5011 2585 5081 omnium
2602 5019 2851 5081 repertus
2883 5010 2947 5081 in
2970 5008 3071 5062 hac
3095 5008 3328 5064 lectione
3352 5024 3661 5066 c0nsensus
3690 5027 3700 5038 -

2104 5079 2260 5151 qnam
2303 5079 2530 5149 proinde
2573 5079 2906 5135 Martianeus
2931 5080 3057 5150 jure
3083 5082 3303 5135 censuit
3326 5083 3702 5137 retinendam.

2102 5154 2209 5208 Nec
2233 5154 2463 5219 inliciar,
2489 5166 2678 5207 vocem
2722 5151 2869 5206 illam
2903 5168 3000 5218 per
3030 5153 3163 5221 capit
3188 5168 3477 5223 numquam
3508 5156 3698 5217 scribi,

2103 5224 2342 5296 nihilque
2395 5223 2510 5279 fere
2538 5239 2660 5278 esse
2712 5224 2765 5277 in
2807 5222 3073 5278 Hebraica
3126 5222 3475 5293 lingua.’lioc
3503 5226 3703 5296 opinor

2099 5294 2203 5350 sibi
2233 5297 2475 5350 voluisse
2521 5297 2935 5366 Hieronymum,
2965 5310 3073 5348 non
3119 5296 3422 5350 litterarum
3465 5294 3703 5352 diversi-

2102 5377 2291 5431 tatem,
2320 5366 2417 5422 sed
2444 5370 2588 5433 soni,
2612 5366 2729 5421 sive
2764 5366 3233 5439 pronuntiationis
3266 5380 3549 5429 annotare,
3574 5384 3701 5439 quae

2100 5449 2208 5492 tum
2234 5441 2501 5508 temporis
2534 5454 2654 5493 esse
2675 5438 2855 5507 aliqua
2888 5439 3081 5505 potuit,
3113 5449 3167 5491 nt
3191 5438 3427 5494 alterum
3462 5438 3690 5507 nomen,

2098 5511 2312 5565 tametsi
2352 5526 2447 5580 per
2477 5511 2619 5566 idem
2660 5523 2690 5569 :l
2738 5511 3023 5578 scriptum,
3054 5508 3343 5565 ellerretur
3382 5528 3480 5582 per
3504 5510 3570 5575 K,
3608 5517 3692 5566 vel

2096 5598 2149 5633 re
2177 5582 2451 5658 Latinum,
2486 5593 2563 5658 _ut
2593 5581 2695 5637 hoc
2736 5582 2908 5651 ipsum
2959 5589 3043 5658 est
3068 5585 3417 5658 nampvaobv,
3449 5584 3685 5658 alterum

2097 5664 2273 5779 νεῖμε,
2307 5654 2422 5710 sive
2448 5654 2552 5721 chi,
2589 5664 2645 5709 ut
2670 5661 2755 5709 est
2779 5654 3063 5729 Χερουϐὶμ,
3085 5654 3284 5710 Χανάάν
3313 5665 3475 5726 atque
3498 5654 3581 5708 his
3607 5656 3686 5710 si-

2097 5741 2165 5779 mt
2193 5740 2260 5779 ta.
2695 5741 2698 5744 ’

2096 5740 2260 5780 muta.
2695 5741 2698 5744 ’
