4038 6328
316 206 415 265 361

922 208 1577 272 COMMENTARIORUM
1614 215 1681 275 IN
1725 210 2164 274 EZECIIIELEM
2208 214 2338 277 LIB.
2370 215 2464 273 XI.
2507 217 2663 275 CAP.
2708 218 2999 278 XXXVIII.

3510 226 3617 283 369.

312 324 481 380 catuli
514 335 925 400 nuneupantur,
950 332 1041 389 vel
1070 341 1220 389 certe
1256 334 1404 390 villae
1436 334 1908 406 habitationesque
1936 337 1986 397 A
2014 332 2105 411 qui
2133 331 2262 389 sunt
2282 350 2448 404 super
2479 335 2674 392 faciem
2700 346 2886 394 terrae.
2916 336 3073 405 Quod
3101 336 3392 394 manifeste
3419 338 3487 394 de
3518 340 3614 394 ha-

312 420 694 478 credentium:
720 423 939 497 OGng,
966 429 1226 501 numquid
1262 430 1467 487 idcirco
1505 434 1659 489 venis
1703 442 1761 489 ut
1784 449 1911 504 spo-

308 511 379 568 lia
424 517 611 588 rapias
640 519 930 593 Ecclesiae,
976 534 1034 580 et
1065 524 1187 581 ideo
1229 526 1636 583 multitudinem
1678 543 1910 599 congre-

308 611 479 682 gasti,
513 626 575 668 ut
596 613 804 673 Christi
842 620 1125 690 possessio
1161 631 1251 675 tua
1296 620 1392 676 ﬁat
1436 621 1768 677 litereditas?
1800 621 1909 676 Aut

306 712 465 774 putas
489 716 542 761 te
563 719 850 779 argentum
871 722 926 768 et
947 728 1161 781 aurum,
1190 712 1413 784 quodin
1456 715 1673 785 eloquio
1717 730 1910 771 sensu-

303 816 413 871 que
442 800 794 875 intelligitur,
843 806 1105 863 Ecclesize
1142 822 1556 879 possessurum,
1596 818 1654 864 ut
1693 809 1909 864 auferas

304 898 713 969 supellectilem
736 917 1079 974 ,omnemque
1132 903 1525 970 substantiam,
1575 911 1632 958 et
1682 902 1909 972 diripias

302 994 599 1050 manubias
640 994 905 1064 inﬁnitas,
956 997 1162 1053 Christi
1212 998 1464 1053 victoriis
1508 998 1907 1068 congregatas?

302 1084 631 1157 Propterea,
654 1103 688 1143 ο
716 1089 995 1161 Propheta
1027 1089 1304 1156 Ezechiel,
1331 1089 1426 1162 qui
1457 1090 1509 1145 in
1540 1098 1670 1161 typo
1696 1087 1905 1145 Christi

300 1179 612 1249 appellaris
646 1180 792 1236 filius
822 1180 1085 1248 hominis,
1114 1182 1338 1252 loquere
1363 1181 1430 1236 ad
1453 1180 1591 1251 Gog,
1628 1190 1683 1235 et
1703 1180 1790 1236 dic
1820 1181 1902 1236 ei:

301 1269 437 1327 Haec
467 1271 605 1328 dicit
635 1273 901 1329 Dominus
930 1274 1096 1343 Deus,
1124 1274 1340 1345 quando
1388 1274 1556 1329 totius
1592 1274 1781 1328 mundi
1814 1288 1905 1329 er-

299 1379 430 1421 rore
456 1367 698 1435 sublato,
734 1369 965 1439 populus
1003 1384 1158 1424 meus
1192 1368 1353 1425 Israel
1385 1368 1476 1440 qui
1521 1377 1705 1423 mente
1732 1368 1907 1423 cernit

300 1457 504 1525 Deum,
543 1458 879 1516 habitaverit
928 1460 1095 1535 550
1136 1461 1190 1516 in
1234 1462 1481 1517 Ecclesia
1528 1460 1899 1531 conﬁdenter,

300 1551 417 1608 sive
444 1553 501 1607 in
535 1568 714 1623 pace:
749 1562 879 1609 tunc
900 1558 1069 1621 scies,
1104 1555 1221 1611 sive
1257 1570 1582 1626 consurges,
1626 1566 1681 1611 et
1720 1555 1905 1611 venies
1935 1564 1941 1573 '

298 1644 522 1703 deloco
554 1657 667 1703 tuo.
692 1646 797 1716 Qui
841 1646 912 1703 sit
943 1657 1126 1703 autem
1162 1649 1314 1704 locus
1348 1647 1624 1705 hmreticae
1660 1648 1902 1719 pravita-

2012 426 2342 483 bitatoribus
2373 428 2633 485 Ecclesia:
2662 429 3076 486 demonstratur
3111 450 3121 484 ;
3153 448 3385 503 quorum
3417 432 3528 497 alii,
3557 441 3614 487 ut

2012 522 2189 592 pisces
2229 523 2425 589 maris;
2450 523 2565 592 alii,
2609 535 2666 579 ut
2713 525 2966 582 volucres
2999 527 3158 593 caeli;
3188 528 3303 592 alii,
3332 536 3390 581 ut
3419 526 3611 583 bestiae

2010 614 2147 685 agri,
2175 626 2229 672 et
2247 617 2429 671 omnia
2460 617 2698 687 reptilia,
2720 633 2839 689 quae
2859 634 3147 676 moventur
3174 636 3338 691 super
3370 631 3608 689 terram;

2009 709 2122 777 alii,
2158 720 2214 764 ut
2244 709 2552 767 retinentes
2585 710 2827 767 hominis
2856 712 3202 784 dignitatem,
3240 714 3491 770 habitant
3518 730 3613 771 su—

2013 817 2107 872 per
2128 802 2324 859 faciem
2352 813 2531 860 terrzc.
2561 803 2715 873 Quod
2741 815 2920 861 autem
2948 822 3161 861 morum
3184 806 3495 876 diversitas,
3525 824 3610 863 va-

2011 894 2106 949 riis
2145 895 2390 967 signetur
2418 896 2751 965 nominibus,
2787 906 2842 953 et
2871 897 3170 969 Apostolus
3199 899 3389 956 scribit
3408 901 3475 957 ad
3505 901 3609 957 Co-

2010 987 2265 1059 rinthios,
2293 993 2382 1061 qui
2408 991 2512 1046 alia
2563 1007 2795 1063 corpora
2825 1002 2947 1062 post
2987 995 3446 1050 resurrectionem
3472 996 3610 1052 dicit

2011 1097 2134 1139 esse
2182 1083 2459 1151 cmlestia,
2524 1084 2630 1140 alia
2686 1094 2902 1141 terrena
2946 1086 2991 1159 (l
3030 1084 3152 1141 Cor.
3200 1086 3322 1159 xv);
3368 1099 3421 1143 et
3460 1088 3607 1144 aliud

2010 1192 2210 1246 corpus
2242 1176 2432 1249 piscis,
2456 1177 2605 1233 aliud
2631 1179 2895 1245 volucris,
2919 1178 3066 1235 aliud
3094 1179 3423 1246 bestiarum,
3459 1180 3607 1236 aliud

2010 1271 2308 1340 reptilium,
2340 1281 2394 1326 et
2431 1270 2579 1326 aliud
2609 1273 2912 1340 hominum,
2947 1271 3041 1343 qui
3082 1288 3283 1328 nomen
3319 1274 3606 1343 pI‘IrlIIllIlII

2010 1375 2386 1419 servaverunt.
2415 1364 2473 1419 In
2497 1365 2711 1421 aetibus
2734 1382 2950 1437 quoque
2974 1367 3354 1436 apostolorum
3382 1369 3607 1424 linteum

2010 1457 2165 1528 illud,
2181 1458 2322 1529 quod
2341 1470 2575 1529 quatuor
2597 1460 2874 1530 principiis
2890 1461 3050 1516 tertio
3063 1460 3227 1516 Petro
3249 1463 3499 1531 apostolo
3512 1463 3610 1519 dc-

2009 1561 2342 1607 monstratur
2358 1552 2493 1624 (Act.
2510 1550 2588 1625 x),
2607 1554 2925 1609 varietatem
2944 1555 3287 1609 credentium
3311 1556 3608 1626 signiﬁcat,

2008 1659 2129 1715 qua:
2161 1645 2215 1699 itt
2240 1643 2382 1701 Arca
2407 1662 2624 1717 quoque
2656 1646 2847 1702 diluvii
2878 1649 3215 1703 continetur.
3248 1648 3401 1703 Tunc
3424 1660 3609 1705 autem

303 1739 400 1808 tis,
436 1754 680 1812 sequens
702 1756 886 1796 sermo
916 1740 1257 1797 demonstrat
1284 1759 1298 1795 :
1337 1739 1383 1796 A
1424 1741 1692 1797 lateribus
1737 1741 1905 1811 Aqui-
1935 1729 1984 1792 B
2013 1754 2042 1792 a
2074 1736 2214 1793 facie
2248 1739 2487 1809 Domini,
2522 1750 2577 1795 et
2606 1757 2635 1795 a
2664 1754 2965 1811 conspectu
3000 1743 3307 1811 majestatis
3337 1743 3455 1813 ejus
3485 1744 3615 1799 sub-

299 1829 471 1901 Ionis,
512 1834 606 1902 qui
645 1848 865 1889 omnem
908 1833 1153 1890 calorem
1192 1835 1539 1891 credentium
1584 1833 1909 1905 refrigerare

301 1938 559 1984 conatur.
593 1928 935 2000 Venientque
973 1944 1095 1985 cum
1148 1944 1213 1985 eo
1263 1929 1449 2000 populi
1492 1930 1671 1995 multi,
1715 1944 1906 1984 omnes

300 2034 633 2077 ascensores
646 2037 936 2093 equorum.
957 2021 1028 2078 de
1046 2022 1248 2094 quibus
1268 2024 1528 2094 scriptum
1550 2034 1634 2080 est
1660 2042 1670 2077 :
1696 2023 1906 2096 Equum

300 2122 355 2171 et
381 2130 737 2171 ascensorem
782 2115 1015 2188 projecit
1045 2116 1100 2171 in
1132 2132 1285 2173 mare
1316 2116 1513 2189 (Exod.
1541 2133 1628 2186 xv,
1662 2117 1713 2187 l)
1751 2136 1764 2171 :
1798 2133 1908 2174 coe-

307 2215 394 2265 tus
446 2224 678 2281 magnus
736 2218 793 2267 et
831 2211 1111 2267 exercitus
1168 2210 1489 2277 vehemens,
1549 2229 1671 2268 cum
1709 2214 1907 2284 quibus

301 2301 635 2367 ascendens,
660 2303 756 2371 ait,
782 2319 951 2375 super
965 2304 1227 2375 p0pulum
1255 2321 1437 2361 meum
1454 2306 1621 2362 Israel
1639 2308 1794 2377 quasi
1810 2324 1907 2363 nu-

300 2393 401 2451 bes
426 2406 483 2451 et
509 2397 705 2467 caligo,
736 2406 793 2453 ut
815 2401 1039 2469 aperias
1066 2409 1267 2455 terram
1291 2416 1488 2469 meam,
1520 2402 1588 2458 dc
1609 2418 1711 2473 qua
1745 2419 1906 2474 supra

301 2486 511 2544 dictum
536 2499 621 2546 est
649 2507 668 2546 :
691 2490 748 2546 In
776 2492 1091 2549 novissimis
1112 2492 1309 2551 diebus
1329 2496 1467 2564 eris,
1493 2496 1716 2568 quando
1740 2498 1911 2553 Evan-

299 2580 479 2651 gelica
531 2581 896 2653 praedicatio:
954 2592 1010 2641 et
1059 2585 1329 2642 adducam
1384 2597 1435 2645 te
1485 2604 1653 2659 super
1704 2599 1907 2646 terram

296 2670 504 2731 meam.
540 2675 771 2746 Oportet
800 2679 945 2734 enim
980 2678 1223 2737 hmreses
1253 2697 1397 2749 esse,
1440 2691 1497 2737 ut
1529 2683 1743 2753 probati
1783 2684 1908 2756 qui-

298 2785 411 2842 que
440 2769 721 2827 ntanifeSIi
756 2771 889 2827 ﬁant
920 2771 965 2843 (ι
993 2772 1118 2828 Cor.
1147 2790 1223 2845 xt,
1266 2773 1384 2846 I9),
1412 2782 1469 2830 et
1500 2776 1597 2832 Dei
1626 2777 1910 2833 voluntate

302 2873 335 2903 ι
361 2867 651 2938 ἀγωνιστὴς
676 2866 933 2922 diabolus
955 2878 1011 2924 et
1041 2868 1220 2923 omnia
1246 2870 1624 2941 perversitatis
1655 2871 1910 2944 dogmata

297 2958 568 3016 derelicta
596 2971 723 3018 sunt
749 2980 761 3015 :
789 2970 847 3017 ut
867 2961 1049 3017 sciant
1068 2978 1263 3020 omnes
1283 2974 1496 3035 gentes,
1526 2976 1581 3023 et
1605 2968 1911 3038 intelligant

297 3066 414 3121 me,
440 3069 564 3108 cum
597 3055 980 3112 sanctiﬁcatus
1020 3055 1175 3113 fuero
1206 3058 1259 3114 itt
1308 3067 1360 3116 te
1390 3059 1444 3115 in
1475 3061 1650 3117 oculis
1684 3078 1904 3123 eorum,

300 3162 338 3204 ο
367 3147 510 3220 Gog,
562 3148 666 3205 hoc
711 3157 829 3216 est,
861 3164 985 3205 cum
1019 3152 1196 3221 pomis
1245 3152 1349 3208 tuis
1392 3168 1481 3209 me
1530 3154 1911 3211 intellexerint

299 3237 574 3309 iudicem.
597 3241 661 3296 Et
681 3240 820 3297 facit
840 3241 1236 3313 apostropham
1264 3243 1332 3299 ad
1348 3243 1526 3313 ipsum
1549 3245 1694 3317 Gog;
1717 3245 1912 3304 Nonne

301 3341 364 3389 tu
397 3334 490 3391 ille
514 3351 574 3391 es
598 3334 667 3391 de
697 3352 806 3407 quo
836 3336 1053 3392 locutus
1086 3352 1205 3393 sum
1240 3337 1293 3393 in
1322 3338 1516 3396 diebus
1550 3342 1816 3413 antiquis,
1855 3342 1910 3398 in

300 3429 561 3484 manibus
606 3443 889 3485 servorum
941 3444 1195 3487 meorum
1255 3435 1647 3502 pr0phetarum
1704 3434 1912 3491 Israel?

301 3520 478 3593 Moysi
506 3521 788 3586 videlicet,
823 3524 915 3596 qui
942 3525 1019 3579 ait
1059 3526 1113 3580 in
1149 3524 1512 3580 Numerorum
1542 3526 1705 3594 libro,
1745 3528 1910 3583 dum-

304 3620 471 3670 taxat
491 3616 650 3685 juxta
677 3614 822 3671 LXX
849 3634 861 3671 :
896 3617 1226 3686 Egredietur
1254 3618 1419 3675 homo
1438 3618 1509 3675 de
1532 3622 1743 3677 semine
1769 3622 1908 3694 ejus,

303 3718 364 3765 et
388 3709 764 3767 dominabitur
802 3713 1049 3785 gentium
1092 3715 1474 3785 plurimarum,
1518 3726 1573 3772 et
1608 3716 1913 3773 elevabitur

305 3801 428 3874 Gog
474 3819 704 3875 regnum
731 3804 873 3875 ejus,
906 3816 962 3861 et
991 3814 1207 3863 crescet
1234 3824 1464 3880 regnum
1521 3808 1670 3864 illius
1719 3809 1907 3883 (Num.

307 3902 556 3975 xxrv,7).
588 3902 861 3960 Caeterum
886 3905 1039 3976 juxta
1065 3905 1393 3964 Hebraicum
1424 3908 1498 3963 ita
1523 3911 1790 3981 scriptum
1824 3927 1912 3967 re-

308 3995 428 4067 peri
472 4014 485 4050 :
519 3995 771 4061 Tolletur
808 3998 837 4037 ι’
871 4009 1161 4071 propterea
1211 4001 1364 4074 Agag
1404 4001 1591 4077 [Vulg.
1643 4002 1781 4077 Gog]
1818 4020 1913 4060 rex

306 4086 454 4157 ejus,
488 4097 546 4143 ct
576 4088 857 4148 auferetur
905 4107 1136 4164 regnum
1179 4094 1325 4149 illius
1360 4111 1374 4148 :
1412 4111 1478 4151 eo
1504 4095 1649 4167 quod
1681 4112 1912 4167 rrgnum

304 4177 478 4237 Israel
505 4182 559 4236 in
588 4182 756 4239 Saule
788 4196 1010 4257 propter
1057 4189 1204 4259 Agag
1250 4204 1437 4259 regem
1498 4189 1758 4244 Amalech
1808 4188 1909 4245 de-

305 4282 581 4331 structum
599 4276 690 4332 sit.
709 4277 778 4334 Et
799 4278 855 4334 in
880 4280 987 4336 alio
1007 4282 1128 4337 loco
1153 4299 1168 4337 :
1192 4281 1473 4338 Mundabit
1496 4291 1696 4340 terram
1730 4285 1913 4355 populi

306 4371 391 4425 sui
415 4368 577 4439 (Joel.
613 4372 714 4445 nt).
735 4373 856 4431 Joel
880 4392 1101 4448 quoque
1132 4377 1185 4431 in
1205 4378 1347 4434 valle
1364 4378 1652 4449 Josaphat,
1679 4379 1783 4437 hoc
1805 4392 1910 4449 est,

304 4462 499 4534 judicii
534 4466 649 4533 Dei,
669 4464 931 4523 describit
950 4470 1181 4541 populos
1193 4474 1631 4545 congregandos.
1652 4475 1715 4529 Et
1742 4474 1911 4531 Isaias

310 4573 624 4629 omnesque
648 4561 952 4631 prophetae.
986 4562 1040 4617 iu
1074 4581 1309 4635 quorum
1350 4568 1627 4636 manibus,
1657 4577 1716 4625 et
1752 4570 1912 4627 bonis

312 4655 583 4724 operibus
612 4667 798 4712 sermo
830 4656 889 4712 ﬁt
930 4657 1168 4714 Domini.
1196 4659 1332 4717 Cum
1368 4663 1538 4733 igitur
1572 4666 1793 4721 veneris
1824 4680 1915 4721 su-

311 4759 411 4815 per
447 4754 653 4801 terram
684 4746 876 4817 Israel,
910 4750 1175 4807 ascendet
1206 4752 1510 4823 indignatio
1556 4771 1677 4812 mea
1732 4756 1785 4811 in
1837 4757 1917 4813 fu—

313 4852 444 4894 rore
468 4854 593 4895 meo
620 4849 811 4896 contra
838 4852 914 4910 te,
946 4851 1000 4898 et
1028 4844 1079 4899 in
1105 4845 1224 4901 zelo
1253 4861 1378 4903 meo
1406 4863 1506 4919 pro
1532 4851 1734 4920 populo
1752 4848 1913 4924 451

314 4946 462 4987 meo.
491 4931 550 4987 In
578 4931 705 5003 igne
744 4933 842 4989 ira:
874 4950 1010 4990 meae
1037 4936 1254 4994 locutus
1284 4955 1431 5009 sum,
1468 4941 1562 5012 qui
1603 4944 1783 4998 omnia
1829 4945 1916 5000 vi-

312 5023 517 5081 tiorum
548 5034 764 5083 tuorum
813 5029 961 5101 ligna
1004 5043 1321 5089 consumat.
1366 5034 1489 5101 Illo,
1534 5036 1733 5108 inquit,
1782 5046 1921 5094 tem-

313 5131 453 5188 pore
480 5119 588 5174 erit
626 5135 820 5192 magna
842 5125 1140 5180 commotio
1168 5142 1335 5197 super
1366 5136 1571 5184 terram
1593 5128 1787 5186 Israel.
1811 5131 1920 5187 lm-

314 5209 570 5267 mittente
593 5213 741 5269 enim
762 5214 1012 5284 diabolo,
1036 5220 1231 5276 crebra
1256 5230 1445 5277 contra
1468 5222 1771 5280 Ecclesiam
1797 5243 1921 5297 per-

314 5310 528 5362 secutio
559 5308 692 5365 ﬁet:
719 5325 840 5379 quae
869 5312 1090 5381 quando
1120 5315 1301 5384 sapita
1340 5316 1524 5383 fuerit,
1567 5326 1624 5373 et
1648 5318 1747 5375 Dei
1779 5321 1919 5378 victa

312 5401 600 5472 prazsidio,
648 5412 781 5459 tunc
816 5407 1307 5463 commovebuntur
1338 5424 1368 5464 a
1406 5408 1546 5465 facie
1589 5410 1707 5480 ejus
1738 5416 1920 5481 pisces

313 5495 509 5561 maris,
539 5505 595 5551 et
617 5497 867 5553 volucres
892 5499 1043 5564 ccelt,
1070 5509 1125 5557 et
1149 5500 1341 5558 bestias
1366 5503 1503 5574 agri,
1528 5511 1583 5559 et
1611 5518 1773 5561 omne
1800 5523 1923 5579 rep-

313 5587 435 5653 tile,
466 5589 611 5659 quod
643 5601 893 5647 movetur
916 5607 1083 5664 super
1102 5603 1329 5663 terram,
1355 5597 1649 5670 cunctique
1670 5598 1922 5658 homines

390 5712 419 5793 ξ
447 5703 508 5759 In
536 5703 714 5793 Yatic.
737 5709 1097 5793 ᾀγαγσξνιστὴς
1127 5728 1138 5765 2
1169 5710 1407 5770 fortasse
1429 5720 1614 5771 autem
1639 5715 1924 5793 ἀνταγωνι-

315 5781 451 5840 στής
479 5784 565 5835 est
594 5780 1035 5837 rescribendum.

702 5873 978 5939 ΡΑτιιοι..
1025 5874 1234 5939 XXV.

2010 1838 2293 1887 vertentur
2332 1842 2572 1900 montes,
2614 1833 2708 1904 qui
2759 1850 2818 1889 se
2861 1835 3153 1890 elevabant
3202 1844 3393 1892 contra
3424 1837 3608 1892 scien-

2009 1930 2143 1984 tiam
2177 1928 2274 1985 Dei
2307 1946 2319 1983 ε
2350 1940 2407 1986 et
2435 1929 2634 1985 cadent
2662 1946 2822 2001 sepes
2846 1931 2964 1986 sive
2998 1930 3196 1998 valles,
3227 1949 3346 2001 qua:
3378 1932 3461 1987 vel
3497 1934 3606 1987 hu—

2009 2022 2239 2078 militate
2271 2037 2470 2079 sensus
2494 2024 2561 2078 ad
2584 2025 2692 2079 ima
2719 2024 2988 2079 demersa:
3012 2032 3176 2091 sunt;
3205 2026 3286 2079 vel
3314 2038 3465 2082 certe
3493 2042 3612 2079 mu-

2008 2117 2275 2185 nitiones,
2306 2134 2430 2189 quae
2461 2117 2669 2189 aliquid
2703 2118 3058 2188 pollicentur,
3088 2128 3148 2173 ut
3189 2119 3479 2175 imitentur
3510 2119 3611 2175 Ec-

2008 2210 2236 2266 clesiam
2269 2211 2389 2278 Dei,
2422 2210 2488 2266 de
2520 2212 2679 2281 cujus
2705 2212 2929 2281 sepibus
2960 2212 3161 2266 dicitur
3202 2230 3217 2267 :
3251 2212 3355 2278 Qui
3380 2212 3614 2268 destruit

2007 2320 2220 2375 sepem,
2251 2303 2526 2360 mordebit
2550 2319 2675 2359 eum
2710 2303 2940 2359 coluber
2975 2302 3168 2377 (Eccli.
3194 2321 3249 2370 x,
3281 2305 3359 2376 8).
3398 2304 3467 2358 Et
3491 2321 3613 2358 om-

2010 2413 2108 2455 nes
2138 2399 2280 2454 muri
2306 2399 2362 2453 in
2391 2408 2595 2455 terram
2626 2408 2913 2454 corruent.
2954 2399 3090 2453 Cum
3128 2400 3272 2455 enim
3334 2399 3607 2453 Ecclesia-

2010 2492 2133 2549 stici
2154 2494 2425 2549 sermonis
2454 2493 2767 2564 apparuerit
2794 2492 3080 2562 fortitudo,
3108 2495 3294 2549 omnia
3326 2493 3613 2550 haeretico-

2010 2602 2130 2642 rum
2157 2593 2417 2642 corruent
2457 2587 2821 2642 munimenta.
2863 2586 2933 2641 Et
2972 2587 3202 2651 vocabo,
3247 2587 3444 2658 inquit,
3485 2602 3609 2642 eum

2009 2681 2306 2736 adversum
2342 2680 2521 2746 illum,
2576 2680 2683 2736 hoc
2725 2691 2829 2746 est,
2874 2681 3258 2737 hmreticorum
3300 2683 3609 2754 principem

2011 2773 2148 2848 Gog,
2178 2775 2230 2829 in
2258 2775 2474 2830 cunctis
2503 2776 2781 2830 montibus
2810 2775 2929 2846 ejus
2954 2776 3219 2846 gladium,
3245 2787 3307 2833 ut
3335 2779 3611 2848 principes

2012 2870 2284 2926 exercitus
2315 2869 2435 2939 ejus
2454 2868 2635 2941 gladio
2658 2869 2875 2924 Domini
2901 2870 3284 2926 conﬁciantur.
3316 2871 3472 2927 Tunc
3498 2876 3610 2927 ha:-

2012 2964 2153 3020 resis
2178 2962 2774 3020 dimicabitadversum
2810 2962 3087 3032 hazresim,
3120 2981 3350 3034 quarum
3386 2966 3525 3020 inter
3551 2980 3612 3021 se

2011 3059 2426 3130 compugnatio,
2472 3067 2663 3112 nostra
2692 3055 2919 3111 victoria
2960 3068 3064 3113 est.
3112 3058 3178 3111 Et
3215 3058 3495 3127 judicabo,
3533 3060 3612 3113 in-

2014 3153 2154 3224 quit,
2198 3166 2323 3207 cum
2365 3158 2562 3215 morte,
2592 3151 2677 3206 vel
2711 3158 2888 3222 peste,
2920 3158 2975 3205 et
3015 3151 3300 3222 sanguine,
3335 3160 3392 3207 et
3432 3152 3610 3209 imbre

2012 3246 2349 3313 vehementi,
2395 3256 2448 3300 et
2489 3244 2763 3315 lapidibus
2805 3244 3111 3309 immensis,
3162 3245 3283 3302 sive
3325 3246 3611 3316 grandinis

2014 3338 2122 3413 [ΑΙ.
2145 3338 2543 3411 grandinibus].
2574 3338 2865 3394 Iudicatur
2906 3347 3086 3393 autem
3108 3337 3271 3411 452
3294 3339 3408 3411 Gog
3437 3352 3613 3398 morte

2012 3448 2131 3501 sua,
2165 3444 2217 3489 et
2241 3433 2502 3503 sanguine
2529 3446 2690 3502 quem
2724 3430 2939 3499 effudit,
2973 3440 3028 3495 et
3068 3432 3242 3487 imbre
3272 3430 3605 3503 vehementi,

2012 3526 2360 3583 sermonibus
2381 3522 2583 3580 eruditi
2612 3534 2668 3579 et
2696 3523 2922 3593 perfecti
2958 3522 3081 3588 viri,
3114 3532 3171 3579 et
3206 3524 3484 3594 lapidibus
3508 3527 3611 3579 im-

2012 3622 2240 3691 mensis,
2298 3620 2388 3692 qui
2447 3634 2574 3675 eum
2642 3618 2879 3697 obruant
2927 3618 3257 3673 testimoniis
3299 3620 3611 3689 Scriptura-

2014 3730 2159 3782 rum,
2199 3714 2314 3768 sive
2344 3711 2648 3784 grandinis,
2683 3712 2776 3780 qui
2827 3709 3065 3766 calorem
3109 3708 3255 3766 illius
3292 3710 3495 3767 faciant
3523 3730 3613 3768 re-

2014 3807 2312 3879 frigescere
2348 3824 2361 3861 :
2394 3807 2597 3861 Omnes
2626 3805 2771 3859 enim
2816 3803 3213 3870 adulterantes,
3244 3806 3398 3875 quasi
3438 3808 3612 3862 cliba-

2015 3917 2118 3958 nus
2144 3900 2308 3957 corda
2339 3915 2529 3956 eorum
2556 3898 2713 3968 (Osee
2742 3913 2836 3965 vn,
2858 3897 2936 3967 4).
2962 3898 3170 3966 Ignem,
3196 3897 3394 3968 inquit,
3424 3909 3479 3955 et
3505 3903 3614 3956 sul-

2014 3994 2155 4067 phur
2184 3994 2365 4064 pluam
2392 4008 2556 4061 super
2577 4007 2734 4047 eum:
2762 4006 2861 4061 per
2877 4006 3001 4062 qua:
3024 3990 3433 4048 demonstratur
3454 4011 3610 4065 paena

2010 4089 2204 4161 judicii
2224 4086 2563 4157 sempiterni.
2597 4085 2665 4141 Et
2685 4102 2792 4140 non
2816 4085 2993 4140 solum
3016 4100 3183 4155 super
3204 4102 3347 4155 eum,
3368 4089 3459 4158 qui
3482 4104 3613 4145 auc-

2017 4192 2102 4238 tor
2118 4180 2487 4253 perversitatis
2507 4178 2627 4245 fuit,
2648 4177 2741 4234 sed
2761 4186 2814 4233 et
2833 4192 2999 4248 super
3014 4192 3233 4234 omnem
3251 4185 3548 4236 exercitum
3565 4192 3619 4239 et

2016 4274 2416 4332 multitudinem
2442 4273 2583 4344 ejus,
2601 4280 2656 4328 et
2678 4287 2842 4342 super
2866 4272 3099 4342 populos
3124 4273 3345 4339 multos,
3370 4277 3458 4345 qui
3485 4285 3617 4333 sunt

2014 4384 2137 4426 cum
2160 4383 2246 4424 eo.
2272 4368 2463 4423 Plures
2489 4366 2637 4421 enim
2672 4364 2878 4419 habent
2912 4364 3163 4421 [haeretici
3198 4368 3400 4432 socios,
3439 4370 3611 4427 immo

2019 4463 2272 4519 diabolus
2293 4462 2544 4532 princeps
2560 4475 2751 4516 eorum
2777 4457 2987 4512 inﬁnita
3016 4460 3363 4516 multitudine
3385 4464 3616 4519 circum-

1934 4517 1993 4582 Β
2018 4558 2197 4614 datur.
2233 4555 2504 4625 Omnique
2540 4569 2729 4610 errore
2761 4552 3002 4618 sublato,
3024 4561 3081 4608 et
3100 4554 3299 4623 punitis
3328 4567 3496 4627 atque
3518 4560 3615 4617 de-

2018 4648 2645 4709 structishaereticorum
2660 4645 3021 4717 principibus,
3042 4648 3419 4719 magniﬁcatur
3440 4653 3623 4711 Domi-

2019 4759 2199 4814 nus,et
2213 4743 2655 4803 sanctiﬁcaturin
2668 4740 3038 4803 credentibus,
3055 4751 3112 4797 et
3126 4751 3285 4798 notus
3300 4746 3421 4801 litin
3441 4749 3615 4805 oculis

2019 4843 2262 4915 gentium
2305 4839 2622 4903 multarum,
2657 4850 2780 4906 quae
2809 4832 2952 4888 illius
2983 4831 3108 4889 ﬁdei
3137 4835 3491 4894 crediderunt
3516 4858 3531 4895 :
3561 4850 3617 4897 et

2023 4944 2133 4990 tam
2168 4948 2233 4989 ex
2259 4930 2598 4993 beatitudine
2619 4928 2725 4994 sui,
2753 4939 2914 4996 quam
2937 4940 3005 4980 ex
3036 4924 3469 4983 adversariorum
3500 4940 3619 5003 pm;

2021 5029 2105 5083 nis
2134 5026 2333 5091 scient,
2367 5035 2531 5095 atque
2571 5020 2932 5091 cognoscent,
2979 5018 3122 5089 quod
3169 5019 3287 5089 ipse
3323 5022 3394 5077 sit
3432 5024 3617 5081 Domi-

2022 5136 2149 5176 nus.
2183 5118 2313 5173 Ilaec
2340 5126 2401 5171 ut
2430 5114 2707 5187 potuimus
2729 5111 3079 5182 interpretati
3107 5127 3319 5182 sumus,
3353 5116 3617 5175 obediem.

2023 5225 2108 5272 tes
2132 5212 2209 5268 illi
2234 5222 2510 5284 praecepto
2540 5227 2554 5265 :
2588 5208 2775 5279 Neque
2812 5207 2881 5263 ad
2912 5210 3223 5274 dexteram,
3256 5226 3432 5282 neque
3452 5216 3517 5271 ad
3543 5218 3619 5272 si-

2024 5314 2249 5368 nistram
2276 5305 2601 5371 declinabis,
2631 5302 2729 5359 sed
2758 5302 2845 5359 via
2874 5302 3023 5374 regia
3056 5302 3382 5374 ingredieris
3426 5307 3615 5380 (Deut.

2027 5419 2220 5469 xxvnt,
2257 5400 2368 5472 l4).
2402 5399 2460 5456 Si
2489 5399 2614 5471 quis
2657 5405 2840 5452 autem
2873 5408 3058 5451 nostra
3091 5397 3440 5466 reprehendit
3482 5421 3496 5457 :
3526 5418 3622 5463 aut

2028 5498 2255 5555 meliora
2285 5493 2552 5567 proferat,
2579 5507 2700 5562 quae
2729 5505 3041 5561 sequamur,
3072 5501 3167 5544 aut
3197 5490 3241 5545 si
3275 5493 3408 5549 nihil
3433 5498 3625 5557 volue-

2029 5595 2102 5654 rit
2146 5595 2351 5662 dicere,
2407 5586 2707 5662 perfectam
2736 5586 2854 5643 Deo
2905 5584 3191 5640 scientiam
3240 5586 3626 5663 derelinquat;

2102 5714 2131 5756 δ
2162 5711 2384 5770 Rectius
2413 5709 2529 5764 fere
2554 5705 2785 5785 Victor?
2813 5719 2883 5760 ex
2924 5702 3154 5776 Vulgata
3182 5705 3469 5782 Versione,
3498 5730 3624 5785 pro-

2042 5798 2177 5864 pter,
2210 5799 2307 5857 pro
2334 5788 2634 5855 prapterea,
2667 5776 2816 5850 legit.
2995 5868 3074 5933 12
