4054 6324
475 279 582 340 563

1739 279 1796 334 S.
1845 275 2108 336 EUSEBII
2150 271 2535 336 IIIERONYMI

3685 275 3791 336 πσι

473 401 603 456 dum
638 405 820 455 tamen
845 398 982 453 sciat
1009 399 1355 468 nequaquam
1379 397 1434 451 in
1459 395 1617 452 nobis
1640 395 1807 478 vires,
1838 395 1931 451 sed
1963 397 2082 450 ani-
2107 395 2155 456 Α
2192 416 2210 449 ‹
2251 397 2443 464 minis,
2494 401 2735 452 statuent
2778 397 2937 468 juxta
2974 397 3103 453 illud
3135 397 3372 460 titulum,
3403 393 3578 450 donec
3628 411 3788 462 sepe-

482 507 627 550 mum
648 491 1030 564 iudicandum.

550 583 725 660 (CAP.
765 585 1083 642 XXXIX.-
1117 585 1275 641 vers.
1308 587 1332 642 Ι
1367 587 1520 658 seq.)
1554 607 1572 639 ι
1602 587 1683 642 Tu
1743 591 1952 651 autem,
2010 585 2084 640 fili

485 705 506 739 ε
543 681 801 747 hominis,
863 681 1164 738 vaticinare
1193 681 1484 737 adversum
1543 681 1659 752 Gog
1690 723 1704 746 ,
1771 689 1825 735 et
1887 679 2084 735 dices:

483 797 504 830 ‹
541 773 669 831 Haec
706 775 839 830 dicit
875 775 1133 829 Dominus
1163 771 1304 828 Deus
1339 790 1352 824 :
1399 772 1537 828 Ecce
1559 787 1660 841 ego
1691 777 1858 842 super
1891 779 1941 826 te
1970 769 2088 841 Gog

484 887 503 922 ι
539 867 839 942 principem
900 865 1095 936 capitis
1135 865 1278 938 (sive
1308 861 1444 934 Ito's)
1476 908 1490 931 ,
1556 861 1779 918 Mosoch
1819 869 1877 917 et
1933 859 2085 917 Thu-

487 963 505 1014 ά
537 947 621 1015 bal
649 977 663 1026 ;
696 969 750 1015 et
776 957 1144 1027 circumagam
1179 953 1321 1028 (sive
1344 951 1712 1028 congregabo)
1741 955 1792 1012 te
1821 971 1835 1021 ;
1862 955 1912 1008 et
1945 963 1969 991 ει
2003 965 2086 1009 rc-

485 1061 506 1106 ᾶ
543 1053 738 1108 ducant
804 1051 944 1123 (sive
984 1051 1276 1120 deducam)
1329 1059 1381 1106 te
1415 1067 1428 1116 ;
1463 1058 1519 1105 et
1566 1050 1864 1105 ascendere
1899 1045 2089 1121 (Vulg.

485 1161 506 1196 ‹
541 1143 687 1200 addit
719 1143 793 1218 te]
825 1144 1017 1199 faciam
1065 1144 1134 1199 de
1167 1143 1432 1198 lateribus
1469 1143 1610 1212 (sive
1632 1143 1699 1198 de
1749 1141 2088 1209 novissimis)

487 1243 508 1292 ά
546 1235 872 1306 Aquilonis;
903 1245 958 1293 et
992 1233 1262 1292 adducam
1293 1246 1346 1292 te
1376 1241 1541 1307 snpcr
1573 1245 1786 1291 montes
1813 1233 1998 1290 Israel.
2025 1235 2089 1289 Et

459 1349 506 1383 ,ι
543 1331 845 1402 percutiam
889 1331 1029 1402 (sive
1083 1328 1334 1400 perdam)
1384 1345 1573 1385 arcum
1635 1337 1790 1385 tuum
1824 1331 1875 1383 in
1924 1341 2086 1384 manu

486 1447 505 1481 ι
547 1429 686 1500 (sive
719 1429 788 1484 de
833 1429 1020 1501 manu)
1081 1429 1305 1482 sinistra
1367 1433 1480 1491 tua,
1515 1435 1567 1481 et
1600 1429 1824 1499 sagittas
1877 1437 1992 1482 tuas
2021 1425 2089 1481 de

487 1523 507 1575 ἀ
543 1525 706 1578 manu
737 1517 962 1579 dextera
995 1521 1021 1560 δ
1063 1531 1153 1577 tua
1190 1540 1204 1589 ;
1238 1533 1293 1579 et
1321 1509 1576 1594 dejiciam
1603 1523 1652 1578 te
1681 1538 1846 1594 super
1875 1533 2089 1578 montes

488 1631 507 1668 ι
547 1607 732 1682 Israel,
762 1624 816 1671 et
861 1609 1027 1671 eades
1053 1624 1106 1669 tu
1139 1623 1192 1670 et
1216 1616 1397 1670 omiria
1430 1607 1642 1685 agmina
1677 1621 1791 1680 tua,
1819 1623 1872 1669 et
1902 1611 2087 1686 pepuli

490 1719 508 1760 t
548 1709 691 1778 (sive
712 1709 925 1780 gentes)
983 1725 1104 1778 quze
1140 1721 1316 1764 tecum
1346 1719 1489 1762 sunt.
1517 1703 1697 1774 Feris,
1732 1707 1942 1770 avibus.
1973 1715 2088 1762 om-

2196 505 2215 540 ε
2248 489 2383 544 liant
2408 489 2540 544 illud
2576 489 2930 560 pollinctores
2962 492 3014 545 in
3047 491 3188 545 valle
3217 490 3356 562 (sive
3383 505 3449 545 ϐε
3481 501 3573 548 N‘J
3601 491 3618 558 )
3648 487 3791 542 mul-

2194 601 2213 634 ‹
2255 571 2503 638 titudinis
2530 583 2667 655 Gog.
2695 585 2904 640 Nomen
2937 593 3115 640 autem
3147 584 3384 640 civitatis
3414 583 3622 639 Amona
3652 581 3792 653 (sive

2193 683 2214 729 ἆ
2252 677 2644 750 Polyandrion)
2673 696 2684 732 :
2715 687 2771 733 et
2803 677 3142 733 mundabunt
3168 684 3373 732 terram
3403 669 3540 744 (sive
3561 673 3793 729 munda-

2197 791 2214 824 ι
2253 771 2400 826 bitur
2431 771 2620 840 terra).
2663 793 2681 825 ι
2723 771 2791 828 Et
2821 771 2937 827 lucc
2967 769 3208 827 Judaicze'
3269 763 3580 824 traditionis
3611 771 3788 822 htere-

2190 855 2308 932 des,
2337 869 2390 921 et
2438 863 2698 938 discipuli
2756 863 3244 922 interminabilium
3303 851 3633 930 fabularum,
3672 872 3799 932 post

2192 960 2340 1016 mille
2359 965 2627 1017 annorum
2661 967 2888 1033 regnum
2941 959 3122 1017 futura
3159 955 3502 1015 contendunt
3532 979 3551 1012 :-
3577 949 3794 1013 interli-

2190 1052 2554 1121 cienduinque
2597 1054 2714 1124 Gog
2746 1053 3054 1125 principem
3105 1043 3239 1112 Bos.
3275 1049 3522 1114 Mosocli‘,
3553 1061 3604 1105 et
3637 1041 3792 1105 Thu-

2193 1145 2276 1199 bal
2310 1148 2359 1200 iii
2409 1134 2606 1200 finibus
2656 1141 2821 1203 Israel
2854 1164 2867 1211 ;
2897 1145 2951 1201 et
2980 1146 3048 1201 ab
3085 1133 3343 1201 omnibus
3371 1143 3710 1208 volatilibus,
3740 1152 3798 1200 et

2192 1239 2381 1294 bestiis
2411 1240 2785 1296 devorandum
2823 1260 2835 1294 :
2867 1249 2923 1297 et
2970 1241 3315 1297 habitatores
3357 1237 3570 1294 urbium
3625 1237 3798 1292 Israel

2189 1343 2404 1404 septem
2435 1336 2591 1390 annis
2626 1335 2900 1407 lignorum
2934 1351 3092 1391 usum
3129 1339 3470 1405 nequaquam
3507 1331 3798 1387 habituros

2190 1425 2258 1484 de
2282 1429 2588 1484 succisione
2617 1423 2904 1497 silvarum,
2925 1429 3020 1485 sed
3052 1429 3122 1486 de
3151 1430 3325 1485 armis
3349 1429 3488 1501 Gog,
3515 1432 3686 1484 scutis
3715 1429 3799 1480 vi-

2189 1519 2397 1576 deticet
2419 1527 2473 1576 et
2502 1519 2691 1588 hastis,
2727 1525 3052 1594 sagittisque
3081 1521 3135 1578 et
3167 1521 3379 1578 baculis
3413 1523 3528 1579 sive
3561 1519 3744 1578 contis
3781 1540 3792 1574 :

2193 1614 2368 1684 ipsum
2420 1627 2598 1671 autem
2641 1615 2756 1688 Gog
2802 1617 3174 1687 sepeliendum
3209 1617 3260 1672 in
3320 1617 3486 1680 Valle,
3518 1633 3641 1687 quae
3691 1607 3797 1671 He-

2193 1703 2375 1762 braice
2401 1693 2601 1762 dicitur
2628 1709 2882 1780 cumis),
2927 1717 2983 1764 et
3010 1725 3207 1764 nomen
3248 1709 3481 1779 sepulcri
3517 1705 3797 1778 illiusfap-

488 1803 508 1855 ἁ
543 1775 970 1872 ιίἰίιιιρνινοΙἎιὶἰί,
1002 1775 1070 1857 iet
1119 1803 1308 1857 bestiis
1355 1803 1514 1856 terra:
1570 1799 1696 1855 dedi
1731 1801 1781 1856 te
1813 1799 2083 1856 devoran-
2119 1775 2164 1848 Β
2193 1799 2504 1869 pellandmn
2537 1775 3072 1876 ἥδη-ροιῃιιηάνῐοη
3098 1821 3114 1870 ;
3145 1803 3235 1858 ubi
3260 1775 3476 1858 scilicet
3500 1775 3798 1856 multitudo

489 1899 508 1948 ι
545 1893 694 1950 dum.
725 1895 900 1966 Super
933 1895 1128 1950 faciem
1159 1895 1275 1965 agri
1302 1895 1448 1966 (sive
1489 1891 1692 1965 campi)
1720 1881 1884 1949 'cades
1921 1913 1933 1948 :
1965 1893 2086 1964 quia

490 1995 507 2040 ἀ
545 2004 646 2058 ego
695 1981 909 2044 locutus
973 1997 1114 2053 sitm,
1150 1987 1280 2044 dicit
1317 1985 1580 2044 Dominus
1635 1987 1797 2044 Deus.
1832 1985 1902 2043 Et
1930 1990 2089 2044 ciuit-

492 2087 509 2134 ἃ
551 2091 660 2137 tam
695 2081 874 2154 ignem
941 2083 996 2137 in
1056 2083 1290 2153 Magog.
1334 2090 1389 2136 et
1458 2081 1508 2134 in
1554 2077 1639 2135 his
1694 2078 1785 2150 qui
1841 2079 2090 2134 habitant

491 2197 510 2228 ‹
543 2175 594 2230 ib
629 2175 822 2231 insulis
865 2173 1206 2231 confidenter
1237 2176 1380 2244 (sive
1418 2181 1470 2229 et
1511 2173 1900 2229 liabitabu‘ntur
1926 2169 2088 2249 453

493 2283 511 2317 ι
555 2265 743 2320 insula:
787 2268 838 2320 in
893 2269 1050 2336 pace)
1100 2282 1114 2319 :
1165 2275 1220 2320 et
1273 2266 1452 2320 scierit
1502 2265 1625 2336 quia
1662 2279 1765 2333 ego
1804 2259 2086 2320 Dominus.

487 2377 506 2409 ι
545 2357 611 2412 Ει
643 2373 838 2414 nomen
873 2361 1121 2414 sanctum
1153 2375 1332 2415 meum
1369 2359 1556 2414 iiotum
1588 2357 1780 2414 faciam
1824 2355 1878 2414 in
1909 2359 2088 2415 medio

493 2472 512 2506 ι
554 2451 734 2524 populi
767 2452 874 2508 mel
903 2451 1112 2519 Israel,
1147 2464 1203 2508 et
1233 2469 1340 2508 non
1378 2451 1614 2523 polluant
1643 2451 1782 2526 (sive
1830 2455 1936 2508 non
1971 2447 2086 2522 pol-

494 2555 512 2601 ἀ
550 2547 756 2619 luetur)
789 2551 988 2604 nomen
1022 2557 1272 2624 sanctum
1325 2545 1504 2602 mettin
1530 2547 1802 2617 amplius;
1835 2556 1891 2603 et
1917 2547 2090 2602 Scietit

493 2651 513 2694 ι
554 2651 743 2711 gentes
779 2641 1038 2711 quoniam
1073 2656 1172 2711 ego
1209 2645 1327 2696 Sum
1362 2640 1625 2695 Dotttintts
1648 2645 1865 2694 sanctus
1898 2639 2086 2696 Israel.

491 2749 511 2786 ι
547 2732 686 2788 Ecce
717 2734 880 2799 venit,
918 2741 971 2788 et
1016 2731 1211 2786 factum
1245 2743 1326 2788 est
1391 2732 1529 2805 (sive
1573 2737 1628 2786 ct
1658 2735 1796 2788 scies
1828 2734 2085 2803 quoniam

493 2845 511 2878 ι
549 2824 699 2894 erit),
735 2825 868 2881 dicit
913 2825 1174 2881 Dominus
1205 2821 1390 2898 (Vulg.
1447 2826 1594 2881 addit
1624 2825 1827 2900 Deus]:
1865 2825 1979 2882 haec
2007 2829 2088 2882 est

493 2939 512 2973 ‹
548 2919 665 2975 dies
689 2918 756 2974 de
775 2936 878 2990 qua
910 2921 1126 2975 locutus
1159 2937 1303 2975 sum.
1337 2917 1404 2976 Et
1431 2913 1789 2989 egrediantur
1816 2921 2091 2976 habitatu-

490 3032 509 3066 ι
549 3027 636 3069 res
668 3015 878 3070 urbium
901 3013 1090 3087 [Vulg].
1127 3013 1194 3070 de
1243 3015 1577 3089 civitatibus]
1627 3015 1791 3073 Israel
1819 3059 1831 3082 ,
1882 3027 1935 3072 et
1966 3032 2088 3072 suc-

493 3121 512 3158 ι
552 3105 785 3163 cendent
816 3115 871 3162 et
919 3107 1246 3164 comburent
1281 3123 1456 3176 arma,
1507 3109 1756 3182 clypeum
1808 3121 1860 3166 ct
1904 3109 2086 3166 hastas

500 3157 510 3158 ,
557 3157 785 3163 an"---
822 3157 870 3162 --
924 3157 1245 3164 -,----η.--,---
1281 3157 1456 3176 ψη,
1510 3157 1756 3182 Ἥρη...
1809 3157 1860 3166 υ.
1905 3157 2085 3166 πη..-

491 3217 510 3251 ε
547 3200 684 3272 (sive
713 3201 887 3270 peltas
919 3203 975 3256 et
1003 3201 1245 3272 contos),
1273 3207 1461 3258 arcum
1491 3213 1547 3260 et
1587 3206 1832 3274 sagittas,
1862 3197 2086 3262 bac'ulos
2113 3157 2157 3240 (ᾖ

490 3313 510 3348 ι
546 3311 799 3350 manuum
825 3293 1012 3367 (Vulg.
1041 3295 1296 3369 manus]:
1325 3291 1378 3352 et
1409 3303 1601 3353 cautos
1620 3299 1759 3372 (sive
1789 3299 2032 3372 lanceas)
2069 3318 2082 3355 :

491 3399 510 3441 ἁ
550 3397 604 3445 et
635 3385 969 3445 succende'nt
997 3401 1060 3446 ea
1108 3389 1224 3462 igni
1259 3395 1468 3462 septem
1499 3391 1676 3447 annis.
1727 3393 1791 3448 Et
1822 3409 1927 3448 non
1963 3403 2085 3463 por-

491 3482 744 3552 «‘tabuut
787 3483 927 3552 (sive
982 3497 1090 3537 non
1141 3488 1447 3554 assumeut)
1476 3481 1621 3556 ligna
1664 3477 1730 3540 de
1775 3487 2082 3557 trgionib‘ds

490 3593 509 3627 ι
549 3575 686 3648 (sive
710 3576 773 3630 de
793 3575 1049 3646 campis),
1074 3591 1248 3647 neque
1268 3576 1551 3632 succident
1569 3579 1635 3634 de
1665 3580 1922 3636 Saltibus:
1951 3597 2084 3652 quo-

491 3683 511 3720 ι
550 3668 694 3722 niam
745 3677 893 3722 arma
956 3669 1288 3723 succendent
1321 3669 1474 3741 igni,
1526 3679 1581 3726 et
1620 3671 2082 3740 deprtcdalmntur

489 3775 508 3810 ι
547 3763 640 3814 eos
665 3759 863 3825 quibus
887 3759 1084 3827 prtedm
1119 3761 1328 3813 fuerant
1363 3771 1377 3824 ;
1407 3769 1462 3815 et
1492 3761 1748 3832 diripient
1779 3767 2082 3819 vastatores

490 3867 508 3901 ι
546 3865 697 3915 suos,
748 3852 822 3904 ait
858 3851 1117 3905 Dominus
1154 3839 1314 3907 Deus.
1349 3851 1418 3906 Et
1444 3851 1548 3908 crit
1580 3853 1631 3909 ili
1685 3856 1772 3911 die
1803 3857 1914 3920 illa,
1941 3849 2080 3913 dabo

491 3960 510 3996 ι
549 3942 665 4014 Gog
694 3944 872 3998 locum
906 3946 1242 3999 nominatum
1291 3949 1598 4018 sepulcrdm
1642 3945 1694 4004 lii
1730 3947 1891 4006 Israel
1920 3968 1932 4012 ;
1967 3951 2082 4007 val-

491 4051 509 4084 ι
551 4034 654 4088 lem
706 4033 971 4089 viatorum
1030 4036 1095 4089 ad
1134 4033 1409 4092 Urieittem
1446 4041 1634 4102 maris,
1669 4058 1789 4109 qua:
1821 4041 2078 4112 obstupe-

486 4143 505 4175 ι
537 4139 690 4180 scere
721 4125 848 4180 facit
867 4124 1050 4198 [γαίῃ.
1075 4127 1258 4201 faciet]
1280 4135 1670 4200 prictcrcmites
1700 4135 1838 4202 (sive
1860 4137 2080 4192 πολυάν-

487 4238 506 4272 ι
550 4221 688 4298 δριον
715 4225 904 4276 eorum
934 4223 1022 4292 qui
1055 4223 1304 4279 venerint
1346 4225 1410 4279 ad
1442 4235 1616 4292 mare,
1645 4235 1697 4283 et
1727 4223 2078 4287 :cditicabunt

484 4317 504 4365 ι
542 4327 640 4383 per
682 4314 966 4369 circuitum
999 4317 1060 4370 tis
1087 4316 1283 4383 Vallis;
1334 4327 1388 4373 et
1435 4317 1700 4390 scpelie'nt
1756 4321 1826 4376 ibi
1883 4325 1998 4395 Gog
2023 4325 2079 4381 et

485 4424 504 4458 ι
541 4421 758 4462 omnem
816 4409 1221 4464 multitudinem
1283 4411 1442 4480 ejus;
1493 4424 1545 4468 et
1599 4415 1886 4471 vocabitur
1919 4417 2075 4474 vallis

488 4521 507 4554 ι
543 4503 685 4572 (sive
711 4517 776 4558 ce
805 4505 940 4574 tiu)
987 4503 1350 4560 multitudinis
1391 4506 1527 4576 Gog.
1581 4505 1645 4564 Et
1681 4511 1944 4580 sepelierit
1979 4527 2073 4568 cos

483 4612 500 4645 ι
535 4593 733 4649 domus
758 4595 950 4663 Israel,
972 4605 1030 4650 ut
1063 4595 1332 4651 mnttdent
1364 4605 1568 4654 terram
1593 4601 1732 4671 (sive
1763 4603 1819 4658 ιιι
1844 4595 2073 4661 munde-

481 4707 500 4740 ι
542 4699 628 4742 tur
662 4689 827 4757 terra)
881 4699 1090 4757 ειιιιιειιι
1126 4692 1424 4747 mensibus.
1455 4693 1699 4765 Sepeliet
1744 4707 1922 4753 autem
1977 4709 2071 4756 eos

479 4799 498 4833 ι
537 4779 727 4854 (Vulg.
759 4791 888 4834 tacet
938 4779 1056 4852 eos]
1088 4784 1263 4837 munis
1296 4786 1526 4855 populiis
1565 4791 1745 4855 terra',
1774 4801 1827 4846 et
1861 4797 1964 4847 erit
1987 4793 2066 4849 eis

479 4885 498 4926 ι
539 4873 813 4928 nominata
843 4873 983 4939 dies,
1022 4877 1074 4928 in
1108 4889 1209 4945 qua
1245 4879 1577 4948 glorilicatus
1621 4895 1760 4950 sum,
1789 4887 1864 4939 ait
1893 4885 2068 4941 Domi.

477 4985 495 5018 ι
534 4973 636 5021 n‘us
668 4966 830 5019 Deus.
870 4967 935 5020 Et
963 4967 1108 5023 'vi'ros
1153 4969 1348 5040 iugiter
1370 4974 1725 5040 constituent,
1771 4977 2063 5038 luSIrautes

471 5076 490 5110 ι
529 5058 667 5130 (sive
695 5061 1118 5130 circumeuntes)
1150 5071 1372 5131 terram,
1423 5067 1514 5135 qui
1569 5070 1856 5138 sepeliuit,
1888 5079 1936 5126 et
1967 5089 2053 5128 re;

467 5168 488 5204 ι
522 5149 878 5221 quiranteos,
914 5152 1007 5220 qui
1037 5157 1402 5212 retttanset-int
1429 5157 1617 5231 (Vulg.
1657 5166 2053 5239 remanserant]

468 5259 487 5292 ε
523 5257 690 5309 super
716 5242 906 5296 faciem
936 5252 1116 5311 terrae,
1143 5257 1195 5299 ut
1231 5252 1524 5305 emttnileht
1555 5268 1670 5308 eam
1699 5271 1711 5308 :
1745 5265 1866 5326 post
1895 5263 2050 5313 meti-

465 5350 484 5383 ι
527 5345 613 5388 ses
644 5344 825 5388 autem
885 5345 1097 5403 septem
1145 5345 1393 5408 qna-rure
1443 5333 1721 5414 incipient.
1757 5348 1820 5402 Et
1851 5350 2052 5406 circui-

462 5439 480 5473 ι
523 5423 656 5479 bunt
678 5435 1034 5496 peragrantes
1063 5438 1265 5486 tct'ratn
1294 5451 1305 5485 :
1335 5443 1569 5505 'cumque
1595 5439 1831 5495 Viderth
1859 5455 1921 5496 os
1949 5444 2049 5500 I'I'ti-

479 5575 745 5666 h‘LI‘cucs
778 5581 1056 5666 Rabanum
1086 5587 1342 5666 educam:
1377 5590 1648 5647 Vicmrius
1668 5594 1931 5666 seducam,
1969 5601 2034 5656 ad

457 5643 695 5727 Vulgata:
717 5653 1022 5727 exemplum
1062 5661 1317 5727 praetulit.

517 5716 764 5803 hIterum
797 5716 1014 5803 _V_i_i:tor.
1062 5716 1142 5803 'ad
1198 5731 1475 5802 Vulgatam
1523 5735 1729 5803 reﬁxit,
1770 5739 1835 5794 “de
1882 5747 2039 5798 rita'nu

441 5788 627 5845 dextra
653 5801 744 5848 tua
772 5796 1037 5866 dejiciam.
1064 5801 1236 5869 Super
1277 5788 1477 5861 montes
1516 5788 1862 5869 [undet—cach

2102 4549 2153 4632 υ

2196 1891 2478 1948 hominum
2513 1894 2582 1950 sit
2611 1895 2844 1965 sepulta.
2880 1893 3100 1965 Septem
3142 1906 3322 1950 autem
3358 1895 3634 1950 mensibus
3665 1899 3796 1950 eum

2190 1987 2567 2057 sepeliendmn
2597 2005 2624 2041 a
2652 1983 2817 2043 domo
2845 1989 3040 2058 Israel,
3074 1997 3133 2044 u't
3185 2000 3331 2045 terra
3366 1989 3660 2044 mitndetur
3694 2008 3704 2042 :
3741 1981 3802 2044 et

2191 2077 2450 2152 inclytam
2479 2079 2714 2134 futuram
2743 2081 2915 2150 diem,
2941 2079 3160 2152 quando
3190 2081 3517 2137 interfectus
3551 2084 3621 2135 sit
3651 2081 3796 2153 Gog,

2191 2173 2717 2244 constitttendosque
2764 2177 2852 2243 qui
2916 2189 3039 2230 ossa
3089 2167 3381 2246 diligenter
3415 2177 3695 2244 inqttirant
3744 2182 3806 2231 et

2192 2263 2485 2333 s'cpeliant,
2521 2280 2631 2332 quo
2660 2265 2777 2320 scili
2802 2275 2868 2321 -et
2905 2259 3042 2321 nihil
3072 2265 3122 2321 in
3153 2273 3294 2322 terra
3344 2273 3622 2324 remaneat
3648 2269 3806 2325 inse-

2192 2351 2423 2426 pultum.
2449 2356 2580 2411 Post
2635 2365 2850 2413 nteu~rs
2897 2367 3102 2424 autent,
3137 2357 3256 2415 siVe
3288 2358 3339 2414 in
3394 2361 3676 2416 mensibus
3707 2378 3802 2417 se—

2195 2449 2339 2517 ptem
2399 2451 2794 2522 peragrandam
2845 2457 3085 2519 terram;
3124 2461 3179 2510 et
3231 2445 3403 2510 sicubi
3454 2471 3516 2511 os
3557 2445 3805 2514 hominis

2186 2545 2374 2615 jacere
2429 2545 2846 2616 perspexeriut,
2901 2539 3062 2604 tllulo
3115 2566 3281 2620 prope
3336 2553 3514 2619 posito
3563 2551 3804 2607 deruun-

2190 2637 2493 2704 strandum,
2531 2647 2588 2693 tit
2623 2649 2808 2709 postea
2857 2640 3124 2711 sepeliant
3157 2641 3312 2708 illud,
3350 2645 3440 2714 qui
3486 2644 3612 2700 huic
3641 2649 3806 2716 operi

2194 2732 2472 2803 praepositi
2515 2735 2694 2789 sunt:
2737 2751 2937 2792 nomen
2999 2741 3178 2794 autem
3233 2739 3474 2796 civitatis
3529 2744 3806 2812 appellari

2195 2827 2410 2892 Amano,
2435 2827 2979 2894 quccGrrecedicltttr
3008 2831 3368 2911 πολυάνδριον,
3397 2833 3498 2891 hoc
3521 2848 3598 2890 εει
3622 2879 3634 2902 ,
3662 2835 3807 2892 mul-

2195 2919 2358 2974 titudo
2391 2921 2656 2975 hominum
2681 2917 3042 2994 sepultorum,-
3071 2934 3124 2980 et
3155 2927 3235 2981 sic
3259 2937 3458 2982 terram
3487 2943 3609 2983 esse
3639 2945 3806 2984 mun-

2191 3009 2336 3064 dam.
2375 3011 2487 3065 Hoc
2536 3011 2614 3067 illi
2643 3009 2905 3070 diaeriut.
2937 3016 3044 3071 Nos
3088 3027 3272 3072 autem
3307 3023 3496 3090 cmptre
3530 3021 3805 3093 explana-

2195 3105 2358 3160 tionis
2388 3111 2606 3162 s'cnsttm
2660 3115 2930 3180 tenentes,
2967 3107 3178 3185 singula
3210 3131 3330 3184 qua:
3379 3117 3800 3188 proposuimus,

2191 3199 2545 3255 disseramus.
2605 3195 2779 3258 liabet
2820 3203 2935 3276 Gog
2967 3201 3017 3260 ei
3073 3207 3189 3277 ipse
3235 3210 3532 3265 trinitatem
3583 3225 3744 3266 suam
3787 3233 3799 3268 :

2193 3291 2318 3362 llos,
2353 3293 2591 3363 Mosoch,
2639 3307 2694 3351 ct
2755 3285 2958 3353 “iuba!
2987 3317 3006 3366 ,'
3055 3313 3230 3372 caput,
3257 3301 3530 3370 vidrlicct,
3558 3313 3612 3358 et
3643 3305 3801 3359 insa-

2191 3389 2361 3455 niam,
2394 3395 2448 3444 et
2502 3392 2772 3456 universo;
2805 3397 2861 3446 ut
2894 3393 3097 3448 iiulluiii
3131 3397 3200 3451 sit
3234 3398 3448 3466 vitium,
3488 3393 3634 3469 quod
3676 3417 3798 3456 non

2189 3479 2240 3535 in
2274 3481 2391 3553 Gug
2445 3484 2796 3551 po~sesslune
2844 3489 3130 3542 consistat.
3195 3488 3301 3543 Iste
3338 3491 3626 3558 educetur,
3672 3493 3801 3552 sive

2186 3573 2592 3645 circumagetur
2619 3617 2634 3643 ,
2671 3587 2723 3632 et
2778 3579 3085 3650 palpabitur
3118 3623 3132 3647 ,
3191 3581 3302 3637 sive
3357 3575 3647 3638 laetabitur
3680 3601 3692 3636 :
3733 3593 3800 3641 ut

2142 3731 2146 3740 Ι
2187 3672 2417 3736 Speraiis
2441 3667 2756 3734 victoriam,
2787 3669 3119 3727 occidendus
3167 3661 3392 3728 ducatur
3420 3673 3484 3730 ad
3514 3673 3796 3745 praelium.

2189 3759 2253 3816 Et
2286 3761 2546 3818 ascendet
2590 3764 2658 3819 de
2688 3765 2970 3832 lateribus,
3001 3769 3118 3822 sive
3151 3765 3217 3824 ile
3250 3759 3564 3825 novissimis
3609 3771 3798 3843 Aqui-

2186 3853 2347 3924 louls‘,
2375 3873 2577 3929 exquo
2601 3860 2971 3916 exardescmit
3018 3864 3158 3918 mala
3203 3871 3371 3934 super
3404 3883 3626 3923 omnem
3681 3879 3798 3924 ter-

2183 3961 2299 4006 ram
2328 3950 2545 4022 (larem.
2570 3953 2633 4025 ι).
2659 3949 2722 4008 lit
2752 3953 2820 4011 ab
2845 3969 2910 4010 eo
2955 3953 3072 4026 ipso
3103 3944 3405 4014 adducetur
3436 3959 3601 4029 super
3626 3975 3794 4016 mon-

2184 4049 2265 4100 tes
2297 4045 2461 4100 Israel
2502 4065 2512 4100 :
2545 4051 2681 4119 (luds
2711 4043 2991 4118 apostolos
3021 4059 3074 4104 et
3115 4051 3446 4121 apostolicos
3499 4055 3671 4122 viros,
3707 4057 3793 4111 at—

2181 4143 2288 4206 que
2320 4139 2727 4196 ecclesiasticos
2761 4143 3067 4214 intelligere
3091 4143 3372 4207 debemus,
3404 4156 3459 4201 nt
3491 4159 3788 4219 postquam

2182 4229 2454 4286 adductbs
2501 4230 2665 4289 fuerit
2693 4233 2759 4289 ad
2804 4245 3016 4292 montes
3046 4239 3236 4303 Israel,
3274 4249 3399 4294 tunc
3447 4246 3791 4310 perciitiatur

2179 4327 2362 4389 arcus,
2387 4325 2475 4396 qui
2502 4331 2582 4382 est
2618 4329 2670 4382 in
2695 4343 2855 4383 manu
2888 4330 3108 4385 sinistra
3135 4331 3274 4401 ejus,
3305 4341 3358 4388 et
3389 4335 3624 4404 sagittm,
3655 4353 3784 4407 quac

2179 4433 2342 4472 manu
2377 4423 2631 4476 tenentur
2677 4421 2922 4477 dextera.
2959 4424 3024 4478 Et
3073 4423 3191 4494 ipsc
3218 4426 3367 4480 enith
3417 4427 3666 4482 imitatur
3710 4423 3782 4483 λι

2181 4511 2588 4568 interﬁciendos
2615 4519 2709 4571 eos
2739 4527 2873 4585 quos
2900 4515 3200 4589 deceperit,
3230 4511 3431 4575 lialicre
3454 4538 3602 4576 arma
3635 4541 3664 4575 ιι
3702 4525 3782 4578 si-

2179 4606 2365 4661 nistris
2395 4616 2449 4662 et
2471 4605 2697 4675 dextris,
2732 4621 2826 4679 per
2855 4607 3054 4666 bonam
3085 4623 3138 4668 et
3173 4614 3371 4668 malam
3397 4613 3617 4670 famam.
3647 4615 3779 4673 [sue

2172 4702 2379 4770 sagittae
2411 4703 2554 4766 sunt,
2584 4714 2639 4758 et
2678 4702 3008 4774 haecjacula.
3044 4703 3111 4762 de
3150 4707 3344 4777 quibus
3392 4718 3446 4763 et
3474 4707 3773 4766 Psalmista

2170 4795 2414 4865 loquitur
2459 4817 2470 4852 :
2527 4797 2667 4854 Ecce
2729 4797 2872 4855 enim
2919 4810 3235 4872 peccatores
3287 4803 3636 4859 intcndct'unt
3683 4825 3782 4862 aro

2166 4895 2288 4943 cum
2337 4909 2352 4945 :
2397 4903 2726 4960 paraverunt
2773 4897 2999 4965 sagittas
3043 4909 3168 4950 suas
3201 4899 3251 4950 in
3295 4895 3655 4965 pharetra,ut
3685 4917 3781 4954 sa-

2165 4982 2363 5050 gittent
2424 4983 2476 5038 in
2520 4981 2758 5040 obscuro
2815 4997 2992 5042 rectus
3037 4986 3200 5043 corde
3258 4988 3375 5060 (Ps.
3421 4990 3579 5061 Li).
3634 4989 3779 5060 Qua:
3875 5043 3878 5046 .

2167 5075 2330 5145 ignita
2363 5075 2568 5134 diaboli
2615 5082 2790 5147 iacula
2840 5089 2994 5138 scuto
3029 5081 3152 5137 liilci
3199 5085 3584 5154 restinguenda
3635 5091 3777 5142 sunt

2166 5170 2383 5242 (Ephes.
2428 5169 2520 5245 vr).
2551 5173 2850 5246 Dujicietur
2897 5187 3100 5244 autem,
3155 5179 3266 5234 sive
3310 5177 3466 5234 cadet
3495 5179 3632 5250 (Iug,
3666 5175 3771 5252 qui

2161 5267 2484 5323 ascehdtarat
2535 5271 2698 5340 super
2753 5281 2961 5327 montes
2995 5261 3186 5337 Israel,
3231 5274 3283 5326 in
3316 5273 3446 5342 ipsis
3479 5275 3769 5330 montibus

2157 5373 2276 5414 cum
2336 5363 2485 5418 omhi
2533 5367 2776 5421 exercitu
2832 5381 2932 5422 suo
2962 5365 3283 5437 cunctisque
3329 5361 3768 5438 agminibus;et

2156 5453 2258 5508 erit
2287 5453 2342 5510 in
2375 5471 2556 5513 escam
2590 5449 2745 5526 lc'rls,
2778 5463 3001 5524 avibus,
3031 5461 3392 5535 omnibusque
3439 5461 3765 5518 volatilibus

2147 5612 2317 5667 omnia
2334 5617 2543 5692 agmini!
2578 5628 2687 5680 tua,
2720 5627 2771 5692 et
2799 5620 2984 5689 populi
3015 5621 3090 5674 tm'
3117 5621 3259 5689 (sive
3298 5619 3498 5692 gentes)
3527 5620 3618 5691 qui
3667 5629 3758 5673 (e-

2151 5699 2271 5762 cum
2321 5697 2462 5740 sunt.
2501 5687 2564 5741 Et
2609 5690 2770 5758 paulo
2802 5687 2939 5762 pust
2970 5734 2983 5756 ,
3023 5687 3322 5762 (immittam
3355 5710 3452 5762 pro
3482 5687 3752 5746 "ciuilium.

2149 5755 2485 5828 Sitﬂ‘ragatnr
2517 5753 2652 5816 Ver'o
2675 5773 2725 5816 et
2750 5753 3069 5818 subnexus.
3094 5753 3335 5821 doctoris
3355 5753 3664 5833 'e‘Xpositio.
