4108 6338
423 229 527 289 367

1683 223 1741 282 S.
1783 220 2060 283 EUSEBII
2099 221 2483 282 IIIERONYMI

3626 228 3733 287 368

422 362 616 403 vorum
640 341 855 403 Domini
885 342 1113 400 victoria
1145 351 1249 409 est,
1293 351 1348 401 et
1371 345 1557 415 jacent
1595 342 1924 410 adversarii,
1960 352 2015 397 et
2041 346 2097 408 Α
2122 357 2241 397 mus
2266 343 2422 413 juxta
2453 341 2737 411 llebrteos,
2770 350 2819 398 et
2846 342 3168 418 congregabo
3205 360 3292 401 eos
3323 360 3482 417 super
3530 352 3721 400 tetram

426 443 606 497 omnis
651 439 995 495 inimicorum
1019 439 1139 509 ejus
1170 438 1457 494 multitudo
1477 445 1744 509 prostrata
1774 447 1880 505 est,
1915 450 2007 507 ap-

421 534 709 607 pellabitur
742 550 950 600 amona,
1004 533 1118 589 sive
1164 532 1568 605 polyandrion:
1621 541 1680 587 ut
1725 531 1850 586 finis
1899 547 2017 587 om-

418 626 590 689 nium,
649 625 924 681 restitutio
979 626 1232 695 puritatis
1281 627 1373 681 sit.
1424 625 1669 696 Denique
1719 625 2012 695 sequitur:

417 717 489 772 Et
518 717 837 772 inundnbunt
870 728 1057 773 terram
1083 736 1102 786 ;
1134 718 1276 774 haud
1305 718 1526 773 dubium
1555 718 1687 789 quin
1722 717 1774 772 hi
1800 717 1866 772 de
1897 717 2017 789 qui-

415 810 519 866 bus
550 825 710 881 supra
736 810 997 882 seriptum
1029 819 1146 867 est:
1180 812 1421 878 Quwrere
1443 811 1715 880 incipient,
1751 819 1797 864 et
1823 810 2017 864 circui-

420 889 543 957 bunt
571 914 901 976 peragrantes
939 915 1152 959 terram.

492 1016 674 1091 (Vers.
711 1019 777 1072 17
811 1017 996 1090 seqq.)
1049 1036 1067 1070 ι
1114 1018 1196 1074 Tu
1246 1033 1399 1090 ergo,
1454 1018 1524 1072 tili
1584 1017 1843 1084 hominis,
1900 1016 2016 1071 haec

422 1128 445 1162 ς
490 1111 622 1167 dicit
651 1111 908 1167 Dominus
936 1111 1077 1166 Deus
1113 1130 1126 1165 :
1167 1110 1254 1166 dic
1276 1111 1421 1165 omni
1447 1110 1675 1177 volucri,
1712 1118 1766 1164 et
1791 1107 2015 1163 univer-

424 1228 444 1263 ‹
490 1210 567 1265 sis
590 1209 807 1276 avibus,
837 1210 1160 1279 eunetisque
1207 1208 1401 1264 bestiis
1440 1207 1555 1278 agri
1590 1206 1731 1278 (sive
1761 1203 1967 1275 campi)
1999 1222 2012 1259 :

423 1320 444 1354 ι
492 1302 796 1358 Convenitc
869 1314 922 1356 et
978 1312 1268 1372 properate
1333 1318 1347 1353 :
1396 1297 1710 1356 concurrite
1774 1296 2016 1368 undique

422 1414 443 1447 ι
490 1396 629 1469 (sive
663 1412 761 1466 per
783 1395 1092 1468 circuitum)
1120 1396 1186 1451 ad
1218 1396 1494 1451 victimam
1522 1410 1695 1450 meam
1719 1408 1883 1465 quam
1913 1406 2016 1463 ego

422 1509 443 1543 ι
491 1490 763 1545 immolavi
791 1489 980 1565 [Vulg.
998 1488 1240 1562 immolo]
1267 1489 1442 1556 vobis,
1463 1488 1738 1544 victimam
1755 1486 2014 1558 grandem

420 1602 440 1634 ι
488 1598 651 1653 super
674 1590 886 1637 montes
912 1580 1098 1654 [Vulg.
1127 1580 1604 1653 montem]lsrael,
1640 1577 2017 1635 utcomedatis

420 1693 440 1726 ι
485 1689 741 1742 carnem,
797 1682 853 1728 et
904 1671 1099 1729 bibatis
1146 1674 1494 1743 sanguinem.
1536 1671 1743 1725 Carnes
1793 1668 2013 1723 fortium

2120 454 2289 508 suam,
2335 448 2384 493 et
2428 455 2532 493 non
2577 438 2934 511 derelinquam
2980 456 3285 511 quemquam
3326 456 3390 494 ea:
3429 439 3501 493 eis
3548 438 3637 504 ibi,
3676 438 3730 494 in

2122 529 2265 586 LXX
2293 546 2400 586 non
2425 531 2674 587 habetur.
2709 532 3079 603 Rursumque,
3112 533 3432 604 quodjuxta
3463 531 3728 587 llebraeos

2121 640 2222 695 pro
2249 625 2637 681 benedictione
2664 625 2715 680 in
2749 624 2947 682 ultimo
2979 628 3227 696 ponitur,
3258 642 3315 680 eo
3351 625 3492 697 quod
3533 622 3732 692 r/fude-

2121 717 2219 771 rint
2266 718 2511 787 spiritum
2560 733 2752 787 meum,
2790 717 2935 773 LXX
2988 718 3416 787 transtulerunt,
3461 717 3729 786 furorem,

2120 815 2212 884 qui
2267 814 2333 867 ad
2382 815 2518 869 iram
2569 815 2829 885 pertinet,
2885 816 3193 885 praesertim
3246 829 3366 868 cum
3417 812 3470 867 in
3504 812 3732 867 llebrzeo

2127 922 2254 962 nunt
2289 906 2462 977 (tm?)
2497 908 2731 977 positum
2757 908 2828 963 sit
2864 925 2876 961 :
2908 908 3053 979 quod
3092 906 3317 977 prolirie
3350 915 3530 971 sonat,
3575 903 3733 975 spiri—

2119 1008 2227 1052 tum
2256 1015 2447 1067 meum,
2480 1011 2532 1055 et
2557 1016 2900 1072 nequaquam
2928 1001 3162 1072 furorem
3194 1015 3381 1053 meum.
3411 997 3605 1053 Omnia
3636 1011 3733 1050 au-

2125 1101 2233 1148 tem
2278 1108 2448 1163 usque
2477 1092 2545 1148 ad
2593 1108 2716 1148 eum
2767 1095 2972 1162 locum,
3018 1094 3070 1149 in
3122 1108 3233 1164 quo
3264 1092 3513 1148 succedit
3546 1090 3734 1161 templi

2118 1186 2427 1254 aedificatio,
2466 1188 2521 1241 hi
2552 1202 2689 1258 quos
2733 1203 2899 1259 supra
2927 1187 3171 1243 diximus
3220 1187 3465 1253 Judaaos,
3495 1195 3550 1241 et
3596 1199 3727 1240 nos-

2122 1288 2234 1334 tros
2257 1278 2599 1348 judaizantes
2624 1278 2693 1334 ad
2724 1279 2979 1335 ultimum
3012 1288 3227 1351 tempus
3257 1279 3508 1334 referunt
3538 1296 3550 1333 :
3583 1274 3731 1348 quod

2119 1373 2374 1428 carnibus
2418 1373 2535 1444 GOg
2567 1375 2863 1445 cunctique
2891 1375 3013 1445 ejus
3044 1375 3348 1443 exercitus,
3397 1373 3556 1444 quasi
3605 1373 3731 1442 pin-

2121 1465 2398 1537 guissimis
2435 1467 2636 1523 hostiis
2664 1469 2919 1523 volucres
2959 1467 3260 1537 bestiaeque
3290 1465 3456 1542 459
3486 1476 3738 1522 εθιιιτεηο

2121 1562 2207 1617 dae
2234 1562 2347 1618 sint
2378 1581 2392 1619 :
2423 1571 2479 1619 et
2526 1564 2846 1619 restituatur
2874 1564 3041 1619 Israel
3088 1565 3141 1619 in
3172 1565 3464 1634 pristinum
3507 1571 3735 1630 statum,

2121 1665 2178 1711 et
2211 1672 2558 1728 nequaquam
2589 1656 2730 1712 ultra
2764 1673 2793 1711 a
2820 1657 3077 1728 gentibus
3107 1665 3468 1727 expugnetur,
3503 1654 3599 1711 sed
3650 1653 3735 1711 ef-

418 1785 440 1819 ι
487 1766 625 1840 (sive
652 1765 978 1838 gigantium)
1008 1766 1325 1832 enmedetis,
1357 1774 1413 1820 et
1456 1764 1778 1836 sanguinem
1810 1760 2013 1833 princi-

2126 1751 2313 1807 fundat
2338 1752 2591 1823 spiritum
2639 1767 2796 1808 suum
2846 1768 3017 1823 super
3048 1767 3143 1807 eos
3191 1752 3356 1820 Deus,
3388 1761 3449 1807 ut
3490 1750 3739 1807 habitent

424 1879 443 1911 ι
493 1875 619 1931 pum
652 1869 812 1914 terra:
853 1858 1050 1913 bibatis
1084 1876 1095 1911 :
1142 1859 1395 1925 arietum,
1429 1871 1718 1928 agnorum,
1749 1862 1806 1910 et
1836 1852 2015 1908 hirco-

418 1972 438 2006 ι
485 1970 628 2019 rum,
661 1960 1058 2025 taurorumque
1084 1953 1316 2008 altilium
1344 1961 1400 2006 et
1426 1949 1707 2021 pinguium
1744 1946 2010 2003 omnium.

414 2066 435 2101 ί
485 2049 549 2103 Et
578 2048 885 2105 comedetis
912 2047 1129 2118 adipem
1160 2048 1216 2100 in
1241 2044 1547 2112 saturitate,
1579 2052 1635 2098 et
1666 2040 1865 2096 bibctis
1889 2054 2016 2095 san-

414 2162 435 2196 t
479 2143 697 2216 guinem
730 2144 783 2199 in
808 2144 1097 2207 ebrietate,
1128 2140 1196 2197 de
1227 2140 1449 2195 victima
1477 2153 1641 2209 quam
1674 2151 1776 2207 ego
1805 2136 2016 2191 immo—

416 2254 436 2287 ι
484 2235 588 2290 lavi
613 2233 799 2308 [Vulg.
834 2231 1150 2305 immolabo]
1188 2232 1364 2288 vobis.
1401 2231 1465 2286 Et
1495 2227 1876 2285 saturabimini
1922 2242 2015 2281 su-

414 2349 435 2384 c
485 2348 581 2403 per
611 2346 856 2386 mensam
885 2343 1064 2386 meam
1090 2327 1159 2383 de
1213 2340 1375 2397 equo,
1431 2333 1486 2380 et
1530 2324 1598 2379 de
1645 2322 1831 2393 equite
1887 2319 2016 2375 forti

414 2445 435 2479 ‹
487 2427 626 2500 (sive
655 2424 897 2498 gigante)
933 2441 947 2477 :
973 2422 1117 2479 etde
1147 2419 1417 2477 universis
1437 2418 1572 2474 viris
1595 2416 1762 2489 5.58
1787 2414 2016 2471 bellato-

417 2540 437 2573 ι
483 2520 656 2585 ribus,
685 2520 762 2573 ait
803 2516 1067 2571 Dominus
1115 2514 1281 2569 Deus.
1316 2513 1383 2569 Et
1426 2527 1625 2583 ponam
1670 2509 1813 2582 (sive
1851 2506 2017 2580 dabo)

417 2633 438 2668 ι
485 2614 718 2686 gloriam
753 2626 931 2667 meam
964 2609 1017 2665 in
1042 2608 1298 2681 gentibus
1329 2607 1471 2679 (sive
1504 2607 1558 2660 in
1585 2602 1766 2674 vobis)
1804 2621 1816 2659 :
1848 2610 1905 2659 et
1933 2602 2015 2656 vi-

416 2727 437 2762 ι
483 2707 692 2763 debunt
724 2720 918 2760 omnes
945 2712 1136 2773 gentes
1164 2699 1433 2773 judicium
1478 2713 1663 2753 meum
1694 2694 1838 2766 quod
1869 2694 2013 2750 fece-

418 2821 439 2855 ι
489 2803 623 2869 rim,
661 2812 717 2857 et
758 2814 980 2855 manum
1033 2812 1209 2853 meam
1255 2810 1417 2866 quam
1448 2790 1725 2864 posuerim
1760 2790 1898 2862 (sive
1930 2789 2017 2843 in-

424 2915 443 2948 ‹
490 2892 766 2964 duxerim)
796 2907 963 2962 super
991 2905 1108 2946 eos.
1145 2889 1213 2944 Et
1240 2888 1416 2943 scient
1445 2886 1639 2941 domus
1670 2883 1861 2950 Israel,
1894 2881 2020 2952 quia

418 3006 440 3041 ι
486 3003 586 3058 ego
619 3002 743 3043 sum
776 2984 1042 3040 Dominus
1068 2983 1212 3038 Deus
1245 2996 1441 3038 eorum
1474 2995 1502 3033 a
1535 2978 1623 3035 die
1654 2977 1743 3032 illa
1775 2984 1830 3032 et
1857 2975 2017 3032 dein—

423 3102 445 3137 t
491 3097 639 3153 ceps.
674 3081 743 3136 Et
771 3081 949 3137 scient
979 3094 1168 3136 omnes
1205 3076 1393 3151 [ναις.
1425 3084 1557 3129 tacet
1588 3072 1799 3145 omnes]
1828 3080 2022 3144 gentes

2127 1844 2181 1900 in
2214 1854 2359 1901 terra
2391 1860 2485 1900 sua
2514 1864 2525 1899 :
2556 1861 2664 1900 non
2696 1860 2887 1901 omnes
2913 1854 3128 1915 gentes,
3168 1846 3266 1901 sed
3296 1845 3517 1916 proprie
3544 1845 3739 1901 domus

2122 1939 2316 1995 Israel.
2364 1940 2473 1996 Nos
2506 1947 2688 1996 autem
2721 1948 2955 2010 ereptam
2998 1938 3366 2010 tropologiam
3415 1948 3736 2010 sequentes,

2120 2031 2226 2088 hoc
2252 2031 2519 2099 dicemus,
2554 2032 2702 2104 quod
2730 2048 2924 2089 omnes
2949 2033 3201 2088 volucres
3225 2041 3281 2088 et
3309 2034 3597 2088 universas
3616 2032 3742 2088 bes-

2121 2110 2226 2181 tias
2267 2137 2535 2183 convocet
2584 2127 2869 2195 Dominus,
2917 2139 2978 2182 ut
3012 2127 3193 2182 tradat
3239 2129 3319 2184 eis
3353 2128 3738 2184 hart‘eticorum

2120 2220 2422 2291 principes,
2450 2221 2607 2291 quasi
2658 2221 3048 2293 pinguissimas
3082 2222 3312 2292 hostias,
3361 2223 3734 2279 devorandos.

2118 2309 2388 2368 Volucres
2417 2323 2600 2369 autem
2650 2322 2704 2369 et
2754 2315 2966 2382 bestiae,
2998 2315 3086 2370 vel
3134 2325 3361 2386 propter
3390 2317 3739 2373 celeritatem

2120 2406 2175 2461 in
2204 2407 2389 2463 omnia
2416 2407 2799 2477 discurrendi,
2832 2409 2926 2465 vel
2957 2418 3184 2480 propter
3212 2409 3486 2465 feritatem
3533 2419 3589 2465 et
3614 2426 3742 2466 cru-

2122 2500 2411 2557 delitatem
2443 2501 2823 2573 appellantur,
2856 2502 3053 2572 quibus
3099 2500 3393 2557 traduntur
3438 2501 3740 2559 adversarii

2119 2596 2173 2651 in
2196 2595 2481 2652 interitum
2504 2597 2709 2665 carnis,
2739 2607 2798 2652 nt
2826 2595 3056 2667 spiritus
3086 2596 3272 2652 salvus
3302 2596 3418 2665 ﬁat,
3443 2607 3496 2653 et
3520 2596 3739 2654 discant

2119 2704 2231 2745 non
2258 2689 2634 2758 blaSphemare
2666 2689 2709 2760 (I
2737 2688 2876 2747 Tim.
2908 2690 2972 2761 ι).
2999 2688 3307 2745 Comedent
3341 2701 3522 2746 autem
3565 2707 3733 2762 gran—

2121 2781 2241 2838 dem
2271 2790 2326 2838 et
2353 2782 2768 2854 pingnissimam
2796 2783 3234 2849 victimam;non
3263 2783 3416 2851 alibi,
3444 2782 3541 2839 sed
3572 2798 3738 2854 super

2122 2886 2335 2932 montes
2363 2874 2557 2943 Israel,
2589 2892 2727 2948 quos
2748 2876 3047 2948 prophetas
3074 2886 3129 2933 et
3157 2878 3456 2948 apostolos,
3481 2888 3537 2935 et
3572 2894 3736 2935 sanc-

2122 2981 2207 3027 tos
2238 2972 2389 3026 viros
2417 2972 2731 3043 intelligere
2761 2972 3050 3028 debemus.
3097 2971 3153 3026 In
3199 2972 3310 3029 illis
3338 2974 3487 3029 enim
3519 2983 3736 3031 contra-

2123 3064 2336 3120 riorum
2360 3065 2673 3135 dogmatum
2697 3065 2944 3136 magistri
2972 3075 3265 3137 corruunt,
3287 3077 3342 3123 et
3363 3068 3431 3124 ab
3452 3069 3586 3140 ipsis
3612 3086 3737 3140 per-

420 3195 441 3229 σ
488 3150 747 3247 quoniam
796 3182 821 3211 ει
863 3182 1085 3244 propter
1117 3150 1428 3240 iniquitates
1459 3182 1589 3224 suas
1628 3175 1782 3238 capta
1815 3164 1889 3219 sit
1917 3164 2013 3221 do-
2039 3150 2087 3214 C
2118 3167 2250 3213 eunt
2275 3158 2580 3227 vulnerati,
2629 3175 2795 3231 super
2825 3175 2963 3231 quos
2994 3160 3305 3216 aedificatur
3340 3160 3587 3219 Ecclesia
3622 3181 3635 3219 :
3677 3170 3733 3219 et

418 3286 439 3319 ι
490 3281 609 3322 mus
636 3265 823 3334 Israel,
861 3280 927 3320 eo
953 3262 1097 3335 quod
1129 3261 1456 3331 reliquerint
1485 3274 1595 3326 me,
1625 3267 1680 3313 et
1701 3255 2013 3313 absconde-

418 3379 440 3414 ι
489 3362 589 3417 rim
621 3361 760 3433 (sive
794 3355 1115 3428 averterim)
1146 3354 1341 3410 faciem
1375 3369 1551 3410 meam
1580 3352 1650 3407 ab
1676 3351 1779 3424 eis,
1821 3360 1875 3405 et
1907 3359 2014 3405 tra-

417 3472 441 3507 ε
488 3454 716 3510 diderim
760 3467 857 3510 eos
878 3453 933 3507 in
961 3466 1156 3506 manus
1183 3448 1422 3505 hostium
1478 3448 1617 3519 (sive
1662 3444 2011 3501 inimicorum

422 3566 442 3601 ι
491 3547 707 3619 eorum)
731 3559 787 3604 et
808 3545 1110 3603 ceciderint
1130 3546 1182 3599 in
1208 3544 1390 3615 gladio
1420 3541 1683 3598 universi.
1715 3540 1877 3597 Juxta
1912 3541 2014 3595 im-

418 3662 439 3697 c
488 3643 782 3700 munditias
806 3657 1000 3698 eorum
1028 3649 1084 3696 et
1111 3640 1320 3695 scelera
1365 3637 1505 3709 (sive
1540 3632 1885 3707 iniquitates)
1915 3650 2013 3690 eo-

418 3756 439 3791 ‹
490 3753 609 3792 rum
647 3736 753 3791 feci
798 3734 899 3800 eis,
947 3743 1001 3790 et
1050 3731 1311 3788 abscondi
1368 3730 1510 3800 (sive
1567 3728 1765 3797 averti)
1817 3726 2014 3782 faciem

421 3849 441 3882 ι
490 3844 665 3885 meam
719 3827 787 3883 ab
852 3827 982 3883 illis.
1035 3826 1331 3895 Propterea
1390 3824 1508 3879 haec
1566 3822 1697 3877 dicit
1753 3820 2014 3875 Dominus

422 3943 440 3976 ί
487 3924 631 3978 Deus
658 3940 672 3976 :
705 3921 858 3977 Nunc
879 3920 1134 3976 reducam
1164 3919 1534 3990 captivitatem
1562 3915 1749 3981 Iacob,
1775 3923 1830 3970 et
1852 3915 2013 3970 mise-

419 4041 440 4074 ι
490 4020 655 4075 rebor
681 4018 832 4074 omni
866 4016 1053 4072 domui
1080 4014 1243 4070 Israel
1281 4032 1293 4068 :
1322 4022 1377 4070 et
1405 4027 1680 4068 assumam
1709 4009 1886 4066 zelum
1916 4025 2014 4081 pro

422 4132 442 4165 ‹
490 4112 710 4167 nomine
763 4124 886 4165 meo
915 4117 1127 4172 sancto.
1180 4117 1236 4163 et
1290 4106 1580 4177 portabunt
1636 4104 2013 4161 confusionem

418 4224 439 4257 ι
494 4205 629 4277 (sive
654 4204 1034 4277 ignominiam)
1067 4217 1244 4266 suam,
1279 4209 1333 4256 et
1355 4215 1576 4256 omnem
1609 4199 2015 4272 praevaricatio-

421 4317 441 4353 ι
489 4311 635 4363 nem,
677 4311 781 4366 qua
813 4294 1151 4364 przevaricati
1183 4302 1308 4348 sunt
1338 4292 1392 4348 in
1433 4308 1543 4361 me,
1574 4308 1697 4348 cum
1726 4293 2013 4349 habitave-

420 4408 442 4443 ι
490 4389 599 4445 rint
621 4389 673 4443 in
706 4396 852 4443 terra
883 4402 978 4442 sua
1009 4385 1347 4443 confidenter
1373 4386 1512 4457 (sive
1549 4386 1599 4440 in
1628 4386 1811 4457 pace),
1841 4386 2015 4442 nemi-

421 4504 440 4537 ι
490 4499 615 4539 nem
655 4480 1031 4548 formidantes,
1051 4489 1104 4537 et
1125 4480 1394 4536 reduxere
1423 4494 1519 4534 eos
1541 4478 1608 4535 de
1634 4478 1847 4550 populis
1875 4478 2017 4552 (sive

2118 3264 2177 3311 ut
2202 3256 2387 3311 verius
2427 3256 2630 3323 dicam,
2686 3272 2856 3328 super
2888 3257 3158 3312 montium
3210 3268 3478 3324 montem,
3526 3257 3594 3313 de
3624 3273 3732 3328 quo

2116 3350 2287 3405 Isaias
2314 3351 2553 3422 loquitur
2598 3360 2652 3407 et
2683 3351 2937 3407 Michaeas
2974 3367 2987 3403 :
3032 3351 3251 3420 Venite,
3283 3351 3650 3408 ascendamus
3676 3351 3732 3406 in

2118 3453 2359 3501 montem
2397 3444 2633 3513 Domini,
2661 3454 2716 3501 et
2755 3446 2809 3500 in
2845 3445 3065 3501 domum
3094 3444 3195 3499 Dei
3224 3444 3414 3512 Jacob,
3440 3458 3495 3501 et
3521 3461 3736 3501 annun-

2120 3537 2275 3593 tiabit
2306 3538 2464 3594 nobis
2484 3540 2602 3594 vias
2628 3554 2754 3595 suas
2784 3541 2801 3608 (
2834 3537 2946 3593 Isa.
2973 3555 3041 3605 ιι,
3076 3540 3145 3605 5;
3174 3538 3343 3594 Mich.
3393 3556 3466 3608 IV,
3497 3524 3589 3614 2).'
3609 3540 3733 3596 Ista:

2117 3643 2300 3689 autem
2340 3648 2470 3688 aves
2521 3643 2577 3689 et
2621 3635 2740 3690 ista:
2777 3634 2971 3690 bestiae
3016 3634 3234 3690 celeres
3279 3644 3444 3707 atque
3475 3634 3732 3690 crudeles

2117 3729 2407 3785 comedent
2435 3744 2630 3786 carnes
2654 3739 2710 3787 et
2736 3730 2927 3786 bibent
2962 3731 3285 3802 sanguinem
3307 3773 3320 3799 ,
3352 3746 3472 3802 quae
3502 3746 3729 3802 regnum

2117 3823 2215 3879 Dei
2248 3825 2535 3894 possidere
2583 3841 2690 3881 non
2745 3834 3017 3896 possunt:
3070 3842 3264 3883 carnes
3318 3825 3565 3891 fortium,
3614 3826 3731 3882 sive

2116 3918 2438 3989 gigantium,
2468 3918 2560 3991 qui
2589 3928 2775 3975 contra
2820 3920 2915 3977 Dei
2956 3920 3241 3976 scientiam
3272 3920 3641 3988 rebellabant,
3675 3926 3732 3975 et

2117 4009 2440 4081 sanguinem
2490 4011 2819 4083 principum,
2869 4027 2978 4067 non
3009 4011 3160 4079 εαξη,
3194 4011 3290 4068 sed
3323 4021 3487 4066 terra:
3514 4010 3725 4076 bibent,

2119 4104 2210 4175 qui
2239 4114 2435 4160 cuncta
2472 4115 2688 4160 terrena
2720 4116 3023 4177 sapuerunt
3052 4122 3067 4161 :
3115 4104 3439 4176 sanguinem
3470 4105 3726 4170 arietum,

2119 4204 2175 4251 et
2222 4210 2509 4267 agnorum,
2544 4206 2601 4253 et
2645 4197 2954 4267 hircorum,
3009 4199 3123 4253 sive
3159 4198 3313 4268 juxta
3348 4197 3727 4269 Septuaginta,

2119 4287 2374 4356 arietum,
2406 4290 2733 4359 vitulorum,
2767 4300 2822 4347 et
2850 4290 3151 4359 hircorum,
3199 4300 3259 4345 ut
3288 4289 3388 4345 tria
3418 4290 3728 4361 significent

2121 4383 2438 4449 animantia,
2472 4400 2596 4455 qua:
2624 4385 2679 4440 in
2710 4384 2805 4441 Dei
2845 4385 3084 4442 victimis
3114 4385 3485 4441 immolantur.
3508 4384 3727 4441 Imitan-

2121 4489 2207 4537 tur
2236 4483 2381 4537 enim
2412 4491 2468 4537 et
2494 4482 2743 4538 haeretici
2761 4482 3195 4538 ecclesiasticam
3221 4481 3723 4548 mansuetudinem,

422 4596 442 4631 ι
491 4575 799 4648 gentibus);
834 4584 888 4631 et
922 4589 1329 4645 congregavero
1359 4574 1429 4629 de
1461 4573 1623 4628 terris
1671 4572 2013 4628 inimicorum
2040 4559 2095 4621 D
2118 4575 2216 4631 sed
2246 4575 2451 4631 oblatio
2479 4590 2667 4631 eorum
2699 4591 2803 4630 non
2828 4575 2882 4629 in
2916 4574 3011 4630 Dei
3041 4574 3276 4641 cultum,
3307 4573 3404 4630 sed
3434 4574 3491 4629 in
3521 4573 3726 4629 daemo-

423 4690 444 4723 ‹
493 4685 721 4726 suorum
749 4670 890 4738 (sive
918 4667 988 4724 de
1016 4667 1331 4739 regionibus
1359 4666 1655 4738 gentium),
1693 4670 1748 4723 et
1775 4666 2014 4722 sanctifi-

425 4783 445 4816 ι
494 4775 647 4820 catus
666 4763 825 4819 fuero
846 4762 903 4817 in
924 4762 1004 4818 eis
1026 4762 1080 4816 in
1100 4761 1273 4816 oculis
1294 4759 1437 4830 (sive
1462 4761 1513 4815 in
1544 4760 1868 4830 conspectu)
1890 4775 2020 4832 gen-

422 4875 443 4909 ι
491 4858 623 4912 tium
650 4856 1029 4926 plurimarum.
1074 4853 1142 4908 Et
1172 4852 1370 4918 scient,
1406 4851 1531 4922 quia
1562 4868 1661 4923 ego
1687 4868 1806 4907 sum
1840 4851 2019 4907 Domi-

419 4968 441 5003 ι
490 4967 591 5005 nus
617 4950 758 5004 Dens
776 4964 988 5014 eorum,
1017 4963 1138 5003 cum
1162 4947 1350 5019 [Vulg.
1370 4961 1434 5001 eo
1455 4946 1621 5018 quod]
1645 4945 2016 5001 transtulerim

419 5062 441 5097 ι
488 5059 581 5100 eos
613 5044 665 5098 in
694 5043 947 5097 nationes
978 5041 1118 5111 (sive
1144 5056 1267 5095 cum
1299 5055 1602 5112 apparuere
1642 5041 1722 5096 eis
1752 5041 1807 5096 in
1836 5040 2019 5111 genti-

420 5156 440 5190 ι
488 5136 648 5209 bus):
685 5144 741 5191 et
763 5149 1178 5205 congregavero
1206 5131 1389 5207 [Vulg.
1423 5133 1889 5206 congregaverim]
1917 5149 2012 5191 cos

419 5253 439 5285 ε
487 5247 653 5304 super
685 5241 885 5288 terram
934 5245 1110 5297 suam,
1153 5238 1208 5285 et
1237 5245 1348 5284 non
1394 5228 1778 5299 dereliquerim
1823 5245 2014 5299 quem-

416 5346 437 5380 ι
483 5341 643 5397 quam
674 5341 740 5379 ex
773 5324 850 5379 eis
878 5323 974 5378 ibi.
1000 5322 1068 5376 Et
1088 5337 1194 5377 non
1218 5321 1552 5378 abscondam
1583 5322 1723 5392 (sive
1744 5319 2011 5390 avertam)

417 5437 437 5471 ι
488 5419 628 5473 ultra
660 5417 854 5471 faciem
885 5429 1065 5470 meam
1096 5414 1164 5470 ab
1189 5414 1290 5479 eis,
1315 5430 1383 5470 eo
1415 5414 1556 5484 quod
1588 5412 1871 5468 eil‘nderim
1901 5414 2013 5482 spi-

414 5530 435 5565 ι
482 5511 644 5565 ritum
676 5508 818 5581 (sive
848 5506 1114 5579 furorem)
1145 5522 1324 5561 meum
1356 5521 1522 5576 super
1544 5520 1761 5561 omnem
1790 5505 2009 5559 domum

413 5624 434 5658 ι
484 5604 673 5669 Israel,
716 5603 795 5659 ait
835 5602 1098 5659 Dominus
1129 5602 1290 5657 Deus.
1331 5620 1349 5654 ›
1380 5599 1496 5655 Hoc
1528 5600 1672 5670 quod
1719 5600 2010 5655 transtuli-

2121 4683 2250 4723 num
2280 4668 2461 4723 cibum
2496 4668 2733 4738 proficit,
2765 4683 2889 4738 quae
2921 4677 3006 4723 est
3038 4666 3397 4739 pinguissima
3425 4667 3604 4725 hostia
3632 4682 3726 4724 eo-

2116 4777 2260 4826 rum,
2288 4771 2342 4819 et
2368 4763 2522 4833 quasi
2553 4761 2711 4831 adipe
2741 4771 3082 4830 saturantur,
3107 4772 3162 4818 et
3181 4763 3375 4819 bibunt
3401 4762 3724 4833 sanguinem

2117 4856 2477 4927 deceptorum
2510 4871 2681 4928 usque
2729 4857 2784 4911 in
2817 4857 3167 4914 ebrietatem.
3199 4856 3351 4914 Hanc
3395 4866 3582 4913 autem
3615 4858 3726 4915 vic-

2121 4950 2307 5004 limam
2360 4950 2504 5005 Deus
2553 4950 2800 5006 immolat
2849 4966 2947 5022 per
2992 4951 3395 5009 ecclesiasticos
3444 4952 3612 5019 viros,
3666 4959 3725 5008 ut

2120 5041 2473 5098 multitudine
2519 5042 2878 5114 deceptorum
2911 5056 3228 5102 saturentur
3256 5047 3500 5103 convivae
3550 5046 3719 5115 pessi.

2120 5137 2216 5204 mi,
2261 5146 2319 5193 et
2370 5137 2560 5194 bibant
2602 5155 2775 5211 usque
2830 5141 2898 5196 ad
2948 5141 3211 5197 vomitum
3265 5150 3319 5197 et
3372 5141 3716 5197 ebrietatem.

2114 5229 2342 5298 Quando
2373 5230 2575 5288 videris
2613 5243 2833 5290 sanctos
2861 5234 3037 5301 viros,
3070 5243 3125 5290 et
3168 5234 3470 5305 Scripturis
3515 5232 3717 5289 divinis

2113 5324 2359 5380 eruditos
2383 5334 2636 5384 truncare
2664 5345 2833 5399 equos
2864 5329 3249 5384 haereticorum
3279 5335 3335 5384 et
3362 5342 3712 5397 ascensores,

2110 5416 2180 5473 de
2209 5418 2408 5488 quibus
2431 5422 2695 5493 scriptum
2724 5431 2811 5478 est
2845 5440 2859 5477 :
2889 5422 3102 5492 Equum
3126 5431 3180 5476 et
3204 5436 3559 5478 ascensorem
3588 5436 3715 5493 pro-

2108 5512 2242 5581 jecit
2272 5514 2326 5568 in
2367 5531 2518 5572 mare
2569 5516 2769 5588 (Exod.
2821 5532 2919 5581 xv,
2984 5514 3062 5588 i),
3121 5524 3177 5572 et
3226 5530 3418 5573 omnes
3474 5515 3713 5573 rebelles

2113 5615 2170 5661 ct
2234 5607 2479 5679 gigantes
2537 5624 2637 5667 suo
2692 5624 2955 5665 mucrone
3010 5609 3354 5679 concidere,
3416 5618 3471 5665 et
3540 5624 3707 5665 cunc-

483 5727 509 5755 ⁸
548 5717 741 5773 Isthaec
769 5717 913 5774 LXX
935 5716 1102 5798 lectio
1128 5726 1245 5798 _est,
1278 5714 1362 5771 διὰ
1387 5718 1481 5798 ερς
1502 5716 1781 5798 enuptio-:5
1829 5717 2013 5798 ριῦτῶνς

2119 5719 2321 5781 abrteus
2372 5741 2504 5782 vero
2552 5726 2605 5780 in
2634 5725 2904 5796 iniquitate
2947 5742 3043 5782 sua
3073 5725 3275 5785 habet:
3319 5741 3491 5798 quare
3521 5725 3621 5783 hac
3654 5726 3709 5783 in

403 5801 612 5854 textum
644 5799 897 5861 recepta,
934 5789 1080 5843 illam
1111 5787 1177 5843 de
1207 5803 1361 5843 more
1392 5787 1665 5844 Victorius
1693 5787 1959 5845 eliminat.
