4108 6338
390 321 495 379 ⁸569

1072 319 1727 381 COMMENTABIORUM
1767 323 1832 381 IN
1872 323 2316 382 EZECHIELEM
2356 326 2487 385 LIB.
2535 330 2648 387 XII.
2691 332 2848 389 CAP.
2892 333 3007 389 XL.

3588 338 3696 394 370

383 446 567 493 torum
596 436 764 512 460
789 437 1113 494 bellatorum
1154 437 1279 493 falsi
1307 440 1544 496 nominis
1583 441 1827 497 scientiae
1858 457 1984 497 san-
2013 454 2064 516 Α
2091 451 2146 497 et
2179 440 2542 498 habitaverint
2564 443 2919 515 conﬁdenter,
2947 450 3061 504 sive
3091 448 3145 504 in
3176 464 3330 520 pace,
3359 464 3697 521 nequaquam

386 531 605 602 guinem
640 531 908 588 fundere:
946 544 1075 588 tunc
1106 534 1244 588 scito
1269 549 1511 589 mensam
1536 534 1752 591 Domini
1776 551 1993 608 praepa—

385 638 564 682 ratam
593 673 606 695 ,
662 637 719 683 ut
756 637 921 697 ponat
950 629 1178 699 gloriam
1210 645 1363 684 suam
1398 630 1451 686 in
1477 632 1688 689 cunctis
1716 635 1992 704 gentibus,

386 738 514 795 quae
549 724 697 779 illius
746 725 979 781 credunt
1020 725 1257 792 nomini,
1290 735 1343 780 et
1375 726 1683 799 intelligant
1728 728 1993 785 Ecclesiae

384 826 704 873 sanctorum
748 818 1202 888 illiusjudicium,
1253 820 1397 890 quod
1429 820 1658 876 fecerint
1699 838 1866 893 super
1895 823 1995 878 ad-

382 914 685 976 versarius,
715 922 768 968 et
798 928 1016 967 manum
1050 911 1243 969 fortem
1274 930 1373 984 qua
1405 930 1501 969 cos
1530 916 1859 985 percusserit
1894 934 1905 969 :
1940 926 1996 972 et

385 1006 565 1062 sciant
591 1005 789 1059 domus
829 1006 991 1061 Israel
1025 1015 1187 1077 atque
1217 1015 1576 1076 cognoscant,
1606 1007 1748 1077 quod
1779 1008 1894 1076 ipse
1923 1009 1997 1064 sit

386 1096 655 1153 Dominus
674 1098 814 1154 Deus
838 1114 1048 1165 eorum,
1080 1100 1173 1170 qui
1203 1099 1417 1156 locutus
1441 1112 1522 1155 est
1557 1120 1569 1154 :
1600 1101 1713 1170 Ego
1738 1118 1855 1157 sum
1893 1103 1994 1158 Do-

384 1194 569 1248 minus
603 1194 748 1249 Deus
778 1206 980 1260 vester,
1010 1210 1041 1249 a
1082 1194 1171 1250 die
1200 1195 1444 1249 victoria:
1493 1195 1705 1249 Domini
1741 1210 1909 1266 usque
1938 1197 1992 1251 in

381 1297 711 1358 perpetuum
744 1306 756 1341 :
788 1299 842 1343 et
867 1289 1170 1360 recogitent
1208 1290 1413 1344 idcirco
1438 1298 1649 1360 captam
1674 1305 1795 1345 esse
1818 1306 1993 1361 quon-

377 1382 510 1438 dam
550 1384 619 1437 ab
646 1383 918 1439 haereticis
948 1383 1171 1439 domum
1211 1385 1412 1453 Israel,
1447 1394 1501 1440 et
1541 1386 1594 1440 in
1626 1394 1741 1440 toto
1768 1401 1993 1457 perver-

379 1489 572 1530 sorum
608 1476 925 1549 dogmatum
958 1477 1089 1532 orbe
1118 1476 1446 1548 dispersam,
1482 1479 1623 1549 quod
1670 1478 1994 1547 reliquerint

379 1586 533 1639 cum,
582 1573 674 1642 qui
718 1587 1012 1643 parumper
1058 1572 1356 1639 abscondit,
1410 1573 1526 1628 sive
1564 1572 1762 1627 avertit
1797 1572 1989 1628 faciem

377 1678 536 1718 suam
604 1663 671 1719 ab
720 1663 800 1719 eis
834 1704 849 1730 ,
900 1673 955 1720 et
1012 1664 1293 1720 tradiderit
1345 1680 1439 1720 eos
1495 1665 1547 1719 in
1600 1681 1762 1719 manu
1814 1666 1986 1721 luere-

380 1758 638 1828 ticorum,
673 1767 728 1815 et
775 1759 1091 1815 ceciderunt
1143 1760 1361 1814 illorum
1413 1774 1672 1814 mucrone
1723 1757 1984 1826 confossi,

378 1862 606 1922 propter
671 1852 1045 1908 immunditias
1106 1862 1162 1908 et
1213 1852 1526 1923 iniquitates
1583 1868 1708 1907 suas

378 1957 542 1998 causa
611 1944 865 2017 exstitit,
926 1954 984 2000 ut
1035 1945 1395 2001 absconderet
1458 1954 1514 2001 et
1581 1953 1851 2001 averteret
1910 1944 1986 1999 fa-

383 2040 525 2093 ciem
590 2054 745 2094 suam
799 2040 867 2096 ab
921 2040 1022 2096 eis.
1084 2041 1359 2111 Expositis
1418 2048 1601 2095 autem
1648 2038 1981 2105 rationibus,

378 2134 683 2189 secundum
721 2134 853 2190 illud
882 2134 1027 2207 quod
1052 2137 1313 2206 scriptum
1352 2144 1475 2191 est:
1511 2135 1739 2206 Oportet
1788 2143 1845 2190 et
1878 2135 1989 2190 hae-

378 2238 532 2281 reses
591 2240 757 2295 esse,
814 2235 873 2282 ut
942 2228 1153 2298 probati
1218 2228 1420 2299 quique
1479 2227 1781 2283 manisfesti
1856 2230 1988 2284 fiant

379 2317 438 2389 (Ι
467 2317 589 2373 Cor.
637 2335 713 2386 ιι,
766 2317 893 2391 19),
950 2319 1276 2391 captivitatis
1316 2321 1524 2388 Israel,
1574 2321 1831 2377 videlicet
1885 2321 1988 2377 Ec-

376 2409 586 2478 clesiae,
614 2412 679 2481 ,in
711 2427 813 2483 qua
840 2412 1084 2468 habitant
1126 2425 1411 2471 cernentes
1444 2414 1615 2470 Deum
1651 2432 1664 2469 :
1706 2429 1849 2470 nunc
1876 2415 1989 2484 pol-

376 2503 611 2570 licetur,
662 2507 806 2580 quod
856 2508 1078 2564 reducat
1127 2509 1179 2564 in
1239 2509 1542 2566 Ecclesiam
1610 2511 1985 2581 captivitatem

376 2600 571 2669 Jacob,
595 2604 690 2675 qui
712 2602 993 2659 Judaicum
1025 2606 1279 2676 populum
1305 2605 1698 2677 supplantarat,
1726 2618 1772 2661 et
1799 2616 1988 2678 postea

376 2693 767 2751 haereticorum
801 2695 1079 2752 fraudibus
1122 2698 1503 2768 Supplantatus
1550 2707 1633 2752 est
1678 2715 1692 2755 :
1742 2706 1797 2753 et
1827 2698 1990 2755 mise-

379 2801 569 2845 reatur
618 2789 769 2843 omni
800 2789 985 2844 domui
1015 2790 1205 2859 Israel,
1251 2806 1357 2846 non
1404 2791 1557 2861 juxta
1605 2806 1849 2859 carnem,
1893 2791 1989 2847 sed

369 2882 533 2955 juxta
552 2883 826 2953 spiritum.
854 2883 921 2938 Et
947 2898 1241 2950 assumam,
1268 2883 1461 2955 inquit,
1484 2882 1659 2939 zelum
1682 2898 1862 2938 meum
1891 2898 1989 2952 pro

383 2976 610 3031 nomine
623 2986 811 3030 sancto
833 2991 976 3042 meo,
1001 2975 1143 3046 quod
1159 2975 1641 3047 blasphemabatur
1660 2974 1710 3029 in
1738 2975 1989 3045 gentibus

377 3078 610 3143 prepter
655 3069 988 3126 haereticos:
1030 3080 1089 3123 ut
1130 3079 1417 3141 postquam
1462 3084 1557 3125 eos
1600 3067 1946 3123 liberaverim
1972 3110 1986 3136 ,

378 3164 711 3220 erubescant
770 3174 825 3219 et
852 3163 1274 3231 confundantur,
1325 3178 1495 3235 quare
1549 3162 1654 3218 fide
1712 3161 1988 3218 Ecclesia-

2100 538 2483 596 lucreticorum
2536 541 2768 599 insidias
2799 543 3153 603 formidantes
3186 546 3362 621 (Psaf.
3412 546 3513 617 γι).
3546 547 3699 604 Tunc

2099 634 2434 689 reducentur
2480 635 2547 691 de
2579 638 2813 708 populis,
2856 650 2909 693 et
2935 644 3411 713 congregabuntnr
3439 642 3508 699 de
3535 642 3701 700 terris

2099 728 2443 784 inimicorum
2472 746 2696 785 suorum
2730 732 2783 786 in
2813 739 3013 787 terram
3045 750 3221 803 suam,
3251 745 3305 792 et
3329 736 3699 793 sanctificabi-

2098 829 2186 875 tur
2220 820 2480 875 Dominus
2524 823 2578 877 in
2612 822 2694 877 eis
2736 823 2788 877 in
2820 836 3115 894 conspectu
3160 828 3397 895 gentium
3444 830 3702 900 plurima-

2097 929 2238 980 rum,
2274 929 2393 984 qure
2416 926 2473 969 et
2501 915 2631 983 ipsae
2660 916 2953 971 crediturae
2980 928 3106 971 sunt
3137 918 3370 975 Domino
3418 940 3429 975 :
3467 922 3701 992 finisque

2096 1006 2168 1061 sit
2196 1005 2568 1072 beatitudinis,
2600 1010 2742 1064 scire
2765 1018 2927 1081 atque
2950 1025 3305 1079 cognoscere,
3329 1015 3468 1084 quod
3494 1016 3611 1085 ipse
3633 1016 3705 1071 sit

2101 1099 2361 1155 Dominus
2392 1101 2537 1156 Deus
2581 1117 2768 1157 eorum
2818 1121 2831 1157 :
2878 1118 2943 1159 eo
2984 1104 3127 1174 quod
3167 1109 3481 1176 apparuerit
3520 1109 3599 1165 eis
3644 1110 3701 1165 in

2094 1196 2367 1267 gentibus,
2397 1197 2513 1251 sive
2541 1199 2887 1254 transtulerit
2910 1214 3007 1253 eos
3034 1200 3101 1255 de
3130 1201 3461 1267 nationibus,
3490 1212 3544 1257 et
3564 1219 3699 1259 con-

2094 1293 2401 1362 gregaverit
2431 1308 2597 1362 super
2626 1302 2826 1348 terram
2856 1310 3033 1362 suam,
3069 1309 3268 1354 terram
3297 1295 3561 1359 Judaeam,
3592 1308 3701 1352 ter-

2095 1399 2209 1438 ram
2251 1386 2637 1451 confessionis,
2671 1396 2873 1443 terram
2925 1389 3158 1457 mitium,
3201 1398 3511 1460 terramque
3538 1388 3697 1462 461

2097 1477 2419 1546 viventium,
2447 1488 2499 1532 et
2542 1494 2607 1532 ne
2632 1494 2799 1533 unum
2834 1481 3053 1549 quidem
3104 1481 3386 1551 reliquerit
3431 1480 3702 1536 haeretica:

2097 1569 2349 1641 pravitati
2385 1588 2397 1623 ς
2433 1581 2488 1625 et
2536 1574 2682 1626 ultra
2728 1590 2833 1627 non
2882 1573 3179 1629 abscondat
3210 1574 3399 1628 faciem
3451 1586 3603 1628 suam
3634 1572 3702 1627 ab

2097 1664 2198 1732 eis,
2230 1677 2332 1718 nec
2358 1677 2642 1720 aversetur
2676 1666 2817 1733 illos,
2866 1680 2932 1721 eo
2981 1667 3124 1736 quod
3171 1666 3421 1722 effuderit
3451 1666 3700 1736 spiritum

2095 1757 2281 1825 gratia:
2325 1772 2469 1826 sua),
2504 1758 2569 1811 de
2623 1774 2729 1828 quo
2772 1769 2826 1813 et
2867 1758 2985 1815 Joel
3021 1762 3281 1829 propheta
3325 1760 3566 1831 loquitur
3598 1777 3610 1812 :
3641 1759 3701 1814 In

1784 1870 1796 1905 :
1861 1867 1981 1923 qua:
2014 1855 2061 1915 B
2090 1849 2402 1905 novissimis
2430 1850 2622 1906 diebus
2643 1851 2917 1906 effundam
2942 1852 3008 1907 de
3032 1853 3226 1922 spiritu
3252 1868 3373 1907 meo
3399 1868 3561 1921 super
3583 1868 3701 1907 om-

2091 1959 2214 1999 nem
2244 1960 2464 1999 carnem
2494 1943 2652 2017 (laet.
2688 1962 2747 2011 ιι,
2776 1946 2869 2017 28)
2891 1962 2903 1999 :
2926 1946 3185 2002 effuderit
3206 1956 3386 2003 autem
3406 1960 3700 2018 superam-

2092 2054 2215 2093 nem
2239 2038 2458 2095 domum
2486 2040 2786 2097 lsrael.Sin
2812 2051 2993 2097 autem
3016 2058 3115 2111 pro
3135 2044 3347 2114 spiritu,
3356 2042 3512 2112 juxta
3532 2041 3697 2110 LXX,

2090 2139 2319 2207 furorem
2346 2136 2663 2206 legerimus,
2694 2137 2784 2207 qui
2815 2136 2866 2191 in
2901 2136 3165 2192 Hebraico
3196 2152 3304 2192 non
3333 2136 3585 2204 habetur,
3620 2138 3700 2191 sic

2096 2228 2439 2282 sentiendum
2481 2237 2586 2295 est,
2642 2230 2785 2298 quod
2834 2228 2977 2283 ultra
3010 2245 3116 2283 non
3165 2228 3463 2284 abscondat
3506 2227 3699 2283 faciem

2091 2336 2244 2377 suam
2293 2322 2361 2376 ab
2393 2322 2491 2386 eis,
2528 2322 2581 2376 in
2612 2337 2747 2393 quos
2776 2321 3023 2377 furorem
3053 2337 3212 2377 suum
3256 2330 3382 2376 ante
3413 2320 3699 2377 effuderat.

2094 2414 2386 2487 Hucusque
2418 2419 2475 2470 in
2508 2415 2761 2471 Ezechiel
2790 2415 3132 2486 prophetam,
3182 2416 3315 2483 Deo,
3366 2424 3424 2469 ut
3453 2426 3700 2487 optamus

2093 2518 2147 2565 et
2176 2509 2474 2574 credimus,
2535 2508 2831 2564 auxiliante
2875 2518 2929 2565 et
2982 2507 3146 2581 462
3186 2508 3467 2579 aperiente
3498 2523 3558 2563 os
3605 2526 3703 2563 no-

2091 2612 2285 2667 strum,
2312 2603 2477 2658 locuti
2499 2620 2686 2659 sumus
2710 2621 2723 2657 :
2749 2619 2855 2657 non
2878 2602 3131 2665 aliorum,
3156 2601 3202 2657 si
3222 2601 3313 2673 qui
3341 2602 3697 2672 scripserunt,

2090 2697 2177 2751 Vel
2191 2696 2474 2765 deinceps,
2490 2697 2537 2751 si
2551 2697 2805 2767 scripturi
2824 2705 2973 2761 sunt,
2989 2698 3317 2751 sententiam
3329 2695 3697 2762 destruentes;

2092 2789 2186 2844 sed
2233 2799 2541 2845 asserentes
2580 2791 2993 2860 qualiacumque
3022 2799 3147 2844 sunt
3198 2798 3404 2844 nostra.
3441 2790 3497 2845 In
3530 2790 3699 2844 militi-

2092 2881 2310 2937 catione
2327 2892 2507 2937 autem
2532 2882 2736 2953 templi,
2765 2891 2820 2938 et
2840 2882 3032 2939 ordine
3049 2882 3419 2949 sacerdotum,
3436 2891 3701 2954 terraeque

2093 2985 2295 3031 sanet-.e
2318 2976 2586 3033 divisione
2614 2987 2669 3032 et
2691 2976 2912 3032 flumine
2940 2977 3255 3047 egrediente
3280 2976 3350 3032 de
3386 2978 3614 3048 templo,
3648 2987 3703 3033 et

2093 3069 2161 3125 de
2190 3069 2475 3124 arboribus
2504 3085 2571 3124 ex
2606 3081 2837 3140 utraque
2879 3070 2995 3138 ripa
3037 3084 3259 3139 semper
3287 3069 3611 3133 virentibus,
3646 3078 3701 3125 et

2093 3178 2189 3234 per
2219 3164 2461 3233 singulos
2486 3178 2705 3219 menses
2736 3162 3085 3217 afferentibus
3110 3162 3363 3229 fructum,
3394 3172 3447 3215 et
3478 3161 3704 3231 reliquis

379 3259 521 3315 etica
549 3258 839 3325 derelicta,
872 3258 1207 3329 prtevaricati
1227 3259 1334 3312 sint
1358 3259 1410 3312 in
1440 3273 1546 3313 me.
1573 3255 1991 3313 Confundantur
2019 3258 2064 3322 C
2096 3272 2217 3328 quae
2249 3271 2423 3327 usque
2460 3256 2526 3311 ad
2556 3256 2720 3310 finem
2755 3256 3075 3327 prophetico
3110 3254 3385 3309 volumine
3419 3254 3705 3309 continen-

379 3361 564 3406 autem
598 3361 653 3407 et
682 3352 1012 3407 erubescant
1042 3352 1199 3406 valde
1231 3350 1522 3418 velociter,
1551 3367 1672 3406 cum
1703 3351 1983 3406 habitave-

381 3445 498 3500 rint
529 3444 582 3498 in
612 3451 755 3499 terra
787 3460 907 3515 sua,
934 3453 1080 3501 terra
1109 3446 1342 3514 mitium,
1374 3453 1627 3515 terraque
1648 3452 1983 3513 sanctorum,

2096 3361 2206 3417 tur,
2240 3362 2427 3420 aperte
2452 3349 2784 3420 imperitiam
2809 3348 3133 3405 confitemur
3166 3366 3177 3401 :
3208 3347 3403 3403 melius
3433 3347 3703 3402 arbitran-

2096 3453 2175 3499 tes
2206 3444 2424 3500 interim
2459 3442 2620 3511 nihil,
2655 3459 2816 3514 quam
2851 3457 3041 3513 parum
3075 3441 3275 3497 dicere.

376 3584 3671 3611 .—-——————-——-———-——-—————'———————————-

1209 3694 1691 3804 LIBER
1770 3692 2019 3801 DU'
2020 3693 2326 3801 ODE
2343 3695 2647 3802 01M
2661 3693 2873 3803 US.

456 4009 904 4081 Trepidationem
973 4021 1150 4063 meam
1225 4006 1279 4061 in
1347 4004 1734 4077 explanatione
1810 4004 1997 4076 templi

390 4104 683 4171 Ezechiel,
734 4105 901 4158 immo
951 4099 1161 4156 tacendi
1204 4101 1692 4171 perseverantiam,
1725 4108 1851 4164 tute,
1886 4099 1993 4153 filia

391 4197 782 4263 Eustochium,
814 4210 1004 4267 preces
1028 4202 1083 4249 et
1108 4194 1323 4247 Domini
1349 4194 1614 4263 promissa
1646 4199 1994 4261 superarunt,

384 4290 652 4346 dicentis:
678 4290 881 4355 Petite,
908 4297 962 4343 et
985 4286 1292 4357 accipietis:
1320 4287 1568 4356 quaerite,
1588 4295 1642 4340 et
1667 4283 1957 4339 invenietis
1975 4325 1988 4349 ,

384 4385 626 4456 pulsate,
660 4391 712 4436 et
744 4380 1017 4451 aperietur
1045 4378 1199 4433 vobis
1224 4375 1401 4451 (Matt.
1434 4394 1529 4440 vn,
1553 4376 1628 4449 7).
1666 4376 1733 4431 Et
1761 4392 1863 4447 qua
1894 4389 1994 4430 nos

385 4475 749 4532 excusatione
777 4472 859 4528 nsi
891 4488 1103 4538 sumus,
1136 4480 1192 4524 ut
1223 4471 1273 4524 in
1307 4470 1457 4525 calce
1502 4470 1792 4524 anterioris
1840 4469 1993 4523 volu-

386 4568 555 4625 minis
604 4567 937 4635 diceremus,
992 4564 1188 4619 melins
1233 4573 1317 4618 est
1368 4563 1535 4629 nihil,
1584 4579 1747 4634 quam
1801 4578 1992 4633 parum

388 4662 603 4728 dicere;
638 4673 695 4717 tu
743 4676 864 4717 eam
913 4659 1126 4715 vertisti
1179 4660 1228 4713 in
1272 4659 1633 4725 contrarium,
1683 4668 1743 4712 ut
1786 4657 1995 4713 referre

385 4765 548 4828 putes
596 4756 793 4810 saltem
827 4769 1039 4824 parum,
1099 4767 1259 4821 quam
1308 4751 1443 4805 nihil
1493 4751 1726 4805 dicere:
1776 4752 1905 4820 quia
1939 4752 1991 4805 in
2022 4732 2074 4791 D

387 4850 567 4905 altero
600 4848 853 4904 voluntas
886 4854 1133 4915 prompta
1154 4886 1169 4910 ,
1201 4845 1252 4899 in
1285 4844 1460 4899 altero
1495 4845 1660 4899 totius
1688 4845 1873 4914 operis
1900 4843 1995 4898 de-

390 4940 635 5011 speratio
689 4949 775 4994 est
816 4956 828 4992 :
884 4948 1240 5007 naturamque
1287 4935 1662 5007 hujuscemodi
1711 4935 1993 4990 hominum

386 5046 517 5089 esse
544 5045 969 5095 commemoras,
1000 5039 1059 5084 ut
1100 5044 1209 5085 non
1262 5038 1469 5085 tantam
1502 5030 1728 5099 gratiam
1761 5027 2001 5084 habeant

387 5141 490 5196 pro
517 5125 603 5180 bis
634 5141 756 5196 qua:
798 5124 1089 5190 tribueris,
1122 5134 1383 5194 quantum
1416 5124 1660 5177 dolorem
1693 5138 1857 5194 super
1884 5123 1998 5190 his,

388 5235 514 5290 quae
561 5219 870 5289 negaveris.
919 5217 1124 5273 Minore
1154 5217 1299 5272 enim
1334 5216 1516 5273 studio
1546 5218 1782 5272 virtutes
1809 5217 1997 5273 lauda-

390 5328 534 5375 mus,
556 5327 717 5381 quam
738 5311 865 5366 vitia
898 5311 1349 5381 reprehendimus
1378 5329 1389 5365 :
1415 5320 1473 5367 et
1498 5312 1742 5380 quamvis
1766 5311 1997 5383 pulchra

389 5406 505 5461 sint
533 5420 765 5475 corpora
785 5445 799 5470 ,
842 5406 1000 5460 unius
1023 5405 1283 5476 pravitate
1312 5420 1376 5459 ac
1402 5402 1745 5459 deformitate
1768 5404 2000 5459 membri

392 5498 702 5569 insigniora
750 5500 904 5553 ﬁunt.
954 5497 1239 5568 Obsequar
1287 5498 1449 5568 igitur
1487 5496 1750 5551 voluntati
1784 5506 1913 5564 tuae,
1945 5505 2001 5553 et

389 5590 562 5646 ﬂante
592 5591 799 5662 Spiritu
850 5600 1061 5655 sancto,
1108 5591 1224 5645 vela
1254 5588 1605 5660 suspendam,
1639 5589 1902 5659 ignorans
1931 5590 1999 5646 ad

388 5702 518 5760 quae
550 5688 655 5743 sim
688 5689 870 5743 littora
920 5696 1315 5759 perventurus,
1367 5697 1425 5743 et
1474 5703 1600 5743 cum
1654 5688 1757 5745 hoc
1803 5688 1998 5744 eodem

389 5779 670 5852 propheta
698 5783 1006 5848 clamitans,
1032 5784 1076 5839 Α
1107 5793 1341 5855 quatuor
1364 5783 1540 5840 ventis
1572 5784 1719 5850 veni,
1745 5784 1997 5854 spiritus;
2056 5856 2059 5857 ν

387 5874 795 5947 fastidiosoque
845 5878 1069 5946 lectori,
1114 5880 1279 5935 immo
1308 5878 1491 5935 animo
1514 5877 1779 5949 perduclli
1813 5889 2000 5933 nostra

2098 4003 2345 4067 lecturo,
2393 4002 2523 4056 illud
2558 4003 2611 4056 in
2645 4002 3035 4072 explanatione
3069 4002 3255 4072 templi
3290 4010 3401 4058 tota
3448 4002 3704 4059 libertate

2098 4095 2388 4162 denuntio,
2422 4106 2481 4150 ut
2509 4096 2554 4150 si
2591 4096 2879 4150 veritatem
2910 4096 3213 4160 desiderat,
3241 4105 3453 4165 quaerat
3482 4112 3603 4151 eam
3635 4097 3706 4151 ab

2096 4189 2239 4245 aliis.
2267 4189 2377 4244 Nos
2402 4197 2582 4245 autem
2608 4205 2693 4258 ea,
2720 4205 2841 4259 qua:
2874 4191 2929 4244 in
2961 4205 3126 4260 opere
3153 4188 3479 4245 difficillimo
3506 4204 3704 4259 possu-

2099 4295 2220 4335 mus
2258 4281 2555 4352 suspicari,
2606 4282 2929 4349 simpliciter
2964 4281 3292 4337 confitemur
3336 4293 3502 4353 atque
3534 4283 3704 4337 dicta-

2100 4389 2242 4441 mus,
2272 4376 2475 4445 gratias
2501 4376 2673 4430 acturi
2692 4376 2947 4444 Domino,
2975 4377 3020 4430 si
3051 4393 3158 4431 non
3182 4378 3235 4431 in
3257 4376 3532 4442 omnibus,
3558 4378 3706 4447 quod

2097 4471 2442 4542 impossibile
2483 4481 2588 4537 est,
2640 4473 2737 4527 sed
2792 4472 2846 4526 in
2898 4473 3175 4542 plerisque
3220 4472 3379 4527 nobis
3429 4473 3705 4543 aperuerit

2102 4564 2244 4619 fores
2277 4565 2545 4619 scientiae.
2578 4564 2760 4619 Prima
2789 4565 2965 4631 enim,
3002 4573 3060 4619 ut
3090 4565 3166 4619 ait
3193 4564 3441 4620 sublimis
3482 4576 3693 4634 orator,

2106 4678 2124 4711 ι
2161 4660 2401 4731 Quaeque
2428 4661 2681 4727 sectanti,
2715 4661 3009 4717 honestum
3039 4671 3123 4719 est
3148 4661 3312 4718 etiam
3342 4663 3397 4719 in
3440 4662 3696 4721 secundis

2103 4754 2353 4809 tertiisve
2392 4754 2720 4810 consistere.
2758 4774 2779 4809 ›

2174 4934 2363 5007 (CAP.
2415 4932 2528 4989 XL.
2574 4964 2647 4975 —
2691 4933 2849 4990 Vers.
2900 4937 2927 4990 1
2984 4938 3130 5006 seq.)
3184 4936 3288 4992 «In
3334 4936 3597 4993 vicesimo
3649 4944 3705 4992 et

2107 5048 2127 5081 ‹
2163 5028 2355 5099 quinto
2389 5043 2539 5082 anno
2560 5029 3056 5099 transmigrationis
3081 5038 3286 5086 nostra;
3319 5030 3456 5100 (sive
3478 5024 3705 5097 captivi-

2108 5142 2127 5174 ε
2164 5122 2312 5193 tatis)
2336 5122 2388 5176 in
2413 5121 2639 5176 exordio
2655 5122 2783 5176 anni
2805 5121 2945 5193 (sive
2970 5121 3025 5176 in
3050 5123 3227 5192 primo
3251 5124 3461 5193 mense)
3493 5121 3705 5176 decima

2112 5236 2131 5270 α
2172 5216 2397 5283 mensis,
2440 5224 2634 5287 quarto
2679 5217 2895 5272 decimo
2930 5231 3075 5272 anno
3116 5226 3403 5288 postquam
3447 5228 3704 5285 percussa

2112 5329 2132 5364 ‹
2168 5310 2305 5381 (sive
2325 5308 2505 5380 capta)
2530 5319 2614 5365 est
2636 5310 2828 5365 civitas
2853 5328 2866 5364 :
2894 5312 2949 5365 in
2974 5311 3091 5381 ipsa
3122 5309 3224 5366 hac
3252 5310 3342 5365 die
3370 5310 3507 5381 (sive
3536 5307 3593 5362 in
3614 5305 3707 5363 die

2112 5424 2132 5459 ‹
2168 5406 2281 5476 illa)
2314 5406 2452 5461 facta
2484 5413 2567 5460 est
2592 5420 2757 5476 super
2792 5420 2881 5461 me
2910 5418 3104 5461 manus
3127 5404 3364 5470 Domini,
3396 5412 3452 5458 et
3480 5400 3708 5457 adduxit

2114 5518 2134 5553 ι
2172 5514 2259 5554 me
2285 5498 2433 5553 illuc.
2483 5498 2541 5553 In
2579 5498 2880 5555 visionibus
2911 5498 3052 5569 (sive
3082 5498 3136 5551 in
3166 5495 3399 5568 visione)
3450 5495 3580 5563 Dei,
3609 5494 3706 5550 ad-

2114 5612 2134 5648 c
2174 5593 2327 5648 duxit
2359 5591 2522 5664 463
2549 5606 2636 5646 me
2681 5592 2734 5646 in
2780 5601 2981 5647 terram
3029 5588 3223 5656 Israel,
3249 5599 3304 5643 et
3330 5587 3538 5643 dimisit
3568 5586 3707 5657 (sive

2115 5705 2135 5741 ι
2172 5684 2378 5758 posuit)
2415 5701 2499 5740 me
2530 5699 2694 5754 super
2717 5691 2955 5738 montem
2983 5682 3263 5738 excelsum
3314 5680 3494 5746 nimis,
3538 5693 3706 5748 super

2116 5801 2136 5836 ‹
2173 5797 2331 5854 quem
2362 5791 2481 5836 erat
2508 5780 2664 5851 quasi
2695 5777 2983 5834 aedificium
3014 5777 3275 5845 civitatis,
3322 5774 3601 5848 vergentis
3636 5771 3708 5828 ad

2118 5896 2137 5929 ‹
2176 5876 2432 5931 Austrum
2464 5874 2602 5945 (sive
2630 5887 2660 5928 e
2689 5870 2959 5943 regione).
2993 5873 3059 5929 Et
3088 5870 3391 5928 introduxit
3422 5884 3509 5924 me
3534 5867 3703 5921 illuc:
