4108 6338
424 264 530 329 5ῖὸ

1598 290 1601 295 '
1674 276 1732 332 S.
1777 274 2050 333 EUSEBH
2091 274 2477 333 HIERONYMI

3624 277 3730 336 376

433 406 453 440 ι
485 390 674 445 trium:
702 403 953 444 mensura
974 403 1075 443 una
1092 388 1244 444 aclam
1264 388 1389 444 hinc
1404 388 1839 446 etinde.Mensus
1854 391 2029 447 estla-
2056 400 2110 461 Α
2140 390 2361 446 tendum
2390 406 2478 447 me
2518 391 2781 463 templum
2808 391 2957 448 beati
2988 392 3320 460 Ezechielis,
3356 392 3501 465 quod
3530 392 3737 495 saecula

435 481 782 539 t'titudinem
815 483 1071 539 introitus
1103 492 1273 555 porta:
1296 484 1485 541 decem
1512 486 1844 556 cubitorum,
1871 497 1927 542 et
1948 487 2027 541 la-

433 596 455 631 r
493 579 776 633 titudinem
816 586 984 647 porta:
1022 578 1326 634 cubitorum
1372 580 1669 651 tredecim,
1720 591 1775 638 et
1815 582 2026 638 cubitus

433 690 452 724 ι
493 687 631 727 unus
662 670 1019 742 redigebatur
1049 671 1102 726 in
1127 682 1425 743 conspectu
1457 674 1617 728 tlteeri
1646 674 1815 730 cubiti
1844 676 2023 743 unius,

432 782 451 816 ι
482 772 537 817 et
564 763 731 818 cubiti
764 763 923 818 unius
957 764 1224 819 terminus
1259 763 1385 819 hinc
1416 765 1562 833 inde,
1588 779 1643 823 et
1671 767 1784 822 lhee
1810 769 2024 825 cubito-

429 874 449 909 ι
487 873 605 913 rum
637 871 737 913 sex
769 856 916 919 hinc.
942 866 995 912 et
1017 857 1322 914 cubitorum
1342 858 1595 914 sexinde.
1615 860 1681 913 Et
1704 876 1922 917 mensus
1945 871 2027 917 est

428 969 449 1005 ι
484 961 695 1021 portam
724 966 753 1005 a
782 966 938 1005 muro
958 950 1088 1018 thee,
1111 966 1283 1022 usque
1305 952 1370 1006 ad
1391 954 1651 1022 parietem
1682 954 1814 1020 (hee,
1842 953 2025 1009 latitu-

427 1063 446 1097 (
483 1044 665 1099 dinem
693 1044 888 1115 viginti
909 1043 1145 1116 quinque
1168 1046 1496 1100 cubitorum.
1527 1046 1653 1102 "rec
1671 1058 1823 1117 porta
1839 1059 2026 1104 contra

428 1157 447 1191 ι
489 1149 721 1209 portam.
762 1157 779 1191 ›
828 1138 964 1193 Dum
997 1153 1183 1194 essem
1209 1137 1398 1193 Romae
1437 1154 1592 1208 puer,
1626 1147 1683 1195 et
1714 1140 2025 1197 liberalibus

421 1229 615 1285 studiis
636 1229 767 1284 erud
778 1231 904 1297 irer,
930 1229 1171 1285 solebam
1195 1246 1318 1286 cum
1349 1232 1564 1287 caeteris
1586 1231 1834 1301 ejusdem
1851 1235 2026 1290 mtatis

419 1332 474 1379 et
490 1322 775 1394 propositi,
792 1325 985 1381 diebus
1001 1325 1298 1382 Dominicis
1324 1328 1571 1397 sepulcra
1588 1330 1956 1398 apostolorum
1971 1340 2027 1386 et

421 1429 722 1489 martyrum
752 1419 1017 1486 circuire;
1050 1421 1356 1493 crebroque
1395 1430 1615 1495 cryptas
1641 1423 1872 1495 ingredi,
1903 1440 2025 1496 qua:

420 1512 475 1566 in
502 1520 768 1567 terrarum
799 1513 1064 1583 profunda
1097 1514 1352 1582 defossae,
1390 1532 1455 1570 ex
1480 1528 1711 1586 utraque
1760 1528 1910 1587 parte
1935 1518 2021 1572 in-

419 1605 782 1675 gredientium
812 1621 908 1676 per
927 1607 1161 1677 parietes
1183 1607 1383 1663 habent
1404 1624 1632 1678 corpora
1660 1610 2023 1682 sepultorum,

422 1708 478 1756 et
510 1701 579 1755 ita
639 1701 870 1756 obscura
919 1711 1046 1756 sunt
1088 1702 1297 1769 omnia,
1337 1712 1397 1757 ut
1443 1706 1842 1774 propemodum
1890 1705 2023 1761 illud

2130 495 2328 540 cuncta
2357 494 2669 552 tacuerunt,
2687 502 2792 542 non
2810 488 3117 544 temeritate
3142 487 3287 543 velle
3310 487 3603 556 disserere,
3632 487 3727 544 sed

2132 579 2237 635 fide
2280 590 2335 635 et
2380 581 2577 637 timore
2609 581 2726 649 Dei,
2766 583 3138 655 conjecturam
3178 585 3345 639 animi
3380 585 3483 639 mei
3530 600 3729 654 cupere

2130 671 2437 743 legentibus
2478 673 2894 743 demonstrare;
2925 685 2981 732 ut
3013 678 3058 732 si
3100 693 3198 748 ego
3223 678 3275 734 in
3308 677 3718 734 tabernaculum

2130 765 2228 821 Dei
2263 766 2431 836 pelles
2456 782 2745 840 caprarum
2779 771 3026 843 pilosque
3055 772 3330 841 obtulero,
3364 771 3509 827 unde
3540 787 3728 842 pecca-

2130 868 2307 915 torum
2358 861 2533 933 spinte
2580 871 2635 918 et
2680 864 2851 918 aculei
2901 873 3288 936 protegantur,
3341 874 3396 920 et
3438 873 3728 921 arceantur

2129 950 2328 1022 pluviae
2351 962 2404 1007 et
2428 962 2787 1025 tempestates
2816 973 2828 1009 :
2854 956 2996 1012 alius
3023 957 3115 1029 qui
3157 956 3315 1013 dives
3345 968 3449 1027 εει,
3472 973 3576 1029 pro
3604 973 3731 1029 qua-

2130 1044 2284 1101 litate
2307 1047 2649 1117 meritorum,
2675 1049 2763 1105 vel
2796 1050 3025 1118 ferrum,
3059 1051 3144 1107 vel
3176 1066 3273 1120 ars,
3304 1053 3388 1108 vel
3421 1060 3724 1124 argentum,

2128 1153 2431 1212 aurumque
2477 1149 2533 1197 et
2579 1144 3005 1212 pretiosissimas
3053 1146 3264 1219 lapides
3293 1147 3508 1215 oﬂ‘erat,
3538 1156 3592 1203 et
3620 1161 3727 1204 non

2129 1240 2340 1299 nostra,
2372 1234 2495 1304 quia
2522 1243 2652 1290 sunt
2683 1239 2920 1305 minora,
2948 1248 3264 1295 contemnat
3291 1257 3307 1308 ;
3352 1240 3447 1296 sed
3494 1241 3728 1312 propriis

2128 1324 2365 1394 gaudeat
2395 1326 2613 1396 opibus.
2646 1328 2759 1384 Nisi
2795 1332 2939 1386 enim
2977 1332 3083 1387 ima
3116 1332 3338 1400 fuerint,
3370 1349 3578 1390 summa
3606 1349 3726 1392 esse

2128 1430 2236 1470 non
2287 1426 2548 1487 poterunt
2592 1438 2607 1475 :
2652 1430 2709 1477 et
2751 1433 2811 1479 ut
2862 1426 3068 1496 majora
3110 1426 3425 1494 laudentur,
3455 1426 3727 1484 minorum

2129 1512 2547 1580 comparatione
2595 1528 2971 1574 succrescunt.
3016 1518 3315 1576 Videamus
3366 1520 3551 1593 igitur,
3597 1521 3727 1594 quid

2130 1602 2409 1674 ingressus
2455 1607 2714 1666 Ezechiel
2747 1612 3040 1669 aedilicium
3071 1615 3310 1671 civitatis
3338 1616 3621 1689 vergentis
3658 1617 3727 1675 ad

2129 1697 2391 1754 Austrum
2426 1702 2660 1771 primum
2690 1704 2908 1777 viderit,
2951 1707 3148 1765 deinde
3177 1709 3450 1765 audierit:
3481 1710 3550 1766 Et
3584 1728 3719 1781 ecce,

423 1792 807 1863 propheticum
840 1795 1179 1864 compleatur
1214 1813 1227 1848 ε
1271 1794 1611 1851 Descendam
1645 1797 1711 1852 ad
1747 1795 2021 1853 infernum
2054 1814 2100 1874 Β
2131 1788 2328 1861 inquit,
2374 1811 2549 1850 murus
2580 1798 2865 1867 forinsecus
2910 1801 2964 1855 in
3003 1803 3224 1857 circuitu
3261 1805 3443 1859 domus
3477 1806 3721 1877 undique.

419 1886 666 1941 viventes
689 1884 805 1957 (Ps.
832 1902 938 1951 ων,
966 1887 1058 1959 16)
1088 1907 1100 1939 :
1128 1896 1183 1943 et
1203 1904 1325 1944 raro
1351 1889 1589 1960 desuper
1615 1891 1798 1947 lumen
1823 1892 2024 1947 admis-

421 1991 564 2043 sum,
602 1975 888 2031 horrorem
935 1984 1205 2049 temperet
1258 1980 1627 2047 tenebrarum,
1660 1992 1718 2037 ut
1763 1998 1877 2038 non
1912 1991 2021 2039 tam

420 2069 739 2136 fenestram,
773 2086 935 2142 quam
990 2073 1233 2129 foramen
1285 2075 1509 2131 demissi
1559 2076 1778 2132 luminis
1817 2089 2018 2148 putes:

418 2177 745 2233 rursumque
794 2164 1127 2234 pedetentim
1187 2166 1507 2237 acceditur,
1558 2179 1615 2224 et
1661 2185 1808 2226 caeca
1861 2180 2022 2227 nocte

420 2256 770 2311 circumdatis
828 2257 961 2313 illud
1010 2258 1368 2331 Virgilianum
1416 2263 1742 2333 proponitur
1778 2262 2020 2335 (/Eneid.

417 2352 506 2407 lib.
540 2351 601 2423 ιι)
630 2369 646 2404 ε

513 2466 700 2519 Horror
716 2469 904 2533 ubique
928 2470 1135 2531 animos,
1161 2470 1307 2522 simul
1331 2474 1432 2537 ipsa
1460 2470 1657 2523 silentia
1681 2477 1893 2524 terrent.

417 2619 533 2675 Hoc
564 2620 696 2675 mihi
739 2621 945 2677 dictum
990 2622 1082 2690 sit,
1128 2632 1189 2678 ut
1234 2623 1474 2694 prudens
1521 2623 1697 2680 lector
1726 2624 2018 2694 intelligat,

417 2728 576 2784 quam
610 2715 836 2771 habeam
870 2716 1196 2772 sententiam
1226 2732 1389 2788 super
1416 2718 1807 2787 esplanatione
1829 2719 2020 2790 templi

419 2806 513 2862 Dei
543 2808 596 2862 in
628 2808 904 2876 Ezechiel,
939 2810 1007 2866 de
1030 2826 1139 2882 quo
1184 2812 1446 2882 scriptum
1477 2823 1560 2868 est
1596 2831 1609 2866 :
1642 2812 1824 2867 Nubes
1850 2822 1905 2868 et
1925 2828 2019 2867 ca-

414 2900 523 2972 ligo
552 2903 655 2958 sub
696 2904 933 2975 pedibus
962 2905 1081 2976 ejus
1105 2905 1227 2978 (Ps.
1254 2922 1396 2973 xcvr,
1415 2906 1497 2977 2).
1525 2906 1594 2961 Et
1628 2922 1850 2963 rursum
1880 2925 1891 2961 :
1925 2907 2020 2963 Te-

414 2996 601 3051 nebrae
622 2997 905 3055 latibulum
936 3000 1057 3071 ejus
1082 2998 1354 3070 (Ps.xvu,
1384 3000 1477 3073 12)
1502 3017 1519 3056 ι
1547 2999 1706 3059 Unde
1726 3012 1779 3057 et
1804 3002 2019 3074 Moyses

413 3090 613 3145 nubem
648 3092 925 3163 ingressus
951 3103 1035 3149 est
1063 3106 1120 3151 et
1148 3096 1465 3167 caliginem,
1495 3105 1555 3151 ut
1578 3107 1768 3167 posset
1804 3098 2017 3155 Domini

2128 1882 2236 1939 Pro
2276 1902 2443 1955 muro,
2478 1904 2635 1958 quem
2684 1892 2882 1963 Aquila
2936 1904 2991 1948 et
3034 1894 3339 1953 Theodotio
3385 1898 3729 1969 interpretati

2125 1988 2271 2043 sunt,
2305 1978 2666 2051 Symmachus
2691 1991 2746 2038 et
2775 1983 3131 2059 Septuaginta
3162 2004 3392 2059 posuere
3421 1992 3717 2070 περίϐολον.

2125 2068 2307 2125 Murus
2341 2088 2494 2144 ergo,
2542 2075 2656 2132 sive
2691 2079 2985 2154 περίϐολος,
3013 2096 3079 2136 ex
3104 2082 3252 2137 omni
3286 2094 3439 2154 parte
3469 2068 3712 2149 domum,

2124 2160 2228 2218 hoc
2251 2172 2354 2233 est,
2399 2167 2660 2237 templum
2695 2169 2907 2227 Domini
2935 2173 3327 2241 circumdabat,
3376 2176 3719 2249 habebatque

2124 2258 2229 2325 vir,
2273 2260 2429 2332 cujus
2474 2273 2591 2319 erat
2617 2267 2831 2336 species
2874 2270 3032 2340 quasi
3065 2274 3283 2342 species
3319 2275 3462 2341 aeris,
3497 2290 3602 2331 non
3633 2290 3724 2332 so-

2125 2350 2237 2407 lum
2266 2352 2565 2412 funiculum
2591 2362 2985 2429 geometricum
3008 2375 3063 2420 et
3093 2370 3603 2439 cmmentariorum,
3622 2372 3719 2428 sed

2124 2454 2181 2501 et
2206 2447 2472 2505 calamum
2505 2453 2722 2508 tenebat
2751 2453 2805 2509 in
2837 2471 3031 2525 manu,
3072 2459 3229 2531 cujus
3259 2477 3424 2535 supra
3463 2477 3720 2520 mensura

2121 2538 2282 2594 tacita
2310 2554 2418 2608 ρει,
2452 2553 2508 2599 et
2540 2559 2686 2600 nunc
2715 2548 2938 2617 ponitur
2968 2552 3272 2609 cubitorum
3305 2570 3401 2611 sex
3427 2565 3480 2612 et
3510 2558 3720 2628 palmo,

2121 2631 2214 2701 qui
2240 2634 2442 2690 rectius
2463 2634 2653 2693 Graece
2680 2639 2881 2696 dicitur
2908 2644 3186 2713 παλαιστή,
3216 2654 3274 2702 et
3302 2656 3388 2703 est
3408 2658 3560 2705 sexta
3596 2666 3723 2721 pars

2121 2722 2309 2779 cubiti.
2367 2726 2621 2799 Alioquin
2674 2733 2879 2804 palmus
2928 2744 2955 2773 α
3013 2742 3273 2810 σπιθαμήν
3326 2756 3505 2811 sonat,
3560 2760 3723 2815 quam

2122 2818 2370 2874 nonnulli
2406 2838 2503 2890 pro
2534 2825 2890 2884 distinctione
2912 2831 3140 2901 palmam
3168 2850 3186 2886 :
3214 2850 3377 2906 porro
3403 2839 3719 2905 παλαιστὴν.

2122 2909 2351 2979 palmum
2381 2915 2664 2984 appellare
2697 2934 3118 2979 consueverunt.
3165 2926 3277 2983 Hoc
3310 2929 3473 3000 igitur
3512 2933 3722 2989 ealamo

2121 3016 2343 3060 mensus
2401 3017 2486 3063 est
2540 3010 2883 3071 latitudinem
2935 3027 2989 3073 et
3037 3020 3386 3080 altitudinem
3439 3027 3603 3095 muri,
3664 3037 3719 3085 et

2123 3105 2434 3169 utrumque,
2470 3101 2572 3159 hoc
2595 3115 2701 3172 est,
2735 3108 2963 3167 latitudo
2991 3119 3047 3167 et
3072 3114 3305 3171 altitudo
3324 3133 3432 3173 uno
3455 3118 3608 3177 fuere
3629 3136 3721 3177 ca-

416 3184 679 3253 mysteria
705 3186 1090 3257 contemplari,
1113 3188 1485 3260 quchpopulus
1516 3189 1678 3259 longe
1706 3190 1935 3261 positus,
1968 3200 2022 3248 et
2050 3203 2096 3267 ο
2128 3189 2291 3260 lamo,
2326 3194 2429 3252 hoc
2456 3208 2576 3269 est,
2624 3201 2773 3257 senis
2798 3205 2998 3262 cubitis
3023 3219 3075 3262 et
3100 3210 3284 3279 palmo
3317 3229 3443 3270 uno.
3479 3215 3721 3289 Cumque

412 3272 668 3330 deorsum
708 3293 958 3344 manens,
993 3279 1182 3335 videre
1210 3297 1317 3336 non
1337 3291 1552 3352 pmerat
1582 3280 1783 3353 (Exod.
1808 3300 1936 3340 xxiv
1963 3294 2019 3342 et

412 3367 625 3440 xxxnv).
648 3369 890 3441 Denique
916 3380 1042 3443 post
1066 3372 1420 3444 quadraginta
1444 3375 1583 3442 dies,
1612 3377 1820 3432 vultum
1846 3377 2014 3451 Moysi

414 3459 608 3530 vulgus
630 3460 892 3531 ignobile,
908 3464 1267 3536 caligantibus
1282 3467 1476 3536 oculis,
1494 3483 1602 3524 non
1628 3469 1871 3541 videbat,
1891 3473 2015 3542 quia

411 3550 708 3624 gloriﬁcata
729 3564 863 3623 erat,
893 3555 1009 3611 sive
1054 3566 1113 3612 ut
1143 3557 1197 3613 in
1228 3559 1497 3616 Hebraico
1538 3563 1873 3628 continetur,
1903 3580 2019 3618 cor-

411 3654 539 3700 nuta
564 3646 730 3704 facies
763 3649 953 3721 Moysi.
980 3650 1058 3706 Ita
1095 3661 1149 3706 et
1176 3653 1307 3709 mihi
1354 3655 1551 3725 legenti
1593 3656 2013 3726 descriptionem

409 3739 600 3809 templi
615 3742 827 3812 mystici
846 3743 1011 3813 (quod
1038 3743 1211 3799 Judaei
1237 3747 1536 3801 secundum
1566 3746 1800 3803 litteram
1830 3749 1885 3803 in
1915 3748 2014 3804 ad-

412 3838 577 3886 ventu
602 3831 806 3888 Christi
829 3836 936 3898 sui,
969 3850 1129 3905 quem
1163 3852 1263 3892 nos
1290 3852 1412 3893 esse
1433 3838 1832 3896 Antichristum
1867 3855 2016 3895 com-

411 3922 731 3992 probamus,
779 3934 970 3995 putant
1016 3927 1422 3997 aediﬁcandum,
1472 3941 1527 3987 et
1553 3947 1652 3987 nos
1690 3933 1756 3989 ad
1806 3932 2015 3990 Christi

409 4016 699 4074 referimus
726 4019 1052 4090 Ecclesiam,
1080 4034 1132 4078 et
1157 4025 1475 4095 quotidiein
1504 4028 1709 4083 sanctis
1731 4030 1852 4099 ejus
1878 4030 2010 4086 tedi-

408 4106 561 4165 ficari
588 4114 886 4187 cernimus)
927 4116 1144 4184 accidit,
1202 4118 1528 4190 ubicumque
1588 4123 1777 4178 oculus
1831 4125 2012 4181 cordis

408 4206 687 4275 aperitur,
752 4216 808 4263 et
880 4224 968 4265 me
1044 4212 1248 4283 aliquid
1302 4213 1491 4270 videre
1560 4217 1908 4273 aestimavero
1958 4228 2015 4275 et

411 4305 601 4353 tenere
676 4313 983 4370 sponsum,
1060 4315 1116 4360 et
1193 4306 1438 4376 gaudens
1504 4307 1696 4365 dixero
1757 4327 1771 4365 :
1827 4310 2013 4369 Inveni

409 4403 567 4460 quem
631 4394 882 4462 quaesivit
933 4395 1112 4452 anima
1167 4414 1321 4466 mea,
1355 4400 1551 4457 tenebo
1590 4418 1743 4469 eum,
1807 4413 1863 4461 et
1903 4421 2008 4462 non

405 4480 675 4539 dimittam
713 4501 836 4541 eum
881 4486 1065 4559 (Cant.
1113 4506 1173 4547 ιιι
1200 4535 1215 4561 ,
1252 4490 1360 4564 4);
1405 4509 1621 4550 rursum
1675 4513 1761 4554 me
1806 4498 2011 4556 deserit

2120 3298 2304 3344 essent
2330 3300 2502 3361 portae
2529 3293 2802 3365 plurimae,
2849 3300 3021 3357 noluit
3055 3318 3151 3373 per
3189 3304 3320 3360 alias
3350 3310 3553 3365 intrare
3581 3325 3719 3380 por-

2121 3388 2223 3447 tas,
2252 3382 2347 3438 sed
2376 3400 2471 3453 per
2496 3401 2613 3441 eam
2632 3430 2646 3455 ,
2676 3387 2842 3461 470
2869 3408 2990 3463 quae
3022 3396 3354 3467 reSpiciebat
3378 3400 3445 3454 ad
3469 3399 3722 3459 Orienta-

2119 3474 2225 3531 lem
2254 3477 2485 3549 plagam.
2518 3482 2583 3536 Et
2620 3484 2745 3554 quia
2773 3500 2879 3541 non
2910 3497 3028 3543 erat
3053 3490 3279 3562 aequalis
3315 3493 3488 3563 locus,
3521 3504 3578 3552 et
3601 3512 3721 3553 mu-

2118 3582 2213 3623 rus
2233 3570 2377 3623 enim
2402 3587 2497 3641 per
2516 3572 2833 3643 circuitum,
2857 3589 2911 3633 et
2943 3580 3061 3649 ipsa
3083 3581 3227 3638 sedes
3250 3583 3348 3640 Dei
3369 3586 3424 3642 in
3449 3588 3720 3645 excelsio-

2119 3658 2268 3714 ribus
2328 3660 2464 3718 locis
2514 3663 2787 3722 aedificata
2834 3679 2973 3738 erat,
3023 3686 3315 3746 propterea
3371 3694 3468 3749 per
3513 3680 3716 3751 gradus

2118 3750 2445 3823 ingreditur,
2478 3756 2649 3813 immo
2679 3764 2997 3819 conscendit
3020 3783 3034 3819 :
3055 3782 3194 3838 quos
3223 3769 3324 3825 soli
3349 3770 3493 3827 LXX
3523 3782 3711 3847 septem

2118 3845 2425 3915 nominant,
2459 3864 2581 3905 cum
2623 3861 2677 3907 et
2704 3853 2760 3909 in
2794 3855 3047 3923 Hebrteo,
3073 3870 3126 3915 et
3157 3862 3209 3916 in
3236 3865 3450 3920 caeteris
3484 3845 3719 3921 transla-

2118 3939 2325 3995 toribus
2364 3942 2564 4011 gradus
2624 3955 2833 4003 tantum
2877 3950 3082 4024 absque
3129 3972 3360 4012 numero
3396 3958 3713 4030 legerimus.

2115 4030 2514 4108 Ingressusque
2554 4051 2793 4109 portam,
2821 4044 3008 4099 statim
3038 4062 3258 4105 mensus
3287 4058 3371 4106 est
3397 4050 3562 4107 limen
3593 4067 3721 4123 por-

2116 4134 2207 4191 tae,
2249 4129 2392 4198 quod
2440 4128 2587 4186 LXX
2628 4136 2707 4191 θεὲ
2752 4138 3084 4194 nominant:
3116 4156 3215 4211 pro
3253 4158 3359 4214 quo
3402 4147 3455 4200 in
3486 4144 3716 4203 Hebrmo

2115 4220 2378 4292 scriptum
2402 4235 2485 4279 est
2508 4240 2660 4282 seru.
2689 4228 2757 4284 Et
2781 4229 3099 4303 diligentem
3128 4243 3183 4290 et
3208 4236 3510 4294 studiosum
3541 4239 3711 4297 lecto-

2114 4327 2233 4367 rem
2263 4313 2671 4375 admonendum
2706 4332 2835 4391 puto
2869 4339 2881 4376 :
2915 4328 2960 4380 si
2996 4337 3173 4384 tamen
3205 4332 3433 4386 scientia
3465 4332 3713 4405 Scriptu-

2114 4421 2319 4476 rarum,
2352 4422 2537 4468 etnon
2570 4416 2725 4471 vanis
2751 4426 3027 4477 oratorum
3053 4423 3542 4484 declamationibus
3562 4428 3717 4485 duci-

2113 4507 2223 4566 tur,
2248 4511 2305 4555 ut
2322 4504 2660 4561 sciatomnia
2687 4522 2859 4582 prope
2878 4514 3044 4569 verba
3065 4515 3353 4589 Hebraica,
3386 4529 3440 4578 et
3469 4522 3711 4591 nomina,

404 4587 593 4630 sermo
658 4575 905 4647 divinus,
965 4581 1207 4654 fugitque
1256 4601 1487 4657 sponsus
1534 4602 1568 4643 e
1608 4589 1889 4657 manibus,
1949 4602 2004 4648 et
2032 4598 2233 4663 unte
2274 4595 2327 4651 in
2366 4596 2556 4654 Graeca
2596 4612 2651 4655 et
2687 4575 2888 4661 Lat-ina
2937 4611 3296 4668 translatione
3340 4575 3473 4671 sunt
3510 4575 3711 4687 posita,

414 4662 567 4687 [ΔΑ
602 4669 749 4687 ,1-ηλ
835 4681 844 4687 .
1057 4676 1089 4687 η
1242 4678 1254 4687 .
1436 4679 1449 4687 .
1872 4685 1905 4687 μ

402 4662 570 4739 469
594 4669 919 4729 clauduntur
947 4676 1091 4731 oculi
1123 4678 1393 4746 caecitate,
1434 4679 1507 4734 ita
1556 4692 1613 4737 ut
1659 4698 1823 4755 cogar
1853 4685 2003 4742 dice-

404 4774 467 4814 re
499 4778 513 4813 :
544 4759 590 4815 0
630 4762 957 4833 profundum
990 4768 1305 4827 divitiarum
1340 4775 1623 4844 sapientiae
1662 4789 1719 4833 et
1759 4779 2004 4834 scientia:

406 4850 503 4907 Dei
536 4856 549 4907 l
578 4870 737 4925 quam
770 4859 1169 4917 inscrustabilia
1208 4875 1334 4921 sunt
1357 4866 1568 4937 judicia
1594 4870 1736 4940 ejus,
1765 4881 1818 4926 et
1846 4871 2003 4929 inve-

396 4945 682 5018 stigabiles
712 4952 811 5008 viae
831 4955 973 5010 illius
999 4956 1178 5028 (Rom.
1206 4960 1389 5033 xr,33)
1413 4965 1426 5015 !
1451 4961 1518 5017 Et
1538 4964 1681 5034 quod
1710 4964 1842 5020 alibi
1868 4966 2003 5022 scri-

400 5048 551 5113 ptum
578 5053 663 5098 est
686 5063 698 5097 :
724 5044 934 5103 Judicia
964 5048 1181 5106 Domini
1220 5052 1450 5125 abyssus
1481 5058 1647 5111 multa
1679 5056 1800 5127 (Ps.
1833 5076 1996 5127 xxxv,

399 5132 481 5202 7).
525 5133 595 5189 Et
625 5153 638 5189 :
673 5137 749 5194 De
780 5140 1067 5209 profundis
1107 5145 1336 5199 clamavi
1372 5146 1441 5201 ad
1489 5156 1564 5213 te,
1612 5149 1857 5218 Domine,
1892 5152 1996 5208 Do-

399 5227 570 5294 mine,
598 5232 799 5287 exaudi
830 5250 1021 5291 vocem
1065 5253 1240 5294 meam
1274 5237 1395 5312 (Ps.
1426 5255 1611 5307 cxxtx,
1640 5242 1694 5312 1)
1732 5261 1746 5299 :
1779 5252 1834 5300 et
1864 5243 1995 5302 illud

398 5317 609 5390 Elisazi,
641 5325 735 5395 qui
768 5338 982 5396 raptum
1008 5344 1034 5382 a
1067 5344 1126 5386 se
1158 5332 1479 5402 magistrum
1507 5333 1689 5390 cordis
1718 5336 1892 5393 oculis
1913 5352 1999 5394 se-

398 5414 691 5486 quebatur,
721 5418 911 5475 dicens
936 5438 949 5475 :
978 5420 1162 5491 Pater,
1194 5436 1378 5496 pater:
1402 5442 1595 5483 currus
1622 5426 1790 5484 Israel
1818 5439 1874 5484 et
1901 5444 1998 5486 au.-

395 5510 515 5580 riga
547 5511 665 5581 ejus
694 5512 787 5586 (IV
815 5515 945 5588 Reg.
1003 5532 1063 5586 ιι,
1098 5516 1212 5590 12).
1243 5518 1576 5593 Simpliciter
1606 5521 1769 5595 igitur
1798 5532 1883 5580 est
1911 5524 1994 5582 fa-

469 5643 867 5726 9_Martianaeus
909 5653 1295 5726 egﬁapmhic
1336 5663 1501 5726 atque
1547 5656 1699 5714 alibi.
1742 5657 1991 5718 Nominis

390 5715 656 5804 origiuem
683 5720 904 5804 .derivat
936 5715 1261 5804 Eustathius
1285 5715 1436 5804 ποιρᾶ
1460 5730 1519 5785 τὸ
1537 5732 1679 5804 ροιμᾷ
1712 5715 1989 5798 emitterent;

387 5791 510 5849 τοὺς
540 5786 841 5863 δητὺλους,
870 5799 1136 5855 τουτέστυ
1167 5786 1487 5858 ἕκτείνεέθαι.
1536 5786 1783 5859 Tradunt

2110 4689 2277 4744 nimia
2314 4701 2584 4749 vetustate
2625 4709 2906 4769 corrupta,
2953 4705 3397 4779 scriptorumque
3446 4710 3580 4766 vitio
3618 4711 3710 4768 de-

2109 4793 2356 4853 pravata,
2388 4795 2443 4840 et
2473 4786 2601 4842 dum
2632 4789 2699 4844 de
2728 4790 3094 4852 inemendatis
3123 4796 3437 4858 scribuntur
3460 4806 3706 4860 inemen-

2108 4872 2341 4943 datiora,
2383 4877 2452 4933 de
2492 4881 2673 4936 verbis
2713 4882 2999 4943 Hebraicis
3038 4890 3179 4947 facta
3222 4909 3350 4951 esse
3381 4894 3703 4968 Sarmatica,

2074 4992 2077 4993 ν
2106 4969 2274 5022 Immo
2302 4970 2505 5025 nullius
2530 4974 2729 5045 gentis,
2763 4976 2890 5033 dum
2920 4990 2975 5036 et
3009 4982 3235 5040 Hebraea
3263 5001 3385 5044 esse
3414 4989 3701 5062 desierint,

2064 5071 2069 5076 '
2106 5065 2163 5114 et
2191 5060 2365 5117 aliena
2387 5078 2509 5119 esse
2537 5082 2645 5122 non
2672 5074 2962 5141 coeperint.
2989 5074 3181 5134 Limen
3211 5080 3376 5150 igitur
3395 5093 3590 5153 portae,
3619 5060 3709 5141 si?

2100 5165 2167 5207 ve
2189 5154 2290 5220 θεὲ,
2320 5153 2486 5211 immo
2513 5160 2636 5229 seph
2662 5202 2678 5228 ,
2710 5165 2854 5234 quod
2886 5166 3251 5240 Symmachus
3280 5173 3427 5232 οὐδὸν
3465 5195 3479 5231 :
3510 5180 3704 5247 Aquila

2100 5254 2155 5302 et
2171 5247 2480 5307 Theod0tio
2509 5255 2766 5335 πρόθυρον
2789 5259 3133 5332 interpretati
3166 5275 3313 5333 sunt,
3348 5268 3590 5325 habebat
3615 5287 3705 5328 ca-

2099 5339 2301 5396 lamum
2335 5358 2525 5412 unum,
2559 5347 2663 5404 hoc
2693 5361 2797 5420 est,
2832 5367 2927 5409 sex
2961 5357 3175 5413 cubitos
3198 5366 3255 5414 et
3281 5361 3519 5431 palmum
3543 5365 3597 5419 in
3625 5366 3702 5420 la-

2097 5435 2332 5493 titudine
2376 5455 2391 5492 :
2439 5456 2539 5512 pro
2569 5458 2676 5514 quo
2704 5447 2894 5501 nescio
2925 5450 3055 5519 quid
3087 5452 3338 5509 volentes
3370 5456 3513 5512 LXX
3544 5458 3699 5513 addi-

2099 5529 2230 5588 dere
2253 5530 2322 5588 de
2345 5547 2469 5606 suo,
2497 5553 2589 5592 sea:
2614 5536 2735 5593 hinc
2775 5550 2825 5595 et
2852 5558 2946 5599 sea;
2980 5544 3121 5599 inde.
3153 5545 3287 5603 Post
3320 5550 3487 5607 limen
3514 5563 3699 5610 autem

2095 5665 2392 5749 tat-Hebraei
2429 5671 2482 5725 in
2524 5672 2731 5749 aliquot
2762 5677 2953 5748 templi
2975 5680 3142 5738 rebus
3172 5685 3391 5743 cubitos
3423 5688 3697 5749 adhibitos

2092 5738 2261 5798 fuisse
2287 5740 2593 5812 palmorum
2618 5738 2890 5819 quinque,
2917 5751 2970 5808 in
2998 5754 3121 5810 aliis
3143 5738 3265 5814 sex:
