4108 6338
335 287 437 346 577

1036 287 1687 348 COMMENTARIORUII
1730 290 1796 348 IN
1838 289 2277 351 EZECHIELEM
2314 293 2447 351 LIB.
2490 294 2603 352 XII.
2647 296 2803 355 CAP.
2844 296 2961 355 XL.

3524 302 3629 359 578

330 417 526 480 portae,
555 408 715 481 juxta
744 409 1099 479 Hebraieum,
1127 425 1352 468 mensus
1376 421 1461 468 est
1487 411 1783 468 thalamum
1811 413 1929 469 sive
1958 421 2001 477 A
2032 412 2287 469 victimas
2342 414 2717 485 acceptabiles
2783 416 2896 473 Deo
2957 432 3056 490 per
3108 416 3289 475 Iesum
3354 415 3629 475 Christum

330 502 669 570 cubiculum,
696 513 755 558 ut
774 503 1135 575 Symmachus
1166 504 1468 571 transtulit,
1491 505 1859 585 παραστάδας,
1878 505 1931 561 id

330 607 434 662 est,
478 606 648 669 postes
692 613 759 653 ex
799 608 1031 668 utraque
1068 608 1229 668 parte
1278 600 1486 653 calamo
1533 614 1664 665 uno,
1720 606 1827 653 tam
1877 599 1931 654 in

329 691 577 763 longum,
604 708 767 764 quam
799 692 854 748 in
880 693 1069 747 latum.
1105 692 1259 759 Quod
1287 704 1340 748 et
1368 693 1544 763 ipsum
1596 690 1743 748 LXX
1776 690 1931 747 telam

329 783 531 858 (αὶλὰμ)
563 786 985 853 transtulerunt,
1021 786 1164 857 quod
1194 786 1248 842 in
1278 785 1738 856 consequentibus
1768 784 1933 857 Sym-

328 878 559 934 machus
591 881 955 936 antetiminarc
999 879 1391 952 interpretatus
1430 888 1535 937 est.
1574 879 1721 936 Inter
1753 880 1930 934 thala-

327 986 447 1028 mos
475 982 664 1029 autem
689 974 846 1041 duos,
876 975 996 1031 sive
1021 976 1293 1042 cubicula,
1326 986 1379 1032 et
1402 974 1749 1053 παραστάδας
1773 983 1931 1031 erant

324 1068 568 1141 quinque
592 1070 787 1138 cubiti,
822 1080 877 1127 et
898 1071 1044 1127 aliud
1077 1072 1348 1144 prolimcn
1380 1079 1553 1142 portae
1576 1074 1736 1141 juxta
1765 1072 1932 1127 vesti-

324 1162 513 1218 bulum
546 1163 876 1220 intrinsecus
902 1167 1116 1220 calamo
1166 1181 1295 1221 uuo.
1320 1163 1568 1219 Tertium
1596 1178 1812 1234 quoque
1842 1177 1929 1218 ve-

323 1255 587 1311 stibulum
621 1264 792 1327 porta:
841 1265 965 1313 octo
1004 1256 1235 1313 habebat
1267 1257 1481 1313 cubitos
1502 1296 1517 1323 ,
1547 1264 1614 1324 {et
1643 1256 1694 1310 in
1749 1255 1927 1312 fronte

320 1346 594 1417 ejusdem,
648 1348 765 1404 sive
809 1348 862 1403 in
910 1349 1249 1420 marginibus
1301 1348 1440 1405 duos
1487 1348 1725 1403 cubitos.
1772 1346 1925 1415 Quod

318 1440 655 1496 vestibulum
687 1459 753 1497 ne
784 1442 905 1513 quis
938 1453 1087 1514 putet
1113 1442 1255 1499 idem
1289 1458 1411 1499 esse
1442 1442 1585 1516 quod
1614 1458 1801 1515 supra,
1829 1443 1925 1499 ad-

320 1532 465 1589 didit
493 1552 507 1588 :
534 1534 880 1592 Vestibulum
908 1545 1091 1594 autem
1120 1547 1238 1594 erat
1266 1546 1439 1609 portae
1467 1538 1747 1593 interioris
1786 1554 1798 1591 :
1823 1552 1923 1608 pro

321 1628 526 1700 quibus
553 1629 698 1686 LXX
721 1632 978 1703 primum,
1013 1641 1070 1688 et
1089 1633 1411 1702 secundum,
1438 1641 1491 1689 et
1515 1633 1734 1688 tertium
1761 1634 1923 1688 vesti-

318 1722 512 1778 bulum
530 1726 939 1781 transtulerunt.
957 1726 1207 1782 Thalami
1227 1737 1431 1798 autem,
1448 1726 1502 1783 id
1522 1738 1625 1795 εει,
1647 1727 1917 1798 cubicula,

2039 508 2083 581 (I
2117 508 2261 566 Patr.
2295 526 2357 577 ll,
2384 512 2417 565 5
2440 513 2630 583 seqq.).
2668 511 2743 566 Ex
2776 528 2885 584 quo
2914 515 3266 585 perspicuum
3297 523 3403 583 est,
3439 515 3629 571 Domi—

2037 619 2163 657 num
2195 603 2555 673 Salvatorcm,
2591 604 2682 673 qui
2712 620 2873 660 verus
2903 605 3235 664 architectus
3262 618 3367 673 est,
3390 607 3631 682 probare

2035 695 2242 767 lapides
2270 697 2359 768 qui
2392 697 2607 768 possint
2638 699 2762 768 poni
2798 700 2851 752 in
2881 700 3064 770 templi
3103 700 3497 770 fundamentis,
3538 700 3630 771 qui

2033 787 2086 842 in
2137 788 2338 854 medio,
2386 789 2477 860 qui
2524 789 2576 844 in
2623 789 2998 859 superioribus
3046 791 3200 859 locis,
3253 800 3309 847 et
3347 791 3625 849 inferioris

2032 878 2195 954 472
2226 895 2513 951 mensurae,
2574 882 2659 937 vel
2714 898 2821 938 non
2860 890 2970 936 tam
3012 883 3204 939 solida:
3250 884 3523 941 ﬁrmitatis
3570 888 3622 942 in

2034 990 2210 1042 muro,
2258 982 2312 1030 et
2341 989 2496 1031 extra
2529 976 2793 1046 templum
2838 977 2890 1031 in
2952 977 3186 1033 circuitu
3217 985 3306 1035 τοῦ
3349 980 3625 1060 περιϐόλου

2032 1068 2314 1124 collocari.
2356 1068 2471 1125 Non
2516 1078 2599 1125 est
2642 1071 2785 1126 enim
2830 1074 2979 1142 parvi
3012 1072 3226 1127 roboris
3253 1087 3352 1128 nec
3382 1074 3622 1131 minima)

2032 1160 2326 1229 ﬁrmitatis,
2354 1163 2643 1234 impositos
2669 1164 2909 1236 desuper
2934 1165 3151 1238 lapides
3182 1166 3472 1225 sustinere.
3509 1167 3624 1225 Un-

2030 1253 2098 1310 de
2126 1254 2317 1310 scribit
2359 1256 2658 1327 Apostolus
2703 1255 2767 1312 ad
2809 1258 3097 1314 credentes
3140 1276 3153 1313 :
3189 1259 3423 1315 Invicem
3456 1275 3625 1317 onera

2030 1358 2215 1404 vestra
2249 1358 2537 1420 portantes
2562 1348 2763 1423 (Galat.
2805 1367 2880 1415 v1,
2912 1349 2991 1425 ἓ).
3028 1354 3093 1407 Et
3121 1352 3175 1408 in
3200 1352 3313 1407 alio
3340 1354 3464 1409 loco
3488 1353 3628 1409 scri-

2030 1451 2180 1515 ptum
2218 1453 2304 1501 est
2336 1463 2348 1499 :
2384 1461 2487 1502 non
2517 1446 2721 1503 debere
2756 1464 2857 1503 nos
2888 1448 3103 1519 pondus
3141 1464 3447 1518 assumere,
3477 1450 3622 1522 quod
3715 1442 3723 1451 ’

2026 1538 2171 1594 ferre
2201 1556 2305 1595 non
2350 1556 2661 1613 possumus.
2693 1541 2949 1598 Calamus
2974 1554 3157 1599 autem
3202 1559 3501 1612 mensurae,
3531 1547 3624 1617 qui

2026 1632 2263 1688 habebat
2300 1647 2395 1689 sex
2426 1634 2632 1700 cubita,
2666 1642 2723 1691 et
2757 1635 2996 1705 palmum
3032 1652 3222 1704 unum,
3255 1637 3387 1693 illud
3420 1638 3626 1710 signiﬁ-

2024 1734 2132 1790 cat,
2166 1734 2349 1781 notam
2395 1741 2516 1782 esse
2546 1726 2659 1781 Deo
2691 1729 3168 1785 conversationem
3209 1737 3477 1795 nostram,
3501 1744 3622 1799 quae

316 1834 440 1891 qua:
460 1830 589 1891 post
619 1830 829 1891 portam
850 1822 1189 1879 Orientalem
1219 1823 1727 1880 eratttaedilicatain
1755 1826 1921 1879 vesti-
1954 1828 1997 1888 Β
2026 1822 2079 1877 in
2117 1837 2213 1876 sex
2246 1821 2439 1877 diebus
2470 1822 2523 1879 in
2569 1823 2768 1893 quibus
2796 1823 3031 1879 mundus
3060 1824 3234 1880 factus
3261 1835 3347 1880 est
3371 1826 3622 1882 contine-

316 1913 490 1981 bulis,
509 1915 877 1986 respiciebant
896 1917 961 1972 ad
975 1917 1116 1972 viam
1135 1916 1487 1975 Orientalem.
1511 1918 1578 1972 Et
1604 1927 1661 1971 ut
1683 1916 1923 1972 sciamus

314 2018 448 2077 quot
470 2007 676 2063 fuerint
693 2008 854 2084 471
877 2009 1122 2079 thalami,
1145 2011 1414 2082 jungitur,
1439 2021 1547 2066 tres
1572 2010 1720 2077 hinc,
1739 2019 1792 2065 et
1812 2019 1921 2065 tres

314 2100 481 2156 inde:
511 2100 581 2156 ad
601 2100 1042 2173 Septentrionem
1060 2104 1315 2161 videlicet
1345 2116 1400 2161 et
1441 2103 1506 2159 ad
1531 2102 1810 2160 Meridiem
1834 2119 1920 2158 re-

313 2194 639 2268 spicientes,
665 2204 721 2251 et
752 2195 818 2251 ad
842 2195 1174 2253 Orientalem
1200 2198 1343 2253 viam
1375 2214 1388 2251 :
1425 2212 1638 2268 unaque
1666 2210 1920 2252 mensura

315 2287 580 2343 frontium
610 2298 731 2345 erat
761 2305 826 2345 ex
861 2299 1090 2362 utraque
1120 2300 1297 2363 parte.
1329 2290 1547 2347 Meusus
1575 2300 1659 2346 est
1703 2305 1920 2361 quoque

314 2395 633 2437 mensuram
674 2382 728 2437 in
763 2382 932 2437 latum
956 2382 1160 2437 liminis
1188 2397 1378 2453 portae,
1409 2392 1465 2437 et
1497 2382 1698 2452 reperit
1729 2380 1918 2438 decem

313 2474 521 2542 cubita,
552 2484 610 2531 et
663 2476 716 2531 in
751 2474 971 2547 longum
1018 2475 1278 2531 tredecim
1332 2475 1535 2541 cubita,
1571 2474 1709 2529 etin
1752 2488 1915 2528 unum

314 2568 558 2624 cubitqu
611 2571 964 2625 aretabantur
1009 2578 1255 2625 extrema
1308 2570 1691 2634 thalamorum,
1724 2568 1810 2624 vel
1861 2576 1919 2623 ut

313 2662 679 2736 Symmachus
693 2665 992 2732 transtulit,
1022 2663 1395 2745 παραστάδων,
1423 2674 1477 2720 et
1502 2673 1734 2735 utraque
1767 2662 1916 2720 frons

310 2756 565 2827 singulos
584 2757 818 2813 habebat
838 2758 1077 2813 cubitos.
1104 2758 1349 2812 Thalami
1377 2765 1583 2823 autem,
1610 2757 1725 2811 sive
1744 2779 1917 2835 παρα-

311 2848 529 2917 στάδες,
564 2859 618 2906 et
644 2860 700 2904 ut
726 2850 867 2907 LXX
895 2851 963 2907 de
993 2866 1093 2907 suo
1116 2867 1346 2922 posuere
1372 2852 1573 2915 θεηλάθ,
1598 2864 1665 2905 ex
1692 2858 1915 2921 utraque

310 2954 475 3013 parte
501 2958 632 2999 sena
660 2944 935 3001 habebant
962 2944 1166 3001 cubita.
1203 2947 1528 3015 Mcususquc
1571 2956 1655 3004 est
1699 2960 1911 3021 portam

306 3053 339 3093 a
368 3048 513 3094 tecto
535 3040 782 3110 thalami,
808 3041 921 3097 sive
943 3040 1299 3116 παραστάδος,
1331 3058 1500 3113 usque
1519 3043 1584 3098 ad
1610 3052 1810 3101 tectum
1835 3044 1912 3100 si-

306 3148 377 3190 ve
402 3135 470 3189 ad
499 3135 763 3206 parietem
789 3136 937 3207 ejus,
969 3147 1023 3191 et
1069 3136 1277 3192 invenit
1308 3137 1448 3193 inter
1502 3149 1702 3196 tectum
1736 3149 1791 3196 et
1831 3150 1910 3195 te-

2026 1921 2136 1980 tur,
2164 1922 2219 1969 et
2250 1923 2435 1969 notam
2461 1928 2584 1970 esse
2615 1916 2880 1970 rationem
2906 1931 3130 1986 operum
3171 1917 3532 1989 singulorum,
3562 1926 3624 1975 ut

2023 2006 2167 2061 aliud
2195 2006 2261 2062 ad
2294 2022 2457 2078 opera
2507 2009 2797 2079 pertineat,
2825 2008 2973 2063 aliud
2997 2009 3062 2063 ad
3092 2019 3350 2065 mentem.
3387 2010 3542 2066 Unde
3565 2019 3621 2067 et

2022 2100 2249 2155 latitudo
2298 2116 2451 2171 tequa
2508 2111 2593 2157 est
2637 2102 2907 2157 altitudini
2945 2120 2957 2155 :
3003 2117 3233 2175 quorum
3279 2103 3509 2160 latitudo
3549 2104 3617 2161 ad

2021 2207 2211 2264 opera,
2245 2203 2300 2249 ut
2329 2193 2566 2249 diximus
2588 2212 2602 2259 ;
2621 2195 2857 2251 altitudo
2880 2195 3117 2252 refertur
3137 2196 3206 2252 ad
3234 2196 3498 2264 animum,
3525 2199 3617 2268 qui

2022 2285 2087 2342 ad
2112 2286 2218 2342 alta
2243 2288 2484 2343 festinat.
2506 2286 2641 2342 Illud
2657 2297 2839 2344 autem
2855 2288 3029 2345 semel
3048 2290 3327 2345 monuisse
3344 2289 3616 2347 sufﬁciat:

1996 2394 2187 2435 ’nosse
2233 2395 2319 2435 me
2361 2379 2629 2449 cubitum,
2660 2390 2715 2437 et
2742 2382 2924 2438 cubita
2958 2382 3190 2438 neutrali
3222 2382 3489 2454 appellari
3518 2398 3614 2452 ge-

2021 2491 2175 2542 nere,
2205 2474 2302 2530 sed
2324 2491 2421 2544 pro
2448 2476 2823 2547 simplicitate,
2852 2488 2905 2534 et
2930 2477 3190 2534 facilitate
3216 2478 3616 2551 intelligentiae,

2021 2568 2283 2641 vulgique
2306 2570 2728 2638 consuetudine,
2756 2586 2961 2641 ponere
2983 2580 3037 2626 ct
3066 2587 3267 2643 genere
3292 2573 3613 2629 masculino.

2018 2660 2139 2717 Non
2170 2664 2311 2717 enim
2354 2677 2502 2717 curre
2539 2663 2696 2718 nobis
2738 2676 2821 2719 est
2864 2665 3037 2720 vitare
3090 2680 3404 2722 sermonum
3456 2666 3611 2737 vitia,

2018 2756 2115 2811 sed
2165 2757 2465 2826 Scriptura!
2511 2767 2715 2813 sanctae
2755 2758 3144 2816 obscuritatem
3177 2760 3614 2834 quibuscumque

2017 2851 2200 2907 verbis
2223 2851 2522 2908 disserere.
2545 2853 2859 2924 Ingreditur
2882 2853 3045 2925 igitur
3071 2854 3279 2922 vir,cui
3301 2854 3498 2913 Oriens
3523 2873 3617 2913 no-

2017 2960 2141 3001 men
2187 2955 2295 3013 est,
2326 2961 2423 3017 per
2466 2954 2682 3018 portam
2721 2944 3080 3016 Orientalem,
3111 2959 3165 3003 ut
3198 2949 3466 3006 illuminet
3493 2964 3609 3020 eos,

2013 3055 2159 3112 quos
2183 3042 2233 3095 in
2268 3041 2441 3110 prima
2468 3039 2722 3095 vestibuli
2757 3039 2930 3096 fronte
2961 3041 3245 3111 repererit,
3272 3042 3384 3097 sive
3414 3043 3464 3097 in
3496 3042 3613 3113 ipso

2016 3135 2245 3190 introitu
2293 3143 2467 3205 portae
2498 3152 2508 3187 :
2539 3149 2653 3188 non
2685 3148 2781 3206 per
2806 3151 2993 3202 unum,
3024 3134 3120 3191 sed
3152 3151 3248 3205 per
3280 3135 3470 3207 plures
3490 3150 3618 3207 grao

306 3240 482 3298 etum,
530 3229 831 3286 latitudinis
860 3231 1047 3302 viginti
1088 3240 1142 3287 et
1169 3233 1404 3304 quinque
1441 3234 1641 3289 cubita.
1676 3236 1907 3290 Tantum
1936 3223 1981 3288 C
2014 3226 2141 3294 dus,
2186 3242 2420 3297 quorum
2464 3226 2658 3282 siletur
2686 3241 2966 3295 numerus,
2994 3236 3049 3280 ut
3077 3227 3414 3281 ascensionis
3442 3242 3614 3298 appa-

304 3328 456 3383 enim
486 3335 605 3382 erat
636 3328 797 3398 spatii
849 3329 994 3383 inter
1022 3329 1222 3384 ostium
1265 3338 1319 3385 et
1347 3331 1544 3385 ostium
1566 3373 1580 3397 ,
1621 3330 1734 3387 sive
1766 3332 1908 3389 inter

308 3428 526 3491 portam
559 3429 615 3474 et
656 3427 889 3489 portam.
937 3420 1065 3475 limo
1104 3421 1343 3476 brevizcr
1380 3421 1673 3479 divinantis
1712 3424 1905 3494 magis,

302 3527 472 3585 quam
512 3512 863 3584 explanantis
890 3515 1074 3569 animo
1104 3514 1436 3583 dixerimus,
1470 3516 1720 3573 volentes
1750 3515 1905 3587 juxta

302 3607 549 3663 litteram
577 3608 889 3674 obscuram,
920 3616 975 3663 et
1005 3622 1144 3679 pene
1175 3623 1281 3663 non
1325 3618 1682 3680 apparentem
1713 3609 1906 3665 adum-

302 3701 472 3759 brare
532 3702 825 3773 picturam.
876 3700 1147 3758 Caeterum
1201 3717 1391 3774 pauca,
1444 3718 1563 3773 qua:
1612 3718 1903 3774 posmmus

299 3795 600 3865 suspicari,
643 3795 915 3861 strictim,
946 3795 1370 3866 dubitantesque
1419 3794 1604 3869 [Vulg.
1654 3796 1905 3851 dubitan-

300 3887 523 3961 terque]
562 3902 845 3959 ponemus.
900 3886 1196 3957 Apostolus
1238 3887 1435 3943 Paulus
1482 3890 1675 3945 volens
1716 3888 1901 3960 Ephe-

298 3983 417 4040 sios
460 3982 617 4057 (Cap.
664 3974 749 4055 111)
802 3984 1098 4041 sacratiora
1160 3999 1517 4055 cognoscere,
1573 3985 1903 4054 imprecatur

292 4078 410 4146 eis,
466 4087 527 4133 ut
555 4078 873 4149 repleantur
924 4076 1194 4149 sapientia
1239 4088 1297 4134 et
1345 4076 1610 4132 charitate
1650 4076 1898 4146 Domini,

294 4179 358 4227 ut
384 4169 617 4226 radicati
645 4178 806 4242 atque
834 4169 1063 4237 fundati,
1105 4172 1249 4226 scire
1295 4170 1532 4239 valeant,
1563 4178 1620 4225 et
1654 4185 1903 4241 compre-

294 4266 547 4323 hendere
575 4282 697 4337 quae
738 4267 809 4322 sit
836 4266 1091 4333 latitudo,
1117 4276 1171 4322 et
1213 4264 1516 4337 longitudo,
1560 4274 1615 4320 et
1643 4264 1894 4332 altitudo,

290 4369 354 4417 et
379 4359 718 4431 profundum
751 4359 1065 4416 divitiarum
1095 4359 1232 4430 ejus,
1281 4370 1337 4414 et
1367 4358 1432 4413 ad
1465 4358 1685 4413 eosdem
1722 4358 1899 4428 loqui-

288 4460 436 4511 tur:
478 4452 622 4527 Ergo
681 4468 1024 4525 nequaquam
1073 4452 1206 4508 estis
1259 4451 1553 4523 peregrini,
1607 4450 1701 4506 sed
1750 4450 1898 4506 cives

289 4556 637 4615 sanctorum,
667 4556 723 4604 et
749 4546 1037 4603 domestici
1066 4547 1190 4614 Dei,
1219 4545 1473 4601 aediﬁcati
1507 4560 1669 4615 supra
1702 4544 1896 4599 funda-

2009 3329 2127 3377 reat
2156 3318 2471 3389 difﬁcultas,
2503 3329 2557 3375 et
2577 3329 2942 3392 quotcumque
2964 3319 3167 3389 gradus
3190 3318 3284 3375 tibi
3310 3335 3611 3390 proposue-

2010 3416 2108 3483 ris,
2138 3413 2280 3468 scias
2304 3412 2483 3467 minus
2514 3427 2635 3468 esse
2658 3412 2724 3466 ab
2752 3411 2997 3483 eo,qnod
3022 3411 3247 3466 dubium
3277 3411 3611 3483 derelinqui-

2008 3515 2122 3561 tur.
2157 3504 2321 3560 Istam
2349 3503 2586 3560 arbitror
2617 3513 2849 3574 portam,
2883 3503 2951 3558 dc
2973 3518 3077 3574 qua
3108 3512 3165 3559 et
3193 3503 3244 3558 in
3268 3502 3499 3559 Psalmis
3520 3518 3612 3559 ca-

2006 3600 2196 3656 nitur:
2233 3600 2361 3655 Haec
2393 3608 2545 3668 porta
2583 3599 2832 3663 Domini,
2859 3597 2992 3668 justi
3034 3597 3315 3653 intrabunt
3342 3613 3439 3669 per
3478 3612 3602 3653 eam

2006 3693 2127 3766 (Ps.
2155 3709 2317 3756 cxvn,
2348 3692 2465 3764 ΞΟ).
2498 3691 2821 3761 Mensusque
2844 3699 2927 3745 cst
2954 3690 3122 3746 limen
3154 3701 3349 3760 portze,
3382 3700 3443 3746 ut
3468 3690 3610 3747 scire

2006 3788 2283 3843 valeamus
2314 3785 2497 3843 omnia
2531 3793 2718 3857 patere
2750 3783 2957 3841 notitiae
2991 3785 3105 3841 Dei.
3139 3784 3293 3852 Quod
3335 3786 3506 3842 limen
3550 3786 3603 3840 in

2006 3879 2292 3937 latitudine
2317 3880 2478 3935 unius
2506 3879 2707 3934 dic-itur
2743 3877 2960 3944 calami,
2993 3879 3136 3934 etde
3165 3878 3455 3934 altitudine
3476 3878 3606 3933 sile-

2007 3989 2096 4034 tur
2126 3992 2188 4034 ac
2217 3975 2581 4048 longitudine.
2618 3973 2713 4030 Via
2744 3973 2891 4030 enim
2921 3983 3003 4029 est
3034 3982 3089 4029 et
3113 3973 3393 4039 introitus,
3421 3982 3477 4029 et
3507 3988 3608 4044 per

2003 4088 2125 4129 eam
2160 4071 2227 4126 ad
2260 4070 2525 4126 interiora
2575 4067 2906 4139 pergendum
2953 4076 3036 4121 est
3080 4066 3232 4137 (licet
3263 4065 3316 4121 in
3351 4066 3457 4121 hoc
3487 4066 3611 4121 loco

2004 4165 2358 4236 Septuaginta
2382 4162 2658 4234 superﬂue
2687 4160 3091 4232 longitudinem,
3114 4159 3227 4225 vel,
3256 4160 3385 4215 utin
3416 4159 3611 4230 pleris-

2003 4274 2107 4331 que
2129 4258 2413 4314 codicibus
2435 4255 2772 4323 continetur,
2795 4254 3123 4308 altitudinem
3147 4252 3411 4326 dixerint)
3429 4269 3443 4320 ;
3460 4252 3612 4308 cubi-

2001 4352 2123 4409 cula
2155 4359 2334 4407 autem
2372 4359 2421 4417 ει,
2456 4349 2506 4404 id
2546 4358 2650 4412 est,
2683 4346 2910 4401 thalami
2948 4356 3003 4402 et
3041 4344 3519 4421 napaordSsctam
3552 4345 3607 4401 in

1999 4448 2242 4520 longum,
2279 4460 2439 4517 quam
2484 4445 2538 4500 in
2579 4444 2748 4498 latum
2793 4442 3039 4511 singulos
3079 4441 3318 4497 habeant
3345 4441 3606 4509 calamos,

2000 4540 2095 4597 sed
2146 4541 2291 4595 inter
2325 4538 2625 4593 thalamum
2669 4544 2724 4591 et
2751 4534 3070 4599 thalamum,
3100 4536 3341 4604 quinque
3389 4542 3600 4589 tantum

287 4650 544 4699 mentum
582 4642 976 4713 apostolorum,
1024 4650 1081 4697 et.
1127 4640 1542 4710 prophetarum,
1572 4639 1687 4708 ipso
1719 4653 1892 4708 angu-
1924 4624 1975 4685 D
2000 4634 2340 4701 suntcubita,
2367 4631 2703 4687 utinteriora
2728 4628 3105 4684 cubiculorum
3131 4623 3349 4698 plenam
3369 4629 3597 4685 habeant

288 4736 401 4794 lari
447 4737 628 4808 lapide
669 4736 797 4793 Jesu
835 4736 1072 4803 Christo,
1118 4735 1171 4790 iu
1219 4750 1327 4806 quo
1380 4737 1555 4788 omnis
1600 4733 1891 4789 aediﬁcatio

287 4840 580 4902 compacta
607 4832 810 4888 crescit
841 4832 892 4887 in
928 4832 1195 4901 templum
1225 4838 1472 4886 sanctum
1509 4830 1561 4883 in
1616 4829 1887 4884 Domino:

286 4925 347 4981 in
368 4941 481 4995 quo
502 4935 561 4982 et
586 4940 683 4981 vos
705 4925 1126 4997 superaedilicati
1154 4924 1286 4981 estis
1314 4922 1420 4997 [AL
1450 4921 1890 4995 comdiﬁcamini]

286 5021 345 5076 in
364 5019 739 5075 habitaculum
766 5020 862 5075 Dei
881 5028 936 5075 et
953 5018 1006 5074 in
1031 5018 1236 5089 Spiritu
1262 5026 1453 5073 sancto
1470 5015 1686 5089 (Ephes.
1711 5015 1887 5085 111,2).

285 5113 489 5172 Petrus
521 5127 742 5185 quoque
779 5114 1062 5184 apostolus
1100 5113 1308 5169 eisdem
1351 5127 1491 5183 pene
1530 5110 1734 5177 verbis,
1765 5110 1888 5180 quia

285 5212 482 5267 eodem
506 5210 728 5278 spiritu,
760 5208 814 5264 iu
847 5209 1093 5279 Epistula
1128 5208 1371 5280 loquitur
1400 5226 1411 5262 :
1443 5207 1497 5264 Si
1522 5206 1739 5278 quidem
1771 5219 1892 5260 cre-

286 5302 510 5360 didistis
545 5304 803 5375 quoniam
844 5303 1020 5360 bonus
1064 5301 1355 5367 Dominus,
1405 5300 1474 5356 ad
1529 5316 1691 5371 quem
1734 5315 1895 5356 acce-

282 5394 483 5453 dentes
515 5396 753 5464 lapidem
776 5397 1076 5463 viventem,
1105 5396 1172 5451 ab
1200 5395 1518 5451 hominibus
1546 5393 1775 5466 quidem
1807 5409 1896 5450 re-

280 5488 602 5560 probatum,
641 5504 671 5543 a
710 5488 822 5545 Deo
858 5498 1041 5544 autem
1071 5488 1308 5544 electum
1332 5534 1345 5555 ,
1376 5498 1432 5543 et
1459 5488 1805 5555 honoratum,
1841 5495 1897 5542 et

282 5581 388 5652 ipsi
415 5589 480 5635 ut
503 5580 717 5651 lapides
744 5581 995 5638 viventes
1024 5579 1372 5638 acdiﬁcamini
1414 5581 1610 5638 domus
1636 5581 1897 5651 Spiritua-

282 5671 353 5729 lis
396 5673 454 5729 in
501 5674 874 5731 sacerdotium
912 5683 1189 5744 sanctum,
1238 5674 1534 5733 oﬁ‘erentes
1578 5674 1898 5749 spirituales

1997 4741 2310 4785 mensuram
2338 4724 2531 4780 calami
2563 4767 2577 4791 ,
2602 4722 2655 4777 id
2702 4730 2808 4789 est,
2845 4736 2939 4776 sex
2978 4721 3314 4789 cubitorum,
3341 4729 3395 4775 et
3440 4722 3604 4792 palmi

1997 4819 2324 4887 unius,dum
2350 4815 2683 4888 opera473
2710 4813 2920 4884 pariter
2948 4815 3197 4884 ratioque
3222 4812 3595 4870 Consentium.

1997 4916 2071 4972 Ea
2092 4929 2223 4970 vero
2236 4926 2356 4983 qua:
2370 4909 2717 4966 extrinsecus
2731 4907 2992 4976 sunt,hoc
3006 4917 3113 4973 est,
3133 4908 3279 4963 inter
3294 4909 3595 4962 thalamum

1996 5022 2049 5067 et
2083 5010 2409 5077 thalamum,
2443 5006 2682 5078 quinque
2710 5003 2927 5069 cubita;
2959 5004 3191 5060 necdum
3222 5004 3367 5058 enim
3391 5002 3595 5057 Christi

1999 5113 2210 5163 secreta
2244 5110 2626 5175 penetrarunt,
2652 5115 2751 5155 nec
2773 5108 3006 5172 possunt
3036 5097 3221 5154 dicere
3247 5115 3259 5152 :
3292 5095 3596 5152 Introduxit

2000 5216 2088 5257 me
2144 5213 2239 5255 rex
2296 5199 2350 5253 in
2378 5195 2687 5251 cubiculum
2721 5208 2881 5248 suum
2918 5191 3091 5264 (Cant.
3132 5208 3170 5261 1,
3200 5190 3279 5258 ‘5).
3310 5188 3380 5243 Et
3422 5186 3552 5242 alibi
3581 5205 3594 5241 :

1999 5293 2191 5351 Omnis
2227 5290 2397 5364 gloria
2431 5289 2555 5345 IiIitB
2585 5288 2733 5358 regis
2757 5285 3091 5343 intrinsecus
3137 5284 3261 5355 (Ps.
3299 5298 3446 5350 x1.tv,
3480 5277 3594 5352 M).

2000 5385 2112 5443 Sed
2141 5383 2427 5455 discipulis
2460 5397 2581 5438 cum
2624 5379 2845 5436 Christo
2891 5378 3039 5434 domi
3090 5372 3558 5432 commnrantibus
3586 5412 3601 5436 ,

2000 5480 2269 5553 mysteria
2305 5478 2424 5548 ejus
2469 5476 2658 5532 audire
2687 5490 2795 5531 non
2843 5481 3113 5545 possunt,
3146 5482 3198 5525 et
3226 5468 3371 5523 foras
3421 5465 3489 5521 ad
3545 5480 3605 5521 se

2000 5576 2233 5646 cupiunt
2258 5572 2355 5627 Dei
2388 5571 2541 5627 exire
2572 5583 2884 5625 sermonem
2914 5612 2927 5635 ,
2962 5575 3017 5621 et
3041 5572 3327 5635 propterea
3360 5562 3603 5633 quinque

2002 5669 2320 5726 cubitorum
2365 5677 2620 5720 mensura
2669 5662 2723 5717 in
2769 5661 2851 5719 eis
2901 5661 3144 5733 ponitur,
3183 5667 3243 5713 ut
3294 5654 3363 5712 ad
3409 5667 3604 5712 sensus

358 5862 383 5891 ⁸
415 5854 573 5927 Apud
617 5854 929 5925 Rabanum,
969 5854 1208 5911 cubicula
1248 5866 1420 5916 autent
1448 5858 1675 5914 dixerint
1716 5854 2037 5921 dardanium;
2066 5857 2122 5909 et
2142 5860 2294 5913 mox,
2328 5844 2552 5917 quinque
2572 5844 2675 5901 sint
2702 5844 2896 5901 cubita.
