4054 6324
487 268 594 328 383

1749 266 1811 325 S.
1855 263 2129 325 EUSEBII
2172 266 2559 325 HIERONYMI

3668 277 3761 336 583

485 395 732 446 mentum
772 384 826 441 iu
872 383 1055 440 fronte
1084 390 1389 454 portarum,
1421 380 1536 440 sive
1560 383 1803 455 porticus
1834 395 1955 458 post
1986 394 2094 440 ter-
2121 392 2176 453 Α
2199 400 2343 453 sum,
2373 398 2429 443 et
2474 386 2799 457 peregrinus
2845 386 2987 442 sicut
3016 401 3205 443 omnes
3240 396 3418 458 patres
3446 390 3546 445 mei
3590 391 3761 463 (Psal.

492 496 618 553 gum
650 488 952 551 portarum.
1006 476 1062 531 In
1093 475 1291 547 quibus
1322 476 1623 546 "porticibus
1654 487 1784 547 puto
1816 479 2098 535 columnas

490 573 683 630 ordine
708 570 878 627 fuisse
906 569 1219 639 dispositas,
1251 579 1310 625 ut
1341 580 1469 625 ante
1498 570 1882 642 gazophylacia
1914 582 2099 628 essent

491 668 764 740 porticus.
790 676 845 722 et
876 666 929 720 iu
961 663 1233 721 frontibus
1277 665 1585 735 porticuum
1621 666 1888 722 columna:
1923 668 2096 738 porti-

485 776 585 819 cus
624 762 983 817 sustinentes.
1030 760 1411 817 Pavimentum
1444 774 1624 819 autem
1673 764 1818 836 quod
1866 774 2096 821 stratum

495 866 618 912 erat
649 854 945 925 lapidibus,
976 862 1031 909 et
1056 862 1183 908 ante
1213 855 1457 926 porticus
1483 858 1605 911 atrii
1637 856 1983 924 tendebatur,
2018 858 2101 913 in-

488 946 665 1003 ferius
696 956 814 1003 erat
842 946 896 1002 in
928 948 1252 1001 ascensione
1282 948 1613 1019 porticuum,
1648 958 1703 1004 ct
1726 949 1973 1005 eamdem
2006 949 2101 1004 ba-

490 1040 656 1099 bebat
711 1040 1104 1111 longitudinem
1160 1056 1321 1112 quam
1387 1042 1751 1098 thalamorum
1810 1042 2099 1098 :edificatio

493 1135 836 1208 possidebat.
874 1136 1199 1207 Mensusque
1228 1144 1313 1191 est
1342 1134 1485 1191 idem
1518 1138 1624 1203 vir,
1664 1136 1716 1191 in
1750 1137 1906 1208 cujus
1937 1152 2099 1192 manu

494 1241 614 1289 erat
641 1232 914 1287 funiculus
946 1241 1002 1288 et
1030 1234 1292 1301 calamus,
1344 1248 1372 1286 a
1419 1233 1555 1289 facie
1586 1243 1757 1304 porta:
1800 1232 2097 1296 inferioris,

464 1326 477 1335 “
495 1326 615 1381 sive
640 1335 695 1380 ut
718 1324 1076 1397 Septuaginta
1096 1326 1306 1389 volunt,
1327 1326 1643 1393 exterioris,
1669 1341 1838 1397 usque
1859 1326 1925 1381 ad
1951 1325 2100 1381 fron-

496 1429 607 1476 tem
659 1420 786 1475 atrii
820 1420 903 1475 vel
956 1430 1127 1490 porta:
1175 1421 1475 1488 interioris,
1508 1428 1726 1476 centum
1770 1421 1983 1476 cubitos
2030 1420 2096 1475 ad

498 1513 802 1584 Orientem,
836 1522 891 1569 et
923 1522 981 1569 ut
1011 1515 1065 1570 in
1099 1515 1370 1571 llebraico
1418 1516 1637 1579 dicitur,
1686 1522 1742 1569 et
1773 1514 1840 1569 ad
1870 1514 2097 1585 Aquilo-

498 1625 644 1666 nem.
678 1610 757 1666 Ex
779 1609 979 1681 quibus
1009 1608 1364 1680 intelligimus
1396 1608 1525 1665 illttd
1549 1609 1936 1682 Evangelicum
1955 1609 2099 1681 quod

495 1720 527 1761 a
559 1704 839 1761 Salvatore
871 1714 1129 1760 narratur
1171 1703 1407 1777 (Matth.
1441 1719 1510 1758 xv
1531 1702 1573 1776 ),
1606 1704 1787 1759 missa:
1825 1704 1876 1758 in
1910 1719 2097 1775 agrum

2202 496 2428 548 xxxvm,
2466 479 2573 552 l5)
2602 523 2617 547 ,
2650 479 2913 537 hordeum
2947 482 3176 548 sevisse,
3219 492 3275 539 et
3304 486 3644 542 centesimam
3671 490 3768 545 fru-

2200 591 2319 646 gem
2349 576 2646 631 messuisse
2678 586 2952 632 narratur.
2984 576 3225 633 Necdum
3259 580 3401 635 enim
3436 596 3656 652 granum
3684 587 3771 640 tri-

2201 667 2291 724 tici
2323 677 2595 723 mortuum
2624 668 2801 726 fuerat
2832 671 2884 725 in
2915 681 3081 738 terra,
3117 671 3259 743 quod
3288 674 3483 728 multas
3513 675 3681 745 fruges
3704 678 3775 734 fa-

2201 774 2351 820 ceret
2376 767 2393 836 (
2422 764 2611 819 Matth.
2642 782 2758 830 xm,
2789 764 2948 821 Joan.
2975 782 3052 822 xu
3079 767 3097 838 )
3126 808 3141 834 ,
3170 775 3227 822 et
3256 766 3669 824 famemJudaici
3692 786 3778 841 po-

2199 857 2310 929 puli
2357 857 2612 913 audiendi
2646 863 2921 914 sermonis
2957 860 3087 924 Dei,
3133 868 3404 915 saturaret
3432 875 3495 915 eo
3538 877 3667 930 pane
3696 864 3778 932 qui

2201 949 2270 1006 de
2299 950 2438 1006 caalo
2479 951 2757 1006 descendit
2794 954 2810 1022 (
2837 952 2993 1006 Amos
3023 968 3139 1018 vttt,
3171 953 3335 1008 Juan.
3369 968 3424 1007 vt
3449 955 3489 1019 ).
3520 953 3781 1022 Quomodo

2202 1055 2381 1099 autem
2410 1055 2627 1100 centum
2662 1045 2827 1100 cubiti
2862 1062 2968 1100 non
3002 1046 3177 1101 solum
3209 1046 3275 1100 ad
3315 1058 3521 1116 portam
3551 1047 3782 1103 Orienta-

2202 1136 2308 1192 lem
2342 1135 2563 1204 fuerint,
2614 1136 2710 1193 sed
2761 1148 2816 1193 et
2866 1138 2933 1192 ad
2981 1148 3191 1209 portam
3224 1137 3530 1209 Aquilonis,
3570 1154 3785 1212 sequens

2203 1231 2571 1287 testimonium
2601 1232 3022 1287 demonstrabit.
3496 1288 3497 1291 η

2275 1323 2473 1397 (Vers.
2502 1323 2596 1390 ‘20,
2629 1324 2720 1380 21.
2751 1324 2770 1396 )
2813 1344 2833 1377 ι
2882 1326 3104 1380 Portam
3137 1341 3377 1398 quoque,
3405 1341 3523 1397 quae
3551 1325 3791 1397 respicie-

2208 1436 2228 1470 ι
2276 1418 2366 1473 bat
2411 1420 2551 1473 viam
2609 1419 2899 1491 Aquilonis
2930 1421 3056 1475 atrii
3103 1422 3392 1477 exterioris
3441 1437 3657 1478 mensus
3697 1430 3789 1491 est,

2209 1528 2230 1563 ι
2276 1521 2384 1566 tam
2418 1513 2469 1567 in
2504 1512 2843 1583 longitudine
2891 1530 3050 1585 quant
3083 1514 3135 1568 in
3180 1514 3489 1576 latitudine.
3539 1524 3593 1570 ct
3637 1514 3796 1570 thala-

2210 1622 2229 1656 ι
2277 1619 2397 1660 mos
2424 1604 2541 1675 ejus
2570 1615 2679 1660 tres
2722 1606 2871 1674 hinc,
2905 1616 2960 1662 et
3001 1617 3112 1663 tres
3139 1608 3282 1673 inde,
3315 1617 3371 1663 et
3404 1607 3637 1663 frontem
3666 1608 3792 1677 ejus,

2210 1714 2231 1750 t
2278 1707 2331 1752 et
2378 1699 2705 1754 vestibulum
2752 1700 2894 1770 ejus,
2944 1700 3243 1756 secundum
3279 1716 3592 1756 mensuram
3640 1708 3795 1771 porta!

494 1797 761 1854 sementis
791 1797 844 1851 in
875 1805 1076 1852 terram
1110 1797 1330 1863 DOnam,
1380 1812 1501 1869 qua:
1547 1797 1871 1868 multiplieet
1919 1798 2102 1870 fruges
2135 1787 2179 1848 Β
2214 1808 2233 1843 t
2280 1791 2500 1860 prioris,
2552 1792 2939 1863 quinquaginta
2972 1794 3281 1848 cubitorum
3324 1792 3493 1867 580
3523 1793 3802 1863 longitudi-

494 1901 600 1963 pro
628 1888 893 1946 varietate
920 1890 1179 1945 virtutum
1207 1890 1263 1945 in
1294 1889 1667 1957 tricenarium,
1708 1899 1760 1945 et
1788 1892 1839 1946 in
1873 1906 2104 1962 sexage-

498 1985 738 2052 narium,
769 1993 822 2039 et
854 1983 1231 2039 centenarium
1281 1999 1587 2053 numerum,
1624 1984 1783 2055 hujus
1832 1985 1934 2040 loci
1965 1986 2103 2040 vati-

499 2076 645 2134 cinio
669 2077 987 2133 convenire.
1020 2076 1086 2131 Et
1115 2075 1203 2131 hic
1232 2074 1380 2130 enim
1430 2077 1757 2145 tricesimus,
1790 2086 1845 2131 et
1875 2091 2101 2149 sexage-

498 2169 692 2238 simus,
725 2177 781 2225 et
804 2168 1141 2225 centesimus
1171 2183 1431 2225 numerus
1460 2170 1703 2240 p0uitur,
1745 2179 1805 2225 ut
1833 2171 1917 2225 his
1946 2171 2103 2243 quasi

497 2264 761 2337 gradibus
809 2263 873 2318 ad
916 2263 1210 2334 perfectam
1252 2262 1539 2319 scientiam
1587 2263 1878 2333 pervenire
1924 2264 2105 2319 valea-

498 2361 652 2429 musj;
686 2358 759 2413 ita
782 2357 1063 2412 dumtaxat
1084 2364 1145 2411 ut
1166 2356 1233 2411 ad
1262 2355 1524 2412 interiora
1554 2355 1817 2412 Ecclesiae
1838 2357 2108 2428 quinqua-

501 2451 759 2523 genarius
801 2468 901 2507 nos
940 2450 1202 2523 perducat
1250 2464 1533 2518 numerus,
1578 2449 1670 2523 qui
1709 2449 1865 2507 finito
1896 2462 2105 2523 septem

501 2547 966 2605 hebdomadarum
995 2546 1248 2612 sabbato,
1281 2545 1335 2601 in
1367 2546 1509 2602 diem
1537 2546 1955 2602 resurrectionis
1984 2562 2110 2602 eru-

500 2640 605 2713 pit.
639 2639 1041 2712 Gazopbylacia
1067 2649 1247 2694 autem
1279 2638 1623 2710 appellantur
1644 2655 1764 2709 qua:
1795 2640 1950 2710 plena
1982 2651 2119 2715 sunt

499 2735 876 2807 Spiritualibtts
892 2734 1116 2802 divitiis,
1134 2734 1201 2790 de
1223 2735 1418 2804 quibus
1437 2736 1697 2805 scriptum
1722 2744 1845 2790 est:
1879 2735 2106 2789 Redem-

495 2830 605 2903 ptio
624 2830 812 2883 anima:
827 2830 943 2896 viri,
976 2829 1203 2901 praprt'w
1224 2829 1415 2883 divitia:
1442 2827 1631 2901 (.Prov.
1662 2845 1780 2898 xm,
1810 2830 1842 2883 8
1867 2826 1907 2899 ).
1935 2828 2110 2899 Super

505 2926 705 2999 quibus
732 2933 787 2981 et
815 2925 1020 2981 Paulus
1051 2926 1333 2997 apostolus
1359 2927 1660 2998 gratulatur
1681 2926 1847 3000 479
1871 2926 2108 2997 discipu-

501 3018 572 3077 lis
609 3022 743 3085 suis,
775 3020 917 3089 quod
953 3021 1094 3091 pleni
1126 3022 1237 3077 sint
1264 3020 1413 3076 omni
1447 3022 1616 3077 vet-bo
1664 3032 1719 3077 et
1754 3024 1904 3078 omni
1935 3022 2113 3079 scien-

507 3116 579 3172 tia
613 3116 633 3188 (
660 3114 895 3188 Philipp.
927 3114 1007 3187 ι).
1042 3124 1068 3153 λ
1096 3116 1238 3173 Gaza
1287 3124 1471 3171 autem
1500 3114 1680 3187 lingua
1710 3116 1997 3172 Persarum
2030 3117 2111 3171 di-

2213 1900 2233 1934 ι
2282 1898 2406 1938 nem
2438 1884 2577 1953 ejus,
2624 1895 2679 1939 et
2724 1884 3065 1941 latitudinem
3114 1887 3302 1957 viginti
3338 1889 3576 1957 quinque
3603 1888 3802 1941 cubito-

2214 1992 2234 2026 ‹
2280 1992 2422 2030 runt.
2454 1975 2728 2031 Fcnestraa
2759 1986 2937 2032 autem
2962 1980 3101 2047 ejus,
3129 1986 3185 2033 et
3209 1977 3567 2041 vestibulum,
3601 1985 3654 2032 et
3676 1975 3804 2031 scul-

2214 2087 2234 2121 ι
2280 2079 2477 2138 ριιιταε,
2504 2070 2807 2124 secundum
2830 2085 3143 2125 mensuram
3159 2081 3328 2140 portae
3347 2086 3470 2142 quae
3494 2069 3808 2141 respiciebat

2215 2178 2235 2213 ι
2280 2161 2346 2215 ad
2370 2161 2669 2217 Orientem.
2703 2162 2921 2232 Septem
2952 2162 3218 2233 graduum
3248 2171 3371 2217 erat
3396 2177 3657 2218 ascensus
3680 2162 3805 2231 ejus,

2215 2271 2234 2306 t
2281 2264 2335 2309 et
2365 2254 2696 2309 vestibulum
2731 2264 2857 2310 ante
2903 2270 3047 2310 eam.
3084 2255 3149 2309 Et
3200 2264 3357 2325 porta
3392 2256 3517 2309 atrii
3552 2251 3811 2310 interioris

2216 2364 2235 2399 ι
2282 2356 2470 2402 contra
2502 2359 2713 2418 portam
2746 2348 3057 2420 Aquilonis,
3090 2356 3146 2404 et
3175 2348 3535 2405 Oricutaiem.
3567 2349 3636 2404 Et
3666 2363 3808 2403 men-

2217 2459 2237 2495 ι
2283 2458 2376 2496 sus
2414 2450 2498 2497 est
2527 2457 2556 2496 a
2600 2457 2753 2512 porta
2796 2458 2966 2514 usque
2992 2443 3060 2497 ad
3093 2454 3300 2513 portam
3330 2454 3560 2499 centum
3589 2441 3811 2498 cubitos.

2216 2552 2237 2587 ι
2284 2533 2465 2590 LXX:
2517 2535 2585 2589 Et
2630 2535 2930 2591 introduxit
2961 2552 3050 2592 me
3097 2536 3163 2590 ad
3211 2538 3571 2609 Aquilonem,
3618 2548 3669 2592 et
3699 2549 3814 2591 ecce

2218 2646 2238 2681 ι
2284 2637 2437 2697 porta
2482 2629 2782 2697 respiciens
2826 2630 3023 2683 atrium
3056 2629 3318 2685 exterius.
3358 2630 3429 2685 Et
3477 2645 3698 2686 mensus
3741 2636 3816 2685 est

2219 2739 2239 2773 ι
2284 2734 2403 2775 eam
2450 2720 2502 2774 in
2536 2720 2902 2792 longitudine,
2946 2732 3000 2776 et
3030 2723 3080 2776 in
3114 2722 3425 2789 latitudine,
3457 2732 3514 2778 et
3544 2723 3668 2778 thee
3708 2721 3816 2790 ejus

2219 2831 2239 2866 ι
2286 2822 2400 2869 tres
2429 2813 2577 2879 hinc,
2611 2824 2665 2868 et
2695 2824 2805 2869 tres
2832 2815 2977 2883 inde,
3008 2825 3062 2869 et
3094 2815 3239 2880 elau,
3275 2824 3332 2870 et
3362 2814 3613 2871 elamotb
3643 2816 3659 2887 (
3686 2810 3819 2885 quod

2220 2925 2240 2961 t
2288 2907 2340 2962 in
2372 2907 2643 2962 Hebraico
2674 2925 2780 2961 non
2814 2907 3066 2977 habetur,
3100 2919 3151 2964 et
3175 2912 3353 2979 palma
3410 2908 3580 2981 ejus)
3610 2927 3623 2965 :
3650 2919 3700 2963 et
3719 2906 3821 2963 fac-

2223 3020 2242 3056 ι
2292 3010 2403 3057 tum
2432 3011 2516 3057 est
2543 3002 2841 3057 secundant
2873 3018 3181 3058 mensuram
3212 3015 3413 3075 portte,
3451 3021 3576 3073 qua:
3618 3002 3826 3073 respicit

2223 3114 2243 3150 ι
2288 3094 2565 3152 Orientem
2589 3113 2602 3149 :
2627 3096 3019 3167 quinquaginta
3042 3097 3351 3151 cubitorum
3379 3095 3672 3166 longitudo
3695 3095 3824 3164 ejus,

505 3186 658 3263 vitice
707 3186 1105 3275 nuncupantur.
1143 3207 1241 3264 Vel
1297 3219 1446 3264 certe
1495 3207 1745 3274 thalami,
1778 3208 1873 3280 qui
1922 3208 2113 3264 Graece
2142 3190 2186 3254 (ἶ
2226 3210 2245 3244 ί
2292 3200 2347 3246 οι
2378 3190 2607 3245 “ﬂuido
2632 3191 2750 3260 61⁸³5
2776 3192 3235 3262 vigintiquinque
3273 3192 3617 3247 mutilorum.
3653 3189 3718 3244 Et
3759 3186 3831 3242 ἴθ’

501 3300 755 3357 dicuntur
774 3303 1120 3377 παστοφόρια,
1142 3301 1437 3357 ostendunt
1463 3303 1650 3372 sponsi
1679 3303 1933 3358 adventui
1961 3304 2116 3358 cubi-

504 3392 622 3449 cala
655 3402 981 3464 praeparata,
1012 3408 1133 3463 quae
1164 3391 1318 3449 fuere
1360 3393 1580 3465 triginta
1614 3409 1865 3460 numero,
1898 3403 1957 3449 ut
1986 3410 2113 3465 per-

503 3486 697 3544 fectam
728 3498 944 3544 aetatem
978 3487 1335 3544 habitantium
1368 3489 1829 3546 demonstrarent.
1872 3490 1942 3546 Et
1968 3491 2117 3562 pavi-

505 3593 751 3640 mentum
784 3591 1013 3639 stratum
1064 3593 1181 3640 erat
1208 3584 1433 3657 lapide:
1483 3600 1551 3641 ne
1578 3585 1717 3654 luto,
1748 3594 1801 3641 et
1848 3594 2015 3652 terra,
2061 3595 2118 3641 et

508 3678 737 3749 pulvere
767 3687 1117 3747 peccatorum
1152 3678 1513 3733 habitantium
1543 3679 1923 3747 polluerentur
1950 3679 2112 3733 vesti-

507 3770 593 3840 gia
621 3785 635 3833 ;
667 3765 765 3822 sed
798 3776 855 3821 ut
884 3782 1051 3836 super
1090 3768 1247 3824 vivos
1294 3768 1613 3824 incederent
1657 3768 1888 3839 lapides,
1922 3768 2117 3839 quibus

508 3859 815 3914 aedificatur
851 3859 1114 3928 templum
1160 3859 1298 3915 Dei:
1349 3859 1476 3916 Sive
1509 3860 1927 3915 intercolumnia
1961 3870 2118 3916 erant

516 3961 644 4007 ante
696 3950 1059 4005 thalamorum
1110 3949 1281 4018 fores,
1333 3968 1455 4022 qua:
1517 3953 1829 4023 impositum
1880 3954 2118 4023 desuper

2225 3302 2246 3338 ι
2294 3294 2490 3341 nestrtc
2541 3284 2683 3353 ejus,
2732 3292 2787 3339 et
2830 3284 3070 3339 elamotb
3102 3292 3159 3339 et
3206 3283 3407 3354 palma:
3441 3286 3571 3354 ejus
3617 3284 3756 3338 sicut
3783 3281 3833 3334 in

2225 3395 2245 3430 ι
2292 3387 2448 3449 porta
2492 3393 2612 3448 qua:
2662 3377 2990 3447 respiciebat
3017 3376 3341 3442 Orientem;
3388 3387 3448 3433 et
3487 3377 3541 3431 in
3588 3373 3835 3448 gradibus

2226 3491 2245 3526 ι
2293 3483 2501 3544 septem
2550 3472 2948 3529 ascendebatur
2992 3471 3057 3527 ad
3097 3487 3239 3539 eam,
3273 3481 3329 3527 et
3360 3470 3615 3527 elamotb
3647 3470 3834 3525 intrin-

2227 3585 2245 3619 t
2295 3582 2475 3635 secus,
2504 3575 2559 3621 et
2591 3575 2742 3636 porta
2773 3566 2897 3620 atrii
2951 3563 3229 3619 interioris
3256 3565 3575 3635 respiciens
3607 3561 3673 3617 ad
3720 3574 3838 3632 por-

2226 3678 2247 3713 t
2296 3669 2403 3714 tam
2434 3658 2720 3726 Aquilonis
2746 3658 2763 3730 (
2790 3666 2845 3714 et
2880 3656 3021 3728 quod
3050 3656 3103 3711 in
3138 3656 3409 3712 Hebraico
3446 3673 3562 3712 non
3593 3655 3835 3719 habetur,

2227 3770 2246 3804 ι
2295 3753 2434 3805 sicut
2469 3760 2620 3820 porta
2670 3766 2791 3820 quae
2824 3750 3048 3819 respicit
3081 3749 3145 3803 ad
3178 3747 3470 3806 Orientem
3498 3753 3540 3821 ).
3597 3749 3663 3804 Et
3693 3759 3841 3802 men-

2227 3861 2247 3896 ι
2296 3858 2390 3898 sus
2437 3852 2521 3896 est
2551 3843 2747 3895 atrium
2779 3857 2807 3895 a
2850 3852 3005 3912 porta
3039 3856 3208 3912 usque
3238 3841 3304 3897 ad
3357 3852 3581 3914 portam
3632 3849 3841 3895 centum

2227 3956 2247 3991 ι
2292 3937 2598 3992 cubitorum
2648 3956 2660 3990 :
2714 3956 2732 3987 ›
2788 3935 2928 4004 Quid
2978 3937 3288 4007 significent
3348 3939 3522 3993 verba
3580 3933 3842 3992 Hebraica

2222 4031 2332 4084 thee
2359 4030 2549 4104 (7ND),
2586 4039 2643 4087 et
2674 4031 2789 4084 elati
2817 4014 2949 4104 (ἡκ
2974 4029 2992 4102 )
3033 4041 3087 4087 et
3114 4030 3341 4085 elamoth
3379 4034 3397 4103 (
3424 4015 3626 4091 nit-3‘7»:
3651 4028 3669 4101 )
3695 4074 3709 4097 ,
3760 4041 3847 4081 su-

2221 4140 2315 4196 pra
2352 4125 2565 4195 plenius
2594 4125 2867 4181 diximus:
2901 4126 2993 4181 sed
3039 4126 3172 4181 etin
3217 4127 3655 4196 przesentiarnm
3688 4122 3848 4178 tolla-

2224 4219 2375 4275 tione
2405 4219 2487 4274 sui
2529 4219 2747 4275 docebit
2780 4229 2964 4275 nostra
3003 4219 3311 4275 translatio.
3368 4220 3605 4275 Mensus
3648 4227 3733 4273 est
3762 4230 3850 4270 au-

2224 4322 2335 4370 tem
2364 4312 2445 4367 vir
2487 4315 2642 4384 cujus
2676 4313 2948 4368 funiculus
2996 4314 3047 4368 in
3082 4330 3245 4368 mattu
3275 4322 3420 4384 erat,
3467 4323 3688 4384 portam
3720 4323 3848 4381 quo~

514 4416 913 4473 firmamentum
944 4416 1187 4472 veritatis
1221 4416 1281 4490 (Ι
1316 4415 1449 4471 Tim.
1483 4432 1564 4486 ιιι,
1602 4418 1669 4473 15
1692 4414 1732 4490 ).
1766 4417 1836 4473 Ει
1862 4418 1915 4473 in
1952 4419 2120 4474 Joan-
2222 4425 2329 4481 que
2371 4409 2667 4477 Aquilonis
2697 4409 2826 4463 atrii
2866 4408 3179 4475 exterioris,
3211 4409 3329 4462 sive
3379 4408 3702 4463 introduxit
3730 4420 3853 4476 pro-

517 4510 603 4565 nis
634 4510 956 4582 Apocalypsi
981 4509 1250 4580 legimus:
1278 4510 1381 4577 Qui
1409 4510 1622 4579 vicerit,
1658 4509 1849 4566 faciam
1877 4528 2000 4567 eum
2025 4529 2119 4569 eo-
2228 4502 2444 4573 pltetam
2478 4518 2577 4573 per
2602 4513 2811 4573 portam
2842 4502 3127 4573 Aquilonis
3155 4502 3221 4555 ad
3252 4501 3459 4555 atrium
3494 4502 3768 4557 exterius.
3798 4495 3853 4550 ln

517 4600 761 4658 lumnam
794 4603 845 4656 in
877 4603 1079 4673 templo
1109 4603 1204 4658 Dei
1240 4604 1366 4669 mei,
1400 4614 1453 4659 et
1481 4602 1628 4658 foras
1664 4619 1771 4658 non
1806 4606 2122 4678 egredietur
2150 4589 2200 4649 Ῑ)
2226 4612 2334 4668 quo
2364 4597 2848 4665 commorandum,
2884 4597 3028 4667 (ιιιοά
3057 4597 3291 4667 Primum
3322 4596 3729 4651 ίιιῑτοάιιοειιυτ
3768 4607 3858 4663 Per

520 4695 753 4767 amplius
797 4693 999 4768 (Apoc.
1044 4696 1125 4765 itt,
1179 4695 1311 4767 12).
1361 4695 1738 4753 Pavimentum
1788 4713 1919 4769 ergo
1973 4701 2117 4771 quod
2227 4702 2438 4765 portam
2493 4694 2822 4764 Aquilonis;
2875 4693 3137 4762 secundo,
3189 4708 3286 4764 per
3338 4702 3568 4762 portant
3624 4688 3856 4750 Austri;

518 4796 639 4843 erat
669 4786 721 4841 in
755 4786 935 4843 fronte
966 4797 1265 4858 portarum,
1307 4788 1376 4844 de
1422 4805 1530 4861 quo
1557 4791 1667 4861 jam
1712 4792 1969 4862 diximus,
2004 4794 2119 4849 sive
2226 4787 2410 4851 tertio,
2470 4801 2569 4856 per
2614 4798 2825 4855 portam
2868 4784 3223 4842 Orientalem.
3276 4784 3359 4838 Ab
3389 4783 3689 4857 Aquilone
3721 4782 3861 4835 enim

518 4879 761 4950 porticus
812 4888 936 4951 post
984 4889 1192 4951 tergum
1248 4892 1547 4950 portarum,
1614 4899 1734 4954 qua:
1785 4884 2119 4942 habitatores
2226 4878 2592 4935 exardescunt
2638 4877 2780 4931 mala
2813 4893 2976 4949 super
3016 4877 3351 4931 habitatores
3404 4885 3583 4931 terra:
3622 4874 3859 4949 (Jeretn.

521 4970 881 5027 thalamorum
913 4972 981 5027 ab
1009 4970 1274 5028 imbribus
1296 4973 1682 5042 defendebant,
1716 4989 1834 5032 erat
1864 4977 2112 5033 inferius.
2226 4988 2268 5040 ι,
2304 4971 2372 5027 14
2395 4970 2437 5045 ).
2473 4970 2811 5041 Pulchreque
2853 4973 2943 5043 qui
2994 4971 3267 5026 habitator
3313 4981 3487 5025 terra:
3524 4979 3636 5038 est,
3674 4979 3727 5024 et
3759 4982 3862 5022 non

520 5064 751 5137 Semper
775 5067 918 5121 enim
942 5082 1063 5136 qua:
1090 5066 1343 5121 inferiora
1372 5076 1498 5123 sunt
1544 5070 1596 5123 in
1629 5070 1915 5127 altioribus
1941 5073 2117 5127 collo-
2228 5065 2442 5121 advena
2473 5073 2635 5133 atque
2663 5068 3002 5137 peregrinus,
3037 5072 3185 5134 P3181
3211 5062 3410 5133 Ιθουιίε
3456 5064 3587 5134 eius
3632 5062 3728 5135 (ιυῘ
3772 5075 3864 5113 νε·

520 5169 738 5225 cantnr,
770 5168 830 5213 ut
859 5156 924 5212 ad
956 5158 1182 5229 mystica
1211 5167 1373 5229 atque
1417 5171 1648 5228 secreta,
1682 5171 1736 5217 et
1770 5164 1928 5232 plena
1976 5164 2114 5220 divi-
2227 5166 2308 5222 nit
2339 5166 2409 5222 ab
2437 5165 2734 5236 Aquilone,
2768 5166 2921 5233 cujus
2965 5164 3131 5233 ignita
3159 5170 3285 5217 sunt
3309 5161 3528 5231 jacula,
3565 5177 3694 5232 qum
3720 5160 3870 5229 juxta

518 5256 609 5311 tiis
637 5253 1028 5326 spiritualibus,
1061 5269 1287 5309 ascensu
1315 5264 1365 5310 et
1397 5256 1649 5326 gradibus
1682 5262 1970 5327 pervenire
1996 5275 2118 5330 pos-
2224 5260 2548 5330 Apostolum
2577 5268 2733 5314 scuto
2767 5257 2890 5311 fidei
2909 5254 3370 5326 restinguunturj
3403 5252 3619 5324 Ephes.
3658 5268 3715 5306 vr
3741 5256 3777 5323 ).
3805 5247 3872 5303 Et

518 5347 710 5404 simus.
739 5347 1052 5418 Plenusqtte
1086 5363 1341 5403 numerus
1365 5358 1523 5419 atque
1550 5349 1822 5417 perfectus
1849 5353 1899 5406 in
1926 5352 2113 5407 decem
2225 5351 2293 5407 ad
2324 5351 2647 5423 Aquilonem
2679 5352 2919 5406 exterius
2959 5348 3156 5404 atrium
3191 5348 3523 5402 nominatur
3556 5365 3572 5402 :
3607 5345 3678 5401 ad
3713 5341 3874 5400 meri-

521 5441 850 5497 decadarum
885 5456 1116 5497 numero
1148 5450 1250 5507 est,
1281 5443 1369 5511 qui
1399 5453 1445 5497 et
1481 5453 1782 5499 sementem
1810 5444 1963 5499 Isaac
1989 5459 2118 5498 cen-
2223 5444 2367 5501 diem
2400 5459 2548 5511 vero,
2571 5445 2673 5499 hoc
2695 5444 2799 5509 est,
2819 5443 2884 5497 ad
2902 5441 3307 5513 Austrtnngnon
3333 5443 3638 5508 exterius,
3664 5438 3762 5494 sed
3795 5438 3873 5490 in—

520 5539 650 5588 tena
685 5532 843 5604 fruge
887 5534 1208 5605 multiplicat
1263 5532 1438 5607 (Gen.
1493 5536 1681 5607 xxvr).
1737 5536 1844 5593 Sed
1893 5537 2019 5608 quia
2062 5537 2116 5592 in
2225 5536 3137 5609 terius.DicitenimScripturazEt
3160 5534 3461 5591 introduxit
3486 5535 3877 5590 mandati-ium

520 5631 667 5681 terra
714 5635 848 5694 erat,
882 5638 937 5684 et
986 5628 1163 5685 adhuc
1210 5628 1395 5687 dicere
1446 5640 1698 5701 poterat:
1740 5630 1966 5687 Advena
2014 5648 2120 5706 ego
2224 5635 2443 5690 interius
2461 5633 2529 5688 ad
2551 5646 2757 5707 portam
2778 5632 3260 5703 Australem,quod
3280 5631 3409 5688 etin
3428 5629 3719 5687 Orientali
3739 5626 3879 5683 atrio

514 4042 802 4098 aedificium
833 4052 1221 4098 sustentarent.
1259 4044 1381 4099 lstze
1408 4053 1536 4099 sunt
1576 4044 1865 4111 columnae,
1899 4044 1968 4101 de
1998 4046 2118 4117 qui-

515 4133 621 4192 bus
649 4143 705 4190 et
730 4136 925 4190 Paulus
954 4135 1230 4205 apostolus
1274 4135 1501 4190 scribit:
1537 4135 1802 4191 Dexteras
1851 4137 2116 4195 dederunt

510 4231 646 4287 mihi
679 4238 735 4285 et
769 4228 1050 4295 Barnaba',
1094 4229 1285 4285 Petrus
1316 4237 1372 4285 et
1400 4227 1642 4285 Joannes
1670 4230 1763 4300 qtti
1794 4231 2120 4286 videbantur

509 4322 781 4379 columna:
795 4320 1088 4395 esse(Gaf.
1114 4337 1172 4389 tt,
1197 4321 1287 4393 9).
1313 4321 1382 4377 Et
1402 4322 1456 4377 in
1477 4323 1587 4378 alio
1608 4322 1726 4378 loco
1754 4342 1766 4379 :
1791 4323 2048 4379 Columna
2065 4333 2120 4381 et

589 5748 618 5777 ι
643 5739 953 5817 JHesycltius
971 5741 1161 5799 Persis
1190 5743 1331 5817 banc
1354 5758 1545 5801 vocem
1572 5743 1885 5813 signiﬁcare
1912 5746 2125 5817 scribit,

2243 5747 2477 5802 stathius
2506 5746 2570 5801 ad
2594 5762 2737 5801 vers.
2767 5745 2872 5801 910
2899 5744 3137 5816 Dionysii
3162 5745 3400 5814 Perieg.:
3428 5746 3617 5812 Γάζαν
3642 5745 3674 5807 ἢ
3697 5742 3881 5811 Ἅζαν,

518 5811 781 5872 Βασίλειοῦ
811 5811 841 5872 ἦ
864 5816 985 5876 τοὺς
1013 5817 1068 5870 εκ
1090 5822 1187 5870 τῶν
1210 5816 1405 5873 πολλῶν
1436 5811 1741 5893 φερομέῦους
1764 5818 1981 5895 φόρονς;
2019 5811 2126 5874 Eu;

2236 5821 2449 5876 Καλοῦσι
2478 5818 2530 5875 δέ
2555 5819 2716 5881 οὕτως
2745 5820 2791 5873 οἱ
2820 5820 3007 5896 Πέρσαι
3035 5822 3100 5875 τὰ
3131 5819 3407 5894 χρήματα.
