4108 6338
250 269 366 327 385

946 268 1607 331 COMMENTARIORUM
1648 270 1715 331 IN
1756 268 2198 331 EZECHIELEM
2240 270 2371 330 LlB.
2412 271 2534 330 Xll.
2573 271 2727 331 CAP.
2774 271 2887 330 XL.

3458 274 3569 332 386

254 383 518 452 scriptum
535 380 1099 440 similiterinvcnitur.
1130 385 1342 442 Primus
1364 386 1507 442 enim
1522 386 1588 441 ad
1614 388 1865 442 virtutem
1896 388 1948 449 Α
1974 395 2095 454 est,
2128 386 2245 444 sive
2271 388 2525 444 interius.
2555 386 2667 445 Nec
2696 389 2874 445 solum
2904 402 3011 445 una
3043 394 3198 460 porta
3230 396 3314 446 est
3342 389 3573 461 Aquilo-

257 477 539 547 ingressus
561 486 669 545 est,
690 479 1017 547 Aquilonem
1036 479 1248 535 calcare
1265 480 1511 550 pedibus,
1530 490 1583 535 et
1602 496 1697 551 per
1714 481 1869 551 quin-

255 569 675 639 quagenarium,
700 569 863 644 481
894 572 1287 628 ctvicesimum
1317 584 1372 629 et
1402 574 1650 646 quintum
1678 590 1871 630 nume-

259 676 381 715 rum
406 702 423 727 ,
456 661 525 716 ad
559 665 931 719 summitatem
968 666 1272 721 centenarii
1315 669 1606 737 pervenire
1632 686 1643 721 :
1668 667 1869 723 deinde

258 755 537 812 introduci
565 757 634 813 ad
680 758 989 814 Australcm
1018 760 1231 831 plagam
1256 801 1270 825 ,
1298 768 1354 816 et
1388 761 1668 831 Aquilonis
1699 761 1868 832 frigus

257 849 541 919 expellere
568 868 581 904 :
626 860 679 906 et
706 860 833 907 tunc
861 852 930 906 ad
959 853 1260 922 perfectam
1282 854 1471 910 venire
1500 854 1784 921 virtutem,
1815 853 1869 909 id

258 952 346 999 est
366 984 382 1008 ,
416 943 487 998 ad
525 954 740 1015 portam
769 945 1106 1001 Orientalem
1126 990 1141 1015 ,
1175 946 1226 1001 in
1252 962 1359 1018 qua
1388 948 1567 1002 oritur
1596 947 1677 1003 sol
1703 945 1867 1017 justi-

260 1037 382 1105 tite,
412 1047 468 1093 et
499 1053 595 1107 per
624 1054 785 1110 quam
838 1039 988 1095 solus
1019 1039 1320 1110 ingreditur
1364 1039 1628 1111 pontifex.
1661 1041 1727 1095 Et
1767 1040 1872 1096 hoc

256 1130 663 1186 observandum
689 1174 704 1200 ,
754 1132 899 1203 quod
942 1149 1065 1187 cum
1116 1143 1355 1204 quatuor
1398 1134 1570 1205 plagae
1618 1134 1728 1188 sint
1754 1176 1769 1201 ,
1803 1132 1871 1189 de

256 1225 596 1282 Occidentali
634 1235 789 1297 porta
830 1237 1080 1283 taceatur
1103 1228 1172 1283 de
1200 1244 1302 1298 qua
1330 1228 1385 1283 in
1419 1228 1688 1299 principio
1716 1245 1874 1285 sexa-

260 1319 462 1391 gesimi
495 1318 717 1390 septimi
742 1319 936 1390 psalmi
959 1320 1219 1389 scriptum
1238 1328 1321 1375 est
1346 1337 1360 1373 :
1394 1319 1501 1375 Iter
1525 1320 1691 1375 facite
1710 1321 1757 1375 ei
1782 1321 1873 1391 qui

259 1413 524 1468 ascendit
567 1427 733 1483 super
761 1413 1115 1469 Occidentem
1149 1456 1164 1481 ,
1222 1413 1485 1467 Dominus
1521 1427 1721 1468 nomen
1755 1410 1873 1482 ejus

265 1503 447 1577 (Psal.
496 1522 612 1572 vn,
646 1506 739 1579 5);
795 1514 852 1561 ut
904 1516 1191 1578 p0stquam
1235 1507 1393 1561 nobis
1444 1507 1875 1577 prmparantibus

262 1601 369 1655 iter
398 1600 656 1669 Domino,
690 1610 747 1656 et
776 1601 911 1655 illud
937 1601 1289 1672 implentibus
1307 1601 1452 1672 quod
1474 1600 1710 1657 Joannes
1737 1600 1875 1671 Bap-

264 1694 392 1749 tista
425 1694 630 1749 clamat
659 1695 711 1749 in
748 1711 973 1751 eremo:
1008 1694 1203 1751 Paratc
1232 1696 1372 1751 viam
1402 1697 1630 1752 Domino
1651 1740 1664 1764 ,
1699 1706 1878 1752 rectas

1973 478 2060 535 nis
2088 522 2103 545 ,
2135 496 2257 552 quae
2303 495 2468 552 supra
2516 490 2673 553 porta
2706 483 3016 553 appellatur
3044 484 3291 541 exterior
3326 503 3336 538 :
3372 484 3467 540 sed
3517 493 3576 541 et

1971 573 2141 631 altera
2200 575 2467 641 interior,
2527 592 2649 647 qua:
2704 576 2870 633 habet
2929 578 3340 636 similitudinem
3397 589 3573 650 portas

1972 667 2307 739 Orientalis,
2340 679 2400 725 ut
2446 670 2789 727 manifestius
2838 671 3027 728 dixere
3075 673 3453 746 Septuaginta.
3503 674 3575 731 Et

1972 773 2127 835 porta
2158 766 2284 820 atrii
2312 766 2537 822 interior
2562 766 2865 838 respiciens
2889 776 3104 838 portam
3128 769 3437 841 Aquilonis,
3463 769 3581 826 sic-

1975 866 2034 911 ut
2062 865 2181 913 erat
2238 866 2395 928 porta‘
2440 874 2563 931 quae
2611 858 2944 930 respiciebat
2982 861 3049 916 ad
3078 860 3382 918 Orientem.
3423 862 3576 919 Men-

1975 966 2177 1022 susque
2207 962 2293 1008 est
2323 969 2350 1007 a
2385 963 2536 1024 porta
2557 955 2817 1011 exteriori
2845 955 3131 1026 Aquilonis
3157 972 3331 1028 usque
3358 957 3424 1014 ad
3450 974 3577 1031 por-

1977 1054 2083 1099 tam
2113 1043 2362 1115 ejusdem
2401 1046 2693 1117 Aquilonis
2726 1048 3041 1105 intcriorcm
3072 1057 3293 1105 centum
3320 1050 3532 1107 cubitos
3558 1069 3573 1107 :

1975 1148 2033 1194 ut
2061 1137 2145 1194 his
2176 1140 2331 1210 quasi
2359 1141 2617 1212 gradibus
2646 1148 2810 1212 atque
2837 1142 3111 1200 mensuris
3138 1186 3156 1213 ,
3188 1144 3513 1201 recedentes
3546 1162 3577 1200 a

1977 1242 2131 1303 porta
2154 1234 2416 1289 exteriori
2447 1277 2462 1302 ,
2494 1234 2563 1290 ad
2595 1234 2914 1293 interiorem
2948 1237 3235 1307 pervenire
3272 1236 3578 1305 valeamus,

1978 1324 2046 1381 de
2078 1326 2233 1396 cujus
2257 1326 2474 1382 numeri
2501 1338 2847 1385 sacramento
2875 1344 3039 1400 supra
3062 1329 3273 1386 dictum
3297 1338 3401 1387 est.

2051 1415 2212 1488 (Vers
2236 1416 2307 1472 24
2346 1415 2529 1489 seqq.)
2561 1438 2579 1471 ε
2623 1420 2690 1474 Ει
2729 1421 2921 1477 eduxit
2952 1437 3041 1478 me
3067 1422 3134 1478 ad
3182 1424 3326 1479 viam
3359 1424 3586 1483 Austra-

1986 1526 2005 1562 ‹
2047 1510 2186 1577 lem,
2220 1519 2277 1565 et
2309 1527 2438 1568 ecce
2457 1523 2613 1583 porta
2644 1530 2764 1586 qua:
2795 1517 3123 1588 respiciebat
3170 1518 3238 1574 ad
3291 1518 3579 1577 Austrum.

1988 1621 2007 1656 ι
2049 1603 2118 1658 Ει
2148 1619 2367 1660 mensus
2414 1615 2499 1661 est
2549 1606 2785 1664 frontem
2814 1610 2932 1680 ejus
2961 1619 3016 1665 et
3061 1611 3393 1669 vestibulum
3423 1600 3585 1684 ejus‘,

1988 1712 2007 1746 ‹
2041 1695 2195 1765 juxta
2229 1704 2867 1770 mensurassuperiores
2893 1742 2907 1767 ,
2943 1713 3000 1758 et
3027 1704 3301 1761 fenestras
3328 1706 3449 1776 ejus
3478 1748 3493 1777 ,
3528 1714 3585 1764 et

262 1786 432 1843 facile
470 1787 693 1843 semitas
730 1789 851 1858 ejus
875 1786 1090 1860 (Matth.
1123 1804 1215 1856 ιιι,
1250 1787 1305 1860 5)
1336 1831 1352 1857 ,
1386 1789 1660 1860 possimus
1690 1789 1876 1845 audire
1906 1797 1954 1858 Β
1988 1806 2006 1841 ι
2044 1789 2311 1845 chtibnla
2339 1791 2392 1845 in
2420 1790 2675 1860 circuitu,
2701 1794 2841 1849 sicut
2865 1795 3138 1853 fenestras
3169 1808 3437 1855 caeteras:
3468 1798 3497 1840 ι)
3531 1800 3586 1856 ἰιι

265 1881 417 1951 quod
447 1881 499 1935 in
524 1889 767 1936 extrema
797 1892 955 1953 parte
981 1881 1224 1951 ejusdem
1250 1881 1445 1952 psalmi
1475 1880 1709 1937 dicitur:
1736 1882 1881 1939 Can-

267 1981 384 2028 tate
418 1973 530 2028 Deo
546 2016 561 2039 ,
594 1973 809 2043 psallite
829 1973 1085 2039 Domino,
1105 1974 1195 2045 qui
1222 1973 1473 2029 ascendit
1493 1990 1658 2045 super
1681 1975 1878 2029 coelum

266 2071 396 2129 coeli
430 2071 498 2126 ad
543 2072 820 2128 Orientem
863 2071 984 2142 (Ps.
1018 2088 1162 2128 vau
1189 2115 1204 2138 ,
1239 2072 1353 2139 55).
1385 2071 1542 2139 Quod
1586 2078 1767 2127 autem
1797 2071 1881 2127 di-

270 2179 480 2224 cuntur
522 2166 749 2222 thalami
782 2178 891 2222 tres
924 2165 1083 2235 hinc,
1116 2176 1171 2223 et
1203 2175 1313 2223 tres
1339 2165 1487 2234 inde,
1522 2164 1626 2221 hoc
1668 2164 1832 2221 docet
1862 2204 1879 2232 ,

270 2263 423 2333 quod
458 2271 568 2316 tam
600 2261 782 2317 littera
810 2276 971 2332 quam
1015 2260 1244 2331 spiritus
1273 2301 1288 2327 ,
1322 2268 1377 2315 et
1408 2268 1641 2330 utraque
1684 2258 1885 2314 intelli-

270 2356 464 2426 gentia
492 2396 507 2421 ,
541 2363 597 2410 et
627 2353 872 2408 historia:
902 2360 957 2408 et
989 2352 1305 2423 tropologia:
1334 2395 1348 2421 ,
1383 2351 1451 2406 ad
1475 2349 1765 2406 Trinitatis
1797 2364 1885 2404 sa-

272 2458 564 2507 cramenta
622 2448 957 2519 pertineant.
1023 2445 1268 2517 llludque
1322 2444 1468 2518 quod
1523 2446 1771 2501 dicitur:
1813 2443 1885 2497 Et

276 2544 508 2615 frontem
530 2543 641 2613 ejus
664 2588 678 2612 ,
706 2552 754 2597 et
784 2539 1093 2596 vestibulum
1123 2539 1409 2594 secundum
1438 2556 1733 2595 mensuram
1762 2556 1888 2612 por-

273 2643 346 2691 tte
373 2637 585 2707 prioris,
618 2634 955 2691 Orientalem
987 2643 1204 2704 portam
1242 2633 1555 2706 significat,
1585 2650 1707 2704 qua:
1735 2634 1888 2704 prior

276 2744 390 2786 non
416 2727 632 2793 ordine,
665 2726 759 2782 sed
785 2727 980 2781 merito
1008 2735 1370 2796 nuncupatur.
1402 2725 1471 2779 Et
1504 2725 1775 2791 habebat,
1803 2724 1887 2779 in-

277 2824 399 2894 quit
419 2865 434 2889 ,
465 2821 854 2893 quinquaginta
885 2820 1101 2876 cubitos
1133 2820 1187 2875 in
1214 2818 1580 2890 longitudine,
1619 2827 1674 2874 et
1698 2817 1888 2889 viginti

279 2916 532 2988 quinque
577 2915 630 2970 in
682 2914 1002 2981 latitudine;
1052 2923 1110 2969 ut
1161 2924 1186 2951 ιι
1234 2912 1288 2968 in
1334 2912 1732 2985 quinquaginta
1763 2920 1891 2984 post

278 3020 499 3083 septem
544 3009 915 3066 hebdomadas
942 3017 1148 3065 aeterna
1190 3007 1409 3079 requies
1439 3007 1889 3063 demonstretur:

284 3106 517 3162 tendens
552 3120 646 3175 per
675 3104 821 3159 diem
856 3102 1275 3160 resurrectionis
1300 3103 1369 3159 ad
1403 3118 1570 3175 regna
1599 3104 1889 3171 cmlorum,

1990 1899 2009 1934 r
2047 1898 2150 1952 qua
2182 1894 2298 1939 erat
2323 1883 2712 1957 quinquaginta
2732 1889 3041 1945 cubitorum
3070 1891 3357 1963 longitudo
3380 1933 3395 1960 ,
3422 1904 3478 1950 et
3505 1894 3586 1950 la-

1991 1993 2009 2028 ‹
2046 1976 2219 2031 titudo
2272 1977 2463 2048 viginti
2505 1980 2786 2052 quinque,
2833 1992 2887 2037 et
2948 1983 3002 2038 in
3059 1985 3318 2054 gradibus
3374 1996 3585 2058 septem

1990 2086 2009 2121 ι
2028 2069 2452 2135 ascendebatur
2468 2072 2534 2127 ad
2551 2089 2694 2143 eam,
2720 2075 3117 2133 etvestibulum
3133 2087 3261 2134 ante
3276 2077 3579 2150 foresejus,

1991 2179 2010 2214 ι
2046 2172 2100 2218 et
2125 2163 2331 2218 czelataa
2362 2164 2559 2235 palmae
2589 2176 2747 2223 erant
2768 2212 2783 2236 ,
2817 2184 2921 2224 una
2954 2169 3117 2239 hinc,
3150 2180 3210 2227 et
3233 2171 3402 2227 altera
3452 2172 3581 2229 inde

1993 2276 2013 2310 ‹
2050 2257 2104 2312 in
2134 2258 2314 2314 fronte
2340 2259 2479 2329 ejus.
2513 2260 2582 2315 Et
2614 2270 2770 2331 porta
2799 2262 2924 2318 atrii
2972 2262 3251 2319 interioris
3281 2264 3335 2320 in
3367 2264 3454 2319 via
3478 2264 3562 2320 Au

1992 2366 2012 2400 r
2051 2350 2225 2419 strali,
2258 2360 2313 2406 et
2345 2368 2565 2409 mensus
2594 2363 2679 2409 est
2707 2369 2738 2408 a
2768 2366 2923 2424 porta
2959 2371 3131 2427 usque
3155 2356 3222 2412 ad
3270 2365 3486 2429 portam
3534 2359 3588 2414 in

1993 2461 2013 2497 ‹
2050 2443 2136 2498 via
2165 2443 2428 2512 Australi,
2461 2456 2679 2501 centum
2710 2446 2949 2503 cubitos.
2980 2447 3047 2503 Et
3081 2447 3388 2506 introduxit
3417 2465 3505 2506 me
3535 2450 3591 2506 in

1962 2572 1963 2575 η
1996 2555 2015 2591 ι
2045 2536 2246 2592 atrium
2278 2537 2509 2593 interius
2539 2538 2606 2593 ad
2635 2546 2850 2610 portam
2897 2538 3208 2597 Australem
3230 2586 3244 2611 ,
3278 2550 3334 2598 et
3370 2556 3592 2599 mensus

1996 2648 2016 2683 r
2056 2643 2138 2687 εει
2166 2638 2379 2701 portam
2402 2630 2553 2701 juxta
2584 2647 2870 2689 mensuras
2906 2634 3256 2705 superiores,
3293 2634 3590 2691 thalamum

1998 2741 2019 2776 ‹
2058 2723 2199 2795 ejus,
2224 2733 2279 2780 et
2306 2723 2541 2780 frontem
2575 2724 2727 2795 ejus,
2759 2724 3161 2784 etvestibulum
3192 2728 3313 2799 ejus
3336 2770 3352 2795 ,
3379 2728 3589 2786 eisdem

1998 2834 2017 2868 ι
2058 2818 2328 2873 mensuris
2349 2858 2362 2882 ,
2392 2828 2445 2873 et
2472 2816 2746 2873 fenestras
2777 2829 2799 2857 ε
2833 2820 3229 2878 vestibulorum
3263 2824 3316 2876 in
3340 2822 3592 2891 circuitu,

2000 2926 2020 2962 ‹
2064 2910 2451 2983 quinquaginta
2490 2911 2705 2969 cubitos
2749 2912 3141 2983 longitudinis,
3202 2922 3258 2969 et
3297 2912 3597 2970 latitudinis

2001 3023 2020 3057 ι
2061 3006 2246 3076 viginti
2278 3007 2517 3077 quinque
2544 3007 2778 3063 cubitos.
2811 3006 2880 3062 Et
2910 3008 3242 3064 vestibulum
3267 3025 3367 3081 per
3401 3024 3596 3081 gyrum

2003 3117 2021 3151 ι
2058 3098 2394 3169 longitudine
2416 3099 2605 3171 viginti
2651 3101 2895 3171 quinque
2942 3101 3248 3157 cubitorum
3280 3146 3295 3171 ,
3330 3108 3388 3159 et
3413 3102 3600 3158 latitu-

283 3198 342 3254 in
362 3198 565 3268 quibus
585 3212 716 3252 vera
747 3196 965 3267 requies
987 3203 1090 3251 est.
1121 3195 1175 3249 In
1201 3195 1391 3266 viginti
1418 3196 1660 3265 quinque
1684 3202 1888 3260 autem,
1918 3188 1965 3252 C
2004 3213 2022 3246 t
2061 3192 2191 3250 dine
2218 3193 2457 3266 quinque
2505 3195 2835 3251 cubitorum.
2870 3195 2944 3250 Et
2995 3195 3319 3252 vestibulum
3364 3196 3486 3266 ejus
3527 3194 3597 3252 ad

284 3290 356 3347 de
384 3306 493 3360 quo
524 3305 753 3345 numero
776 3298 903 3344 ante
927 3287 1041 3359 jam
1072 3285 1330 3354 diximus,
1362 3290 1601 3359 quinque
1628 3302 1887 3342 sensuum

285 3399 389 3457 per
418 3385 663 3456 quinque
683 3382 903 3438 ordines
935 3380 1297 3453 quadranguli
1332 3397 1591 3437 mensura
1620 3390 1889 3449 servetur,

285 3494 522 3549 quorum
554 3477 785 3533 alterum
825 3473 1151 3546 longitudini
1178 3515 1193 3541 ,
1224 3474 1458 3529 alterum
1491 3472 1772 3529 latitudini
1801 3486 1892 3529 co-

283 3581 546 3644 aptatur;
578 3580 640 3627 ut
686 3572 740 3627 in
795 3569 1139 3641 longitudine
1190 3569 1408 3641 requies
1440 3611 1454 3635 ,
1499 3576 1554 3623 et
1599 3567 1892 3624 delectatio

287 3666 614 3721 sacratioris
646 3664 925 3721 scientiae:
960 3663 1014 3719 in
1048 3662 1337 3718 latitudine
1378 3661 1727 3731 praesentium
1770 3674 1893 3730 quac

287 3759 357 3818 ad
388 3773 589 3816 sensus
635 3759 915 3830 pertinet,
961 3757 1102 3813 ratio
1150 3756 1577 3813 demonstretur.
1627 3754 1894 3824 Quodque

289 3852 563 3911 infertur:
602 3852 667 3905 Et
692 3854 929 3923 fenestrw
958 3854 1091 3919 eius,
1130 3860 1175 3905 et
1197 3849 1467 3917 vestibula,
1501 3848 1851 3921 etsculptnra’
1876 3892 1891 3918 ,

290 3946 408 4001 sive
450 3953 513 4000 ut
564 3945 918 4015 Septuaginta
972 3943 1236 4000 addidere
1262 3984 1277 4008 ,
1311 3942 1502 4013 palmw
1546 3950 1695 3996 erant
1737 3941 1895 4012 juxta

287 4057 594 4097 mensuram
637 4049 800 4111 porta:
842 4056 957 4112 qua:
996 4038 1301 4110 respiciebat
1340 4038 1406 4090 ad
1443 4036 1707 4091 Orientem
1732 4078 1747 4104 ,
1793 4033 1899 4090 hoc

291 4133 575 4191 subtiliter
628 4132 936 4203 indicatur,
989 4132 1133 4204 quod
1182 4131 1517 4203 quicumque
1567 4131 1621 4184 in
1671 4127 1896 4184 introitu
1940 4178 1943 4181 ,

292 4225 556 4283 virtutum
590 4226 819 4297 positus,
848 4234 955 4281 tres
977 4234 1031 4284 et
1060 4233 1171 4281 tres
1206 4225 1478 4279 thalamos
1509 4222 1899 4294 fueritingres-

289 4333 418 4389 sus,
448 4320 795 4392 frontemque
819 4332 872 4375 et
898 4320 1227 4376 vestibulum
1255 4334 1529 4376 mensuras
1556 4329 1728 4391 portae
1753 4318 1899 4389 prio-

293 4415 373 4473 ris
398 4417 731 4488 agnoverit,
765 4414 831 4471 ad
858 4430 920 4469 ea
954 4415 1256 4486 parveniat,
1291 4414 1493 4486 illaque
1534 4410 1701 4486 482
1758 4428 1894 4469 con-

294 4508 503 4580 Spiciat
526 4549 542 4577 ,
572 4523 694 4580 qua:
725 4519 779 4564 et
810 4509 860 4563 in
893 4518 1045 4579 porta
1074 4506 1338 4566 Orientali
1361 4506 1688 4579 plenissime
1711 4522 1900 4563 susce-

2000 3307 2018 3341 ‹
2053 3289 2250 3343 atrium
2290 3289 2542 3345 exterius
2563 3331 2579 3359 ,
2612 3300 2667 3345 et
2699 3290 2906 3359 palmas
2926 3290 3042 3359 ejus
3066 3291 3118 3345 in
3151 3290 3359 3358 fronte,
3382 3299 3439 3347 et
3463 3300 3590 3347 octo

2000 3398 2020 3433 ι
2053 3380 2251 3450 gradus
2277 3381 2397 3449 ejus
2442 3391 2599 3436 erant
2619 3423 2633 3447 ,
2666 3380 2863 3451 quibus
2890 3380 3291 3438 ascendebatur
3312 3383 3378 3437 ad
3410 3396 3551 3438 eam.
3575 3400 3596 3435 ι

1993 3472 2158 3545 483
2188 3472 2538 3545 Septuaginta
2557 3474 2607 3528 in
2633 3473 2827 3529 eadem
2852 3474 3021 3530 verba
3049 3475 3428 3543 consentiunt,
3456 3490 3600 3545 pras-

1995 3574 2081 3621 ter
2103 3567 2213 3620 tltee
2240 3564 2433 3637 (ann),
2461 3577 2516 3622 et
2536 3562 2563 3603 ά
2588 3568 2707 3621 elau
2737 3549 2901 3639 (ιἠκ),
2921 3578 2976 3623 et
3005 3565 3229 3622 elamotlt
3259 3549 3515 3639 (mdis),
3546 3577 3604 3623 et

1995 3660 2127 3714 elam
2140 3642 2349 3732 (D‘Tttt),
2366 3675 2465 3730 pro
2479 3675 2587 3731 quo
2605 3660 2660 3716 in
2678 3660 2911 3716 Hebraeo
2926 3660 3162 3731 positum
3178 3670 3263 3717 est
3279 3659 3440 3715 alam.
3462 3659 3602 3716 Tltee

1995 3763 2175 3809 autem
2220 3753 2611 3825 interpretatur
2668 3752 2825 3809 limen
2853 3796 2869 3822 ,
2903 3754 3019 3810 sive
3048 3754 3228 3825 frons;
3280 3753 3423 3822 elau,
3464 3754 3604 3808 circa

1998 3862 2113 3901 eum
2139 3886 2154 3914 ,
2190 3846 2304 3901 sive
2331 3847 2685 3901 sustentacula
2707 3863 2727 3913 ;
2752 3846 3000 3914 elamotlt,
3034 3846 3279 3918 propyla,
3307 3845 3422 3902 sive
3448 3846 3603 3901 vesti-

2001 3941 2122 3996 bula
2146 3958 2165 4010 ;
2199 3940 2341 3996 ulam
2368 3942 2633 4022 πρόπυλον
2654 3985 2670 4011 ,
2696 3941 2749 3997 id
2776 3951 2888 4009 est,
2917 3950 3038 3995 ante
3062 3943 3220 4015 fores.
3254 3940 3392 3997 Illud
3422 3951 3605 3997 autem

2002 4040 2149 4112 quod
2193 4040 2350 4113 juxta
2402 4040 2728 4097 llebraicum
2782 4039 3096 4110 posuimus:
3130 4036 3200 4091 Et
3246 4037 3557 4093 vestibulum
3586 4079 3600 4105 ,

2001 4138 2146 4206 sive,
2188 4134 2477 4213 πρόπυλον,
2510 4136 2565 4190 in
2595 4135 2817 4191 circuitu
2847 4151 2937 4207 per
2964 4150 3148 4206 gyrum
3175 4131 3517 4206 longitudinis
3538 4134 3612 4187 ri-

2002 4234 2131 4308 ginti
2157 4234 2379 4304 quinque
2408 4232 2735 4302 cubitorum,
2764 4240 2810 4285 et
2838 4230 3129 4285 latitudinis
3148 4245 3237 4302 per
3258 4230 3485 4301 quinque
3509 4243 3603 4283 cu-

2005 4328 2156 4393 bitos,
2184 4328 2235 4382 in
2265 4326 2617 4398 Septuaginta
2639 4341 2745 4380 non
2774 4323 3159 4381 habetur.Sed
3191 4332 3245 4379 ct
3270 4322 3379 4378 hoc
3405 4330 3604 4379 notan-

2003 4419 2154 4487 dum,
2182 4419 2328 4490 quod
2359 4419 2412 4474 in
2442 4418 2682 4474 Australi
2714 4426 2867 4487 porta
2901 4416 3056 4487 juxta
3088 4415 3447 4487 Septuaginta
3490 4430 3605 4473 non

2004 4512 2218 4569 dicatur
2248 4512 2356 4578 via,
2390 4510 2487 4567 sed
2509 4508 2859 4580 simpliciter:
2888 4518 2935 4562 et
2957 4509 3135 4563 eduxit
3153 4524 3233 4563 me
3248 4508 3317 4561 ad
3338 4507 3603 4579 Austrum,

294 4612 493 4676 pturus
519 4612 621 4659 est.
644 4603 816 4659 Porro
845 4603 989 4676 quod
1022 4604 1306 4675 sequitur:
1333 4602 1401 4658 Et
1423 4612 1616 4676 septem
1642 4603 1901 4675 graduum
1929 4590 1979 4651 Ι)
2006 4612 2052 4658 et
2073 4619 2187 4670 ecce
2206 4612 2357 4676 porta
2387 4618 2505 4672 qua:
2544 4599 2850 4672 respiciebat
2889 4602 2957 4654 ad
2986 4600 3261 4656 Austrum.
3291 4600 3396 4657 Per
3421 4600 3610 4674 singu-

296 4703 413 4751 erat
442 4712 686 4752 ascensus
716 4698 829 4771 ejus
851 4737 866 4765 ,
889 4705 937 4751 et
963 4696 1271 4752 vestibulum
1295 4705 1413 4751 ante
1441 4712 1554 4750 eam
1572 4739 1588 4765 ,
1620 4695 1737 4751 sive
1765 4696 1901 4749 inte-

295 4793 411 4847 rius
436 4833 451 4859 ,
485 4790 631 4847 hunc
656 4791 821 4848 habet
850 4806 1071 4848 sensum
1097 4832 1113 4861 ,
1156 4791 1300 4864 quod
1332 4807 1429 4863 per
1458 4800 1667 4861 septem
1698 4789 1907 4861 gradus

299 4882 664 4941 hebdomadis
690 4926 705 4952 ,
736 4894 792 4941 et
836 4885 963 4942 ollae
993 4902 1113 4957 quae
1145 4901 1175 4941 a
1207 4884 1348 4942 facie
1379 4884 1666 4957 Aquilonis
1706 4899 1906 4941 accen-

299 4976 450 5034 ditur
476 5020 491 5045 ,
519 4989 576 5035 et
604 4980 969 5036 cazremonias
997 4978 1312 5036 Iudaeorum
1344 4980 1541 5053 quibus
1572 4979 1724 5035 dedit
1762 4979 1908 5036 Deus

301 5080 581 5144 praecepta
604 5090 712 5129 non
737 5074 908 5141 bona,
944 5082 999 5130 et
1025 5074 1453 5145 iustiﬁcationes
1484 5075 1537 5130 in
1570 5074 1770 5146 quibus
1794 5089 1901 5131 non

300 5167 493 5223 vivant
520 5167 572 5223 in
616 5166 730 5236 eis,
762 5168 1091 5224 scandamus
1135 5169 1204 5225 ad
1247 5169 1443 5225 altiora
1475 5178 1530 5224 et
1562 5169 1629 5223 ad
1658 5168 1906 5225 vestibu-

302 5261 419 5319 lum
444 5263 597 5335 ejus,
634 5264 690 5319 id
724 5273 845 5334 est,
876 5272 1050 5336 portae
1078 5308 1092 5333 ,
1125 5280 1227 5336 pro
1273 5279 1379 5336 quo
1409 5264 1765 5335 Septuaginta
1798 5264 1910 5317 ela-

304 5358 451 5414 πιοιή
478 5358 900 5415 transtulerunt.
947 5359 1103 5429 Quod
1152 5358 1483 5417 vestibulum
1530 5366 1656 5414 ante
1692 5369 1907 5429 portam

379 5532 409 5595 ξι
447 5521 708 5595 Babanus
729 5563 744 5587 ,
774 5522 839 5595 in;
860 5522 1311 5595 quinquagesima,
1336 5520 1552 5595 scilicet
1582 5518 1695 5595 die.

352 5594 407 5652 ,δ
447 5593 728 5649 Victorius
755 5635 770 5660 ,
812 5590 1064 5663 fenestras
1091 5590 1319 5648 'caateras
1348 5592 1732 5665 quinquaginta
1774 5590 1916 5665 cubi-

303 5677 477 5723 torum
508 5665 836 5738 longitudine
866 5676 912 5719 et
963 5666 1243 5720 latitudine
1282 5663 1463 5738 viginti
1493 5663 1725 5736 quinque
1772 5663 1917 5718 cubi-

304 5748 501 5797 torum.

387 5849 411 5877 ε
451 5835 628 5905 Idem,
654 5841 906 5909 fenestras
930 5840 1045 5908 ejus
1063 5844 1113 5892 et
1133 5833 1442 5891 vestibulum
1462 5833 1576 5906 ejus
1591 5833 1643 5889 in
1676 5831 1914 5900 circuitu,

2009 4698 2092 4754 los
2120 4698 2282 4768 igitur
2302 4696 2563 4751 introitus
2588 4693 2884 4761 Ezechiel,
2908 4709 3071 4766 quem
3093 4694 3423 4751 confortavit
3441 4695 3608 4765 Deus,

2010 4791 2117 4848 hoc
2142 4789 2290 4847 enim
2339 4803 2537 4845 nomen
2569 4787 2688 4859 ejus
2733 4793 2895 4844 sonat
2923 4830 2939 4856 ,
2987 4786 3207 4843 ducitur
3228 4832 3241 4856 ,
3276 4796 3333 4843 et
3360 4787 3428 4843 de
3451 4796 3611 4859 porta

2008 4883 2299 4959 Aquilonis
2333 4884 2532 4939 transit
2559 4882 2628 4939 ad
2659 4891 2873 4954 portam
2904 4881 3215 4938 Australem
3240 4923 3257 4951 ,
3285 4882 3441 4954 cujus
3464 4883 3614 4940 fron-

2009 4986 2118 5045 tes,
2160 4989 2213 5035 et
2244 4977 2432 5033 limina
2461 4973 2782 5055 τροπύλαια,
2810 4975 2925 5030 sive
2951 4973 3221 5031 vestibula
3249 4974 3613 5046 fenestraaque

2012 5088 2112 5146 per
2140 5072 2425 5128 circuitum
2458 5070 2666 5126 similes
2698 5067 2973 5124 habebant
2999 5081 3306 5136 mensuras,
3340 5068 3613 5139 quinqua-

2013 5166 2165 5238 ginta
2188 5164 2502 5220 cubitorum
2529 5160 2947 5234 longitudinem,
2972 5170 3028 5218 et
3049 5161 3239 5234 viginti
3262 5160 3500 5233 quinque
3525 5176 3617 5216 cu-

2015 5258 2259 5316 bitorum
2304 5255 2648 5313 latitudinem
2671 5296 2688 5324 ,
2731 5264 2791 5312 et
2826 5270 2925 5325 per
2960 5254 3160 5327 gradus
3188 5261 3399 5327 septeni
3427 5267 3622 5309 ascen-

2015 5356 2250 5413 debatur
2262 5352 2328 5409 ad
2351 5367 2498 5419 eam,
2519 5350 2570 5407 id
2602 5349 2799 5420 cst,ad
2821 5359 3036 5422 portam
3058 5348 3392 5417 Australetn,
3416 5354 3473 5405 et
3521 5362 3627 5403 ve-

2018 5526 2125 5593 etc_.
2158 5515 2360 5593 ,_juxta
2385 5511 2674 5593 vulgatam_
2700 5507 3051 5593 editionem;
3088 5581 3100 5593 .
3185 5578 3222 5593 η
3357 5579 3370 5593 .

2091 5585 2120 5626 εἰ
2146 5578 2277 5668 line
2300 5578 2506 5668 nomen
2531 5584 2677 5668 apud
2700 5581 3142 5668 Septuagintajn
3157 5578 3401 5668 diversis
3413 5579 3627 5668 _Exem‘

2020 5660 2268 5734 pluribus
2295 5659 2512 5716 diverse
2538 5652 2940 5734 Ιὲεἱιυιζζλιοῧ
2963 5652 3199 5734 scilicet,
3237 5660 3294 5707 et
3330 5654 3463 5721 eis,
3494 5670 3618 5711 cum

2024 5729 2080 5814 in
2112 5755 2379 5812 Hebraico
2404 5752 2669 5824 scriptum
2698 5733 2890 5824 sitﬁst
2914 5791 2929 5817 ,
2963 5745 3047 5805 vel
3073 5729 3214 5811 15m.
3237 5744 3296 5805 ld
3325 5755 3432 5819 est,
3458 5749 3579 5806 elau
3604 5790 3620 5820 ,

2027 5838 2087 5888 ut
2110 5828 2201 5884 hic
2231 5826 2362 5899 legit
2390 5821 2777 5897 Hieronymus.
2803 5821 2983 5881 Mur.
