  <div class='ocr_page' id='page_1' title='image "/cluster/home/n/w/nwhite01/storage/ocr_20150623/25/hvd.32044015471394/201.png"; bbox 0 0 4108 6338; ppageno 0'>
   <div class='ocr_carea' id='block_1_1' title="bbox 493 302 601 364">
    <p class='ocr_par' dir='ltr' id='par_1_1' title="bbox 493 302 601 364">
     <span class='ocr_line' id='line_1_1' title="bbox 493 302 601 364; baseline -0.028 0"><span class='ocrx_word' id='word_1_1' title='bbox 493 302 601 364; x_wconf 72' lang='lat'><strong>587</strong></span> 
     </span>
    </p>
   </div>
   <div class='ocr_carea' id='block_1_2' title="bbox 1772 278 2571 360">
    <p class='ocr_par' dir='ltr' id='par_1_2' title="bbox 1772 278 2571 360">
     <span class='ocr_line' id='line_1_2' title="bbox 1772 278 2571 360; baseline -0.005 0"><span class='ocrx_word' id='word_1_2' title='bbox 1772 299 1830 360; x_wconf 87' lang='lat' dir='ltr'><strong>s.</strong></span> <span class='ocrx_word' id='word_1_3' title='bbox 1876 288 2149 360; x_wconf 73' lang='lat' dir='ltr'><strong>EUSEBI!</strong></span> <span class='ocrx_word' id='word_1_4' title='bbox 2188 278 2571 359; x_wconf 68' lang='lat' dir='ltr'><strong>nieuouvm</strong></span> 
     </span>
    </p>
   </div>
   <div class='ocr_carea' id='block_1_3' title="bbox 3694 272 3801 352">
    <p class='ocr_par' dir='ltr' id='par_1_3' title="bbox 3694 272 3801 352">
     <span class='ocr_line' id='line_1_3' title="bbox 3694 272 3801 352; baseline 0 -1"><span class='ocrx_word' id='word_1_5' title='bbox 3694 272 3801 352; x_wconf 67' lang='lat' dir='ltr'><strong>tias</strong></span> 
     </span>
    </p>
   </div>
   <div class='ocr_carea' id='block_1_4' title="bbox 497 398 3798 489">
    <p class='ocr_par' dir='ltr' id='par_1_4' title="bbox 497 398 3798 489">
     <span class='ocr_line' id='line_1_4' title="bbox 497 398 3798 489; baseline -0.003 -15"><span class='ocrx_word' id='word_1_6' title='bbox 497 416 752 475; x_wconf 80' lang='lat' dir='ltr'><strong>Stlhulum</strong></span> <span class='ocrx_word' id='word_1_7' title='bbox 781 414 920 487; x_wconf 84' lang='lat' dir='ltr'><strong>ejus,</strong></span> <span class='ocrx_word' id='word_1_8' title='bbox 956 416 1059 473; x_wconf 90' lang='lat' dir='ltr'><strong>hoc</strong></span> <span class='ocrx_word' id='word_1_9' title='bbox 1108 428 1224 486; x_wconf 87' lang='lat' dir='ltr'><strong>est,</strong></span> <span class='ocrx_word' id='word_1_10' title='bbox 1257 414 1496 473; x_wconf 88' lang='lat' dir='ltr'><strong>elamoth</strong></span> <span class='ocrx_word' id='word_1_11' title='bbox 1519 463 1532 484; x_wconf 93' lang='lat'><strong>,</strong></span> <span class='ocrx_word' id='word_1_12' title='bbox 1566 428 1693 475; x_wconf 89' lang='lat' dir='ltr'><strong>ante</strong></span> <span class='ocrx_word' id='word_1_13' title='bbox 1747 417 1891 473; x_wconf 88' lang='lat' dir='ltr'><strong>tores</strong></span> <span class='ocrx_word' id='word_1_14' title='bbox 1931 419 2050 486; x_wconf 84' lang='lat' dir='ltr'><strong>ejus</strong></span> <span class='ocrx_word' id='word_1_15' title='bbox 2080 436 2089 469; x_wconf 89' lang='lat'><strong>:</strong></span> <span class='ocrx_word' id='word_1_16' title='bbox 2120 398 2177 477; x_wconf 70' lang='grc' dir='ltr'><strong>Α</strong></span> <span class='ocrx_word' id='word_1_17' title='bbox 2347 414 2411 472; x_wconf 86' lang='lat' dir='ltr'><strong>Et</strong></span> <span class='ocrx_word' id='word_1_18' title='bbox 2440 417 2492 471; x_wconf 85' lang='lat' dir='ltr'><strong>ili</strong></span> <span class='ocrx_word' id='word_1_19' title='bbox 2520 412 2747 471; x_wconf 78' lang='lat' dir='ltr'><strong>Joannis</strong></span> <span class='ocrx_word' id='word_1_20' title='bbox 2774 415 3009 485; x_wconf 75' lang='lat' dir='ltr'><strong>Epistula</strong></span> <span class='ocrx_word' id='word_1_21' title='bbox 3040 414 3235 471; x_wconf 83' lang='lat' dir='ltr'><strong>dicitur</strong></span> <span class='ocrx_word' id='word_1_22' title='bbox 3264 433 3277 471; x_wconf 92' lang='lat'><strong>:</strong></span> <span class='ocrx_word' id='word_1_23' title='bbox 3307 414 3460 482; x_wconf 86' lang='lat' dir='ltr'><strong>Quod</strong></span> <span class='ocrx_word' id='word_1_24' title='bbox 3491 412 3798 468; x_wconf 71' lang='lat' dir='ltr'><strong>audivimus</strong></span> 
     </span>
    </p>
   </div>
   <div class='ocr_carea' id='block_1_5' title="bbox 502 509 2091 580">
    <p class='ocr_par' dir='ltr' id='par_1_5' title="bbox 502 509 2091 580">
     <span class='ocr_line' id='line_1_5' title="bbox 502 509 2091 580; baseline -0.002 -15"><span class='ocrx_word' id='word_1_25' title='bbox 502 510 623 566; x_wconf 71' lang='lat' dir='ltr'><strong>dua:</strong></span> <span class='ocrx_word' id='word_1_26' title='bbox 652 522 863 580; x_wconf 87' lang='lat' dir='ltr'><strong>quoque</strong></span> <span class='ocrx_word' id='word_1_27' title='bbox 887 509 1079 579; x_wconf 62' lang='lat' dir='ltr'><strong>palma:</strong></span> <span class='ocrx_word' id='word_1_28' title='bbox 1105 511 1336 574; x_wconf 62' lang='lat' dir='ltr'><strong>cazlatrc,</strong></span> <span class='ocrx_word' id='word_1_29' title='bbox 1363 511 1430 566; x_wconf 82' lang='lat' dir='ltr'><strong>de</strong></span> <span class='ocrx_word' id='word_1_30' title='bbox 1460 512 1654 580; x_wconf 78' lang='lat' dir='ltr'><strong>quibus</strong></span> <span class='ocrx_word' id='word_1_31' title='bbox 1685 512 1736 564; x_wconf 90' lang='lat' dir='ltr'><strong>in</strong></span> <span class='ocrx_word' id='word_1_32' title='bbox 1758 509 2091 579; x_wconf 24' lang='lat' dir='ltr'><strong>Septentrior</strong></span> 
     </span>
    </p>
   </div>
   <div class='ocr_carea' id='block_1_6' title="bbox 506 602 2098 674">
    <p class='ocr_par' dir='ltr' id='par_1_6' title="bbox 506 602 2098 674">
     <span class='ocr_line' id='line_1_6' title="bbox 506 602 2098 674; baseline -0.004 -13"><span class='ocrx_word' id='word_1_33' title='bbox 506 605 644 661; x_wconf 80' lang='lat' dir='ltr'><strong>italis</strong></span> <span class='ocrx_word' id='word_1_34' title='bbox 693 606 859 673; x_wconf 53' lang='lat' dir='ltr'><strong>plaga?</strong></span> <span class='ocrx_word' id='word_1_35' title='bbox 908 614 1061 674; x_wconf 84' lang='lat' dir='ltr'><strong>porta</strong></span> <span class='ocrx_word' id='word_1_36' title='bbox 1097 604 1357 659; x_wconf 78' lang='lat' dir='ltr'><strong>diximus.</strong></span> <span class='ocrx_word' id='word_1_37' title='bbox 1391 607 1458 661; x_wconf 89' lang='lat' dir='ltr'><strong>Et</strong></span> <span class='ocrx_word' id='word_1_38' title='bbox 1507 606 1611 661; x_wconf 90' lang='lat' dir='ltr'><strong>hoc</strong></span> <span class='ocrx_word' id='word_1_39' title='bbox 1659 615 1864 659; x_wconf 89' lang='lat' dir='ltr'><strong>tantum</strong></span> <span class='ocrx_word' id='word_1_40' title='bbox 1911 602 2098 658; x_wconf 82' lang='lat' dir='ltr'><strong>adino-</strong></span> 
     </span>
    </p>
   </div>
   <div class='ocr_carea' id='block_1_7' title="bbox 504 688 2091 772">
    <p class='ocr_par' dir='ltr' id='par_1_7' title="bbox 504 688 2091 772">
     <span class='ocr_line' id='line_1_7' title="bbox 504 688 2091 772; baseline -0.001 -19"><span class='ocrx_word' id='word_1_41' title='bbox 504 700 691 753; x_wconf 83' lang='lat' dir='ltr'><strong>nuisse</strong></span> <span class='ocrx_word' id='word_1_42' title='bbox 738 696 968 752; x_wconf 84' lang='lat' dir='ltr'><strong>sufficiat</strong></span> <span class='ocrx_word' id='word_1_43' title='bbox 1001 745 1015 767; x_wconf 92' lang='lat'><strong>,</strong></span> <span class='ocrx_word' id='word_1_44' title='bbox 1065 698 1207 767; x_wconf 88' lang='lat' dir='ltr'><strong>quod</strong></span> <span class='ocrx_word' id='word_1_45' title='bbox 1262 716 1618 772; x_wconf 71' lang='lat' dir='ltr'><strong>qitmctitnque</strong></span> <span class='ocrx_word' id='word_1_46' title='bbox 1667 688 1737 755; x_wconf 83' lang='lat' dir='ltr'><strong>ibi</strong></span> <span class='ocrx_word' id='word_1_47' title='bbox 1787 698 2091 770; x_wconf 78' lang='lat' dir='ltr'><strong>ponuntur,</strong></span> 
     </span>
    </p>
   </div>
   <div class='ocr_carea' id='block_1_8' title="bbox 493 784 2092 877">
    <p class='ocr_par' dir='ltr' id='par_1_8' title="bbox 493 784 2092 877">
     <span class='ocr_line' id='line_1_8' title="bbox 493 784 2092 877; baseline -0.002 -30"><span class='ocrx_word' id='word_1_48' title='bbox 493 794 645 863; x_wconf 74' lang='lat' dir='ltr'><strong>juxta</strong></span> <span class='ocrx_word' id='word_1_49' title='bbox 663 792 1073 862; x_wconf 74' lang='lat' dir='ltr'><strong>intelligentiam</strong></span> <span class='ocrx_word' id='word_1_50' title='bbox 1102 792 1354 848; x_wconf 59' lang='lat' dir='ltr'><strong>iiliorem</strong></span> <span class='ocrx_word' id='word_1_51' title='bbox 1375 836 1389 859; x_wconf 91' lang='lat'><strong>,</strong></span> <span class='ocrx_word' id='word_1_52' title='bbox 1411 784 1515 848; x_wconf 82' lang='lat' dir='ltr'><strong>h‘oc’</strong></span> <span class='ocrx_word' id='word_1_53' title='bbox 1538 793 1809 862; x_wconf 79' lang='lat' dir='ltr'><strong>cst,juxta</strong></span> <span class='ocrx_word' id='word_1_54' title='bbox 1838 793 2092 877; x_wconf 75' lang='lat' dir='ltr'><strong>litteram,</strong></span> 
     </span>
    </p>
   </div>
   <div class='ocr_carea' id='block_1_9' title="bbox 502 882 2095 956">
    <p class='ocr_par' dir='ltr' id='par_1_9' title="bbox 502 882 2095 956">
     <span class='ocr_line' id='line_1_9' title="bbox 502 882 2095 956; baseline -0.001 -18"><span class='ocrx_word' id='word_1_55' title='bbox 502 886 557 938; x_wconf 78' lang='lat' dir='ltr'><strong>iri</strong></span> <span class='ocrx_word' id='word_1_56' title='bbox 608 882 903 940; x_wconf 70' lang='lat' dir='ltr'><strong>meridiana</strong></span> <span class='ocrx_word' id='word_1_57' title='bbox 956 893 1109 954; x_wconf 84' lang='lat' dir='ltr'><strong>porta</strong></span> <span class='ocrx_word' id='word_1_58' title='bbox 1158 885 1516 956; x_wconf 73' lang='lat' dir='ltr'><strong>intelligimus</strong></span> <span class='ocrx_word' id='word_1_59' title='bbox 1553 884 1706 955; x_wconf 59' lang='lat' dir='ltr'><strong>jutta’</strong></span> <span class='ocrx_word' id='word_1_60' title='bbox 1752 882 2095 955; x_wconf 79' lang='lat' dir='ltr'><strong>spiritualem</strong></span> 
     </span>
    </p>
   </div>
   <div class='ocr_carea' id='block_1_10' title="bbox 499 972 2100 1049">
    <p class='ocr_par' dir='ltr' id='par_1_10' title="bbox 499 972 2100 1049">
     <span class='ocr_line' id='line_1_10' title="bbox 499 972 2100 1049; baseline -0.002 -17"><span class='ocrx_word' id='word_1_61' title='bbox 499 982 739 1034; x_wconf 79' lang='lat' dir='ltr'><strong>sensum.</strong></span> <span class='ocrx_word' id='word_1_62' title='bbox 762 977 977 1032; x_wconf 77' lang='lat' dir='ltr'><strong>Eisdem</strong></span> <span class='ocrx_word' id='word_1_63' title='bbox 1004 978 1147 1033; x_wconf 83' lang='lat' dir='ltr'><strong>ctiim</strong></span> <span class='ocrx_word' id='word_1_64' title='bbox 1180 979 1359 1049; x_wconf 83' lang='lat' dir='ltr'><strong>lineis,</strong></span> <span class='ocrx_word' id='word_1_65' title='bbox 1392 988 1447 1036; x_wconf 86' lang='lat' dir='ltr'><strong>et</strong></span> <span class='ocrx_word' id='word_1_66' title='bbox 1467 972 1689 1035; x_wconf 80' lang='lat' dir='ltr'><strong>histoi&#39;ia</strong></span> <span class='ocrx_word' id='word_1_67' title='bbox 1718 978 1886 1035; x_wconf 86' lang='lat' dir='ltr'><strong>currit</strong></span> <span class='ocrx_word' id='word_1_68' title='bbox 1911 972 1964 1034; x_wconf 85' lang='lat' dir='ltr'><strong>et</strong></span> <span class='ocrx_word' id='word_1_69' title='bbox 1988 986 2100 1033; x_wconf 86' lang='lat' dir='ltr'><strong>tro-</strong></span> 
     </span>
    </p>
   </div>
   <div class='ocr_carea' id='block_1_11' title="bbox 498 1066 2098 1141">
    <p class='ocr_par' dir='ltr' id='par_1_11' title="bbox 498 1066 2098 1141">
     <span class='ocr_line' id='line_1_11' title="bbox 498 1066 2098 1141; baseline 0.001 -18"><span class='ocrx_word' id='word_1_70' title='bbox 498 1072 752 1141; x_wconf 79' lang='lat' dir='ltr'><strong>pologia:</strong></span> <span class='ocrx_word' id='word_1_71' title='bbox 784 1070 877 1126; x_wconf 90' lang='lat' dir='ltr'><strong>sed</strong></span> <span class='ocrx_word' id='word_1_72' title='bbox 917 1070 1007 1126; x_wconf 86' lang='lat' dir='ltr'><strong>illa</strong></span> <span class='ocrx_word' id='word_1_73' title='bbox 1059 1066 1319 1127; x_wconf 79' lang='lat' dir='ltr'><strong>humilior</strong></span> <span class='ocrx_word' id='word_1_74' title='bbox 1348 1082 1430 1127; x_wconf 87' lang='lat' dir='ltr'><strong>est</strong></span> <span class='ocrx_word' id='word_1_75' title='bbox 1458 1118 1471 1141; x_wconf 88' lang='lat'><strong>,</strong></span> <span class='ocrx_word' id='word_1_76' title='bbox 1506 1072 1605 1128; x_wconf 86' lang='lat' dir='ltr'><strong>ista</strong></span> <span class='ocrx_word' id='word_1_77' title='bbox 1641 1072 1932 1127; x_wconf 84' lang='lat' dir='ltr'><strong>sublimior</strong></span> <span class='ocrx_word' id='word_1_78' title='bbox 1964 1090 1976 1126; x_wconf 75' lang='grc' dir='ltr'>ε</span> <span class='ocrx_word' id='word_1_79' title='bbox 2007 1071 2098 1126; x_wconf 90' lang='lat' dir='ltr'><strong>illa</strong></span> 
     </span>
    </p>
   </div>
   <div class='ocr_carea' id='block_1_12' title="bbox 502 1156 2097 1233">
    <p class='ocr_par' dir='ltr' id='par_1_12' title="bbox 502 1156 2097 1233">
     <span class='ocr_line' id='line_1_12' title="bbox 502 1156 2097 1233; baseline 0 -12"><span class='ocrx_word' id='word_1_80' title='bbox 502 1164 674 1221; x_wconf 72' lang='lat' dir='ltr'><strong>h’azrc‘t</strong></span> <span class='ocrx_word' id='word_1_81' title='bbox 701 1170 879 1233; x_wconf 63' lang='lat' dir='ltr'><strong>terrae,</strong></span> <span class='ocrx_word' id='word_1_82' title='bbox 907 1168 1006 1221; x_wconf 64' lang='lat' dir='ltr'><strong>ista</strong></span> <span class='ocrx_word' id='word_1_83' title='bbox 1032 1165 1097 1220; x_wconf 86' lang='lat' dir='ltr'><strong>ad</strong></span> <span class='ocrx_word' id='word_1_84' title='bbox 1129 1160 1371 1222; x_wconf 55' lang='lat' dir='ltr'><strong>caelestia</strong></span> <span class='ocrx_word' id='word_1_85' title='bbox 1397 1160 1668 1223; x_wconf 87' lang='lat' dir='ltr'><strong>subvolat.</strong></span> <span class='ocrx_word' id='word_1_86' title='bbox 1697 1156 1762 1223; x_wconf 80' lang='lat' dir='ltr'><strong>Et</strong></span> <span class='ocrx_word' id='word_1_87' title='bbox 1789 1166 1838 1221; x_wconf 80' lang='lat' dir='ltr'><strong>in</strong></span> <span class='ocrx_word' id='word_1_88' title='bbox 1868 1166 2097 1223; x_wconf 75' lang='lat' dir='ltr'><strong>circuitu</strong></span> 
     </span>
    </p>
   </div>
   <div class='ocr_carea' id='block_1_13' title="bbox 512 1246 2100 1332">
    <p class='ocr_par' dir='ltr' id='par_1_13' title="bbox 512 1246 2100 1332">
     <span class='ocr_line' id='line_1_13' title="bbox 512 1246 2100 1332; baseline 0.001 -18"><span class='ocrx_word' id='word_1_89' title='bbox 512 1264 608 1331; x_wconf 78' lang='lat' dir='ltr'><strong>per</strong></span> <span class='ocrx_word' id='word_1_90' title='bbox 652 1256 920 1314; x_wconf 77' lang='lat' dir='ltr'><strong>fenestras</strong></span> <span class='ocrx_word' id='word_1_91' title='bbox 964 1262 1154 1316; x_wconf 83' lang='lat' dir='ltr'><strong>cuncta</strong></span> <span class='ocrx_word' id='word_1_92' title='bbox 1211 1262 1366 1332; x_wconf 82' lang='lat' dir='ltr'><strong>plena</strong></span> <span class='ocrx_word' id='word_1_93' title='bbox 1415 1264 1571 1317; x_wconf 80' lang='lat' dir='ltr'><strong>erant</strong></span> <span class='ocrx_word' id='word_1_94' title='bbox 1603 1263 1846 1319; x_wconf 75' lang='lat' dir='ltr'><strong>laminis.</strong></span> <span class='ocrx_word' id='word_1_95' title='bbox 1881 1246 2100 1331; x_wconf 70' lang='lat' dir='ltr'><strong>Singula</strong></span> 
     </span>
    </p>
   </div>
   <div class='ocr_carea' id='block_1_14' title="bbox 503 1350 2098 1433">
    <p class='ocr_par' dir='ltr' id='par_1_14' title="bbox 503 1350 2098 1433">
     <span class='ocr_line' id='line_1_14' title="bbox 503 1350 2098 1433; baseline -0.001 -22"><span class='ocrx_word' id='word_1_96' title='bbox 503 1358 647 1411; x_wconf 89' lang='lat' dir='ltr'><strong>enim</strong></span> <span class='ocrx_word' id='word_1_97' title='bbox 692 1356 1035 1433; x_wconf 64' lang='grc' dir='ltr'><strong>τέροϐλήματά</strong></span> <span class='ocrx_word' id='word_1_98' title='bbox 1065 1350 1265 1411; x_wconf 85' lang='lat' dir='ltr'><strong>habent</strong></span> <span class='ocrx_word' id='word_1_99' title='bbox 1294 1357 1554 1412; x_wconf 75' lang='lat' dir='ltr'><strong>terminos</strong></span> <span class='ocrx_word' id='word_1_100' title='bbox 1579 1364 1728 1423; x_wconf 89' lang='lat' dir='ltr'><strong>suos,</strong></span> <span class='ocrx_word' id='word_1_101' title='bbox 1760 1350 2098 1427; x_wconf 73' lang='lat' dir='ltr'><strong>etpmpriuin</strong></span> 
     </span>
    </p>
   </div>
   <div class='ocr_carea' id='block_1_15' title="bbox 505 1446 2104 1521">
    <p class='ocr_par' dir='ltr' id='par_1_15' title="bbox 505 1446 2104 1521">
     <span class='ocr_line' id='line_1_15' title="bbox 505 1446 2104 1521; baseline 0 -18"><span class='ocrx_word' id='word_1_102' title='bbox 505 1454 602 1518; x_wconf 75' lang='lat' dir='ltr'><strong>per</strong></span> <span class='ocrx_word' id='word_1_103' title='bbox 628 1447 717 1503; x_wconf 75' lang='lat' dir='ltr'><strong>illa</strong></span> <span class='ocrx_word' id='word_1_104' title='bbox 741 1449 807 1502; x_wconf 89' lang='lat' dir='ltr'><strong>ad</strong></span> <span class='ocrx_word' id='word_1_105' title='bbox 836 1449 1365 1505; x_wconf 72' lang='lat' dir='ltr'><strong>animamctedcntis</strong></span> <span class='ocrx_word' id='word_1_106' title='bbox 1392 1451 1568 1505; x_wconf 81' lang='lat' dir='ltr'><strong>lumen</strong></span> <span class='ocrx_word' id='word_1_107' title='bbox 1600 1446 1930 1521; x_wconf 81' lang='lat' dir='ltr'><strong>ingreditur:</strong></span> <span class='ocrx_word' id='word_1_108' title='bbox 1964 1466 2104 1521; x_wconf 73' lang='lat' dir='ltr'><strong>pra!-</strong></span> 
     </span>
    </p>
   </div>
   <div class='ocr_carea' id='block_1_16' title="bbox 506 1528 2095 1613">
    <p class='ocr_par' dir='ltr' id='par_1_16' title="bbox 506 1528 2095 1613">
     <span class='ocr_line' id='line_1_16' title="bbox 506 1528 2095 1613; baseline 0 -18"><span class='ocrx_word' id='word_1_109' title='bbox 506 1540 691 1595; x_wconf 81' lang='lat' dir='ltr'><strong>serum</strong></span> <span class='ocrx_word' id='word_1_110' title='bbox 724 1540 770 1594; x_wconf 79' lang='lat' dir='ltr'><strong>si</strong></span> <span class='ocrx_word' id='word_1_111' title='bbox 814 1528 1089 1611; x_wconf 75' lang='lat' dir='ltr'><strong>longitudo</strong></span> <span class='ocrx_word' id='word_1_112' title='bbox 1124 1542 1245 1597; x_wconf 53' lang='lat' dir='ltr'><strong>vitae</strong></span> <span class='ocrx_word' id='word_1_113' title='bbox 1287 1541 1405 1612; x_wconf 88' lang='lat' dir='ltr'><strong>ejus</strong></span> <span class='ocrx_word' id='word_1_114' title='bbox 1432 1543 1885 1613; x_wconf 79' lang='lat' dir='ltr'><strong>quinquagenm-ii</strong></span> <span class='ocrx_word' id='word_1_115' title='bbox 1917 1541 2046 1595; x_wconf 89' lang='lat' dir='ltr'><strong>anni</strong></span> <span class='ocrx_word' id='word_1_116' title='bbox 2081 1584 2095 1605; x_wconf 93' lang='lat'><strong>,</strong></span> 
     </span>
    </p>
   </div>
   <div class='ocr_carea' id='block_1_17' title="bbox 510 1632 2107 1709">
    <p class='ocr_par' dir='ltr' id='par_1_17' title="bbox 510 1632 2107 1709">
     <span class='ocr_line' id='line_1_17' title="bbox 510 1632 2107 1709; baseline 0 -20"><span class='ocrx_word' id='word_1_117' title='bbox 510 1633 613 1689; x_wconf 91' lang='lat' dir='ltr'><strong>hoc</strong></span> <span class='ocrx_word' id='word_1_118' title='bbox 641 1632 981 1705; x_wconf 75' lang='lat' dir='ltr'><strong>est;jubil:ci</strong></span> <span class='ocrx_word' id='word_1_119' title='bbox 1007 1636 1267 1708; x_wconf 80' lang='lat' dir='ltr'><strong>mysterio</strong></span> <span class='ocrx_word' id='word_1_120' title='bbox 1301 1636 1464 1692; x_wconf 77' lang='lat' dir='ltr'><strong>fuerit</strong></span> <span class='ocrx_word' id='word_1_121' title='bbox 1506 1638 1774 1709; x_wconf 83' lang='lat' dir='ltr'><strong>protelata</strong></span> <span class='ocrx_word' id='word_1_122' title='bbox 1799 1681 1811 1703; x_wconf 95' lang='lat'><strong>,</strong></span> <span class='ocrx_word' id='word_1_123' title='bbox 1848 1647 1899 1692; x_wconf 90' lang='lat' dir='ltr'><strong>et</strong></span> <span class='ocrx_word' id='word_1_124' title='bbox 1932 1635 1996 1690; x_wconf 88' lang='lat' dir='ltr'><strong>ad</strong></span> <span class='ocrx_word' id='word_1_125' title='bbox 2026 1636 2107 1691; x_wconf 88' lang='lat' dir='ltr'><strong>di-</strong></span> 
     </span>
    </p>
   </div>
   <div class='ocr_carea' id='block_1_18' title="bbox 508 1726 2155 1801">
    <p class='ocr_par' dir='ltr' id='par_1_18' title="bbox 508 1726 2155 1801">
     <span class='ocr_line' id='line_1_18' title="bbox 508 1726 2155 1801; baseline 0.001 -20"><span class='ocrx_word' id='word_1_126' title='bbox 508 1728 733 1782; x_wconf 59' lang='lat' dir='ltr'><strong>Vinioris</strong></span> <span class='ocrx_word' id='word_1_127' title='bbox 760 1726 953 1782; x_wconf 75' lang='lat' dir='ltr'><strong>sensus</strong></span> <span class='ocrx_word' id='word_1_128' title='bbox 1002 1728 1345 1784; x_wconf 83' lang='lat' dir='ltr'><strong>latitudinem</strong></span> <span class='ocrx_word' id='word_1_129' title='bbox 1399 1731 1640 1799; x_wconf 71' lang='lat' dir='ltr'><strong>patuerit</strong></span> <span class='ocrx_word' id='word_1_130' title='bbox 1695 1731 2003 1801; x_wconf 77' lang='lat' dir='ltr'><strong>pervenire.</strong></span> <span class='ocrx_word' id='word_1_131' title='bbox 2049 1729 2105 1783; x_wconf 84' lang='lat' dir='ltr'><strong>In</strong></span> <span class='ocrx_word' id='word_1_132' title='bbox 2152 1798 2155 1799; x_wconf 17' lang='grc' dir='ltr'><em>ν</em></span> 
     </span>
    </p>
   </div>
   <div class='ocr_carea' id='block_1_19' title="bbox 2199 504 3799 579">
    <p class='ocr_par' dir='ltr' id='par_1_19' title="bbox 2199 504 3799 579">
     <span class='ocr_line' id='line_1_19' title="bbox 2199 504 3799 579; baseline -0.004 -14"><span class='ocrx_word' id='word_1_133' title='bbox 2199 520 2255 565; x_wconf 90' lang='lat' dir='ltr'><strong>et</strong></span> <span class='ocrx_word' id='word_1_134' title='bbox 2290 506 2555 573; x_wconf 81' lang='lat' dir='ltr'><strong>vidimus,</strong></span> <span class='ocrx_word' id='word_1_135' title='bbox 2590 520 2645 564; x_wconf 79' lang='lat' dir='ltr'><strong>et</strong></span> <span class='ocrx_word' id='word_1_136' title='bbox 2676 524 2866 565; x_wconf 90' lang='lat' dir='ltr'><strong>manus</strong></span> <span class='ocrx_word' id='word_1_137' title='bbox 2898 518 3099 564; x_wconf 79' lang='lat' dir='ltr'><strong>nostra:</strong></span> <span class='ocrx_word' id='word_1_138' title='bbox 3130 509 3491 579; x_wconf 85' lang='lat' dir='ltr'><strong>palpavcrunt</strong></span> <span class='ocrx_word' id='word_1_139' title='bbox 3519 506 3586 561; x_wconf 89' lang='lat' dir='ltr'><strong>de</strong></span> <span class='ocrx_word' id='word_1_140' title='bbox 3618 504 3799 561; x_wconf 78' lang='lat' dir='ltr'><strong>Verbo</strong></span> 
     </span>
    </p>
   </div>
   <div class='ocr_carea' id='block_1_20' title="bbox 2201 580 3801 673">
    <p class='ocr_par' dir='ltr' id='par_1_20' title="bbox 2201 580 3801 673">
     <span class='ocr_line' id='line_1_20' title="bbox 2201 580 3801 673; baseline -0.003 -18"><span class='ocrx_word' id='word_1_141' title='bbox 2201 601 2325 656; x_wconf 80' lang='lat' dir='ltr'><strong>vitae</strong></span> <span class='ocrx_word' id='word_1_142' title='bbox 2360 600 2401 671; x_wconf 86' lang='grc' dir='ltr'><strong>(Ι</strong></span> <span class='ocrx_word' id='word_1_143' title='bbox 2433 592 2592 654; x_wconf 79' lang='lat' dir='ltr'><strong>Joan.</strong></span> <span class='ocrx_word' id='word_1_144' title='bbox 2628 617 2666 669; x_wconf 93' lang='grc' dir='ltr'>ι,</span> <span class='ocrx_word' id='word_1_145' title='bbox 2689 600 2762 673; x_wconf 79' lang='grc'><strong>1).</strong></span> <span class='ocrx_word' id='word_1_146' title='bbox 2783 590 2845 656; x_wconf 80' lang='lat' dir='ltr'><strong>Et</strong></span> <span class='ocrx_word' id='word_1_147' title='bbox 2872 580 2939 656; x_wconf 84' lang='lat' dir='ltr'><strong>ad</strong></span> <span class='ocrx_word' id='word_1_148' title='bbox 2970 604 3270 657; x_wconf 78' lang='lat' dir='ltr'><strong>extremum</strong></span> <span class='ocrx_word' id='word_1_149' title='bbox 3303 598 3641 671; x_wconf 84' lang='lat' dir='ltr'><strong>nequaquam</strong></span> <span class='ocrx_word' id='word_1_150' title='bbox 3665 609 3719 651; x_wconf 89' lang='lat' dir='ltr'><strong>ut</strong></span> <span class='ocrx_word' id='word_1_151' title='bbox 3748 597 3801 651; x_wconf 90' lang='lat' dir='ltr'><strong>in</strong></span> 
     </span>
    </p>
   </div>
   <div class='ocr_carea' id='block_1_21' title="bbox 2200 688 3803 767">
    <p class='ocr_par' dir='ltr' id='par_1_21' title="bbox 2200 688 3803 767">
     <span class='ocr_line' id='line_1_21' title="bbox 2200 688 3803 767; baseline -0.004 -16"><span class='ocrx_word' id='word_1_152' title='bbox 2200 688 2607 767; x_wconf 83' lang='lat' dir='ltr'><strong>septentrionali</strong></span> <span class='ocrx_word' id='word_1_153' title='bbox 2660 699 2809 767; x_wconf 84' lang='lat' dir='ltr'><strong>plaga</strong></span> <span class='ocrx_word' id='word_1_154' title='bbox 2858 690 3067 767; x_wconf 85' lang='lat' dir='ltr'><strong>septem</strong></span> <span class='ocrx_word' id='word_1_155' title='bbox 3129 707 3335 751; x_wconf 89' lang='lat' dir='ltr'><strong>tanlmn</strong></span> <span class='ocrx_word' id='word_1_156' title='bbox 3402 696 3605 765; x_wconf 87' lang='lat' dir='ltr'><strong>gradus</strong></span> <span class='ocrx_word' id='word_1_157' title='bbox 3651 690 3803 747; x_wconf 86' lang='lat' dir='ltr'><strong>suffi-</strong></span> 
     </span>
    </p>
   </div>
   <div class='ocr_carea' id='block_1_22' title="bbox 2200 770 3808 861">
    <p class='ocr_par' dir='ltr' id='par_1_22' title="bbox 2200 770 3808 861">
     <span class='ocr_line' id='line_1_22' title="bbox 2200 770 3808 861; baseline -0.004 -16"><span class='ocrx_word' id='word_1_158' title='bbox 2200 774 2383 845; x_wconf 84' lang='lat' dir='ltr'><strong>ciunt:</strong></span> <span class='ocrx_word' id='word_1_159' title='bbox 2417 791 2510 844; x_wconf 90' lang='lat' dir='ltr'><strong>sed</strong></span> <span class='ocrx_word' id='word_1_160' title='bbox 2563 790 2683 861; x_wconf 78' lang='lat' dir='ltr'><strong>post</strong></span> <span class='ocrx_word' id='word_1_161' title='bbox 2715 799 2931 860; x_wconf 89' lang='lat' dir='ltr'><strong>septem</strong></span> <span class='ocrx_word' id='word_1_162' title='bbox 2988 770 3307 847; x_wconf 88' lang='lat' dir='ltr'><strong>octonarius</strong></span> <span class='ocrx_word' id='word_1_163' title='bbox 3349 787 3568 859; x_wconf 92' lang='lat' dir='ltr'><strong>ponitur</strong></span> <span class='ocrx_word' id='word_1_164' title='bbox 3614 801 3808 841; x_wconf 87' lang='lat' dir='ltr'><strong>nume-</strong></span> 
     </span>
    </p>
   </div>
   <div class='ocr_carea' id='block_1_23' title="bbox 2202 881 3809 966">
    <p class='ocr_par' dir='ltr' id='par_1_23' title="bbox 2202 881 3809 966">
     <span class='ocr_line' id='line_1_23' title="bbox 2202 881 3809 966; baseline -0.002 -29"><span class='ocrx_word' id='word_1_165' title='bbox 2202 882 2294 938; x_wconf 86' lang='lat' dir='ltr'><strong>rus</strong></span> <span class='ocrx_word' id='word_1_166' title='bbox 2320 930 2332 953; x_wconf 88' lang='lat'><strong>,</strong></span> <span class='ocrx_word' id='word_1_167' title='bbox 2370 895 2426 937; x_wconf 88' lang='lat' dir='ltr'><strong>ut</strong></span> <span class='ocrx_word' id='word_1_168' title='bbox 2474 883 2543 939; x_wconf 90' lang='lat' dir='ltr'><strong>de</strong></span> <span class='ocrx_word' id='word_1_169' title='bbox 2578 882 2865 966; x_wconf 69' lang='lat' dir='ltr'><strong>Synagoga</strong></span> <span class='ocrx_word' id='word_1_170' title='bbox 2923 884 2987 937; x_wconf 87' lang='lat' dir='ltr'><strong>ad</strong></span> <span class='ocrx_word' id='word_1_171' title='bbox 3023 884 3357 963; x_wconf 71' lang='lat' dir='ltr'><strong>Ecclesium,</strong></span> <span class='ocrx_word' id='word_1_172' title='bbox 3401 881 3469 966; x_wconf 77' lang='lat' dir='ltr'><strong>dc</strong></span> <span class='ocrx_word' id='word_1_173' title='bbox 3511 881 3686 936; x_wconf 90' lang='lat' dir='ltr'><strong>veteri</strong></span> <span class='ocrx_word' id='word_1_174' title='bbox 3724 882 3809 934; x_wconf 91' lang='lat' dir='ltr'><strong>in-</strong></span> 
     </span>
    </p>
   </div>
   <div class='ocr_carea' id='block_1_24' title="bbox 2202 956 3801 1042">
    <p class='ocr_par' dir='ltr' id='par_1_24' title="bbox 2202 956 3801 1042">
     <span class='ocr_line' id='line_1_24' title="bbox 2202 956 3801 1042; baseline -0.003 -12"><span class='ocrx_word' id='word_1_175' title='bbox 2202 964 2505 1031; x_wconf 81' lang='lat' dir='ltr'><strong>stramento</strong></span> <span class='ocrx_word' id='word_1_176' title='bbox 2522 956 2586 1031; x_wconf 83' lang='lat' dir='ltr'><strong>ad</strong></span> <span class='ocrx_word' id='word_1_177' title='bbox 2620 972 2816 1032; x_wconf 80' lang='lat' dir='ltr'><strong>novuni</strong></span> <span class='ocrx_word' id='word_1_178' title='bbox 2844 1018 2857 1042; x_wconf 91' lang='lat'><strong>,</strong></span> <span class='ocrx_word' id='word_1_179' title='bbox 2886 974 2954 1032; x_wconf 84' lang='lat' dir='ltr'><strong>de</strong></span> <span class='ocrx_word' id='word_1_180' title='bbox 2980 960 3211 1033; x_wconf 87' lang='lat' dir='ltr'><strong>terrenis</strong></span> <span class='ocrx_word' id='word_1_181' title='bbox 3258 978 3322 1030; x_wconf 88' lang='lat' dir='ltr'><strong>ad</strong></span> <span class='ocrx_word' id='word_1_182' title='bbox 3348 956 3590 1031; x_wconf 70' lang='lat' dir='ltr'><strong>cwleslia</strong></span> <span class='ocrx_word' id='word_1_183' title='bbox 3635 986 3801 1028; x_wconf 45' lang='lat' dir='ltr'><strong>trans.</strong></span> 
     </span>
    </p>
   </div>
   <div class='ocr_carea' id='block_1_25' title="bbox 2204 1066 3539 1147">
    <p class='ocr_par' dir='ltr' id='par_1_25' title="bbox 2204 1066 3539 1147">
     <span class='ocr_line' id='line_1_25' title="bbox 2204 1066 3539 1147; baseline 0 -25"><span class='ocrx_word' id='word_1_184' title='bbox 2204 1066 2412 1122; x_wconf 83' lang='lat' dir='ltr'><strong>eamtts.</strong></span> <span class='ocrx_word' id='word_1_185' title='bbox 2756 1140 2759 1143; x_wconf 89' lang='lat'><em>_</em></span> <span class='ocrx_word' id='word_1_186' title='bbox 2808 1140 2817 1147; x_wconf 33' lang='lat'><em>.</em></span> <span class='ocrx_word' id='word_1_187' title='bbox 3064 1142 3069 1147; x_wconf 27' lang='grc' dir='ltr'><strong><em>ι</em></strong></span> <span class='ocrx_word' id='word_1_188' title='bbox 3532 1142 3539 1147; x_wconf 80' lang='lat'><em>_</em></span> 
     </span>
    </p>
   </div>
   <div class='ocr_carea' id='block_1_26' title="bbox 2276 1140 3813 1232">
    <p class='ocr_par' dir='ltr' id='par_1_26' title="bbox 2276 1140 3813 1232">
     <span class='ocr_line' id='line_1_26' title="bbox 2276 1140 3813 1232; baseline 0 -17"><span class='ocrx_word' id='word_1_189' title='bbox 2276 1160 2456 1230; x_wconf 75' lang='lat' dir='ltr'><strong>(Vers.</strong></span> <span class='ocrx_word' id='word_1_190' title='bbox 2486 1160 2556 1215; x_wconf 75' lang='grc'><strong>28</strong></span> <span class='ocrx_word' id='word_1_191' title='bbox 2584 1140 2765 1232; x_wconf 78' lang='lat' dir='ltr'><strong>Seqq.)</strong></span> <span class='ocrx_word' id='word_1_192' title='bbox 2799 1140 2865 1216; x_wconf 65' lang='lat' dir='ltr'><strong>Et</strong></span> <span class='ocrx_word' id='word_1_193' title='bbox 2893 1142 3196 1217; x_wconf 77' lang='lat' dir='ltr'><strong>introduxit</strong></span> <span class='ocrx_word' id='word_1_194' title='bbox 3226 1164 3311 1217; x_wconf 85' lang='lat' dir='ltr'><strong>me</strong></span> <span class='ocrx_word' id='word_1_195' title='bbox 3341 1152 3395 1215; x_wconf 80' lang='lat' dir='ltr'><strong>in</strong></span> <span class='ocrx_word' id='word_1_196' title='bbox 3436 1142 3635 1216; x_wconf 88' lang='lat' dir='ltr'><strong>atrium</strong></span> <span class='ocrx_word' id='word_1_197' title='bbox 3671 1161 3813 1215; x_wconf 91' lang='lat' dir='ltr'><strong>inte-</strong></span> 
     </span>
    </p>
   </div>
   <div class='ocr_carea' id='block_1_27' title="bbox 2205 1236 3814 1323">
    <p class='ocr_par' dir='ltr' id='par_1_27' title="bbox 2205 1236 3814 1323">
     <span class='ocr_line' id='line_1_27' title="bbox 2205 1236 3814 1323; baseline 0.001 -16"><span class='ocrx_word' id='word_1_198' title='bbox 2205 1246 2319 1307; x_wconf 80' lang='lat' dir='ltr'><strong>rius</strong></span> <span class='ocrx_word' id='word_1_199' title='bbox 2369 1252 2467 1323; x_wconf 87' lang='lat' dir='ltr'><strong>per</strong></span> <span class='ocrx_word' id='word_1_200' title='bbox 2523 1250 2663 1307; x_wconf 81' lang='lat' dir='ltr'><strong>viam</strong></span> <span class='ocrx_word' id='word_1_201' title='bbox 2717 1236 3100 1310; x_wconf 65' lang='lat' dir='ltr'><strong>(hiemalem:</strong></span> <span class='ocrx_word' id='word_1_202' title='bbox 3158 1264 3211 1309; x_wconf 92' lang='lat' dir='ltr'><strong>et</strong></span> <span class='ocrx_word' id='word_1_203' title='bbox 3266 1269 3490 1309; x_wconf 90' lang='lat' dir='ltr'><strong>mensus</strong></span> <span class='ocrx_word' id='word_1_204' title='bbox 3545 1265 3629 1308; x_wconf 86' lang='lat' dir='ltr'><strong>est</strong></span> <span class='ocrx_word' id='word_1_205' title='bbox 3687 1270 3814 1323; x_wconf 86' lang='lat' dir='ltr'><strong>por-</strong></span> 
     </span>
    </p>
   </div>
   <div class='ocr_carea' id='block_1_28' title="bbox 2208 1334 3809 1423">
    <p class='ocr_par' dir='ltr' id='par_1_28' title="bbox 2208 1334 3809 1423">
     <span class='ocr_line' id='line_1_28' title="bbox 2208 1334 3809 1423; baseline 0 -26"><span class='ocrx_word' id='word_1_206' title='bbox 2208 1351 2316 1399; x_wconf 87' lang='lat' dir='ltr'><strong>tam</strong></span> <span class='ocrx_word' id='word_1_207' title='bbox 2368 1344 2662 1423; x_wconf 65' lang='lat' dir='ltr'><strong>Secundum</strong></span> <span class='ocrx_word' id='word_1_208' title='bbox 2719 1363 3004 1401; x_wconf 83' lang='lat' dir='ltr'><strong>mensuras</strong></span> <span class='ocrx_word' id='word_1_209' title='bbox 3073 1344 3449 1423; x_wconf 81' lang='lat' dir='ltr'><strong>superiores;</strong></span> <span class='ocrx_word' id='word_1_210' title='bbox 3511 1334 3809 1401; x_wconf 76' lang='lat' dir='ltr'><strong>thalamum</strong></span> 
     </span>
    </p>
   </div>
   <div class='ocr_carea' id='block_1_29' title="bbox 2214 1420 3812 1513">
    <p class='ocr_par' dir='ltr' id='par_1_29' title="bbox 2214 1420 3812 1513">
     <span class='ocr_line' id='line_1_29' title="bbox 2214 1420 3812 1513; baseline 0.001 -23"><span class='ocrx_word' id='word_1_211' title='bbox 2214 1458 2232 1490; x_wconf 77' lang='grc' dir='ltr'><strong>ι</strong></span> <span class='ocrx_word' id='word_1_212' title='bbox 2274 1441 2437 1510; x_wconf 87' lang='lat' dir='ltr'><strong>ejus,</strong></span> <span class='ocrx_word' id='word_1_213' title='bbox 2723 1451 2777 1496; x_wconf 89' lang='lat' dir='ltr'><strong>et</strong></span> <span class='ocrx_word' id='word_1_214' title='bbox 2836 1440 3072 1495; x_wconf 82' lang='lat' dir='ltr'><strong>frontem</strong></span> <span class='ocrx_word' id='word_1_215' title='bbox 3149 1422 3312 1512; x_wconf 88' lang='lat' dir='ltr'><strong>ejus,</strong></span> <span class='ocrx_word' id='word_1_216' title='bbox 3366 1450 3421 1494; x_wconf 90' lang='lat' dir='ltr'><strong>et</strong></span> <span class='ocrx_word' id='word_1_217' title='bbox 3477 1439 3812 1495; x_wconf 82' lang='lat' dir='ltr'><strong>vestibulum</strong></span> 
     </span>
    </p>
   </div>
   <div class='ocr_carea' id='block_1_30' title="bbox 2215 1520 3812 1606">
    <p class='ocr_par' dir='ltr' id='par_1_30' title="bbox 2215 1520 3812 1606">
     <span class='ocr_line' id='line_1_30' title="bbox 2215 1520 3812 1606; baseline -0.004 -14"><span class='ocrx_word' id='word_1_218' title='bbox 2215 1554 2234 1586; x_wconf 74' lang='grc' dir='ltr'><strong>ι</strong></span> <span class='ocrx_word' id='word_1_219' title='bbox 2272 1540 2387 1604; x_wconf 81' lang='lat' dir='ltr'><strong>ejus</strong></span> <span class='ocrx_word' id='word_1_220' title='bbox 2424 1530 2447 1572; x_wconf 65' lang='grc' dir='ltr'>ἀ</span> <span class='ocrx_word' id='word_1_221' title='bbox 2497 1536 2633 1590; x_wconf 84' lang='lat' dir='ltr'><strong>sicut</strong></span> <span class='ocrx_word' id='word_1_222' title='bbox 2670 1552 2867 1606; x_wconf 87' lang='lat' dir='ltr'><strong>supra,</strong></span> <span class='ocrx_word' id='word_1_223' title='bbox 2901 1528 2954 1591; x_wconf 88' lang='lat' dir='ltr'><strong>et</strong></span> <span class='ocrx_word' id='word_1_224' title='bbox 2986 1520 3257 1592; x_wconf 82' lang='lat' dir='ltr'><strong>lenestras</strong></span> <span class='ocrx_word' id='word_1_225' title='bbox 3287 1532 3406 1604; x_wconf 86' lang='lat' dir='ltr'><strong>ejus</strong></span> <span class='ocrx_word' id='word_1_226' title='bbox 3435 1545 3488 1591; x_wconf 89' lang='lat' dir='ltr'><strong>et</strong></span> <span class='ocrx_word' id='word_1_227' title='bbox 3532 1530 3812 1590; x_wconf 78' lang='lat' dir='ltr'><strong>vestibula</strong></span> 
     </span>
    </p>
   </div>
   <div class='ocr_carea' id='block_1_31' title="bbox 2216 1628 3814 1708">
    <p class='ocr_par' dir='ltr' id='par_1_31' title="bbox 2216 1628 3814 1708">
     <span class='ocr_line' id='line_1_31' title="bbox 2216 1628 3814 1708; baseline 0.001 -29"><span class='ocrx_word' id='word_1_228' title='bbox 2216 1646 2234 1679; x_wconf 74' lang='grc' dir='ltr'><strong>ι</strong></span> <span class='ocrx_word' id='word_1_229' title='bbox 2271 1628 2390 1697; x_wconf 85' lang='lat' dir='ltr'><strong>ejus</strong></span> <span class='ocrx_word' id='word_1_230' title='bbox 2421 1629 2470 1682; x_wconf 90' lang='lat' dir='ltr'><strong>in</strong></span> <span class='ocrx_word' id='word_1_231' title='bbox 2501 1628 2761 1694; x_wconf 78' lang='lat' dir='ltr'><strong>circuitu,</strong></span> <span class='ocrx_word' id='word_1_232' title='bbox 2798 1628 3135 1697; x_wconf 71' lang='lat' dir='ltr'><strong>longitudine</strong></span> <span class='ocrx_word' id='word_1_233' title='bbox 3163 1629 3556 1702; x_wconf 77' lang='lat' dir='ltr'><strong>quinquaginta</strong></span> <span class='ocrx_word' id='word_1_234' title='bbox 3596 1630 3814 1708; x_wconf 80' lang='lat' dir='ltr'><strong>cubito-</strong></span> 
     </span>
    </p>
   </div>
   <div class='ocr_carea' id='block_1_32' title="bbox 2217 1722 3818 1795">
    <p class='ocr_par' dir='ltr' id='par_1_32' title="bbox 2217 1722 3818 1795">
     <span class='ocr_line' id='line_1_32' title="bbox 2217 1722 3818 1795; baseline 0.003 -23"><span class='ocrx_word' id='word_1_235' title='bbox 2217 1726 2236 1772; x_wconf 74' lang='grc' dir='ltr'><strong>ι</strong></span> <span class='ocrx_word' id='word_1_236' title='bbox 2274 1722 2413 1789; x_wconf 88' lang='lat' dir='ltr'><strong>rum,</strong></span> <span class='ocrx_word' id='word_1_237' title='bbox 2451 1734 2505 1775; x_wconf 88' lang='lat' dir='ltr'><strong>ct</strong></span> <span class='ocrx_word' id='word_1_238' title='bbox 2546 1722 2836 1779; x_wconf 85' lang='lat' dir='ltr'><strong>latitudine</strong></span> <span class='ocrx_word' id='word_1_239' title='bbox 2878 1724 3068 1794; x_wconf 76' lang='lat' dir='ltr'><strong>viginti</strong></span> <span class='ocrx_word' id='word_1_240' title='bbox 3103 1724 3343 1795; x_wconf 83' lang='lat' dir='ltr'><strong>quinque</strong></span> <span class='ocrx_word' id='word_1_241' title='bbox 3373 1726 3710 1779; x_wconf 89' lang='lat' dir='ltr'><strong>cubitorum.</strong></span> <span class='ocrx_word' id='word_1_242' title='bbox 3746 1723 3818 1778; x_wconf 87' lang='lat' dir='ltr'><strong>Et</strong></span> 
     </span>
    </p>
   </div>
   <div class='ocr_carea' id='block_1_33' title="bbox 507 1798 3818 1895">
    <p class='ocr_par' dir='ltr' id='par_1_33' title="bbox 507 1798 3818 1895">
     <span class='ocr_line' id='line_1_33' title="bbox 507 1798 3818 1895; baseline -0.001 -19"><span class='ocrx_word' id='word_1_243' title='bbox 507 1828 615 1893; x_wconf 83' lang='lat' dir='ltr'><strong>qua</strong></span> <span class='ocrx_word' id='word_1_244' title='bbox 647 1820 927 1877; x_wconf 73' lang='lat' dir='ltr'><strong>latitudine</strong></span> <span class='ocrx_word' id='word_1_245' title='bbox 958 1826 1010 1877; x_wconf 84' lang='lat' dir='ltr'><strong>ét</strong></span> <span class='ocrx_word' id='word_1_246' title='bbox 1041 1824 1237 1893; x_wconf 81' lang='lat' dir='ltr'><strong>plateis</strong></span> <span class='ocrx_word' id='word_1_247' title='bbox 1270 1826 1378 1893; x_wconf 78' lang='lat' dir='ltr'><strong>agit</strong></span> <span class='ocrx_word' id='word_1_248' title='bbox 1407 1816 1671 1895; x_wconf 86' lang='lat' dir='ltr'><strong>sapientia</strong></span> <span class='ocrx_word' id='word_1_249' title='bbox 1695 1798 2065 1881; x_wconf 28' lang='lat' dir='ltr'><strong>&#39;c0nftdentcr</strong></span> <span class='ocrx_word' id='word_1_250' title='bbox 2091 1866 2106 1891; x_wconf 89' lang='lat'><strong>,</strong></span> <span class='ocrx_word' id='word_1_251' title='bbox 2224 1835 2242 1868; x_wconf 76' lang='grc' dir='ltr'><strong>ι</strong></span> <span class='ocrx_word' id='word_1_252' title='bbox 2281 1816 2612 1873; x_wconf 67' lang='lat' dir='ltr'><strong>Vestibulum</strong></span> <span class='ocrx_word' id='word_1_253' title='bbox 2656 1819 2795 1887; x_wconf 87' lang='lat' dir='ltr'><strong>cjus,</strong></span> <span class='ocrx_word' id='word_1_254' title='bbox 2830 1819 2880 1873; x_wconf 91' lang='lat' dir='ltr'><strong>id</strong></span> <span class='ocrx_word' id='word_1_255' title='bbox 2929 1831 3006 1875; x_wconf 73' lang='grc' dir='ltr'><strong>εει</strong></span> <span class='ocrx_word' id='word_1_256' title='bbox 3032 1861 3048 1887; x_wconf 85' lang='grc'>,</span> <span class='ocrx_word' id='word_1_257' title='bbox 3102 1820 3221 1875; x_wconf 84' lang='lat' dir='ltr'><strong>atrii</strong></span> <span class='ocrx_word' id='word_1_258' title='bbox 3273 1820 3562 1876; x_wconf 78' lang='lat' dir='ltr'><strong>exterioris</strong></span> <span class='ocrx_word' id='word_1_259' title='bbox 3594 1838 3612 1873; x_wconf 73' lang='grc' dir='ltr'><strong>ι</strong></span> <span class='ocrx_word' id='word_1_260' title='bbox 3667 1820 3684 1890; x_wconf 97' lang='grc'>(</span> <span class='ocrx_word' id='word_1_261' title='bbox 3716 1834 3818 1889; x_wconf 87' lang='lat' dir='ltr'><strong>pro</strong></span> 
     </span>
    </p>
   </div>
   <div class='ocr_carea' id='block_1_34' title="bbox 509 1912 2110 1988">
    <p class='ocr_par' dir='ltr' id='par_1_34' title="bbox 509 1912 2110 1988">
     <span class='ocr_line' id='line_1_34' title="bbox 509 1912 2110 1988; baseline 0.001 -19"><span class='ocrx_word' id='word_1_262' title='bbox 509 1922 565 1969; x_wconf 89' lang='lat' dir='ltr'><strong>et</strong></span> <span class='ocrx_word' id='word_1_263' title='bbox 592 1929 717 1969; x_wconf 89' lang='lat' dir='ltr'><strong>ettm</strong></span> <span class='ocrx_word' id='word_1_264' title='bbox 748 1914 963 1969; x_wconf 83' lang='lat' dir='ltr'><strong>sublimi</strong></span> <span class='ocrx_word' id='word_1_265' title='bbox 994 1931 1127 1971; x_wconf 86' lang='lat' dir='ltr'><strong>voce</strong></span> <span class='ocrx_word' id='word_1_266' title='bbox 1157 1912 1404 1971; x_wconf 86' lang='lat' dir='ltr'><strong>clamitat</strong></span> <span class='ocrx_word' id='word_1_267' title='bbox 1433 1934 1444 1969; x_wconf 90' lang='lat'>:</span> <span class='ocrx_word' id='word_1_268' title='bbox 1479 1924 1799 1988; x_wconf 82' lang='lat' dir='ltr'><strong>septemque</strong></span> <span class='ocrx_word' id='word_1_269' title='bbox 1850 1916 2110 1987; x_wconf 83' lang='lat' dir='ltr'><strong>gradibus</strong></span> 
     </span>
    </p>
   </div>
   <div class='ocr_carea' id='block_1_35' title="bbox 512 2005 2112 2077">
    <p class='ocr_par' dir='ltr' id='par_1_35' title="bbox 512 2005 2112 2077">
     <span class='ocr_line' id='line_1_35' title="bbox 512 2005 2112 2077; baseline 0.001 -17"><span class='ocrx_word' id='word_1_270' title='bbox 512 2005 845 2077; x_wconf 77' lang='lat' dir='ltr'><strong>ingreditur,</strong></span> <span class='ocrx_word' id='word_1_271' title='bbox 881 2008 940 2061; x_wconf 77' lang='lat' dir='ltr'><strong>ut</strong></span> <span class='ocrx_word' id='word_1_272' title='bbox 970 2010 1257 2076; x_wconf 83' lang='lat' dir='ltr'><strong>perveniat</strong></span> <span class='ocrx_word' id='word_1_273' title='bbox 1280 2008 1345 2063; x_wconf 90' lang='lat' dir='ltr'><strong>ad</strong></span> <span class='ocrx_word' id='word_1_274' title='bbox 1377 2006 1705 2064; x_wconf 74' lang='lat' dir='ltr'><strong>vestibulum</strong></span> <span class='ocrx_word' id='word_1_275' title='bbox 1738 2052 1751 2075; x_wconf 93' lang='lat'><strong>,</strong></span> <span class='ocrx_word' id='word_1_276' title='bbox 1789 2019 1840 2064; x_wconf 81' lang='lat' dir='ltr'><strong>et</strong></span> <span class='ocrx_word' id='word_1_277' title='bbox 1876 2024 1969 2077; x_wconf 83' lang='lat' dir='ltr'><strong>per</strong></span> <span class='ocrx_word' id='word_1_278' title='bbox 2000 2009 2112 2077; x_wconf 86' lang='lat' dir='ltr'><strong>pal-</strong></span> 
     </span>
    </p>
   </div>
   <div class='ocr_carea' id='block_1_36' title="bbox 514 2086 2112 2172">
    <p class='ocr_par' dir='ltr' id='par_1_36' title="bbox 514 2086 2112 2172">
     <span class='ocr_line' id='line_1_36' title="bbox 514 2086 2112 2172; baseline 0.001 -18"><span class='ocrx_word' id='word_1_279' title='bbox 514 2114 628 2155; x_wconf 82' lang='lat' dir='ltr'><strong>mas</strong></span> <span class='ocrx_word' id='word_1_280' title='bbox 657 2101 919 2171; x_wconf 77' lang='lat' dir='ltr'><strong>propositi</strong></span> <span class='ocrx_word' id='word_1_281' title='bbox 946 2101 1029 2156; x_wconf 83' lang='lat' dir='ltr'><strong>sui</strong></span> <span class='ocrx_word' id='word_1_282' title='bbox 1078 2096 1240 2172; x_wconf 84' lang='lat' dir='ltr'><strong>atque</strong></span> <span class='ocrx_word' id='word_1_283' title='bbox 1268 2112 1498 2157; x_wconf 89' lang='lat' dir='ltr'><strong>conatus</strong></span> <span class='ocrx_word' id='word_1_284' title='bbox 1532 2145 1544 2169; x_wconf 93' lang='lat'><strong>,</strong></span> <span class='ocrx_word' id='word_1_285' title='bbox 1593 2103 1875 2157; x_wconf 86' lang='lat' dir='ltr'><strong>victoriam</strong></span> <span class='ocrx_word' id='word_1_286' title='bbox 1922 2086 2112 2157; x_wconf 71' lang='lat' dir='ltr'><strong>teneat</strong></span> 
     </span>
    </p>
   </div>
   <div class='ocr_carea' id='block_1_37' title="bbox 515 2193 2108 2267">
    <p class='ocr_par' dir='ltr' id='par_1_37' title="bbox 515 2193 2108 2267">
     <span class='ocr_line' id='line_1_37' title="bbox 515 2193 2108 2267; baseline 0 -18"><span class='ocrx_word' id='word_1_287' title='bbox 515 2193 923 2263; x_wconf 72' lang='lat' dir='ltr'><strong>sempiternam.</strong></span> <span class='ocrx_word' id='word_1_288' title='bbox 972 2194 1041 2249; x_wconf 87' lang='lat' dir='ltr'><strong>Et</strong></span> <span class='ocrx_word' id='word_1_289' title='bbox 1071 2202 1139 2250; x_wconf 82' lang='lat' dir='ltr'><strong>ne</strong></span> <span class='ocrx_word' id='word_1_290' title='bbox 1176 2198 1495 2267; x_wconf 79' lang='lat' dir='ltr'><strong>putaremus</strong></span> <span class='ocrx_word' id='word_1_291' title='bbox 1526 2200 1689 2251; x_wconf 85' lang='lat' dir='ltr'><strong>unum</strong></span> <span class='ocrx_word' id='word_1_292' title='bbox 1732 2214 1854 2252; x_wconf 90' lang='lat' dir='ltr'><strong>esse</strong></span> <span class='ocrx_word' id='word_1_293' title='bbox 1900 2197 1965 2251; x_wconf 91' lang='lat' dir='ltr'><strong>ad</strong></span> <span class='ocrx_word' id='word_1_294' title='bbox 1998 2195 2108 2250; x_wconf 75' lang='grc' dir='ltr'>Λιι-</span> 
     </span>
    </p>
   </div>
   <div class='ocr_carea' id='block_1_38' title="bbox 508 2274 2111 2357">
    <p class='ocr_par' dir='ltr' id='par_1_38' title="bbox 508 2274 2111 2357">
     <span class='ocr_line' id='line_1_38' title="bbox 508 2274 2111 2357; baseline -0.001 -14"><span class='ocrx_word' id='word_1_295' title='bbox 508 2288 731 2343; x_wconf 84' lang='lat' dir='ltr'><strong>straletn</strong></span> <span class='ocrx_word' id='word_1_296' title='bbox 762 2288 965 2357; x_wconf 84' lang='lat' dir='ltr'><strong>partem</strong></span> <span class='ocrx_word' id='word_1_297' title='bbox 996 2287 1216 2354; x_wconf 77' lang='lat' dir='ltr'><strong>atrioin,</strong></span> <span class='ocrx_word' id='word_1_298' title='bbox 1244 2288 1310 2344; x_wconf 87' lang='lat' dir='ltr'><strong>de</strong></span> <span class='ocrx_word' id='word_1_299' title='bbox 1342 2288 1581 2344; x_wconf 79' lang='lat' dir='ltr'><strong>secundo</strong></span> <span class='ocrx_word' id='word_1_300' title='bbox 1608 2291 1804 2345; x_wconf 88' lang='lat' dir='ltr'><strong>dicitur</strong></span> <span class='ocrx_word' id='word_1_301' title='bbox 1834 2291 1970 2344; x_wconf 91' lang='lat' dir='ltr'><strong>atrio</strong></span> <span class='ocrx_word' id='word_1_302' title='bbox 1997 2308 2009 2343; x_wconf 88' lang='lat'><strong>:</strong></span> <span class='ocrx_word' id='word_1_303' title='bbox 2045 2274 2111 2343; x_wconf 84' lang='lat' dir='ltr'><strong>Et</strong></span> 
     </span>
    </p>
   </div>
   <div class='ocr_carea' id='block_1_39' title="bbox 513 2379 2113 2453">
    <p class='ocr_par' dir='ltr' id='par_1_39' title="bbox 513 2379 2113 2453">
     <span class='ocr_line' id='line_1_39' title="bbox 513 2379 2113 2453; baseline 0.001 -20"><span class='ocrx_word' id='word_1_304' title='bbox 513 2388 665 2450; x_wconf 75' lang='lat' dir='ltr'><strong>porta</strong></span> <span class='ocrx_word' id='word_1_305' title='bbox 688 2379 810 2432; x_wconf 83' lang='lat' dir='ltr'><strong>atrii</strong></span> <span class='ocrx_word' id='word_1_306' title='bbox 835 2380 1095 2434; x_wconf 74' lang='lat' dir='ltr'><strong>interioris</strong></span> <span class='ocrx_word' id='word_1_307' title='bbox 1132 2380 1183 2433; x_wconf 81' lang='lat' dir='ltr'><strong>iu</strong></span> <span class='ocrx_word' id='word_1_308' title='bbox 1215 2380 1295 2433; x_wconf 77' lang='lat' dir='ltr'><strong>rid</strong></span> <span class='ocrx_word' id='word_1_309' title='bbox 1520 2380 1751 2435; x_wconf 72' lang='lat' dir='ltr'><strong>Australi</strong></span> <span class='ocrx_word' id='word_1_310' title='bbox 1773 2398 1791 2436; x_wconf 90' lang='lat'><strong><em>:</em></strong></span> <span class='ocrx_word' id='word_1_311' title='bbox 1831 2391 1877 2435; x_wconf 86' lang='lat' dir='ltr'><strong>et</strong></span> <span class='ocrx_word' id='word_1_312' title='bbox 1908 2399 2113 2435; x_wconf 76' lang='lat' dir='ltr'><strong>mensus</strong></span> 
     </span>
    </p>
   </div>
   <div class='ocr_carea' id='block_1_40' title="bbox 511 2470 2113 2544">
    <p class='ocr_par' dir='ltr' id='par_1_40' title="bbox 511 2470 2113 2544">
     <span class='ocr_line' id='line_1_40' title="bbox 511 2470 2113 2544; baseline 0.001 -17"><span class='ocrx_word' id='word_1_313' title='bbox 511 2478 581 2527; x_wconf 75' lang='lat' dir='ltr'><strong>est</strong></span> <span class='ocrx_word' id='word_1_314' title='bbox 629 2480 663 2525; x_wconf 79' lang='lat' dir='ltr'><strong>d</strong></span> <span class='ocrx_word' id='word_1_315' title='bbox 703 2480 852 2544; x_wconf 84' lang='lat' dir='ltr'><strong>porta</strong></span> <span class='ocrx_word' id='word_1_316' title='bbox 882 2476 1040 2543; x_wconf 71' lang='lat' dir='ltr'><strong>usque</strong></span> <span class='ocrx_word' id='word_1_317' title='bbox 1073 2474 1142 2526; x_wconf 89' lang='lat' dir='ltr'><strong>ad</strong></span> <span class='ocrx_word' id='word_1_318' title='bbox 1186 2482 1393 2544; x_wconf 76' lang='lat' dir='ltr'><strong>portam</strong></span> <span class='ocrx_word' id='word_1_319' title='bbox 1428 2478 1477 2528; x_wconf 84' lang='lat' dir='ltr'><strong>in</strong></span> <span class='ocrx_word' id='word_1_320' title='bbox 1511 2478 1593 2528; x_wconf 81' lang='lat' dir='ltr'><strong>via</strong></span> <span class='ocrx_word' id='word_1_321' title='bbox 1645 2475 1880 2530; x_wconf 60' lang='lat' dir='ltr'><strong>Australi</strong></span> <span class='ocrx_word' id='word_1_322' title='bbox 1908 2470 2113 2530; x_wconf 70' lang='lat' dir='ltr'><strong>centum</strong></span> 
     </span>
    </p>
   </div>
   <div class='ocr_carea' id='block_1_41' title="bbox 512 2565 2113 2637">
    <p class='ocr_par' dir='ltr' id='par_1_41' title="bbox 512 2565 2113 2637">
     <span class='ocr_line' id='line_1_41' title="bbox 512 2565 2113 2637; baseline 0.004 -19"><span class='ocrx_word' id='word_1_323' title='bbox 512 2565 745 2631; x_wconf 75' lang='lat' dir='ltr'><strong>cubitos;</strong></span> <span class='ocrx_word' id='word_1_324' title='bbox 776 2576 833 2622; x_wconf 89' lang='lat' dir='ltr'><strong>nt</strong></span> <span class='ocrx_word' id='word_1_325' title='bbox 863 2578 984 2637; x_wconf 87' lang='lat' dir='ltr'><strong>post</strong></span> <span class='ocrx_word' id='word_1_326' title='bbox 1030 2568 1387 2624; x_wconf 74' lang='lat' dir='ltr'><strong>hebdomadis</strong></span> <span class='ocrx_word' id='word_1_327' title='bbox 1434 2580 1487 2625; x_wconf 78' lang='lat' dir='ltr'><strong>et</strong></span> <span class='ocrx_word' id='word_1_328' title='bbox 1518 2569 1872 2625; x_wconf 88' lang='lat' dir='ltr'><strong>lustrmnenti</strong></span> <span class='ocrx_word' id='word_1_329' title='bbox 1910 2570 2113 2625; x_wconf 85' lang='lat' dir='ltr'><strong>veteris</strong></span> 
     </span>
    </p>
   </div>
   <div class='ocr_carea' id='block_1_42' title="bbox 513 2650 2110 2735">
    <p class='ocr_par' dir='ltr' id='par_1_42' title="bbox 513 2650 2110 2735">
     <span class='ocr_line' id='line_1_42' title="bbox 513 2650 2110 2735; baseline 0.003 -22"><span class='ocrx_word' id='word_1_330' title='bbox 513 2666 897 2725; x_wconf 75' lang='lat' dir='ltr'><strong>sacramenta,</strong></span> <span class='ocrx_word' id='word_1_331' title='bbox 952 2661 1016 2715; x_wconf 83' lang='lat' dir='ltr'><strong>ad</strong></span> <span class='ocrx_word' id='word_1_332' title='bbox 1061 2662 1262 2716; x_wconf 81' lang='lat' dir='ltr'><strong>terram</strong></span> <span class='ocrx_word' id='word_1_333' title='bbox 1320 2660 1517 2717; x_wconf 78' lang='lat' dir='ltr'><strong>li‘onani</strong></span> <span class='ocrx_word' id='word_1_334' title='bbox 1568 2664 1623 2719; x_wconf 86' lang='lat' dir='ltr'><strong>et</strong></span> <span class='ocrx_word' id='word_1_335' title='bbox 1673 2650 1952 2735; x_wconf 72' lang='lat' dir='ltr'><strong>Evangelii</strong></span> <span class='ocrx_word' id='word_1_336' title='bbox 1985 2680 2110 2734; x_wconf 47' lang='lat' dir='ltr'><strong>gra‘</strong></span> 
     </span>
    </p>
   </div>
   <div class='ocr_carea' id='block_1_43' title="bbox 511 2746 2110 2828">
    <p class='ocr_par' dir='ltr' id='par_1_43' title="bbox 511 2746 2110 2828">
     <span class='ocr_line' id='line_1_43' title="bbox 511 2746 2110 2828; baseline 0.002 -20"><span class='ocrx_word' id='word_1_337' title='bbox 511 2753 641 2808; x_wconf 76' lang='lat' dir='ltr'><strong>nam</strong></span> <span class='ocrx_word' id='word_1_338' title='bbox 678 2756 1005 2821; x_wconf 79' lang='lat' dir='ltr'><strong>perveniret.</strong></span> <span class='ocrx_word' id='word_1_339' title='bbox 1038 2754 1147 2811; x_wconf 85' lang='lat' dir='ltr'><strong>Nec</strong></span> <span class='ocrx_word' id='word_1_340' title='bbox 1180 2757 1424 2812; x_wconf 86' lang='lat' dir='ltr'><strong>solumin</strong></span> <span class='ocrx_word' id='word_1_341' title='bbox 1463 2760 1614 2828; x_wconf 86' lang='lat' dir='ltr'><strong>porta</strong></span> <span class='ocrx_word' id='word_1_342' title='bbox 1648 2746 1882 2813; x_wconf 55' lang='lat' dir='ltr'><strong>australi</strong></span> <span class='ocrx_word' id='word_1_343' title='bbox 1908 2758 2110 2812; x_wconf 86' lang='lat' dir='ltr'><strong>secun-</strong></span> 
     </span>
    </p>
   </div>
   <div class='ocr_carea' id='block_1_44' title="bbox 509 2842 2110 2919">
    <p class='ocr_par' dir='ltr' id='par_1_44' title="bbox 509 2842 2110 2919">
     <span class='ocr_line' id='line_1_44' title="bbox 509 2842 2110 2919; baseline 0.002 -20"><span class='ocrx_word' id='word_1_344' title='bbox 509 2844 636 2899; x_wconf 73' lang='lat' dir='ltr'><strong>dum</strong></span> <span class='ocrx_word' id='word_1_345' title='bbox 668 2848 865 2900; x_wconf 78' lang='lat' dir='ltr'><strong>atrium</strong></span> <span class='ocrx_word' id='word_1_346' title='bbox 912 2848 1032 2913; x_wconf 78' lang='lat' dir='ltr'><strong>est;</strong></span> <span class='ocrx_word' id='word_1_347' title='bbox 1068 2848 1161 2903; x_wconf 89' lang='lat' dir='ltr'><strong>sed</strong></span> <span class='ocrx_word' id='word_1_348' title='bbox 1194 2854 1443 2912; x_wconf 86' lang='lat' dir='ltr'><strong>tertium,</strong></span> <span class='ocrx_word' id='word_1_349' title='bbox 1476 2852 1541 2905; x_wconf 88' lang='lat' dir='ltr'><strong>de</strong></span> <span class='ocrx_word' id='word_1_350' title='bbox 1570 2868 1676 2919; x_wconf 88' lang='lat' dir='ltr'><strong>quo</strong></span> <span class='ocrx_word' id='word_1_351' title='bbox 1709 2868 1851 2905; x_wconf 87' lang='lat' dir='ltr'><strong>llUllC</strong></span> <span class='ocrx_word' id='word_1_352' title='bbox 1873 2842 2069 2904; x_wconf 86' lang='lat' dir='ltr'><strong>dicitur</strong></span> <span class='ocrx_word' id='word_1_353' title='bbox 2098 2868 2110 2903; x_wconf 91' lang='lat'>:</span> 
     </span>
    </p>
   </div>
   <div class='ocr_carea' id='block_1_45' title="bbox 512 2937 2116 3016">
    <p class='ocr_par' dir='ltr' id='par_1_45' title="bbox 512 2937 2116 3016">
     <span class='ocr_line' id='line_1_45' title="bbox 512 2937 2116 3016; baseline 0.003 -24"><span class='ocrx_word' id='word_1_354' title='bbox 512 2937 579 2993; x_wconf 81' lang='lat' dir='ltr'><strong>Et</strong></span> <span class='ocrx_word' id='word_1_355' title='bbox 612 2940 905 2996; x_wconf 66' lang='lat' dir='ltr'><strong>introduxit</strong></span> <span class='ocrx_word' id='word_1_356' title='bbox 925 2944 1070 2996; x_wconf 66' lang='lat' dir='ltr'><strong>main</strong></span> <span class='ocrx_word' id='word_1_357' title='bbox 1100 2946 1290 2997; x_wconf 84' lang='lat' dir='ltr'><strong>atrium</strong></span> <span class='ocrx_word' id='word_1_358' title='bbox 1325 2946 1539 2999; x_wconf 70' lang='lat' dir='ltr'><strong>interius</strong></span> <span class='ocrx_word' id='word_1_359' title='bbox 1571 2946 1639 2997; x_wconf 88' lang='lat' dir='ltr'><strong>ad</strong></span> <span class='ocrx_word' id='word_1_360' title='bbox 1664 2955 1867 3016; x_wconf 64' lang='lat' dir='ltr'><strong>portam</strong></span> <span class='ocrx_word' id='word_1_361' title='bbox 1897 2938 2116 2999; x_wconf 72' lang='lat' dir='ltr'><strong>Austra—</strong></span> 
     </span>
    </p>
   </div>
   <div class='ocr_carea' id='block_1_46' title="bbox 516 3031 2110 3111">
    <p class='ocr_par' dir='ltr' id='par_1_46' title="bbox 516 3031 2110 3111">
     <span class='ocr_line' id='line_1_46' title="bbox 516 3031 2110 3111; baseline 0.004 -26"><span class='ocrx_word' id='word_1_362' title='bbox 516 3031 617 3086; x_wconf 82' lang='lat' dir='ltr'><strong>lcm</strong></span> <span class='ocrx_word' id='word_1_363' title='bbox 642 3056 657 3101; x_wconf 52' lang='grc' dir='ltr'><em>ί</em></span> <span class='ocrx_word' id='word_1_364' title='bbox 687 3044 734 3089; x_wconf 77' lang='lat' dir='ltr'><strong>et</strong></span> <span class='ocrx_word' id='word_1_365' title='bbox 762 3046 967 3090; x_wconf 81' lang='lat' dir='ltr'><strong>mensus</strong></span> <span class='ocrx_word' id='word_1_366' title='bbox 988 3048 1059 3089; x_wconf 78' lang='lat' dir='ltr'><strong>est</strong></span> <span class='ocrx_word' id='word_1_367' title='bbox 1088 3049 1290 3109; x_wconf 81' lang='lat' dir='ltr'><strong>portam</strong></span> <span class='ocrx_word' id='word_1_368' title='bbox 1313 3040 1472 3108; x_wconf 63' lang='lat' dir='ltr'><strong>juxta</strong></span> <span class='ocrx_word' id='word_1_369' title='bbox 1500 3057 1762 3093; x_wconf 64' lang='lat' dir='ltr'><strong>mensuras</strong></span> <span class='ocrx_word' id='word_1_370' title='bbox 1790 3056 1888 3111; x_wconf 81' lang='lat' dir='ltr'><strong>sup</strong></span> <span class='ocrx_word' id='word_1_371' title='bbox 1922 3040 2110 3104; x_wconf 69' lang='lat' dir='ltr'><strong>tiores,</strong></span> 
     </span>
    </p>
   </div>
   <div class='ocr_carea' id='block_1_47' title="bbox 514 3120 2114 3200">
    <p class='ocr_par' dir='ltr' id='par_1_47' title="bbox 514 3120 2114 3200">
     <span class='ocr_line' id='line_1_47' title="bbox 514 3120 2114 3200; baseline 0.004 -17"><span class='ocrx_word' id='word_1_372' title='bbox 514 3130 621 3183; x_wconf 83' lang='lat' dir='ltr'><strong>etc.</strong></span> <span class='ocrx_word' id='word_1_373' title='bbox 655 3120 873 3197; x_wconf 60' lang='lat' dir='ltr'><strong>Singula</strong></span> <span class='ocrx_word' id='word_1_374' title='bbox 904 3134 1050 3187; x_wconf 87' lang='lat' dir='ltr'><strong>enim</strong></span> <span class='ocrx_word' id='word_1_375' title='bbox 1074 3136 1207 3187; x_wconf 88' lang='lat' dir='ltr'><strong>atria</strong></span> <span class='ocrx_word' id='word_1_376' title='bbox 1239 3130 1442 3188; x_wconf 85' lang='lat' dir='ltr'><strong>habent</strong></span> <span class='ocrx_word' id='word_1_377' title='bbox 1468 3150 1750 3189; x_wconf 67' lang='lat' dir='ltr'><strong>mensuras</strong></span> <span class='ocrx_word' id='word_1_378' title='bbox 1770 3177 1784 3200; x_wconf 95' lang='lat'><strong>,</strong></span> <span class='ocrx_word' id='word_1_379' title='bbox 1810 3146 1860 3189; x_wconf 88' lang='lat' dir='ltr'><strong>et</strong></span> <span class='ocrx_word' id='word_1_380' title='bbox 1889 3134 2114 3189; x_wconf 82' lang='lat' dir='ltr'><strong>ordines</strong></span> 
     </span>
    </p>
   </div>
   <div class='ocr_carea' id='block_1_48' title="bbox 2215 1912 3816 1986">
    <p class='ocr_par' dir='ltr' id='par_1_48' title="bbox 2215 1912 3816 1986">
     <span class='ocr_line' id='line_1_48' title="bbox 2215 1912 3816 1986; baseline 0.003 -21"><span class='ocrx_word' id='word_1_381' title='bbox 2215 1928 2323 1981; x_wconf 90' lang='lat' dir='ltr'><strong>quo</strong></span> <span class='ocrx_word' id='word_1_382' title='bbox 2352 1912 2710 1983; x_wconf 87' lang='lat' dir='ltr'><strong>Septuaginta</strong></span> <span class='ocrx_word' id='word_1_383' title='bbox 2745 1925 2799 1968; x_wconf 84' lang='lat' dir='ltr'><strong>ct</strong></span> <span class='ocrx_word' id='word_1_384' title='bbox 2845 1914 3228 1986; x_wconf 83' lang='lat' dir='ltr'><strong>Symmachus,</strong></span> <span class='ocrx_word' id='word_1_385' title='bbox 3262 1917 3579 1985; x_wconf 81' lang='lat' dir='ltr'><strong>interiorem,</strong></span> <span class='ocrx_word' id='word_1_386' title='bbox 3616 1929 3816 1986; x_wconf 86' lang='lat' dir='ltr'><strong>posue-</strong></span> 
     </span>
    </p>
   </div>
   <div class='ocr_carea' id='block_1_49' title="bbox 2218 1986 3821 2085">
    <p class='ocr_par' dir='ltr' id='par_1_49' title="bbox 2218 1986 3821 2085">
     <span class='ocr_line' id='line_1_49' title="bbox 2218 1986 3821 2085; baseline 0.002 -26"><span class='ocrx_word' id='word_1_387' title='bbox 2218 1986 2385 2077; x_wconf 55' lang='lat' dir='ltr'><strong>runt};</strong></span> <span class='ocrx_word' id='word_1_388' title='bbox 2414 2026 2431 2059; x_wconf 88' lang='grc'><em>‹</em></span> <span class='ocrx_word' id='word_1_389' title='bbox 2455 2016 2508 2063; x_wconf 92' lang='lat' dir='ltr'><strong>et</strong></span> <span class='ocrx_word' id='word_1_390' title='bbox 2530 2007 2726 2077; x_wconf 73' lang='lat' dir='ltr'><strong>palnize</strong></span> <span class='ocrx_word' id='word_1_391' title='bbox 2746 1994 2952 2064; x_wconf 64' lang='lat' dir='ltr'><strong>caelata:</strong></span> <span class='ocrx_word' id='word_1_392' title='bbox 2972 2009 3021 2063; x_wconf 92' lang='lat' dir='ltr'><strong>in</strong></span> <span class='ocrx_word' id='word_1_393' title='bbox 3040 2008 3271 2085; x_wconf 83' lang='lat' dir='ltr'><strong>frontem</strong></span> <span class='ocrx_word' id='word_1_394' title='bbox 3289 2009 3579 2064; x_wconf 89' lang='lat' dir='ltr'><strong>illiushinc</strong></span> <span class='ocrx_word' id='word_1_395' title='bbox 3600 2008 3821 2085; x_wconf 78' lang='lat' dir='ltr'><strong>etinde,</strong></span> 
     </span>
    </p>
   </div>
   <div class='ocr_carea' id='block_1_50' title="bbox 2222 2084 3819 2171">
    <p class='ocr_par' dir='ltr' id='par_1_50' title="bbox 2222 2084 3819 2171">
     <span class='ocr_line' id='line_1_50' title="bbox 2222 2084 3819 2171; baseline 0.004 -22"><span class='ocrx_word' id='word_1_396' title='bbox 2222 2116 2241 2149; x_wconf 75' lang='grc' dir='ltr'><strong>ι</strong></span> <span class='ocrx_word' id='word_1_397' title='bbox 2267 2109 2317 2152; x_wconf 89' lang='lat' dir='ltr'><strong>et</strong></span> <span class='ocrx_word' id='word_1_398' title='bbox 2337 2098 2386 2153; x_wconf 92' lang='lat' dir='ltr'><strong>in</strong></span> <span class='ocrx_word' id='word_1_399' title='bbox 2404 2108 2527 2152; x_wconf 80' lang='lat' dir='ltr'><strong>octo</strong></span> <span class='ocrx_word' id='word_1_400' title='bbox 2543 2086 2799 2169; x_wconf 78' lang='lat' dir='ltr'><strong>gradibus</strong></span> <span class='ocrx_word' id='word_1_401' title='bbox 2814 2100 3074 2156; x_wconf 77' lang='lat' dir='ltr'><strong>ascensus</strong></span> <span class='ocrx_word' id='word_1_402' title='bbox 3094 2084 3234 2171; x_wconf 85' lang='lat' dir='ltr'><strong>ejus.</strong></span> <span class='ocrx_word' id='word_1_403' title='bbox 3265 2121 3283 2153; x_wconf 88' lang='grc'><strong>›</strong></span> <span class='ocrx_word' id='word_1_404' title='bbox 3305 2102 3379 2155; x_wconf 84' lang='lat' dir='ltr'><strong>De</strong></span> <span class='ocrx_word' id='word_1_405' title='bbox 3395 2084 3819 2171; x_wconf 80' lang='lat' dir='ltr'><strong>Septentrionali</strong></span> 
     </span>
    </p>
   </div>
   <div class='ocr_carea' id='block_1_51' title="bbox 2218 2192 3820 2267">
    <p class='ocr_par' dir='ltr' id='par_1_51' title="bbox 2218 2192 3820 2267">
     <span class='ocr_line' id='line_1_51' title="bbox 2218 2192 3820 2267; baseline 0.004 -23"><span class='ocrx_word' id='word_1_406' title='bbox 2218 2192 2396 2262; x_wconf 83' lang='lat' dir='ltr'><strong>plaga,</strong></span> <span class='ocrx_word' id='word_1_407' title='bbox 2431 2194 2481 2246; x_wconf 84' lang='lat' dir='ltr'><strong>in</strong></span> <span class='ocrx_word' id='word_1_408' title='bbox 2517 2192 2671 2262; x_wconf 79' lang='lat' dir='ltr'><strong>cujus</strong></span> <span class='ocrx_word' id='word_1_409' title='bbox 2700 2197 2898 2249; x_wconf 84' lang='lat' dir='ltr'><strong>atrium</strong></span> <span class='ocrx_word' id='word_1_410' title='bbox 2928 2192 3145 2267; x_wconf 80' lang='lat' dir='ltr'><strong>septem</strong></span> <span class='ocrx_word' id='word_1_411' title='bbox 3178 2207 3383 2250; x_wconf 83' lang='lat' dir='ltr'><strong>tantum</strong></span> <span class='ocrx_word' id='word_1_412' title='bbox 3417 2195 3820 2251; x_wconf 71' lang='lat' dir='ltr'><strong>ascendelmtur</strong></span> 
     </span>
    </p>
   </div>
   <div class='ocr_carea' id='block_1_52' title="bbox 2222 2270 3820 2358">
    <p class='ocr_par' dir='ltr' id='par_1_52' title="bbox 2222 2270 3820 2358">
     <span class='ocr_line' id='line_1_52' title="bbox 2222 2270 3820 2358; baseline 0.003 -20"><span class='ocrx_word' id='word_1_413' title='bbox 2222 2270 2508 2354; x_wconf 80' lang='lat' dir='ltr'><strong>gradibus,</strong></span> <span class='ocrx_word' id='word_1_414' title='bbox 2538 2288 2736 2342; x_wconf 76' lang='lat' dir='ltr'><strong>transit</strong></span> <span class='ocrx_word' id='word_1_415' title='bbox 2782 2289 2847 2343; x_wconf 85' lang='lat' dir='ltr'><strong>ad</strong></span> <span class='ocrx_word' id='word_1_416' title='bbox 2889 2276 3202 2344; x_wconf 73' lang='lat' dir='ltr'><strong>Australem</strong></span> <span class='ocrx_word' id='word_1_417' title='bbox 3251 2300 3460 2358; x_wconf 87' lang='lat' dir='ltr'><strong>portam</strong></span> <span class='ocrx_word' id='word_1_418' title='bbox 3513 2300 3567 2343; x_wconf 89' lang='lat' dir='ltr'><strong>et</strong></span> <span class='ocrx_word' id='word_1_419' title='bbox 3617 2286 3820 2342; x_wconf 83' lang='lat' dir='ltr'><strong>atrium</strong></span> 
     </span>
    </p>
   </div>
   <div class='ocr_carea' id='block_1_53' title="bbox 2217 2377 3819 2453">
    <p class='ocr_par' dir='ltr' id='par_1_53' title="bbox 2217 2377 3819 2453">
     <span class='ocr_line' id='line_1_53' title="bbox 2217 2377 3819 2453; baseline 0.002 -22"><span class='ocrx_word' id='word_1_420' title='bbox 2217 2377 2463 2447; x_wconf 83' lang='lat' dir='ltr'><strong>ejusdem</strong></span> <span class='ocrx_word' id='word_1_421' title='bbox 2500 2380 2692 2449; x_wconf 68' lang='lat' dir='ltr'><strong>plagm,</strong></span> <span class='ocrx_word' id='word_1_422' title='bbox 2723 2381 2785 2435; x_wconf 80' lang='lat' dir='ltr'><strong>ad</strong></span> <span class='ocrx_word' id='word_1_423' title='bbox 2815 2382 2957 2452; x_wconf 90' lang='lat' dir='ltr'><strong>quod</strong></span> <span class='ocrx_word' id='word_1_424' title='bbox 2992 2398 3098 2436; x_wconf 93' lang='lat' dir='ltr'><strong>non</strong></span> <span class='ocrx_word' id='word_1_425' title='bbox 3134 2382 3307 2437; x_wconf 89' lang='lat' dir='ltr'><strong>sohnn</strong></span> <span class='ocrx_word' id='word_1_426' title='bbox 3338 2391 3553 2453; x_wconf 89' lang='lat' dir='ltr'><strong>septem</strong></span> <span class='ocrx_word' id='word_1_427' title='bbox 3582 2423 3595 2443; x_wconf 89' lang='lat'><strong>,</strong></span> <span class='ocrx_word' id='word_1_428' title='bbox 3634 2392 3690 2434; x_wconf 79' lang='lat' dir='ltr'><strong>ut</strong></span> <span class='ocrx_word' id='word_1_429' title='bbox 3728 2398 3819 2436; x_wconf 81' lang='lat' dir='ltr'><strong>su-</strong></span> 
     </span>
    </p>
   </div>
   <div class='ocr_carea' id='block_1_54' title="bbox 2218 2462 3821 2543">
    <p class='ocr_par' dir='ltr' id='par_1_54' title="bbox 2218 2462 3821 2543">
     <span class='ocr_line' id='line_1_54' title="bbox 2218 2462 3821 2543; baseline 0.002 -20"><span class='ocrx_word' id='word_1_430' title='bbox 2218 2476 2332 2539; x_wconf 87' lang='lat' dir='ltr'><strong>pra,</strong></span> <span class='ocrx_word' id='word_1_431' title='bbox 2365 2471 2458 2526; x_wconf 88' lang='lat' dir='ltr'><strong>sed</strong></span> <span class='ocrx_word' id='word_1_432' title='bbox 2492 2468 2612 2525; x_wconf 88' lang='lat' dir='ltr'><strong>octo</strong></span> <span class='ocrx_word' id='word_1_433' title='bbox 2636 2472 2893 2542; x_wconf 84' lang='lat' dir='ltr'><strong>gradih:ts</strong></span> <span class='ocrx_word' id='word_1_434' title='bbox 2926 2473 3241 2527; x_wconf 71' lang='lat' dir='ltr'><strong>ascendit::r</strong></span> <span class='ocrx_word' id='word_1_435' title='bbox 3276 2492 3287 2527; x_wconf 87' lang='lat'><strong>:</strong></span> <span class='ocrx_word' id='word_1_436' title='bbox 3324 2462 3582 2527; x_wconf 75' lang='lat' dir='ltr'><strong>videlicet</strong></span> <span class='ocrx_word' id='word_1_437' title='bbox 3621 2482 3677 2527; x_wconf 91' lang='lat' dir='ltr'><strong>ut</strong></span> <span class='ocrx_word' id='word_1_438' title='bbox 3722 2488 3821 2543; x_wconf 87' lang='lat' dir='ltr'><strong>per</strong></span> 
     </span>
    </p>
   </div>
   <div class='ocr_carea' id='block_1_55' title="bbox 2222 2552 3823 2649">
    <p class='ocr_par' dir='ltr' id='par_1_55' title="bbox 2222 2552 3823 2649">
     <span class='ocr_line' id='line_1_55' title="bbox 2222 2552 3823 2649; baseline 0.003 -31"><span class='ocrx_word' id='word_1_439' title='bbox 2222 2577 2408 2620; x_wconf 82' lang='lat' dir='ltr'><strong>vetera</strong></span> <span class='ocrx_word' id='word_1_440' title='bbox 2444 2560 2786 2622; x_wconf 82' lang='lat' dir='ltr'><strong>transeamus</strong></span> <span class='ocrx_word' id='word_1_441' title='bbox 2823 2568 2889 2623; x_wconf 91' lang='lat' dir='ltr'><strong>ad</strong></span> <span class='ocrx_word' id='word_1_442' title='bbox 2934 2584 3111 2635; x_wconf 84' lang='lat' dir='ltr'><strong>nova;</strong></span> <span class='ocrx_word' id='word_1_443' title='bbox 3159 2579 3212 2623; x_wconf 90' lang='lat' dir='ltr'><strong>ct</strong></span> <span class='ocrx_word' id='word_1_444' title='bbox 3257 2581 3312 2624; x_wconf 89' lang='lat' dir='ltr'><strong>ut</strong></span> <span class='ocrx_word' id='word_1_445' title='bbox 3350 2564 3542 2640; x_wconf 79' lang='lat' dir='ltr'><strong>loquar</strong></span> <span class='ocrx_word' id='word_1_446' title='bbox 3586 2552 3823 2649; x_wconf 75' lang='lat' dir='ltr'><strong>manter</strong></span> 
     </span>
    </p>
   </div>
   <div class='ocr_carea' id='block_1_56' title="bbox 2218 2654 3821 2733">
    <p class='ocr_par' dir='ltr' id='par_1_56' title="bbox 2218 2654 3821 2733">
     <span class='ocr_line' id='line_1_56' title="bbox 2218 2654 3821 2733; baseline 0.001 -19"><span class='ocrx_word' id='word_1_447' title='bbox 2218 2660 2377 2724; x_wconf 85' lang='lat' dir='ltr'><strong>stins,</strong></span> <span class='ocrx_word' id='word_1_448' title='bbox 2412 2660 2508 2729; x_wconf 76' lang='lat' dir='ltr'><strong>pet‘</strong></span> <span class='ocrx_word' id='word_1_449' title='bbox 2544 2654 2880 2730; x_wconf 82' lang='lat' dir='ltr'><strong>patriarchas</strong></span> <span class='ocrx_word' id='word_1_450' title='bbox 2937 2672 2989 2717; x_wconf 90' lang='lat' dir='ltr'><strong>et</strong></span> <span class='ocrx_word' id='word_1_451' title='bbox 3050 2663 3365 2733; x_wconf 87' lang='lat' dir='ltr'><strong>prophetas,</strong></span> <span class='ocrx_word' id='word_1_452' title='bbox 3423 2660 3701 2716; x_wconf 82' lang='lat' dir='ltr'><strong>veniamus</strong></span> <span class='ocrx_word' id='word_1_453' title='bbox 3751 2658 3821 2715; x_wconf 85' lang='lat' dir='ltr'><strong>ad</strong></span> 
     </span>
    </p>
   </div>
   <div class='ocr_carea' id='block_1_57' title="bbox 2217 2738 3821 2825">
    <p class='ocr_par' dir='ltr' id='par_1_57' title="bbox 2217 2738 3821 2825">
     <span class='ocr_line' id='line_1_57' title="bbox 2217 2738 3821 2825; baseline 0.003 -22"><span class='ocrx_word' id='word_1_454' title='bbox 2217 2751 2498 2822; x_wconf 81' lang='lat' dir='ltr'><strong>apostolos</strong></span> <span class='ocrx_word' id='word_1_455' title='bbox 2529 2772 2539 2805; x_wconf 91' lang='lat'>:</span> <span class='ocrx_word' id='word_1_456' title='bbox 2572 2762 2629 2807; x_wconf 88' lang='lat' dir='ltr'><strong>ut</strong></span> <span class='ocrx_word' id='word_1_457' title='bbox 2661 2756 2709 2807; x_wconf 90' lang='lat' dir='ltr'><strong>in</strong></span> <span class='ocrx_word' id='word_1_458' title='bbox 2746 2757 2921 2809; x_wconf 88' lang='lat' dir='ltr'><strong>altero</strong></span> <span class='ocrx_word' id='word_1_459' title='bbox 2952 2738 3275 2822; x_wconf 84' lang='lat' dir='ltr'><strong>hebdomas,</strong></span> <span class='ocrx_word' id='word_1_460' title='bbox 3312 2754 3365 2809; x_wconf 86' lang='lat' dir='ltr'><strong>in</strong></span> <span class='ocrx_word' id='word_1_461' title='bbox 3397 2756 3571 2810; x_wconf 85' lang='lat' dir='ltr'><strong>altero</strong></span> <span class='ocrx_word' id='word_1_462' title='bbox 3614 2755 3821 2825; x_wconf 81' lang='lat' dir='ltr'><strong>ogdoas</strong></span> 
     </span>
    </p>
   </div>
   <div class='ocr_carea' id='block_1_58' title="bbox 2217 2832 3821 2918">
    <p class='ocr_par' dir='ltr' id='par_1_58' title="bbox 2217 2832 3821 2918">
     <span class='ocr_line' id='line_1_58' title="bbox 2217 2832 3821 2918; baseline 0.001 -15"><span class='ocrx_word' id='word_1_463' title='bbox 2217 2853 2307 2903; x_wconf 91' lang='lat' dir='ltr'><strong>sit.</strong></span> <span class='ocrx_word' id='word_1_464' title='bbox 2350 2834 2505 2904; x_wconf 70' lang='lat' dir='ltr'><strong>Nunc</strong></span> <span class='ocrx_word' id='word_1_465' title='bbox 2552 2844 2731 2907; x_wconf 86' lang='lat' dir='ltr'><strong>autem</strong></span> <span class='ocrx_word' id='word_1_466' title='bbox 2776 2852 2925 2907; x_wconf 87' lang='lat' dir='ltr'><strong>venit</strong></span> <span class='ocrx_word' id='word_1_467' title='bbox 2951 2832 3019 2906; x_wconf 83' lang='lat' dir='ltr'><strong>ad</strong></span> <span class='ocrx_word' id='word_1_468' title='bbox 3060 2853 3335 2918; x_wconf 87' lang='lat' dir='ltr'><strong>ultimttm,</strong></span> <span class='ocrx_word' id='word_1_469' title='bbox 3373 2851 3541 2907; x_wconf 90' lang='lat' dir='ltr'><strong>immo</strong></span> <span class='ocrx_word' id='word_1_470' title='bbox 3570 2849 3636 2906; x_wconf 87' lang='lat' dir='ltr'><strong>ad</strong></span> <span class='ocrx_word' id='word_1_471' title='bbox 3669 2867 3821 2905; x_wconf 83' lang='lat' dir='ltr'><strong>sum-</strong></span> 
     </span>
    </p>
   </div>
   <div class='ocr_carea' id='block_1_59' title="bbox 2220 2940 3821 3014">
    <p class='ocr_par' dir='ltr' id='par_1_59' title="bbox 2220 2940 3821 3014">
     <span class='ocr_line' id='line_1_59' title="bbox 2220 2940 3821 3014; baseline 0.001 -20"><span class='ocrx_word' id='word_1_472' title='bbox 2220 2942 2387 3008; x_wconf 90' lang='lat' dir='ltr'><strong>mum,</strong></span> <span class='ocrx_word' id='word_1_473' title='bbox 2414 2951 2467 2997; x_wconf 89' lang='lat' dir='ltr'><strong>et</strong></span> <span class='ocrx_word' id='word_1_474' title='bbox 2508 2940 2803 2999; x_wconf 82' lang='lat' dir='ltr'><strong>introducit</strong></span> <span class='ocrx_word' id='word_1_475' title='bbox 2839 2944 3157 3014; x_wconf 85' lang='lat' dir='ltr'><strong>prophetam</strong></span> <span class='ocrx_word' id='word_1_476' title='bbox 3193 2961 3289 3014; x_wconf 91' lang='lat' dir='ltr'><strong>per</strong></span> <span class='ocrx_word' id='word_1_477' title='bbox 3339 2945 3485 2998; x_wconf 86' lang='lat' dir='ltr'><strong>viam</strong></span> <span class='ocrx_word' id='word_1_478' title='bbox 3532 2955 3701 3013; x_wconf 75' lang='lat' dir='ltr'><strong>porta:</strong></span> <span class='ocrx_word' id='word_1_479' title='bbox 3736 2943 3821 2996; x_wconf 86' lang='lat' dir='ltr'><strong>in-</strong></span> 
     </span>
    </p>
   </div>
   <div class='ocr_carea' id='block_1_60' title="bbox 2220 3030 3818 3109">
    <p class='ocr_par' dir='ltr' id='par_1_60' title="bbox 2220 3030 3818 3109">
     <span class='ocr_line' id='line_1_60' title="bbox 2220 3030 3818 3109; baseline 0.002 -21"><span class='ocrx_word' id='word_1_480' title='bbox 2220 3037 2459 3101; x_wconf 77' lang='lat' dir='ltr'><strong>tcrioris,</strong></span> <span class='ocrx_word' id='word_1_481' title='bbox 2508 3038 2621 3091; x_wconf 89' lang='lat' dir='ltr'><strong>sive</strong></span> <span class='ocrx_word' id='word_1_482' title='bbox 2666 3054 2761 3107; x_wconf 86' lang='lat' dir='ltr'><strong>per</strong></span> <span class='ocrx_word' id='word_1_483' title='bbox 2812 3041 3031 3101; x_wconf 85' lang='lat' dir='ltr'><strong>atrium,</strong></span> <span class='ocrx_word' id='word_1_484' title='bbox 3094 3030 3161 3093; x_wconf 89' lang='lat' dir='ltr'><strong>ad</strong></span> <span class='ocrx_word' id='word_1_485' title='bbox 3211 3039 3355 3108; x_wconf 89' lang='lat' dir='ltr'><strong>quod</strong></span> <span class='ocrx_word' id='word_1_486' title='bbox 3400 3039 3508 3093; x_wconf 90' lang='lat' dir='ltr'><strong>itur</strong></span> <span class='ocrx_word' id='word_1_487' title='bbox 3547 3054 3642 3109; x_wconf 90' lang='lat' dir='ltr'><strong>per</strong></span> <span class='ocrx_word' id='word_1_488' title='bbox 3672 3040 3818 3092; x_wconf 86' lang='lat' dir='ltr'><strong>viam</strong></span> 
     </span>
    </p>
   </div>
   <div class='ocr_carea' id='block_1_61' title="bbox 2184 3118 3821 3209">
    <p class='ocr_par' dir='ltr' id='par_1_61' title="bbox 2184 3118 3821 3209">
     <span class='ocr_line' id='line_1_61' title="bbox 2184 3118 3821 3209; baseline 0.002 -28"><span class='ocrx_word' id='word_1_489' title='bbox 2184 3127 2571 3209; x_wconf 35' lang='lat' dir='ltr'><strong>‘Orientalem.</strong></span> <span class='ocrx_word' id='word_1_490' title='bbox 2618 3118 2708 3185; x_wconf 75' lang='lat' dir='ltr'><strong>Via</strong></span> <span class='ocrx_word' id='word_1_491' title='bbox 2745 3129 2897 3201; x_wconf 77' lang='lat' dir='ltr'><strong>juxta</strong></span> <span class='ocrx_word' id='word_1_492' title='bbox 2930 3131 3283 3201; x_wconf 81' lang='lat' dir='ltr'><strong>Septuaginta</strong></span> <span class='ocrx_word' id='word_1_493' title='bbox 3336 3133 3389 3186; x_wconf 90' lang='lat' dir='ltr'><strong>iu</strong></span> <span class='ocrx_word' id='word_1_494' title='bbox 3441 3131 3549 3186; x_wconf 84' lang='lat' dir='ltr'><strong>hoc</strong></span> <span class='ocrx_word' id='word_1_495' title='bbox 3607 3142 3821 3187; x_wconf 88' lang='lat' dir='ltr'><strong>tantum</strong></span> 
     </span>
    </p>
   </div>
   <div class='ocr_carea' id='block_1_62' title="bbox 513 3210 2116 3305">
    <p class='ocr_par' dir='ltr' id='par_1_62' title="bbox 513 3224 2111 3299">
     <span class='ocr_line' id='line_1_62' title="bbox 513 3224 2111 3299; baseline 0.004 -22"><span class='ocrx_word' id='word_1_496' title='bbox 513 3224 673 3288; x_wconf 80' lang='lat' dir='ltr'><strong>suos,</strong></span> <span class='ocrx_word' id='word_1_497' title='bbox 701 3228 754 3279; x_wconf 87' lang='lat' dir='ltr'><strong>et</strong></span> <span class='ocrx_word' id='word_1_498' title='bbox 784 3226 839 3279; x_wconf 80' lang='lat' dir='ltr'><strong>in‘</strong></span> <span class='ocrx_word' id='word_1_499' title='bbox 863 3227 1069 3282; x_wconf 85' lang='lat' dir='ltr'><strong>eisdem</strong></span> <span class='ocrx_word' id='word_1_500' title='bbox 1105 3229 1373 3283; x_wconf 88' lang='lat' dir='ltr'><strong>mensuris</strong></span> <span class='ocrx_word' id='word_1_501' title='bbox 1401 3226 1613 3284; x_wconf 87' lang='lat' dir='ltr'><strong>diversa</strong></span> <span class='ocrx_word' id='word_1_502' title='bbox 1640 3232 1810 3299; x_wconf 86' lang='lat' dir='ltr'><strong>gratia</strong></span> <span class='ocrx_word' id='word_1_503' title='bbox 1847 3239 1951 3294; x_wconf 58' lang='lat' dir='ltr'><strong>est,</strong></span> <span class='ocrx_word' id='word_1_504' title='bbox 1984 3229 2111 3283; x_wconf 90' lang='lat' dir='ltr'><strong>dum</strong></span> 
     </span>
    </p>
   </div>
   <div class='ocr_carea' id='block_1_63' title="bbox 2218 3210 3826 3305">
    <p class='ocr_par' dir='ltr' id='par_1_63' title="bbox 2225 3212 3826 3305">
     <span class='ocr_line' id='line_1_63' title="bbox 2225 3212 3826 3305; baseline 0.003 -30"><span class='ocrx_word' id='word_1_505' title='bbox 2225 3222 2454 3277; x_wconf 85' lang='lat' dir='ltr'><strong>habetur</strong></span> <span class='ocrx_word' id='word_1_506' title='bbox 2500 3225 2653 3291; x_wconf 84' lang='lat' dir='ltr'><strong>loco;</strong></span> <span class='ocrx_word' id='word_1_507' title='bbox 2687 3225 2740 3278; x_wconf 91' lang='lat' dir='ltr'><strong>iu</strong></span> <span class='ocrx_word' id='word_1_508' title='bbox 2789 3226 3242 3305; x_wconf 81' lang='lat' dir='ltr'><strong>Septentrionali,</strong></span> <span class='ocrx_word' id='word_1_509' title='bbox 3294 3212 3632 3293; x_wconf 62' lang='lat' dir='ltr'><strong>eLAttslt&#39;uli</strong></span> <span class='ocrx_word' id='word_1_510' title='bbox 3669 3225 3826 3295; x_wconf 82' lang='lat' dir='ltr'><strong>plaga</strong></span> 
     </span>
    </p>
   </div>
   <div class='ocr_carea' id='block_1_64' title="bbox 512 3317 2112 3392">
    <p class='ocr_par' dir='ltr' id='par_1_64' title="bbox 512 3317 2112 3392">
     <span class='ocr_line' id='line_1_64' title="bbox 512 3317 2112 3392; baseline 0.004 -21"><span class='ocrx_word' id='word_1_511' title='bbox 512 3317 731 3373; x_wconf 78' lang='lat' dir='ltr'><strong>easdem</strong></span> <span class='ocrx_word' id='word_1_512' title='bbox 770 3324 858 3375; x_wconf 83' lang='lat' dir='ltr'><strong>res</strong></span> <span class='ocrx_word' id='word_1_513' title='bbox 890 3319 1051 3374; x_wconf 80' lang='lat' dir='ltr'><strong>aliter</strong></span> <span class='ocrx_word' id='word_1_514' title='bbox 1092 3318 1145 3374; x_wconf 84' lang='lat' dir='ltr'><strong>in</strong></span> <span class='ocrx_word' id='word_1_515' title='bbox 1192 3321 1496 3391; x_wconf 86' lang='lat' dir='ltr'><strong>principio,</strong></span> <span class='ocrx_word' id='word_1_516' title='bbox 1528 3323 1687 3376; x_wconf 83' lang='lat' dir='ltr'><strong>aliter</strong></span> <span class='ocrx_word' id='word_1_517' title='bbox 1721 3323 1773 3377; x_wconf 91' lang='lat' dir='ltr'><strong>in</strong></span> <span class='ocrx_word' id='word_1_518' title='bbox 1829 3319 2069 3392; x_wconf 71' lang='lat' dir='ltr'><strong>profecm</strong></span> <span class='ocrx_word' id='word_1_519' title='bbox 2098 3369 2112 3389; x_wconf 95' lang='lat'><strong>,</strong></span> 
     </span>
    </p>
   </div>
   <div class='ocr_carea' id='block_1_65' title="bbox 513 3410 2118 3486">
    <p class='ocr_par' dir='ltr' id='par_1_65' title="bbox 513 3410 2118 3486">
     <span class='ocr_line' id='line_1_65' title="bbox 513 3410 2118 3486; baseline 0 -22"><span class='ocrx_word' id='word_1_520' title='bbox 513 3410 673 3466; x_wconf 74' lang='lat' dir='ltr'><strong>aliter</strong></span> <span class='ocrx_word' id='word_1_521' title='bbox 699 3413 750 3465; x_wconf 91' lang='lat' dir='ltr'><strong>in</strong></span> <span class='ocrx_word' id='word_1_522' title='bbox 783 3410 887 3468; x_wconf 84' lang='lat' dir='ltr'><strong>fine</strong></span> <span class='ocrx_word' id='word_1_523' title='bbox 912 3414 1316 3483; x_wconf 71' lang='lat' dir='ltr'><strong>cognoscimus.</strong></span> <span class='ocrx_word' id='word_1_524' title='bbox 1348 3414 1459 3469; x_wconf 85' lang='lat' dir='ltr'><strong>lloc</strong></span> <span class='ocrx_word' id='word_1_525' title='bbox 1490 3432 1617 3470; x_wconf 79' lang='lat' dir='ltr'><strong>vero</strong></span> <span class='ocrx_word' id='word_1_526' title='bbox 1646 3416 1786 3486; x_wconf 86' lang='lat' dir='ltr'><strong>quod</strong></span> <span class='ocrx_word' id='word_1_527' title='bbox 1814 3417 1861 3468; x_wconf 91' lang='lat' dir='ltr'><strong>in</strong></span> <span class='ocrx_word' id='word_1_528' title='bbox 1887 3414 2118 3485; x_wconf 79' lang='lat' dir='ltr'><strong>Septua-</strong></span> 
     </span>
    </p>
   </div>
   <div class='ocr_carea' id='block_1_66' title="bbox 509 3504 2121 3586">
    <p class='ocr_par' dir='ltr' id='par_1_66' title="bbox 509 3504 2121 3586">
     <span class='ocr_line' id='line_1_66' title="bbox 509 3504 2121 3586; baseline 0.003 -27"><span class='ocrx_word' id='word_1_529' title='bbox 509 3504 658 3575; x_wconf 80' lang='lat' dir='ltr'><strong>ginta</strong></span> <span class='ocrx_word' id='word_1_530' title='bbox 703 3520 805 3559; x_wconf 90' lang='lat' dir='ltr'><strong>non</strong></span> <span class='ocrx_word' id='word_1_531' title='bbox 831 3507 1091 3569; x_wconf 81' lang='lat' dir='ltr'><strong>habetur,</strong></span> <span class='ocrx_word' id='word_1_532' title='bbox 1128 3518 1177 3562; x_wconf 91' lang='lat' dir='ltr'><strong>et</strong></span> <span class='ocrx_word' id='word_1_533' title='bbox 1208 3510 1538 3575; x_wconf 78' lang='lat' dir='ltr'><strong>vestibulum,</strong></span> <span class='ocrx_word' id='word_1_534' title='bbox 1572 3509 1685 3564; x_wconf 85' lang='lat' dir='ltr'><strong>sive</strong></span> <span class='ocrx_word' id='word_1_535' title='bbox 1710 3509 1995 3586; x_wconf 69' lang='grc' dir='ltr'><strong>πρόπυλον,</strong></span> <span class='ocrx_word' id='word_1_536' title='bbox 2030 3512 2121 3579; x_wconf 72' lang='lat' dir='ltr'><strong>per</strong></span> 
     </span>
    </p>
   </div>
   <div class='ocr_carea' id='block_1_67' title="bbox 514 3586 2119 3671">
    <p class='ocr_par' dir='ltr' id='par_1_67' title="bbox 514 3586 2119 3671">
     <span class='ocr_line' id='line_1_67' title="bbox 514 3586 2119 3671; baseline 0.004 -22"><span class='ocrx_word' id='word_1_537' title='bbox 514 3608 700 3667; x_wconf 70' lang='lat' dir='ltr'><strong>gyrum</strong></span> <span class='ocrx_word' id='word_1_538' title='bbox 727 3586 1049 3670; x_wconf 56' lang='lat' dir='ltr'><strong>longitudine</strong></span> <span class='ocrx_word' id='word_1_539' title='bbox 1076 3601 1255 3670; x_wconf 77' lang='lat' dir='ltr'><strong>viginti</strong></span> <span class='ocrx_word' id='word_1_540' title='bbox 1281 3603 1504 3671; x_wconf 71' lang='lat' dir='ltr'><strong>quinque</strong></span> <span class='ocrx_word' id='word_1_541' title='bbox 1532 3600 1843 3667; x_wconf 69' lang='lat' dir='ltr'><strong>cubituram,</strong></span> <span class='ocrx_word' id='word_1_542' title='bbox 1873 3617 1920 3657; x_wconf 84' lang='lat' dir='ltr'><strong>ct</strong></span> <span class='ocrx_word' id='word_1_543' title='bbox 1938 3602 2119 3655; x_wconf 85' lang='lat' dir='ltr'><strong>latitu-</strong></span> 
     </span>
    </p>
   </div>
   <div class='ocr_carea' id='block_1_68' title="bbox 513 3690 2113 3764">
    <p class='ocr_par' dir='ltr' id='par_1_68' title="bbox 513 3690 2113 3764">
     <span class='ocr_line' id='line_1_68' title="bbox 513 3690 2113 3764; baseline 0.004 -23"><span class='ocrx_word' id='word_1_544' title='bbox 513 3690 637 3743; x_wconf 74' lang='lat' dir='ltr'><strong>dine</strong></span> <span class='ocrx_word' id='word_1_545' title='bbox 665 3691 891 3759; x_wconf 81' lang='lat' dir='ltr'><strong>quinque</strong></span> <span class='ocrx_word' id='word_1_546' title='bbox 920 3692 1233 3761; x_wconf 81' lang='lat' dir='ltr'><strong>cubitorum,</strong></span> <span class='ocrx_word' id='word_1_547' title='bbox 1268 3693 1486 3748; x_wconf 87' lang='lat' dir='ltr'><strong>videtur</strong></span> <span class='ocrx_word' id='word_1_548' title='bbox 1519 3693 1696 3749; x_wconf 87' lang='lat' dir='ltr'><strong>facere</strong></span> <span class='ocrx_word' id='word_1_549' title='bbox 1728 3696 2113 3764; x_wconf 66' lang='lat' dir='ltr'><strong>quzestinnem,</strong></span> 
     </span>
    </p>
   </div>
   <div class='ocr_carea' id='block_1_69' title="bbox 511 3778 2113 3859">
    <p class='ocr_par' dir='ltr' id='par_1_69' title="bbox 511 3778 2113 3859">
     <span class='ocr_line' id='line_1_69' title="bbox 511 3778 2113 3859; baseline 0.006 -27"><span class='ocrx_word' id='word_1_550' title='bbox 511 3786 737 3853; x_wconf 67' lang='lat' dir='ltr'><strong>propter</strong></span> <span class='ocrx_word' id='word_1_551' title='bbox 761 3778 909 3852; x_wconf 82' lang='lat' dir='ltr'><strong>quod</strong></span> <span class='ocrx_word' id='word_1_552' title='bbox 940 3785 989 3837; x_wconf 92' lang='lat' dir='ltr'><strong>in</strong></span> <span class='ocrx_word' id='word_1_553' title='bbox 1020 3790 1201 3840; x_wconf 85' lang='lat' dir='ltr'><strong>veteri</strong></span> <span class='ocrx_word' id='word_1_554' title='bbox 1241 3786 1696 3856; x_wconf 87' lang='lat' dir='ltr'><strong>interpretatione</strong></span> <span class='ocrx_word' id='word_1_555' title='bbox 1730 3794 1834 3842; x_wconf 83' lang='lat' dir='ltr'><strong>non</strong></span> <span class='ocrx_word' id='word_1_556' title='bbox 1877 3789 2113 3859; x_wconf 86' lang='lat' dir='ltr'><strong>positum</strong></span> 
     </span>
    </p>
   </div>
   <div class='ocr_carea' id='block_1_70' title="bbox 513 3874 2120 3949">
    <p class='ocr_par' dir='ltr' id='par_1_70' title="bbox 513 3874 2120 3949">
     <span class='ocr_line' id='line_1_70' title="bbox 513 3874 2120 3949; baseline 0.004 -21"><span class='ocrx_word' id='word_1_557' title='bbox 513 3884 634 3938; x_wconf 85' lang='lat' dir='ltr'><strong>est,</strong></span> <span class='ocrx_word' id='word_1_558' title='bbox 676 3874 953 3943; x_wconf 84' lang='lat' dir='ltr'><strong>quomodo</strong></span> <span class='ocrx_word' id='word_1_559' title='bbox 986 3886 1106 3945; x_wconf 88' lang='lat' dir='ltr'><strong>post</strong></span> <span class='ocrx_word' id='word_1_560' title='bbox 1161 3875 1459 3946; x_wconf 77' lang='lat' dir='ltr'><strong>profectum</strong></span> <span class='ocrx_word' id='word_1_561' title='bbox 1496 3880 1641 3933; x_wconf 89' lang='lat' dir='ltr'><strong>tertii</strong></span> <span class='ocrx_word' id='word_1_562' title='bbox 1687 3880 1887 3949; x_wconf 84' lang='lat' dir='ltr'><strong>gradus</strong></span> <span class='ocrx_word' id='word_1_563' title='bbox 1930 3878 2120 3949; x_wconf 84' lang='lat' dir='ltr'><strong>viginti</strong></span> 
     </span>
    </p>
   </div>
   <div class='ocr_carea' id='block_1_71' title="bbox 510 3968 2115 4041">
    <p class='ocr_par' dir='ltr' id='par_1_71' title="bbox 510 3968 2115 4041">
     <span class='ocr_line' id='line_1_71' title="bbox 510 3968 2115 4041; baseline 0.006 -22"><span class='ocrx_word' id='word_1_564' title='bbox 510 3968 751 4037; x_wconf 71' lang='lat' dir='ltr'><strong>quinque</strong></span> <span class='ocrx_word' id='word_1_565' title='bbox 790 3969 982 4036; x_wconf 81' lang='lat' dir='ltr'><strong>cubiti,</strong></span> <span class='ocrx_word' id='word_1_566' title='bbox 1017 3978 1073 4026; x_wconf 87' lang='lat' dir='ltr'><strong>et</strong></span> <span class='ocrx_word' id='word_1_567' title='bbox 1101 3971 1341 4041; x_wconf 87' lang='lat' dir='ltr'><strong>quinque</strong></span> <span class='ocrx_word' id='word_1_568' title='bbox 1370 3972 1660 4041; x_wconf 81' lang='lat' dir='ltr'><strong>ponantur.</strong></span> <span class='ocrx_word' id='word_1_569' title='bbox 1700 3973 1805 4029; x_wconf 66' lang='lat' dir='ltr'><strong>Sed</strong></span> <span class='ocrx_word' id='word_1_570' title='bbox 1838 3974 1976 4028; x_wconf 90' lang='lat' dir='ltr'><strong>tollit</strong></span> <span class='ocrx_word' id='word_1_571' title='bbox 1999 3991 2115 4029; x_wconf 91' lang='lat' dir='ltr'><strong>am-</strong></span> 
     </span>
    </p>
   </div>
   <div class='ocr_carea' id='block_1_72' title="bbox 513 4060 2117 4139">
    <p class='ocr_par' dir='ltr' id='par_1_72' title="bbox 513 4060 2117 4139">
     <span class='ocr_line' id='line_1_72' title="bbox 513 4060 2117 4139; baseline 0.005 -25"><span class='ocrx_word' id='word_1_572' title='bbox 513 4060 830 4133; x_wconf 75' lang='lat' dir='ltr'><strong>biguitatem</strong></span> <span class='ocrx_word' id='word_1_573' title='bbox 858 4062 993 4118; x_wconf 77' lang='lat' dir='ltr'><strong>illud</strong></span> <span class='ocrx_word' id='word_1_574' title='bbox 1020 4063 1161 4134; x_wconf 84' lang='lat' dir='ltr'><strong>quod</strong></span> <span class='ocrx_word' id='word_1_575' title='bbox 1184 4064 1469 4134; x_wconf 76' lang='lat' dir='ltr'><strong>sequitur:</strong></span> <span class='ocrx_word' id='word_1_576' title='bbox 1497 4064 1565 4117; x_wconf 82' lang='lat' dir='ltr'><strong>Et</strong></span> <span class='ocrx_word' id='word_1_577' title='bbox 1590 4066 1887 4121; x_wconf 75' lang='lat' dir='ltr'><strong>vestibulum</strong></span> <span class='ocrx_word' id='word_1_578' title='bbox 1918 4070 2028 4139; x_wconf 65' lang='lat' dir='ltr'><strong>ejus</strong></span> <span class='ocrx_word' id='word_1_579' title='bbox 2050 4068 2117 4122; x_wconf 79' lang='lat' dir='ltr'><strong>ad</strong></span> 
     </span>
    </p>
   </div>
   <div class='ocr_carea' id='block_1_73' title="bbox 518 4154 2121 4231">
    <p class='ocr_par' dir='ltr' id='par_1_73' title="bbox 518 4154 2121 4231">
     <span class='ocr_line' id='line_1_73' title="bbox 518 4154 2121 4231; baseline 0.005 -20"><span class='ocrx_word' id='word_1_580' title='bbox 518 4158 705 4212; x_wconf 77' lang='lat' dir='ltr'><strong>atrium</strong></span> <span class='ocrx_word' id='word_1_581' title='bbox 736 4158 999 4213; x_wconf 72' lang='lat' dir='ltr'><strong>exterius:</strong></span> <span class='ocrx_word' id='word_1_582' title='bbox 1031 4166 1077 4212; x_wconf 71' lang='lat' dir='ltr'><strong>ct</strong></span> <span class='ocrx_word' id='word_1_583' title='bbox 1121 4157 1321 4229; x_wconf 80' lang='lat' dir='ltr'><strong>palntas</strong></span> <span class='ocrx_word' id='word_1_584' title='bbox 1361 4161 1472 4231; x_wconf 73' lang='lat' dir='ltr'><strong>rju&#39;s</strong></span> <span class='ocrx_word' id='word_1_585' title='bbox 1508 4161 1557 4213; x_wconf 85' lang='lat' dir='ltr'><strong>in</strong></span> <span class='ocrx_word' id='word_1_586' title='bbox 1586 4160 1793 4231; x_wconf 68' lang='lat' dir='ltr'><strong>fronte;</strong></span> <span class='ocrx_word' id='word_1_587' title='bbox 1822 4162 1878 4215; x_wconf 91' lang='lat' dir='ltr'><strong>ut</strong></span> <span class='ocrx_word' id='word_1_588' title='bbox 1908 4154 2121 4218; x_wconf 67' lang='lat' dir='ltr'><strong>scilicet</strong></span> 
     </span>
    </p>
   </div>
   <div class='ocr_carea' id='block_1_74' title="bbox 520 4252 2121 4327">
    <p class='ocr_par' dir='ltr' id='par_1_74' title="bbox 520 4252 2121 4327">
     <span class='ocr_line' id='line_1_74' title="bbox 520 4252 2121 4327; baseline 0.004 -20"><span class='ocrx_word' id='word_1_589' title='bbox 520 4252 622 4308; x_wconf 80' lang='lat' dir='ltr'><strong>hoc</strong></span> <span class='ocrx_word' id='word_1_590' title='bbox 650 4252 1009 4323; x_wconf 51' lang='lat' dir='ltr'><strong>altriu‘rn‘qu‘od</strong></span> <span class='ocrx_word' id='word_1_591' title='bbox 1043 4252 1275 4308; x_wconf 75' lang='lat' dir='ltr'><strong>habebat</strong></span> <span class='ocrx_word' id='word_1_592' title='bbox 1304 4254 1357 4307; x_wconf 80' lang='lat' dir='ltr'><strong>in‘</strong></span> <span class='ocrx_word' id='word_1_593' title='bbox 1388 4254 1731 4325; x_wconf 87' lang='lat' dir='ltr'><strong>longitudine</strong></span> <span class='ocrx_word' id='word_1_594' title='bbox 1756 4256 1939 4327; x_wconf 82' lang='lat' dir='ltr'><strong>viginti</strong></span> <span class='ocrx_word' id='word_1_595' title='bbox 1963 4257 2121 4327; x_wconf 92' lang='lat' dir='ltr'><strong>quin-</strong></span> 
     </span>
    </p>
   </div>
   <div class='ocr_carea' id='block_1_75' title="bbox 513 4344 2120 4416">
    <p class='ocr_par' dir='ltr' id='par_1_75' title="bbox 513 4344 2120 4416">
     <span class='ocr_line' id='line_1_75' title="bbox 513 4344 2120 4416; baseline 0.002 -16"><span class='ocrx_word' id='word_1_596' title='bbox 513 4354 622 4416; x_wconf 81' lang='lat' dir='ltr'><strong>que</strong></span> <span class='ocrx_word' id='word_1_597' title='bbox 652 4345 887 4415; x_wconf 78' lang='lat' dir='ltr'><strong>cn‘hitos,</strong></span> <span class='ocrx_word' id='word_1_598' title='bbox 925 4355 979 4399; x_wconf 86' lang='lat' dir='ltr'><strong>et</strong></span> <span class='ocrx_word' id='word_1_599' title='bbox 1011 4345 1069 4399; x_wconf 68' lang='lat' dir='ltr'><strong>in</strong></span> <span class='ocrx_word' id='word_1_600' title='bbox 1098 4344 1392 4401; x_wconf 82' lang='lat' dir='ltr'><strong>latitudine</strong></span> <span class='ocrx_word' id='word_1_601' title='bbox 1424 4349 1703 4416; x_wconf 76' lang='lat' dir='ltr'><strong>quinque,</strong></span> <span class='ocrx_word' id='word_1_602' title='bbox 1744 4365 1849 4403; x_wconf 90' lang='lat' dir='ltr'><strong>non</strong></span> <span class='ocrx_word' id='word_1_603' title='bbox 1894 4350 2120 4404; x_wconf 86' lang='lat' dir='ltr'><strong>interio-</strong></span> 
     </span>
    </p>
   </div>
   <div class='ocr_carea' id='block_1_76' title="bbox 515 4438 2118 4511">
    <p class='ocr_par' dir='ltr' id='par_1_76' title="bbox 515 4438 2118 4511">
     <span class='ocr_line' id='line_1_76' title="bbox 515 4438 2118 4511; baseline 0.002 -17"><span class='ocrx_word' id='word_1_604' title='bbox 515 4439 622 4503; x_wconf 84' lang='lat' dir='ltr'><strong>ris.</strong></span> <span class='ocrx_word' id='word_1_605' title='bbox 654 4438 749 4494; x_wconf 90' lang='lat' dir='ltr'><strong>sed</strong></span> <span class='ocrx_word' id='word_1_606' title='bbox 782 4439 1083 4495; x_wconf 64' lang='lat' dir='ltr'><strong>exterioris</strong></span> <span class='ocrx_word' id='word_1_607' title='bbox 1120 4440 1241 4494; x_wconf 80' lang='lat' dir='ltr'><strong>atrii</strong></span> <span class='ocrx_word' id='word_1_608' title='bbox 1280 4441 1383 4505; x_wconf 89' lang='lat' dir='ltr'><strong>sit,</strong></span> <span class='ocrx_word' id='word_1_609' title='bbox 1428 4449 1486 4495; x_wconf 88' lang='lat' dir='ltr'><strong>ut</strong></span> <span class='ocrx_word' id='word_1_610' title='bbox 1529 4442 1728 4511; x_wconf 78' lang='lat' dir='ltr'><strong>prioris</strong></span> <span class='ocrx_word' id='word_1_611' title='bbox 1760 4442 1887 4497; x_wconf 83' lang='lat' dir='ltr'><strong>atrii</strong></span> <span class='ocrx_word' id='word_1_612' title='bbox 1928 4444 2118 4498; x_wconf 84' lang='lat' dir='ltr'><strong>latitu-</strong></span> 
     </span>
    </p>
   </div>
   <div class='ocr_carea' id='block_1_77' title="bbox 514 4529 2169 4603">
    <p class='ocr_par' dir='ltr' id='par_1_77' title="bbox 514 4529 2169 4603">
     <span class='ocr_line' id='line_1_77' title="bbox 514 4529 2169 4603; baseline 0.001 -16"><span class='ocrx_word' id='word_1_613' title='bbox 514 4531 718 4598; x_wconf 71' lang='lat' dir='ltr'><strong>dinem,</strong></span> <span class='ocrx_word' id='word_1_614' title='bbox 753 4529 861 4587; x_wconf 73' lang='lat' dir='ltr'><strong>hoc</strong></span> <span class='ocrx_word' id='word_1_615' title='bbox 887 4536 969 4586; x_wconf 80' lang='lat' dir='ltr'><strong>cst</strong></span> <span class='ocrx_word' id='word_1_616' title='bbox 993 4577 1007 4601; x_wconf 87' lang='lat'><strong>,</strong></span> <span class='ocrx_word' id='word_1_617' title='bbox 1042 4532 1235 4603; x_wconf 83' lang='lat' dir='ltr'><strong>viginti</strong></span> <span class='ocrx_word' id='word_1_618' title='bbox 1263 4535 1507 4602; x_wconf 73' lang='lat' dir='ltr'><strong>qniritfde</strong></span> <span class='ocrx_word' id='word_1_619' title='bbox 1536 4534 1752 4589; x_wconf 67' lang='lat' dir='ltr'><strong>Cubitus</strong></span> <span class='ocrx_word' id='word_1_620' title='bbox 1779 4578 1792 4601; x_wconf 92' lang='lat'><strong>,</strong></span> <span class='ocrx_word' id='word_1_621' title='bbox 1828 4538 2120 4592; x_wconf 82' lang='lat' dir='ltr'><strong>exterioris</strong></span> <span class='ocrx_word' id='word_1_622' title='bbox 2158 4586 2169 4597; x_wconf 38' lang='grc' dir='ltr'><em>,ν</em></span> 
     </span>
    </p>
   </div>
   <div class='ocr_carea' id='block_1_78' title="bbox 2226 3317 3823 3390">
    <p class='ocr_par' dir='ltr' id='par_1_78' title="bbox 2226 3317 3823 3390">
     <span class='ocr_line' id='line_1_78' title="bbox 2226 3317 3823 3390; baseline 0.001 -19"><span class='ocrx_word' id='word_1_623' title='bbox 2226 3319 2447 3373; x_wconf 90' lang='lat' dir='ltr'><strong>omnino</strong></span> <span class='ocrx_word' id='word_1_624' title='bbox 2474 3320 2630 3375; x_wconf 76' lang='lat' dir='ltr'><strong>tacita</strong></span> <span class='ocrx_word' id='word_1_625' title='bbox 2655 3334 2733 3373; x_wconf 88' lang='lat' dir='ltr'><strong>est</strong></span> <span class='ocrx_word' id='word_1_626' title='bbox 2762 3363 2775 3386; x_wconf 87' lang='lat'><strong>,</strong></span> <span class='ocrx_word' id='word_1_627' title='bbox 2812 3330 2869 3373; x_wconf 89' lang='lat' dir='ltr'><strong>ut</strong></span> <span class='ocrx_word' id='word_1_628' title='bbox 2895 3320 3173 3388; x_wconf 82' lang='lat' dir='ltr'><strong>possimus</strong></span> <span class='ocrx_word' id='word_1_629' title='bbox 3199 3321 3509 3390; x_wconf 86' lang='lat' dir='ltr'><strong>intelligere</strong></span> <span class='ocrx_word' id='word_1_630' title='bbox 3542 3320 3595 3373; x_wconf 88' lang='lat' dir='ltr'><strong>in</strong></span> <span class='ocrx_word' id='word_1_631' title='bbox 3622 3317 3823 3374; x_wconf 88' lang='lat' dir='ltr'><strong>Orien-</strong></span> 
     </span>
    </p>
   </div>
   <div class='ocr_carea' id='block_1_79' title="bbox 2227 3400 3828 3484">
    <p class='ocr_par' dir='ltr' id='par_1_79' title="bbox 2227 3400 3828 3484">
     <span class='ocr_line' id='line_1_79' title="bbox 2227 3400 3828 3484; baseline 0.001 -18"><span class='ocrx_word' id='word_1_632' title='bbox 2227 3412 2316 3466; x_wconf 88' lang='lat' dir='ltr'><strong>tali</strong></span> <span class='ocrx_word' id='word_1_633' title='bbox 2369 3422 2573 3466; x_wconf 88' lang='lat' dir='ltr'><strong>tantmn</strong></span> <span class='ocrx_word' id='word_1_634' title='bbox 2610 3423 2766 3483; x_wconf 89' lang='lat' dir='ltr'><strong>porta</strong></span> <span class='ocrx_word' id='word_1_635' title='bbox 2816 3414 2962 3467; x_wconf 88' lang='lat' dir='ltr'><strong>illam</strong></span> <span class='ocrx_word' id='word_1_636' title='bbox 3016 3413 3427 3483; x_wconf 86' lang='lat' dir='ltr'><strong>intelligendam</strong></span> <span class='ocrx_word' id='word_1_637' title='bbox 3480 3412 3647 3484; x_wconf 83' lang='lat' dir='ltr'><strong>viam,</strong></span> <span class='ocrx_word' id='word_1_638' title='bbox 3701 3400 3828 3484; x_wconf 72' lang='grc' dir='ltr'>(ιιιίὲ</span> 
     </span>
    </p>
   </div>
   <div class='ocr_carea' id='block_1_80' title="bbox 2223 3494 3819 3577">
    <p class='ocr_par' dir='ltr' id='par_1_80' title="bbox 2223 3494 3819 3577">
     <span class='ocr_line' id='line_1_80' title="bbox 2223 3494 3819 3577; baseline 0.001 -19"><span class='ocrx_word' id='word_1_639' title='bbox 2223 3494 2355 3559; x_wconf 69' lang='lat' dir='ltr'><strong>dicit.</strong></span> <span class='ocrx_word' id='word_1_640' title='bbox 2386 3524 2397 3559; x_wconf 90' lang='lat'>:</span> <span class='ocrx_word' id='word_1_641' title='bbox 2437 3504 2547 3577; x_wconf 78' lang='lat' dir='ltr'><strong>Ego</strong></span> <span class='ocrx_word' id='word_1_642' title='bbox 2570 3523 2683 3559; x_wconf 82' lang='lat' dir='ltr'><strong>sum</strong></span> <span class='ocrx_word' id='word_1_643' title='bbox 2716 3506 2828 3570; x_wconf 79' lang='lat' dir='ltr'><strong>ria,</strong></span> <span class='ocrx_word' id='word_1_644' title='bbox 2874 3507 3060 3559; x_wconf 84' lang='lat' dir='ltr'><strong>veritas</strong></span> <span class='ocrx_word' id='word_1_645' title='bbox 3091 3516 3137 3559; x_wconf 85' lang='lat' dir='ltr'><strong>et</strong></span> <span class='ocrx_word' id='word_1_646' title='bbox 3172 3508 3271 3558; x_wconf 80' lang='lat' dir='ltr'><strong>rita</strong></span> <span class='ocrx_word' id='word_1_647' title='bbox 3304 3505 3506 3577; x_wconf 83' lang='lat' dir='ltr'><strong>(Joan.</strong></span> <span class='ocrx_word' id='word_1_648' title='bbox 3558 3522 3669 3571; x_wconf 76' lang='lat' dir='ltr'><strong>xw,</strong></span> <span class='ocrx_word' id='word_1_649' title='bbox 3720 3504 3819 3576; x_wconf 83' lang='grc'><strong>6).</strong></span> 
     </span>
    </p>
   </div>
   <div class='ocr_carea' id='block_1_81' title="bbox 2223 3596 3826 3673">
    <p class='ocr_par' dir='ltr' id='par_1_81' title="bbox 2223 3596 3826 3673">
     <span class='ocr_line' id='line_1_81' title="bbox 2223 3596 3826 3673; baseline 0.001 -22"><span class='ocrx_word' id='word_1_650' title='bbox 2223 3597 2328 3652; x_wconf 82' lang='lat' dir='ltr'><strong>Per</strong></span> <span class='ocrx_word' id='word_1_651' title='bbox 2376 3599 2551 3668; x_wconf 88' lang='lat' dir='ltr'><strong>ipsum</strong></span> <span class='ocrx_word' id='word_1_652' title='bbox 2587 3601 2729 3651; x_wconf 91' lang='lat' dir='ltr'><strong>cnim</strong></span> <span class='ocrx_word' id='word_1_653' title='bbox 2776 3599 3027 3653; x_wconf 85' lang='lat' dir='ltr'><strong>venimus</strong></span> <span class='ocrx_word' id='word_1_654' title='bbox 3074 3598 3139 3652; x_wconf 91' lang='lat' dir='ltr'><strong>ad</strong></span> <span class='ocrx_word' id='word_1_655' title='bbox 3186 3596 3536 3673; x_wconf 18' lang='lat' dir='ltr'><strong>Patrcm,’et</strong></span> <span class='ocrx_word' id='word_1_656' title='bbox 3587 3599 3654 3653; x_wconf 93' lang='lat' dir='ltr'><strong>de</strong></span> <span class='ocrx_word' id='word_1_657' title='bbox 3705 3599 3826 3666; x_wconf 87' lang='lat' dir='ltr'><strong>ipso</strong></span> 
     </span>
    </p>
   </div>
   <div class='ocr_carea' id='block_1_82' title="bbox 2224 3688 3823 3762">
    <p class='ocr_par' dir='ltr' id='par_1_82' title="bbox 2224 3688 3823 3762">
     <span class='ocr_line' id='line_1_82' title="bbox 2224 3688 3823 3762; baseline -0.001 -17"><span class='ocrx_word' id='word_1_658' title='bbox 2224 3689 2481 3759; x_wconf 80' lang='lat' dir='ltr'><strong>scriptum</strong></span> <span class='ocrx_word' id='word_1_659' title='bbox 2508 3699 2591 3744; x_wconf 84' lang='lat' dir='ltr'><strong>est</strong></span> <span class='ocrx_word' id='word_1_660' title='bbox 2616 3709 2626 3741; x_wconf 85' lang='lat'><strong>:</strong></span> <span class='ocrx_word' id='word_1_661' title='bbox 2655 3688 2800 3743; x_wconf 81' lang='lat' dir='ltr'><strong>Beati</strong></span> <span class='ocrx_word' id='word_1_662' title='bbox 2837 3691 3160 3745; x_wconf 85' lang='lat' dir='ltr'><strong>immaculati</strong></span> <span class='ocrx_word' id='word_1_663' title='bbox 3200 3692 3251 3744; x_wconf 87' lang='lat' dir='ltr'><strong>in</strong></span> <span class='ocrx_word' id='word_1_664' title='bbox 3296 3692 3376 3744; x_wconf 82' lang='lat' dir='ltr'><strong>via</strong></span> <span class='ocrx_word' id='word_1_665' title='bbox 3401 3689 3584 3762; x_wconf 76' lang='lat' dir='ltr'><strong>(Paul.</strong></span> <span class='ocrx_word' id='word_1_666' title='bbox 3618 3705 3823 3762; x_wconf 67' lang='lat' dir='ltr'><strong>cxvut,</strong></span> 
     </span>
    </p>
   </div>
   <div class='ocr_carea' id='block_1_83' title="bbox 2226 3760 3828 3853">
    <p class='ocr_par' dir='ltr' id='par_1_83' title="bbox 2226 3760 3828 3853">
     <span class='ocr_line' id='line_1_83' title="bbox 2226 3760 3828 3853; baseline 0.001 -17"><span class='ocrx_word' id='word_1_667' title='bbox 2226 3782 2331 3853; x_wconf 74' lang='grc' dir='ltr'><strong>Ι),</strong></span> <span class='ocrx_word' id='word_1_668' title='bbox 2366 3783 2453 3851; x_wconf 89' lang='lat' dir='ltr'><strong>qui</strong></span> <span class='ocrx_word' id='word_1_669' title='bbox 2509 3781 2641 3836; x_wconf 87' lang='lat' dir='ltr'><strong>nihil</strong></span> <span class='ocrx_word' id='word_1_670' title='bbox 2695 3783 2761 3838; x_wconf 91' lang='lat' dir='ltr'><strong>de</strong></span> <span class='ocrx_word' id='word_1_671' title='bbox 2812 3774 3033 3839; x_wconf 76' lang='lat' dir='ltr'><strong>Christo</strong></span> <span class='ocrx_word' id='word_1_672' title='bbox 3090 3785 3375 3839; x_wconf 89' lang='lat' dir='ltr'><strong>sinistrum</strong></span> <span class='ocrx_word' id='word_1_673' title='bbox 3411 3760 3687 3853; x_wconf 81' lang='lat' dir='ltr'><strong>sapiunt,</strong></span> <span class='ocrx_word' id='word_1_674' title='bbox 3723 3760 3828 3838; x_wconf 78' lang='lat' dir='ltr'><strong>sed</strong></span> 
     </span>
    </p>
   </div>
   <div class='ocr_carea' id='block_1_84' title="bbox 2226 3874 3827 3947">
    <p class='ocr_par' dir='ltr' id='par_1_84' title="bbox 2226 3874 3827 3947">
     <span class='ocr_line' id='line_1_84' title="bbox 2226 3874 3827 3947; baseline 0.001 -19"><span class='ocrx_word' id='word_1_675' title='bbox 2226 3874 2357 3928; x_wconf 84' lang='lat' dir='ltr'><strong>fides</strong></span> <span class='ocrx_word' id='word_1_676' title='bbox 2386 3880 2572 3929; x_wconf 76' lang='lat' dir='ltr'><strong>eorum</strong></span> <span class='ocrx_word' id='word_1_677' title='bbox 2615 3892 2746 3944; x_wconf 87' lang='lat' dir='ltr'><strong>pura</strong></span> <span class='ocrx_word' id='word_1_678' title='bbox 2782 3887 2897 3943; x_wconf 91' lang='lat' dir='ltr'><strong>est,</strong></span> <span class='ocrx_word' id='word_1_679' title='bbox 2937 3889 2991 3931; x_wconf 90' lang='lat' dir='ltr'><strong>et</strong></span> <span class='ocrx_word' id='word_1_680' title='bbox 3036 3893 3379 3947; x_wconf 86' lang='lat' dir='ltr'><strong>nequaquam</strong></span> <span class='ocrx_word' id='word_1_681' title='bbox 3434 3876 3827 3933; x_wconf 76' lang='lat' dir='ltr'><strong>luereticorum</strong></span> 
     </span>
    </p>
   </div>
   <div class='ocr_carea' id='block_1_85' title="bbox 2223 3954 3827 4051">
    <p class='ocr_par' dir='ltr' id='par_1_85' title="bbox 2223 3954 3827 4051">
     <span class='ocr_line' id='line_1_85' title="bbox 2223 3954 3827 4051; baseline 0.002 -30"><span class='ocrx_word' id='word_1_682' title='bbox 2223 3966 2384 4021; x_wconf 82' lang='lat' dir='ltr'><strong>sorde</strong></span> <span class='ocrx_word' id='word_1_683' title='bbox 2419 3969 2646 4037; x_wconf 87' lang='lat' dir='ltr'><strong>polluta.</strong></span> <span class='ocrx_word' id='word_1_684' title='bbox 2678 3956 2933 4041; x_wconf 71' lang='lat' dir='ltr'><strong>[denique</strong></span> <span class='ocrx_word' id='word_1_685' title='bbox 2967 3986 3225 4025; x_wconf 84' lang='lat' dir='ltr'><strong>numerus</strong></span> <span class='ocrx_word' id='word_1_686' title='bbox 3259 3954 3644 4051; x_wconf 81' lang='lat' dir='ltr'><strong>thalamorum,</strong></span> <span class='ocrx_word' id='word_1_687' title='bbox 3679 3971 3827 4051; x_wconf 86' lang='lat' dir='ltr'><strong>fron-</strong></span> 
     </span>
    </p>
   </div>
   <div class='ocr_carea' id='block_1_86' title="bbox 2226 4046 3825 4131">
    <p class='ocr_par' dir='ltr' id='par_1_86' title="bbox 2226 4046 3825 4131">
     <span class='ocr_line' id='line_1_86' title="bbox 2226 4046 3825 4131; baseline 0.004 -15"><span class='ocrx_word' id='word_1_688' title='bbox 2226 4062 2354 4116; x_wconf 90' lang='lat' dir='ltr'><strong>tium</strong></span> <span class='ocrx_word' id='word_1_689' title='bbox 2390 4072 2443 4117; x_wconf 90' lang='lat' dir='ltr'><strong>et</strong></span> <span class='ocrx_word' id='word_1_690' title='bbox 2484 4060 2914 4131; x_wconf 69' lang='lat' dir='ltr'><strong>vestibulorum,</strong></span> <span class='ocrx_word' id='word_1_691' title='bbox 2966 4076 3020 4122; x_wconf 91' lang='lat' dir='ltr'><strong>et</strong></span> <span class='ocrx_word' id='word_1_692' title='bbox 3072 4064 3462 4131; x_wconf 76' lang='lat' dir='ltr'><strong>fenestrarum,</strong></span> <span class='ocrx_word' id='word_1_693' title='bbox 3500 4078 3555 4121; x_wconf 88' lang='lat' dir='ltr'><strong>ct</strong></span> <span class='ocrx_word' id='word_1_694' title='bbox 3604 4046 3825 4123; x_wconf 89' lang='lat' dir='ltr'><strong>luminis</strong></span> 
     </span>
    </p>
   </div>
   <div class='ocr_carea' id='block_1_87' title="bbox 2224 4142 3823 4243">
    <p class='ocr_par' dir='ltr' id='par_1_87' title="bbox 2224 4142 3823 4243">
     <span class='ocr_line' id='line_1_87' title="bbox 2224 4142 3823 4243; baseline 0.003 -31"><span class='ocrx_word' id='word_1_695' title='bbox 2224 4158 2438 4223; x_wconf 73' lang='lat' dir='ltr'><strong>carum,</strong></span> <span class='ocrx_word' id='word_1_696' title='bbox 2462 4154 2513 4211; x_wconf 91' lang='lat' dir='ltr'><strong>ct</strong></span> <span class='ocrx_word' id='word_1_697' title='bbox 2532 4158 2721 4214; x_wconf 84' lang='lat' dir='ltr'><strong>eadem</strong></span> <span class='ocrx_word' id='word_1_698' title='bbox 2744 4166 2996 4214; x_wconf 58' lang='lat' dir='ltr'><strong>mensura</strong></span> <span class='ocrx_word' id='word_1_699' title='bbox 3014 4162 3391 4232; x_wconf 85' lang='lat' dir='ltr'><strong>longitudinis,</strong></span> <span class='ocrx_word' id='word_1_700' title='bbox 3414 4174 3465 4217; x_wconf 90' lang='lat' dir='ltr'><strong>et</strong></span> <span class='ocrx_word' id='word_1_701' title='bbox 3483 4142 3823 4243; x_wconf 66' lang='lat' dir='ltr'><strong>latitudinis:</strong></span> 
     </span>
    </p>
   </div>
   <div class='ocr_carea' id='block_1_88' title="bbox 2224 4242 3825 4326">
    <p class='ocr_par' dir='ltr' id='par_1_88' title="bbox 2224 4242 3825 4326">
     <span class='ocr_line' id='line_1_88' title="bbox 2224 4242 3825 4326; baseline 0.005 -25"><span class='ocrx_word' id='word_1_702' title='bbox 2224 4252 2613 4321; x_wconf 79' lang='lat' dir='ltr'><strong>quinquaginta</strong></span> <span class='ocrx_word' id='word_1_703' title='bbox 2642 4242 2922 4319; x_wconf 82' lang='lat' dir='ltr'><strong>videlicet,</strong></span> <span class='ocrx_word' id='word_1_704' title='bbox 2955 4262 3012 4310; x_wconf 86' lang='lat' dir='ltr'><strong>et</strong></span> <span class='ocrx_word' id='word_1_705' title='bbox 3033 4254 3227 4324; x_wconf 88' lang='lat' dir='ltr'><strong>viginti</strong></span> <span class='ocrx_word' id='word_1_706' title='bbox 3252 4256 3491 4326; x_wconf 89' lang='lat' dir='ltr'><strong>quinque</strong></span> <span class='ocrx_word' id='word_1_707' title='bbox 3514 4242 3825 4311; x_wconf 88' lang='lat' dir='ltr'><strong>cubitorum</strong></span> 
     </span>
    </p>
   </div>
   <div class='ocr_carea' id='block_1_89' title="bbox 2224 4342 3825 4419">
    <p class='ocr_par' dir='ltr' id='par_1_89' title="bbox 2224 4342 3825 4419">
     <span class='ocr_line' id='line_1_89' title="bbox 2224 4342 3825 4419; baseline 0.004 -22"><span class='ocrx_word' id='word_1_708' title='bbox 2224 4342 2569 4399; x_wconf 73' lang='lat' dir='ltr'><strong>sacramenta</strong></span> <span class='ocrx_word' id='word_1_709' title='bbox 2615 4344 2968 4413; x_wconf 82' lang='lat' dir='ltr'><strong>conservans,</strong></span> <span class='ocrx_word' id='word_1_710' title='bbox 3012 4357 3067 4402; x_wconf 86' lang='lat' dir='ltr'><strong>et</strong></span> <span class='ocrx_word' id='word_1_711' title='bbox 3113 4350 3439 4404; x_wconf 86' lang='lat' dir='ltr'><strong>vestibulum</strong></span> <span class='ocrx_word' id='word_1_712' title='bbox 3485 4351 3606 4419; x_wconf 87' lang='lat' dir='ltr'><strong>ejus</strong></span> <span class='ocrx_word' id='word_1_713' title='bbox 3655 4360 3825 4417; x_wconf 71' lang='lat' dir='ltr'><strong>porta:</strong></span> 
     </span>
    </p>
   </div>
   <div class='ocr_carea' id='block_1_90' title="bbox 2226 4426 3828 4510">
    <p class='ocr_par' dir='ltr' id='par_1_90' title="bbox 2226 4426 3828 4510">
     <span class='ocr_line' id='line_1_90' title="bbox 2226 4426 3828 4510; baseline 0.006 -21"><span class='ocrx_word' id='word_1_714' title='bbox 2226 4437 2340 4491; x_wconf 73' lang='lat' dir='ltr'><strong>sive</strong></span> <span class='ocrx_word' id='word_1_715' title='bbox 2372 4436 2503 4490; x_wconf 73' lang='lat' dir='ltr'><strong>atrii</strong></span> <span class='ocrx_word' id='word_1_716' title='bbox 2525 4437 2831 4507; x_wconf 67' lang='lat' dir='ltr'><strong>interioris,</strong></span> <span class='ocrx_word' id='word_1_717' title='bbox 2865 4440 3009 4510; x_wconf 89' lang='lat' dir='ltr'><strong>quod</strong></span> <span class='ocrx_word' id='word_1_718' title='bbox 3037 4440 3187 4509; x_wconf 79' lang='lat' dir='ltr'><strong>juxta</strong></span> <span class='ocrx_word' id='word_1_719' title='bbox 3224 4426 3550 4498; x_wconf 81' lang='lat' dir='ltr'><strong>Ilcbraicum</strong></span> <span class='ocrx_word' id='word_1_720' title='bbox 3585 4444 3828 4498; x_wconf 78' lang='lat' dir='ltr'><strong>exterius</strong></span> 
     </span>
    </p>
   </div>
   <div class='ocr_carea' id='block_1_91' title="bbox 2229 4518 3825 4599">
    <p class='ocr_par' dir='ltr' id='par_1_91' title="bbox 2229 4518 3825 4599">
     <span class='ocr_line' id='line_1_91' title="bbox 2229 4518 3825 4599; baseline 0.006 -17"><span class='ocrx_word' id='word_1_721' title='bbox 2229 4530 2470 4599; x_wconf 88' lang='lat' dir='ltr'><strong>ponitur,</strong></span> <span class='ocrx_word' id='word_1_722' title='bbox 2501 4542 2558 4586; x_wconf 89' lang='lat' dir='ltr'><strong>ut</strong></span> <span class='ocrx_word' id='word_1_723' title='bbox 2586 4518 2851 4587; x_wconf 75' lang='lat' dir='ltr'><strong>orientali</strong></span> <span class='ocrx_word' id='word_1_724' title='bbox 2883 4535 3087 4590; x_wconf 90' lang='lat' dir='ltr'><strong>lumine</strong></span> <span class='ocrx_word' id='word_1_725' title='bbox 3114 4537 3294 4589; x_wconf 90' lang='lat' dir='ltr'><strong>omnia</strong></span> <span class='ocrx_word' id='word_1_726' title='bbox 3330 4546 3623 4592; x_wconf 87' lang='lat' dir='ltr'><strong>teneantur</strong></span> <span class='ocrx_word' id='word_1_727' title='bbox 3648 4536 3825 4591; x_wconf 87' lang='lat' dir='ltr'><strong>inclu-</strong></span> 
     </span>
    </p>
   </div>
   <div class='ocr_carea' id='block_1_92' title="bbox 517 4607 3830 4701">
    <p class='ocr_par' dir='ltr' id='par_1_92' title="bbox 517 4607 3830 4701">
     <span class='ocr_line' id='line_1_92' title="bbox 517 4607 3830 4701; baseline 0.002 -23"><span class='ocrx_word' id='word_1_728' title='bbox 517 4625 640 4679; x_wconf 80' lang='lat' dir='ltr'><strong>atrii</strong></span> <span class='ocrx_word' id='word_1_729' title='bbox 688 4624 965 4695; x_wconf 83' lang='lat' dir='ltr'><strong>possideat</strong></span> <span class='ocrx_word' id='word_1_730' title='bbox 1016 4622 1295 4695; x_wconf 76' lang='lat' dir='ltr'><strong>longitudo</strong></span> <span class='ocrx_word' id='word_1_731' title='bbox 1320 4669 1333 4693; x_wconf 92' lang='lat'><strong>,</strong></span> <span class='ocrx_word' id='word_1_732' title='bbox 1370 4637 1424 4681; x_wconf 89' lang='lat' dir='ltr'><strong>et</strong></span> <span class='ocrx_word' id='word_1_733' title='bbox 1452 4626 1504 4680; x_wconf 87' lang='lat' dir='ltr'><strong>in</strong></span> <span class='ocrx_word' id='word_1_734' title='bbox 1542 4626 1829 4684; x_wconf 81' lang='lat' dir='ltr'><strong>latitudine</strong></span> <span class='ocrx_word' id='word_1_735' title='bbox 1876 4630 2114 4700; x_wconf 82' lang='lat' dir='ltr'><strong>quinque</strong></span> <span class='ocrx_word' id='word_1_736' title='bbox 2147 4607 2201 4668; x_wconf 80' lang='lat' dir='ltr'>D</span> <span class='ocrx_word' id='word_1_737' title='bbox 2228 4626 2307 4690; x_wconf 80' lang='lat' dir='ltr'><strong>Sa,</strong></span> <span class='ocrx_word' id='word_1_738' title='bbox 2337 4614 2637 4680; x_wconf 79' lang='lat' dir='ltr'><strong>secundum</strong></span> <span class='ocrx_word' id='word_1_739' title='bbox 2680 4627 2805 4681; x_wconf 90' lang='lat' dir='ltr'><strong>illud</strong></span> <span class='ocrx_word' id='word_1_740' title='bbox 2839 4630 2987 4697; x_wconf 87' lang='lat' dir='ltr'><strong>quod</strong></span> <span class='ocrx_word' id='word_1_741' title='bbox 3021 4630 3285 4695; x_wconf 86' lang='lat' dir='ltr'><strong>scriptum</strong></span> <span class='ocrx_word' id='word_1_742' title='bbox 3313 4642 3397 4684; x_wconf 85' lang='lat' dir='ltr'><strong>est</strong></span> <span class='ocrx_word' id='word_1_743' title='bbox 3429 4649 3439 4683; x_wconf 90' lang='lat'>:</span> <span class='ocrx_word' id='word_1_744' title='bbox 3480 4630 3593 4684; x_wconf 69' lang='lat' dir='ltr'><strong>Nec</strong></span> <span class='ocrx_word' id='word_1_745' title='bbox 3624 4640 3695 4685; x_wconf 79' lang='lat' dir='ltr'><strong>est</strong></span> <span class='ocrx_word' id='word_1_746' title='bbox 3737 4616 3830 4701; x_wconf 81' lang='lat' dir='ltr'><strong>qui</strong></span> 
     </span>
    </p>
   </div>
   <div class='ocr_carea' id='block_1_93' title="bbox 518 4719 2115 4795">
    <p class='ocr_par' dir='ltr' id='par_1_93' title="bbox 518 4719 2115 4795">
     <span class='ocr_line' id='line_1_93' title="bbox 518 4719 2115 4795; baseline 0.003 -22"><span class='ocrx_word' id='word_1_747' title='bbox 518 4719 733 4773; x_wconf 85' lang='lat' dir='ltr'><strong>cubitos</strong></span> <span class='ocrx_word' id='word_1_748' title='bbox 788 4726 987 4773; x_wconf 87' lang='lat' dir='ltr'><strong>teneat.</strong></span> <span class='ocrx_word' id='word_1_749' title='bbox 1036 4720 1181 4787; x_wconf 85' lang='lat' dir='ltr'><strong>Quas</strong></span> <span class='ocrx_word' id='word_1_750' title='bbox 1241 4726 1525 4775; x_wconf 61' lang='lat' dir='ltr'><strong>mensuras</strong></span> <span class='ocrx_word' id='word_1_751' title='bbox 1565 4764 1578 4788; x_wconf 93' lang='lat'><strong>,</strong></span> <span class='ocrx_word' id='word_1_752' title='bbox 1633 4721 1683 4776; x_wconf 85' lang='lat' dir='ltr'><strong>id</strong></span> <span class='ocrx_word' id='word_1_753' title='bbox 1732 4732 1815 4777; x_wconf 78' lang='lat' dir='ltr'><strong>est</strong></span> <span class='ocrx_word' id='word_1_754' title='bbox 1849 4770 1862 4792; x_wconf 90' lang='lat'><strong>,</strong></span> <span class='ocrx_word' id='word_1_755' title='bbox 1919 4726 2115 4795; x_wconf 85' lang='lat' dir='ltr'><strong>viginti</strong></span> 
     </span>
    </p>
   </div>
   <div class='ocr_carea' id='block_1_94' title="bbox 514 4800 2112 4885">
    <p class='ocr_par' dir='ltr' id='par_1_94' title="bbox 514 4800 2112 4885">
     <span class='ocr_line' id='line_1_94' title="bbox 514 4800 2112 4885; baseline 0.006 -20"><span class='ocrx_word' id='word_1_756' title='bbox 514 4813 756 4882; x_wconf 75' lang='lat' dir='ltr'><strong>quinque</strong></span> <span class='ocrx_word' id='word_1_757' title='bbox 789 4814 843 4867; x_wconf 85' lang='lat' dir='ltr'><strong>et</strong></span> <span class='ocrx_word' id='word_1_758' title='bbox 872 4813 1154 4882; x_wconf 81' lang='lat' dir='ltr'><strong>quinqu‘e&#39;,</strong></span> <span class='ocrx_word' id='word_1_759' title='bbox 1189 4800 1259 4867; x_wconf 81' lang='lat' dir='ltr'><strong>ad</strong></span> <span class='ocrx_word' id='word_1_760' title='bbox 1288 4815 1508 4871; x_wconf 80' lang='lat' dir='ltr'><strong>eosdem</strong></span> <span class='ocrx_word' id='word_1_761' title='bbox 1560 4822 1754 4873; x_wconf 80' lang='lat' dir='ltr'><strong>sensus</strong></span> <span class='ocrx_word' id='word_1_762' title='bbox 1788 4816 2071 4874; x_wconf 90' lang='lat' dir='ltr'><strong>referimus</strong></span> <span class='ocrx_word' id='word_1_763' title='bbox 2098 4862 2112 4885; x_wconf 90' lang='lat'><strong>,</strong></span> 
     </span>
    </p>
   </div>
   <div class='ocr_carea' id='block_1_95' title="bbox 517 4906 2111 4983">
    <p class='ocr_par' dir='ltr' id='par_1_95' title="bbox 517 4906 2111 4983">
     <span class='ocr_line' id='line_1_95' title="bbox 517 4906 2111 4983; baseline 0.003 -22"><span class='ocrx_word' id='word_1_764' title='bbox 517 4907 691 4961; x_wconf 77' lang='lat' dir='ltr'><strong>visum</strong></span> <span class='ocrx_word' id='word_1_765' title='bbox 720 4906 1012 4973; x_wconf 74' lang='lat' dir='ltr'><strong>Videlicet,</strong></span> <span class='ocrx_word' id='word_1_766' title='bbox 1046 4917 1099 4961; x_wconf 88' lang='lat' dir='ltr'><strong>et</strong></span> <span class='ocrx_word' id='word_1_767' title='bbox 1127 4908 1395 4975; x_wconf 79' lang='lat' dir='ltr'><strong>:m‘ditttm,</strong></span> <span class='ocrx_word' id='word_1_768' title='bbox 1424 4914 1644 4981; x_wconf 69' lang='lat' dir='ltr'><strong>gustum</strong></span> <span class='ocrx_word' id='word_1_769' title='bbox 1670 4954 1683 4976; x_wconf 94' lang='lat'><strong>,</strong></span> <span class='ocrx_word' id='word_1_770' title='bbox 1719 4918 1773 4966; x_wconf 82' lang='lat' dir='ltr'><strong>et</strong></span> <span class='ocrx_word' id='word_1_771' title='bbox 1802 4913 2111 4983; x_wconf 74' lang='lat' dir='ltr'><strong>odoratum‘,</strong></span> 
     </span>
    </p>
   </div>
   <div class='ocr_carea' id='block_1_96' title="bbox 513 4996 2116 5075">
    <p class='ocr_par' dir='ltr' id='par_1_96' title="bbox 513 4996 2116 5075">
     <span class='ocr_line' id='line_1_96' title="bbox 513 4996 2116 5075; baseline 0.003 -22"><span class='ocrx_word' id='word_1_772' title='bbox 513 5007 569 5053; x_wconf 83' lang='lat' dir='ltr'><strong>et</strong></span> <span class='ocrx_word' id='word_1_773' title='bbox 601 5006 802 5053; x_wconf 78' lang='lat' dir='ltr'><strong>tactum</strong></span> <span class='ocrx_word' id='word_1_774' title='bbox 830 5042 844 5065; x_wconf 95' lang='lat'><strong>,</strong></span> <span class='ocrx_word' id='word_1_775' title='bbox 879 5008 1015 5069; x_wconf 84' lang='lat' dir='ltr'><strong>quas</strong></span> <span class='ocrx_word' id='word_1_776' title='bbox 1046 5000 1097 5053; x_wconf 72' lang='lat' dir='ltr'><strong>si</strong></span> <span class='ocrx_word' id='word_1_777' title='bbox 1124 4998 1190 5053; x_wconf 85' lang='lat' dir='ltr'><strong>ad</strong></span> <span class='ocrx_word' id='word_1_778' title='bbox 1221 4996 1419 5054; x_wconf 73' lang='lat' dir='ltr'><strong>altiora</strong></span> <span class='ocrx_word' id='word_1_779' title='bbox 1464 5002 1886 5058; x_wconf 69' lang='lat' dir='ltr'><strong>conscendimus</strong></span> <span class='ocrx_word' id='word_1_780' title='bbox 1912 5046 1923 5068; x_wconf 90' lang='lat'><strong>,</strong></span> <span class='ocrx_word' id='word_1_781' title='bbox 1960 5006 2116 5075; x_wconf 88' lang='lat' dir='ltr'><strong>quin-</strong></span> 
     </span>
    </p>
   </div>
   <div class='ocr_carea' id='block_1_97' title="bbox 516 5082 2123 5163">
    <p class='ocr_par' dir='ltr' id='par_1_97' title="bbox 516 5082 2123 5163">
     <span class='ocr_line' id='line_1_97' title="bbox 516 5082 2123 5163; baseline 0.006 -18"><span class='ocrx_word' id='word_1_782' title='bbox 516 5092 677 5163; x_wconf 67' lang='lat' dir='ltr'><strong>quies</strong></span> <span class='ocrx_word' id='word_1_783' title='bbox 693 5092 1043 5161; x_wconf 61' lang='lat' dir='ltr'><strong>duplicamus</strong></span> <span class='ocrx_word' id='word_1_784' title='bbox 1066 5136 1079 5159; x_wconf 93' lang='lat'><strong>,</strong></span> <span class='ocrx_word' id='word_1_785' title='bbox 1107 5103 1160 5147; x_wconf 91' lang='lat' dir='ltr'><strong>et</strong></span> <span class='ocrx_word' id='word_1_786' title='bbox 1186 5088 1251 5147; x_wconf 79' lang='lat' dir='ltr'><strong>de</strong></span> <span class='ocrx_word' id='word_1_787' title='bbox 1273 5096 1585 5149; x_wconf 87' lang='lat' dir='ltr'><strong>carnalihus</strong></span> <span class='ocrx_word' id='word_1_788' title='bbox 1612 5082 1861 5152; x_wconf 57' lang='lat' dir='ltr'><strong>Set-iSthus</strong></span> <span class='ocrx_word' id='word_1_789' title='bbox 1891 5094 2123 5155; x_wconf 72' lang='lat' dir='ltr'><strong>facimus</strong></span> 
     </span>
    </p>
   </div>
   <div class='ocr_carea' id='block_1_98' title="bbox 514 5182 2123 5261">
    <p class='ocr_par' dir='ltr' id='par_1_98' title="bbox 514 5182 2123 5261">
     <span class='ocr_line' id='line_1_98' title="bbox 514 5182 2123 5261; baseline 0.005 -20"><span class='ocrx_word' id='word_1_790' title='bbox 514 5185 856 5256; x_wconf 79' lang='lat' dir='ltr'><strong>spiritda’les,</strong></span> <span class='ocrx_word' id='word_1_791' title='bbox 889 5198 949 5240; x_wconf 88' lang='lat' dir='ltr'><strong>ut</strong></span> <span class='ocrx_word' id='word_1_792' title='bbox 991 5182 1078 5241; x_wconf 74' lang='lat' dir='ltr'><strong>est</strong></span> <span class='ocrx_word' id='word_1_793' title='bbox 1105 5182 1233 5242; x_wconf 75' lang='lat' dir='ltr'><strong>illud</strong></span> <span class='ocrx_word' id='word_1_794' title='bbox 1262 5204 1273 5240; x_wconf 95' lang='lat'>:</span> <span class='ocrx_word' id='word_1_795' title='bbox 1309 5182 1517 5244; x_wconf 77' lang='lat' dir='ltr'><strong>Levate&#39;</strong></span> <span class='ocrx_word' id='word_1_796' title='bbox 1538 5194 1724 5245; x_wconf 85' lang='lat' dir='ltr'><strong>oculos</strong></span> <span class='ocrx_word' id='word_1_797' title='bbox 1772 5203 1984 5246; x_wconf 82' lang='lat' dir='ltr'><strong>veSIros</strong></span> <span class='ocrx_word' id='word_1_798' title='bbox 2015 5238 2027 5261; x_wconf 89' lang='lat'><strong>,</strong></span> <span class='ocrx_word' id='word_1_799' title='bbox 2064 5188 2123 5249; x_wconf 73' lang='lat' dir='ltr'><strong>et</strong></span> 
     </span>
    </p>
   </div>
   <div class='ocr_carea' id='block_1_99' title="bbox 510 5278 2117 5350">
    <p class='ocr_par' dir='ltr' id='par_1_99' title="bbox 510 5278 2117 5350">
     <span class='ocr_line' id='line_1_99' title="bbox 510 5278 2117 5350; baseline 0.002 -14"><span class='ocrx_word' id='word_1_800' title='bbox 510 5280 731 5348; x_wconf 83' lang='lat' dir='ltr'><strong>videte‘,</strong></span> <span class='ocrx_word' id='word_1_801' title='bbox 766 5278 1023 5350; x_wconf 78' lang='lat' dir='ltr'><strong>quoniam</strong></span> <span class='ocrx_word' id='word_1_802' title='bbox 1068 5278 1179 5349; x_wconf 76' lang='lat' dir='ltr'><strong>jam&quot;</strong></span> <span class='ocrx_word' id='word_1_803' title='bbox 1222 5284 1431 5338; x_wconf 68' lang='lat' dir='ltr'><strong>messes</strong></span> <span class='ocrx_word' id='word_1_804' title='bbox 1464 5282 1601 5337; x_wconf 82' lang='lat' dir='ltr'><strong>albae</strong></span> <span class='ocrx_word' id='word_1_805' title='bbox 1639 5294 1766 5337; x_wconf 89' lang='lat' dir='ltr'><strong>sunt</strong></span> <span class='ocrx_word' id='word_1_806' title='bbox 1808 5283 1874 5339; x_wconf 91' lang='lat' dir='ltr'><strong>ad</strong></span> <span class='ocrx_word' id='word_1_807' title='bbox 1909 5295 2117 5340; x_wconf 88' lang='lat' dir='ltr'><strong>meten-</strong></span> 
     </span>
    </p>
   </div>
   <div class='ocr_carea' id='block_1_100' title="bbox 516 5362 2120 5449">
    <p class='ocr_par' dir='ltr' id='par_1_100' title="bbox 516 5362 2120 5449">
     <span class='ocr_line' id='line_1_100' title="bbox 516 5362 2120 5449; baseline 0.002 -19"><span class='ocrx_word' id='word_1_808' title='bbox 516 5374 643 5430; x_wconf 77' lang='lat' dir='ltr'><strong>dum</strong></span> <span class='ocrx_word' id='word_1_809' title='bbox 679 5373 861 5445; x_wconf 66' lang='lat' dir='ltr'><strong>(lauit.</strong></span> <span class='ocrx_word' id='word_1_810' title='bbox 895 5380 968 5441; x_wconf 74' lang='lat' dir='ltr'><strong>tv,</strong></span> <span class='ocrx_word' id='word_1_811' title='bbox 1002 5362 1114 5449; x_wconf 65' lang='lat'><strong>55“).</strong></span> <span class='ocrx_word' id='word_1_812' title='bbox 1168 5364 1229 5430; x_wconf 71' lang='lat' dir='ltr'><strong>Et</strong></span> <span class='ocrx_word' id='word_1_813' title='bbox 1261 5378 1281 5429; x_wconf 74' lang='grc' dir='ltr'><strong>ε’</strong></span> <span class='ocrx_word' id='word_1_814' title='bbox 1302 5368 1407 5445; x_wconf 74' lang='lat' dir='ltr'><strong>Qui</strong></span> <span class='ocrx_word' id='word_1_815' title='bbox 1437 5376 1601 5431; x_wconf 74' lang='lat' dir='ltr'><strong>habet</strong></span> <span class='ocrx_word' id='word_1_816' title='bbox 1625 5376 1789 5433; x_wconf 69' lang='lat' dir='ltr'><strong>aures</strong></span> <span class='ocrx_word' id='word_1_817' title='bbox 1820 5379 2071 5433; x_wconf 71' lang='lat' dir='ltr'><strong>at‘idi‘endi</strong></span> <span class='ocrx_word' id='word_1_818' title='bbox 2106 5426 2120 5449; x_wconf 87' lang='lat'><strong>,</strong></span> 
     </span>
    </p>
   </div>
   <div class='ocr_carea' id='block_1_101' title="bbox 515 5470 2121 5543">
    <p class='ocr_par' dir='ltr' id='par_1_101' title="bbox 515 5470 2121 5543">
     <span class='ocr_line' id='line_1_101' title="bbox 515 5470 2121 5543; baseline 0.004 -20"><span class='ocrx_word' id='word_1_819' title='bbox 515 5470 697 5525; x_wconf 89' lang='lat' dir='ltr'><strong>audiat</strong></span> <span class='ocrx_word' id='word_1_820' title='bbox 724 5470 877 5541; x_wconf 86' lang='lat' dir='ltr'><strong>(Luc.</strong></span> <span class='ocrx_word' id='word_1_821' title='bbox 916 5486 1027 5537; x_wconf 83' lang='lat' dir='ltr'><strong>\‘llt,</strong></span> <span class='ocrx_word' id='word_1_822' title='bbox 1058 5472 1135 5539; x_wconf 91' lang='lat'><strong>8).</strong></span> <span class='ocrx_word' id='word_1_823' title='bbox 1169 5470 1272 5526; x_wconf 84' lang='lat' dir='ltr'><strong>Et:</strong></span> <span class='ocrx_word' id='word_1_824' title='bbox 1304 5470 1530 5527; x_wconf 85' lang='lat' dir='ltr'><strong>Gustate</strong></span> <span class='ocrx_word' id='word_1_825' title='bbox 1554 5483 1606 5527; x_wconf 87' lang='lat' dir='ltr'><strong>et</strong></span> <span class='ocrx_word' id='word_1_826' title='bbox 1629 5472 1831 5539; x_wconf 82' lang='lat' dir='ltr'><strong>videte,</strong></span> <span class='ocrx_word' id='word_1_827' title='bbox 1866 5474 2121 5543; x_wconf 88' lang='lat' dir='ltr'><strong>quoniam</strong></span> 
     </span>
    </p>
   </div>
   <div class='ocr_carea' id='block_1_102' title="bbox 515 5548 2122 5635">
    <p class='ocr_par' dir='ltr' id='par_1_102' title="bbox 515 5548 2122 5635">
     <span class='ocr_line' id='line_1_102' title="bbox 515 5548 2122 5635; baseline 0.002 -17"><span class='ocrx_word' id='word_1_828' title='bbox 515 5565 698 5618; x_wconf 82' lang='lat' dir='ltr'><strong>suavis</strong></span> <span class='ocrx_word' id='word_1_829' title='bbox 720 5573 805 5617; x_wconf 68' lang='lat' dir='ltr'><strong>est</strong></span> <span class='ocrx_word' id='word_1_830' title='bbox 828 5564 1088 5617; x_wconf 87' lang='lat' dir='ltr'><strong>Dominus</strong></span> <span class='ocrx_word' id='word_1_831' title='bbox 1114 5548 1289 5633; x_wconf 73' lang='lat' dir='ltr'><strong>(Paul.</strong></span> <span class='ocrx_word' id='word_1_832' title='bbox 1317 5580 1511 5633; x_wconf 72' lang='lat' dir='ltr'><strong>xxxm,</strong></span> <span class='ocrx_word' id='word_1_833' title='bbox 1540 5566 1617 5635; x_wconf 87' lang='lat'><strong>8).</strong></span> <span class='ocrx_word' id='word_1_834' title='bbox 1654 5550 1718 5619; x_wconf 81' lang='lat' dir='ltr'><strong>Et</strong></span> <span class='ocrx_word' id='word_1_835' title='bbox 1744 5585 1757 5621; x_wconf 87' lang='lat'><strong>:</strong></span> <span class='ocrx_word' id='word_1_836' title='bbox 1786 5566 1986 5620; x_wconf 78' lang='lat' dir='ltr'><strong>Christi</strong></span> <span class='ocrx_word' id='word_1_837' title='bbox 2022 5568 2122 5621; x_wconf 84' lang='lat' dir='ltr'><strong>bo-</strong></span> 
     </span>
    </p>
   </div>
   <div class='ocr_carea' id='block_1_103' title="bbox 515 5654 2124 5730">
    <p class='ocr_par' dir='ltr' id='par_1_103' title="bbox 515 5654 2124 5730">
     <span class='ocr_line' id='line_1_103' title="bbox 515 5654 2124 5730; baseline 0.006 -22"><span class='ocrx_word' id='word_1_838' title='bbox 515 5669 620 5709; x_wconf 73' lang='lat' dir='ltr'><strong>nus</strong></span> <span class='ocrx_word' id='word_1_839' title='bbox 656 5654 803 5709; x_wconf 80' lang='lat' dir='ltr'><strong>odor‘</strong></span> <span class='ocrx_word' id='word_1_840' title='bbox 819 5670 1009 5710; x_wconf 78' lang='lat' dir='ltr'><strong>sumus</strong></span> <span class='ocrx_word' id='word_1_841' title='bbox 1032 5654 1238 5712; x_wconf 51' lang='lat' dir='ltr'><strong>Deoia?</strong></span> <span class='ocrx_word' id='word_1_842' title='bbox 1259 5656 1348 5711; x_wconf 78' lang='lat' dir='ltr'><strong>his</strong></span> <span class='ocrx_word' id='word_1_843' title='bbox 1385 5658 1475 5726; x_wconf 83' lang='lat' dir='ltr'><strong>qui</strong></span> <span class='ocrx_word' id='word_1_844' title='bbox 1525 5659 1757 5712; x_wconf 72' lang='lat' dir='ltr'><strong>credunt</strong></span> <span class='ocrx_word' id='word_1_845' title='bbox 1779 5656 1800 5730; x_wconf 95' lang='lat'>(</span> <span class='ocrx_word' id='word_1_846' title='bbox 1825 5656 1866 5714; x_wconf 70' lang='lat' dir='ltr'><strong>ll</strong></span> <span class='ocrx_word' id='word_1_847' title='bbox 1898 5658 2015 5715; x_wconf 73' lang='lat' dir='ltr'><strong>Ger.</strong></span> <span class='ocrx_word' id='word_1_848' title='bbox 2062 5658 2124 5730; x_wconf 67' lang='lat' dir='ltr'><strong>it,</strong></span> 
     </span>
    </p>
   </div>
   <div class='ocr_carea' id='block_1_104' title="bbox 592 5760 2281 5845">
    <p class='ocr_par' dir='ltr' id='par_1_104' title="bbox 592 5760 2281 5845">
     <span class='ocr_line' id='line_1_104' title="bbox 592 5760 2281 5845; baseline 0.008 -22"><span class='ocrx_word' id='word_1_849' title='bbox 592 5772 623 5806; x_wconf 68' lang='grc' dir='ltr'><strong>ί</strong></span> <span class='ocrx_word' id='word_1_850' title='bbox 654 5769 727 5845; x_wconf 74' lang='lat' dir='ltr'><strong>De</strong></span> <span class='ocrx_word' id='word_1_851' title='bbox 755 5768 909 5827; x_wconf 62' lang='lat' dir='ltr'><strong>dicit!</strong></span> <span class='ocrx_word' id='word_1_852' title='bbox 937 5770 1074 5827; x_wconf 74' lang='lat' dir='ltr'><strong>Vict.</strong></span> <span class='ocrx_word' id='word_1_853' title='bbox 1111 5764 1195 5841; x_wconf 68' lang='lat' dir='ltr'><strong>at</strong></span> <span class='ocrx_word' id='word_1_854' title='bbox 1234 5760 1487 5845; x_wconf 45' lang='lat' dir='ltr'><strong>Vulgata;</strong></span> <span class='ocrx_word' id='word_1_855' title='bbox 1525 5764 1813 5845; x_wconf 75' lang='lat' dir='ltr'><strong>lectionem</strong></span> <span class='ocrx_word' id='word_1_856' title='bbox 1873 5772 1931 5832; x_wconf 83' lang='lat' dir='ltr'><strong>et’</strong></span> <span class='ocrx_word' id='word_1_857' title='bbox 1978 5766 2281 5837; x_wconf 68' lang='lat' dir='ltr'><strong>vestibulum</strong></span> 
     </span>
    </p>
   </div>
   <div class='ocr_carea' id='block_1_105' title="bbox 516 5836 1674 5915">
    <p class='ocr_par' dir='ltr' id='par_1_105' title="bbox 516 5836 1674 5915">
     <span class='ocr_line' id='line_1_105' title="bbox 516 5836 1674 5915; baseline 0.003 -18"><span class='ocrx_word' id='word_1_858' title='bbox 516 5849 574 5897; x_wconf 86' lang='lat' dir='ltr'><strong>et</strong></span> <span class='ocrx_word' id='word_1_859' title='bbox 603 5842 763 5911; x_wconf 83' lang='lat' dir='ltr'><strong>paulo</strong></span> <span class='ocrx_word' id='word_1_860' title='bbox 793 5854 914 5914; x_wconf 83' lang='lat' dir='ltr'><strong>post</strong></span> <span class='ocrx_word' id='word_1_861' title='bbox 941 5844 992 5897; x_wconf 88' lang='lat' dir='ltr'><strong>in</strong></span> <span class='ocrx_word' id='word_1_862' title='bbox 1020 5840 1203 5911; x_wconf 63' lang='lat' dir='ltr'><strong>frame&quot;</strong></span> <span class='ocrx_word' id='word_1_863' title='bbox 1223 5836 1413 5915; x_wconf 63' lang='lat' dir='ltr'><strong>preat</strong></span> <span class='ocrx_word' id='word_1_864' title='bbox 1432 5836 1674 5915; x_wconf 64' lang='lat' dir='ltr'><strong>frontem.</strong></span> 
     </span>
    </p>
   </div>
   <div class='ocr_carea' id='block_1_106' title="bbox 2222 4706 3829 4795">
    <p class='ocr_par' dir='ltr' id='par_1_106' title="bbox 2222 4706 3829 4795">
     <span class='ocr_line' id='line_1_106' title="bbox 2222 4706 3829 4795; baseline 0.006 -24"><span class='ocrx_word' id='word_1_865' title='bbox 2222 4735 2275 4771; x_wconf 79' lang='lat' dir='ltr'><strong>sc</strong></span> <span class='ocrx_word' id='word_1_866' title='bbox 2306 4710 2583 4773; x_wconf 62' lang='lat' dir='ltr'><strong>alscomtat</strong></span> <span class='ocrx_word' id='word_1_867' title='bbox 2615 4738 2644 4772; x_wconf 80' lang='grc' dir='ltr'>η</span> <span class='ocrx_word' id='word_1_868' title='bbox 2672 4722 2843 4775; x_wconf 85' lang='lat' dir='ltr'><strong>calore</strong></span> <span class='ocrx_word' id='word_1_869' title='bbox 2871 4726 2982 4795; x_wconf 79' lang='lat' dir='ltr'><strong>ejus</strong></span> <span class='ocrx_word' id='word_1_870' title='bbox 3007 4724 3023 4793; x_wconf 95' lang='lat'>(</span> <span class='ocrx_word' id='word_1_871' title='bbox 3045 4721 3199 4777; x_wconf 87' lang='lat' dir='ltr'><strong>Psat.</strong></span> <span class='ocrx_word' id='word_1_872' title='bbox 3252 4726 3411 4787; x_wconf 78' lang='lat' dir='ltr'><strong>xvtu‘,</strong></span> <span class='ocrx_word' id='word_1_873' title='bbox 3446 4706 3474 4778; x_wconf 63' lang='grc' dir='ltr'><em>ἦ</em></span> <span class='ocrx_word' id='word_1_874' title='bbox 3502 4727 3540 4795; x_wconf 93' lang='grc'><strong>).</strong></span> <span class='ocrx_word' id='word_1_875' title='bbox 3578 4724 3678 4781; x_wconf 88' lang='lat' dir='ltr'><strong>Sin</strong></span> <span class='ocrx_word' id='word_1_876' title='bbox 3728 4741 3829 4780; x_wconf 87' lang='lat' dir='ltr'><strong>au-</strong></span> 
     </span>
    </p>
   </div>
   <div class='ocr_carea' id='block_1_107' title="bbox 2225 4806 3819 4891">
    <p class='ocr_par' dir='ltr' id='par_1_107' title="bbox 2225 4806 3819 4891">
     <span class='ocr_line' id='line_1_107' title="bbox 2225 4806 3819 4891; baseline 0.007 -26"><span class='ocrx_word' id='word_1_877' title='bbox 2225 4808 2330 4866; x_wconf 84' lang='lat' dir='ltr'><strong>tem</strong></span> <span class='ocrx_word' id='word_1_878' title='bbox 2362 4818 2417 4865; x_wconf 83' lang='lat' dir='ltr'><strong>et&#39;</strong></span> <span class='ocrx_word' id='word_1_879' title='bbox 2465 4814 2729 4881; x_wconf 79' lang='lat' dir='ltr'><strong>exterius,</strong></span> <span class='ocrx_word' id='word_1_880' title='bbox 2764 4814 2818 4869; x_wconf 77' lang='lat' dir='ltr'><strong>et</strong></span> <span class='ocrx_word' id='word_1_881' title='bbox 2850 4816 3078 4872; x_wconf 86' lang='lat' dir='ltr'><strong>interius</strong></span> <span class='ocrx_word' id='word_1_882' title='bbox 3122 4818 3423 4891; x_wconf 84' lang='lat' dir='ltr'><strong>accipimus</strong></span> <span class='ocrx_word' id='word_1_883' title='bbox 3464 4806 3663 4875; x_wconf 84' lang='lat' dir='ltr'><strong>atrium</strong></span> <span class='ocrx_word' id='word_1_884' title='bbox 3692 4837 3703 4872; x_wconf 88' lang='lat'><strong>:</strong></span> <span class='ocrx_word' id='word_1_885' title='bbox 3737 4823 3819 4876; x_wconf 89' lang='lat' dir='ltr'><strong>sic</strong></span> 
     </span>
    </p>
   </div>
   <div class='ocr_carea' id='block_1_108' title="bbox 2225 4892 3819 4979">
    <p class='ocr_par' dir='ltr' id='par_1_108' title="bbox 2225 4892 3819 4979">
     <span class='ocr_line' id='line_1_108' title="bbox 2225 4892 3819 4979; baseline 0.008 -24"><span class='ocrx_word' id='word_1_886' title='bbox 2225 4904 2636 4973; x_wconf 71' lang='lat' dir='ltr'><strong>intelligendum</strong></span> <span class='ocrx_word' id='word_1_887' title='bbox 2678 4916 2791 4973; x_wconf 91' lang='lat' dir='ltr'><strong>est,</strong></span> <span class='ocrx_word' id='word_1_888' title='bbox 2827 4892 2973 4979; x_wconf 83' lang='lat' dir='ltr'><strong>quod</strong></span> <span class='ocrx_word' id='word_1_889' title='bbox 3018 4911 3158 4966; x_wconf 84' lang='lat' dir='ltr'><strong>Deus</strong></span> <span class='ocrx_word' id='word_1_890' title='bbox 3183 4921 3237 4967; x_wconf 89' lang='lat' dir='ltr'><strong>et</strong></span> <span class='ocrx_word' id='word_1_891' title='bbox 3264 4898 3628 4969; x_wconf 80' lang='lat' dir='ltr'><strong>circumfusus</strong></span> <span class='ocrx_word' id='word_1_892' title='bbox 3664 4916 3733 4968; x_wconf 90' lang='lat' dir='ltr'><strong>sit</strong></span> <span class='ocrx_word' id='word_1_893' title='bbox 3761 4922 3819 4968; x_wconf 85' lang='lat' dir='ltr'><strong>ct</strong></span> 
     </span>
    </p>
   </div>
   <div class='ocr_carea' id='block_1_109' title="bbox 2227 4990 3816 5073">
    <p class='ocr_par' dir='ltr' id='par_1_109' title="bbox 2227 4990 3816 5073">
     <span class='ocr_line' id='line_1_109' title="bbox 2227 4990 3816 5073; baseline 0.007 -25"><span class='ocrx_word' id='word_1_894' title='bbox 2227 4997 2456 5063; x_wconf 76' lang='lat' dir='ltr'><strong>infusus,</strong></span> <span class='ocrx_word' id='word_1_895' title='bbox 2511 4998 2701 5054; x_wconf 88' lang='lat' dir='ltr'><strong>dicens</strong></span> <span class='ocrx_word' id='word_1_896' title='bbox 2746 5014 2840 5070; x_wconf 88' lang='lat' dir='ltr'><strong>per</strong></span> <span class='ocrx_word' id='word_1_897' title='bbox 2890 4990 3213 5073; x_wconf 86' lang='lat' dir='ltr'><strong>prophetam</strong></span> <span class='ocrx_word' id='word_1_898' title='bbox 3255 5023 3266 5058; x_wconf 75' lang='grc' dir='ltr'>ε</span> <span class='ocrx_word' id='word_1_899' title='bbox 3313 4992 3416 5072; x_wconf 83' lang='lat' dir='ltr'><strong>Qui</strong></span> <span class='ocrx_word' id='word_1_900' title='bbox 3460 5015 3589 5059; x_wconf 79' lang='lat' dir='ltr'><strong>tenet</strong></span> <span class='ocrx_word' id='word_1_901' title='bbox 3636 5005 3816 5060; x_wconf 79' lang='lat' dir='ltr'><strong>cwlum</strong></span> 
     </span>
    </p>
   </div>
   <div class='ocr_carea' id='block_1_110' title="bbox 2227 5082 3827 5170">
    <p class='ocr_par' dir='ltr' id='par_1_110' title="bbox 2227 5082 3827 5170">
     <span class='ocr_line' id='line_1_110' title="bbox 2227 5082 3827 5170; baseline 0.008 -28"><span class='ocrx_word' id='word_1_902' title='bbox 2227 5090 2421 5162; x_wconf 79' lang='lat' dir='ltr'><strong>palmo,</strong></span> <span class='ocrx_word' id='word_1_903' title='bbox 2453 5090 2505 5145; x_wconf 76' lang='lat' dir='ltr'><strong>et</strong></span> <span class='ocrx_word' id='word_1_904' title='bbox 2531 5098 2718 5147; x_wconf 77' lang='lat' dir='ltr'><strong>terram</strong></span> <span class='ocrx_word' id='word_1_905' title='bbox 2744 5094 2943 5166; x_wconf 83' lang='lat' dir='ltr'><strong>pugillo</strong></span> <span class='ocrx_word' id='word_1_906' title='bbox 2974 5095 3117 5170; x_wconf 82' lang='lat' dir='ltr'><strong>(lsa.</strong></span> <span class='ocrx_word' id='word_1_907' title='bbox 3153 5114 3243 5163; x_wconf 76' lang='lat' dir='ltr'><strong>XL,</strong></span> <span class='ocrx_word' id='word_1_908' title='bbox 3272 5082 3379 5170; x_wconf 59' lang='lat' dir='ltr'><strong>lﬂl</strong></span> <span class='ocrx_word' id='word_1_909' title='bbox 3413 5117 3422 5152; x_wconf 94' lang='lat'>:</span> <span class='ocrx_word' id='word_1_910' title='bbox 3460 5109 3517 5153; x_wconf 90' lang='lat' dir='ltr'><strong>ut</strong></span> <span class='ocrx_word' id='word_1_911' title='bbox 3548 5100 3728 5155; x_wconf 79' lang='lat' dir='ltr'><strong>omnia</strong></span> <span class='ocrx_word' id='word_1_912' title='bbox 3755 5094 3827 5155; x_wconf 59' lang='lat' dir='ltr'><strong>ab~</strong></span> 
     </span>
    </p>
   </div>
   <div class='ocr_carea' id='block_1_111' title="bbox 2228 5176 3829 5277">
    <p class='ocr_par' dir='ltr' id='par_1_111' title="bbox 2228 5176 3829 5277">
     <span class='ocr_line' id='line_1_111' title="bbox 2228 5176 3829 5277; baseline 0.006 -38"><span class='ocrx_word' id='word_1_913' title='bbox 2228 5182 2327 5241; x_wconf 84' lang='lat' dir='ltr'><strong>illo&#39;</strong></span> <span class='ocrx_word' id='word_1_914' title='bbox 2353 5186 2639 5243; x_wconf 77' lang='lat' dir='ltr'><strong>videantur</strong></span> <span class='ocrx_word' id='word_1_915' title='bbox 2671 5189 2895 5246; x_wconf 90' lang='lat' dir='ltr'><strong>includi.</strong></span> <span class='ocrx_word' id='word_1_916' title='bbox 2923 5191 2983 5246; x_wconf 86' lang='lat' dir='ltr'><strong>Et</strong></span> <span class='ocrx_word' id='word_1_917' title='bbox 3014 5209 3232 5247; x_wconf 84' lang='lat' dir='ltr'><strong>rursum</strong></span> <span class='ocrx_word' id='word_1_918' title='bbox 3268 5211 3279 5245; x_wconf 87' lang='lat'>:</span> <span class='ocrx_word' id='word_1_919' title='bbox 3317 5178 3511 5247; x_wconf 69' lang='lat' dir='ltr'><strong>Caelum</strong></span> <span class='ocrx_word' id='word_1_920' title='bbox 3533 5176 3829 5277; x_wconf 29' lang='lat' dir='ltr'><strong>mihithkro-</strong></span> 
     </span>
    </p>
   </div>
   <div class='ocr_carea' id='block_1_112' title="bbox 2231 5270 3825 5358">
    <p class='ocr_par' dir='ltr' id='par_1_112' title="bbox 2231 5270 3825 5358">
     <span class='ocr_line' id='line_1_112' title="bbox 2231 5270 3825 5358; baseline 0.006 -25"><span class='ocrx_word' id='word_1_921' title='bbox 2231 5284 2327 5334; x_wconf 79' lang='lat' dir='ltr'><strong>mis</strong></span> <span class='ocrx_word' id='word_1_922' title='bbox 2357 5290 2429 5336; x_wconf 76' lang='lat' dir='ltr'><strong>cat</strong></span> <span class='ocrx_word' id='word_1_923' title='bbox 2459 5300 2477 5336; x_wconf 89' lang='lat'><strong><em>:</em></strong></span> <span class='ocrx_word' id='word_1_924' title='bbox 2510 5291 2649 5337; x_wconf 76' lang='lat' dir='ltr'><strong>terra</strong></span> <span class='ocrx_word' id='word_1_925' title='bbox 2690 5294 2861 5339; x_wconf 82' lang='lat' dir='ltr'><strong>autem</strong></span> <span class='ocrx_word' id='word_1_926' title='bbox 2895 5270 3177 5341; x_wconf 56' lang='lat' dir='ltr'><strong>scadetlum</strong></span> <span class='ocrx_word' id='word_1_927' title='bbox 3210 5280 3396 5357; x_wconf 77' lang='lat' dir='ltr'><strong>pedum</strong></span> <span class='ocrx_word' id='word_1_928' title='bbox 3432 5286 3663 5341; x_wconf 74' lang='lat' dir='ltr'><strong>mcorunt</strong></span> <span class='ocrx_word' id='word_1_929' title='bbox 3684 5270 3825 5358; x_wconf 78' lang='lat' dir='ltr'><strong>(lsa.</strong></span> 
     </span>
    </p>
   </div>
   <div class='ocr_carea' id='block_1_113' title="bbox 2228 5362 3826 5453">
    <p class='ocr_par' dir='ltr' id='par_1_113' title="bbox 2228 5362 3826 5453">
     <span class='ocr_line' id='line_1_113' title="bbox 2228 5362 3826 5453; baseline 0.004 -24"><span class='ocrx_word' id='word_1_930' title='bbox 2228 5376 2373 5441; x_wconf 52' lang='grc' dir='ltr'>ἰλύι,</span> <span class='ocrx_word' id='word_1_931' title='bbox 2417 5366 2439 5429; x_wconf 38' lang='lat' dir='ltr'><strong>li</strong></span> <span class='ocrx_word' id='word_1_932' title='bbox 2465 5376 2512 5447; x_wconf 95' lang='lat'><strong>),</strong></span> <span class='ocrx_word' id='word_1_933' title='bbox 2548 5376 2608 5431; x_wconf 88' lang='lat' dir='ltr'><strong>ut</strong></span> <span class='ocrx_word' id='word_1_934' title='bbox 2638 5380 2777 5433; x_wconf 79' lang='lat' dir='ltr'><strong>intra</strong></span> <span class='ocrx_word' id='word_1_935' title='bbox 2819 5381 3003 5435; x_wconf 80' lang='lat' dir='ltr'><strong>otnnia</strong></span> <span class='ocrx_word' id='word_1_936' title='bbox 3036 5396 3160 5437; x_wconf 85' lang='lat' dir='ltr'><strong>esse</strong></span> <span class='ocrx_word' id='word_1_937' title='bbox 3190 5362 3499 5437; x_wconf 88' lang='lat' dir='ltr'><strong>credendus</strong></span> <span class='ocrx_word' id='word_1_938' title='bbox 3526 5381 3597 5435; x_wconf 79' lang='lat' dir='ltr'><strong>sit</strong></span> <span class='ocrx_word' id='word_1_939' title='bbox 3633 5380 3826 5453; x_wconf 77' lang='lat' dir='ltr'><strong>:juxta</strong></span> 
     </span>
    </p>
   </div>
   <div class='ocr_carea' id='block_1_114' title="bbox 2229 5469 3328 5547">
    <p class='ocr_par' dir='ltr' id='par_1_114' title="bbox 2229 5469 3328 5547">
     <span class='ocr_line' id='line_1_114' title="bbox 2229 5469 3328 5547; baseline 0.006 -25"><span class='ocrx_word' id='word_1_940' title='bbox 2229 5469 2362 5524; x_wconf 92' lang='lat' dir='ltr'><strong>illud</strong></span> <span class='ocrx_word' id='word_1_941' title='bbox 2394 5469 2745 5541; x_wconf 68' lang='lat' dir='ltr'><strong>Virgilianum</strong></span> <span class='ocrx_word' id='word_1_942' title='bbox 2777 5472 3037 5546; x_wconf 75' lang='lat' dir='ltr'><strong>(/Eneid.</strong></span> <span class='ocrx_word' id='word_1_943' title='bbox 3068 5473 3162 5528; x_wconf 86' lang='lat' dir='ltr'><strong>lib.</strong></span> <span class='ocrx_word' id='word_1_944' title='bbox 3198 5475 3283 5547; x_wconf 83' lang='lat' dir='ltr'><strong>vi)</strong></span> <span class='ocrx_word' id='word_1_945' title='bbox 3316 5493 3328 5529; x_wconf 89' lang='lat'><strong>:</strong></span> 
     </span>
    </p>
   </div>
   <div class='ocr_carea' id='block_1_115' title="bbox 2326 5598 3831 5687">
    <p class='ocr_par' dir='ltr' id='par_1_115' title="bbox 2326 5598 3831 5687">
     <span class='ocr_line' id='line_1_115' title="bbox 2326 5598 3831 5687; baseline 0.005 -21"><span class='ocrx_word' id='word_1_946' title='bbox 2326 5598 2492 5687; x_wconf 56' lang='grc' dir='ltr'><strong>ᾖδε</strong></span> <span class='ocrx_word' id='word_1_947' title='bbox 2510 5616 3017 5687; x_wconf 61' lang='lat' dir='ltr'><strong>Principiocmlunrac</strong></span> <span class='ocrx_word' id='word_1_948' title='bbox 3035 5629 3212 5687; x_wconf 64' lang='lat' dir='ltr'><strong>terras,</strong></span> <span class='ocrx_word' id='word_1_949' title='bbox 3237 5618 3533 5687; x_wconf 69' lang='lat' dir='ltr'><strong>camposque</strong></span> <span class='ocrx_word' id='word_1_950' title='bbox 3551 5623 3831 5687; x_wconf 64' lang='lat' dir='ltr'><strong>liquentes;</strong></span> 
     </span>
    </p>
   </div>
   <div class='ocr_carea' id='block_1_116' title="bbox 2329 5676 3593 5748">
    <p class='ocr_par' dir='ltr' id='par_1_116' title="bbox 2329 5676 3593 5748">
     <span class='ocr_line' id='line_1_116' title="bbox 2329 5676 3593 5748; baseline 0.008 -23"><span class='ocrx_word' id='word_1_951' title='bbox 2329 5676 2703 5745; x_wconf 67' lang='lat' dir='ltr'><strong>LuceiiteniQUe</strong></span> <span class='ocrx_word' id='word_1_952' title='bbox 2729 5680 2925 5744; x_wconf 81' lang='lat' dir='ltr'><strong>globum</strong></span> <span class='ocrx_word' id='word_1_953' title='bbox 2943 5682 3094 5748; x_wconf 59' lang='lat' dir='ltr'><strong>luna},</strong></span> <span class='ocrx_word' id='word_1_954' title='bbox 3117 5676 3408 5746; x_wconf 77' lang='lat' dir='ltr'><strong>Titaniaque</strong></span> <span class='ocrx_word' id='word_1_955' title='bbox 3433 5676 3593 5746; x_wconf 56' lang='lat' dir='ltr'><strong>Astra,</strong></span> 
     </span>
    </p>
   </div>
   <div class='ocr_carea' id='block_1_117' title="bbox 2322 5787 3823 5865">
    <p class='ocr_par' dir='ltr' id='par_1_117' title="bbox 2322 5787 3823 5865">
     <span class='ocr_line' id='line_1_117' title="bbox 2322 5787 3823 5865; baseline 0.007 -28"><span class='ocrx_word' id='word_1_956' title='bbox 2322 5787 2435 5857; x_wconf 67' lang='lat' dir='ltr'><strong>eius</strong></span> <span class='ocrx_word' id='word_1_957' title='bbox 2468 5788 2520 5841; x_wconf 84' lang='lat' dir='ltr'><strong>in</strong></span> <span class='ocrx_word' id='word_1_958' title='bbox 2549 5789 2766 5843; x_wconf 79' lang='lat' dir='ltr'><strong>circuitu</strong></span> <span class='ocrx_word' id='word_1_959' title='bbox 2793 5790 3171 5860; x_wconf 75' lang='lat' dir='ltr'><strong>quinquaginta</strong></span> <span class='ocrx_word' id='word_1_960' title='bbox 3224 5792 3418 5849; x_wconf 82' lang='lat' dir='ltr'><strong>cubitos</strong></span> <span class='ocrx_word' id='word_1_961' title='bbox 3461 5793 3823 5865; x_wconf 62' lang='lat' dir='ltr'><strong>longitudinis,</strong></span> 
     </span>
    </p>
   </div>
  </div>
