4108 6338
494 250 594 309 '59!

1760 240 1819 299 S.
1863 236 2141 299 EUSEBll
2178 236 2567 299 HIERONYMI

3696 241 3804 301 393

497 363 641 438 quod
675 370 846 420 totum
890 375 1046 439 sacer
1090 359 1233 434 ignis
1262 367 1547 428 assumat,
1604 358 1804 416 deinde
1836 376 1938 431 pro
1971 375 2097 431 pec-
2128 360 2171 422 Α
2209 378 2228 412 ι
2279 358 2442 414 Ionis.
2476 361 2539 415 Et
2583 357 2721 415 dixit
2770 358 2839 415 ad
2891 372 3019 415 me:
3069 359 3183 416 Hoc
3220 366 3307 417 est
3353 357 3802 432 gazophylacium

498 467 644 524 cato,
693 466 748 513 et
792 456 857 510 ad
904 465 1213 511 extremum
1261 469 1363 526 pro
1414 452 1762 525 ignorantia:
1815 452 1958 524 quod
2012 451 2099 508 vel

496 550 732 608 scientes
782 548 1201 616 commisimus,
1273 549 1358 605 vel
1420 548 1759 619 ignorantes.
1821 546 1902 601 Ad
1957 546 2101 600 latus

494 661 708 717 quoque
755 644 997 701 exterius
1046 644 1199 714 juxta
1246 642 1596 716 Septuaginta
1644 651 1761 697 erat
1818 642 1965 696 rivus
2023 640 2099 696 fa-

496 739 806 806 brefactus,
853 740 942 811 qui
996 738 1442 796 holocaustorum
1487 739 1700 794 cineres
1729 779 1743 803 ,
1775 748 1831 792 et
1854 736 2098 790 carnium

496 835 813 892 virulentias
878 832 1012 908 (Al.
1070 833 1429 906 jurulentias)
1483 832 1746 889 eﬂ'erebat
1816 830 2099 885 exterius:

494 928 610 985 sive
666 938 821 984 erant
866 927 989 983 dote
1034 943 1275 996 mensae,
1329 937 1384 983 et
1432 925 1501 981 ad
1557 927 1699 981 latus
1753 924 1984 980 alterum
2018 939 2103 980 ve-

494 1024 683 1081 stibuli
744 1024 992 1095 ejusdem
1045 1034 1215 1096 porta:
1274 1023 1395 1079 dua:
1443 1038 1648 1080 mensa:
1684 1063 1699 1086 ,
1754 1007 1806 1078 id
1853 1030 1980 1090 est,
2034 1037 2099 1077 ex

497 1128 727 1191 utraque
759 1127 914 1190 parte
940 1129 1253 1191 quater-nte,
1301 1126 1535 1188 quatuor
1566 1116 1715 1182 hinc,
1772 1125 1828 1171 et
1868 1124 2103 1183 quatuor

500 1216 663 1285 inde,
718 1225 776 1273 et
831 1227 955 1287 post
996 1225 1245 1286 tergum,
1292 1215 1417 1270 sive
1463 1212 1532 1269 ad
1580 1212 1720 1267 latus
1763 1226 1949 1267 earum
1981 1210 2103 1265 alia:

501 1321 628 1368 octo
679 1325 922 1367 mensae:
976 1318 1034 1365 ut
1083 1308 1241 1365 simul
1294 1308 1496 1363 faciant
1557 1320 1779 1362 mensas
1823 1304 2101 1360 sedecim:

498 1421 607 1476 quo
638 1419 864 1460 numero
893 1402 1291 1476 prophetarum
1324 1401 1587 1473 mysteria
1618 1400 2101 1457 demonstrantur:

500 1496 833 1569 utquidquid
858 1512 960 1568 per
984 1495 1370 1567 Evangelicam
1396 1493 1677 1549 offerimus
1706 1492 2099 1563 dignationem,

498 1589 823 1662 praedicmm
907 1604 1097 1646 eorum
1178 1585 1655 1643 vaticinationibus
1710 1583 2100 1656 approbemus.

502 1682 768 1754 Quodque
820 1681 1131 1738 inferuntur
1186 1686 1423 1752 quatuor
1475 1693 1679 1734 mensae
1731 1677 1800 1732 de
1829 1675 2104 1745 lapidibus

2210 470 2228 503 r
2277 453 2421 522 quod
2488 452 2711 523 respicit
2786 452 2932 508 viam
3015 454 3372 509 meridianam
3458 452 3804 509 sacerdotum

2209 563 2228 598 ‹
2274 544 2460 618 [γαίῃ.
2494 546 2639 601 addit
2671 545 2815 619 erit].
2846 548 2937 618 qui
2964 548 3315 604 excubantin
3361 546 3625 604 custodiis
3674 558 3808 603 tem-

2210 657 2229 691 r
2277 639 2372 709 pli.
2423 640 2596 695 Porro
2635 641 3086 715 gazophylacium
3118 643 3264 715 quod
3311 643 3539 715 respicit
3567 642 3634 699 ad
3663 644 3805 699 viam

2208 750 2228 785 ι
2276 732 2580 805 Aquilonis,
2626 737 2971 793 sacerdotum
3002 739 3111 794 erit
3154 738 3248 808 qui
3292 738 3567 794 excubant
3593 737 3663 793 ad
3704 738 3806 794 mi-

2210 845 2228 880 r
2278 830 2567 887 uisterium
2600 832 2790 888 altaris
2820 852 2832 887 :
2866 832 2960 889 Isti
2991 841 3119 888 sunt
3148 833 3242 889 lilii
3288 833 3467 891 Sadoc
3514 834 3605 905 qui
3639 849 3803 891 acce-

2212 943 2229 975 r
2276 922 2413 979 dunt
2438 925 2509 981 de
2539 924 2665 979 filiis
2687 924 2815 981 Levi
2846 925 2912 981 ad
2958 927 3269 994 Dominum,
3302 934 3361 981 ut
3383 927 3695 983 ministrent
3730 926 3801 983 ei.

2164 1008 2171 1015 ’
2211 1036 2229 1070 ι
2273 1018 2343 1074 Et
2373 1034 2592 1075 mensus
2621 1029 2705 1076 est
2726 1022 2928 1076 atrium
2957 1021 3299 1093 longitudine
3328 1031 3547 1079 centum
3595 1022 3806 1078 cubito-

2212 1130 2229 1163 ι
2279 1127 2436 1179 rum,
2477 1122 2534 1169 et
2587 1113 2875 1171 latitudine
2916 1125 3136 1171 centum
3183 1117 3494 1172 cubitorum
3538 1131 3636 1187 per
3673 1132 3804 1187 qua-

2213 1222 2231 1257 ι
2277 1204 2459 1271 drum,
2484 1213 2541 1261 et
2566 1206 2746 1263 altare
2766 1216 2894 1264 ante
2919 1206 3111 1264 faciem
3146 1208 3357 1278 templi.
3402 1208 3468 1262 Et
3500 1208 3807 1264 introduxit

2213 1317 2232 1350 ι
2280 1314 2366 1354 me
2389 1299 2442 1353 in
2473 1299 2799 1355 vestibulum
2825 1300 3013 1370 templi
3043 1318 3056 1354 :
3101 1309 3157 1356 et
3189 1316 3413 1356 mensus
3441 1309 3530 1356 est
3562 1300 3811 1357 vestibud

2213 1408 2232 1443 ‹
2280 1390 2390 1446 lum
2440 1392 2680 1463 quinque
2732 1394 2932 1450 cubitis
2978 1394 3144 1463 hinc,
3189 1404 3244 1450 et
3318 1396 3559 1466 quinque
3609 1395 3806 1451 cubitis

2213 1503 2232 1538 ι
2281 1485 2429 1551 inde,
2458 1496 2514 1542 et
2539 1487 2885 1545 latitudinem
2933 1500 3105 1561 portae
3138 1488 3298 1545 trium
3321 1490 3628 1546 cubitorum
3654 1490 3803 1556 hinc,

2212 1597 2232 1631 ‹
2280 1590 2332 1635 et
2376 1580 2536 1635 trium
2586 1581 2895 1637 cubitorum
2945 1582 3093 1638 inde.
3146 1582 3573 1655 Longitudinem
3620 1593 3804 1639 autem

2214 1691 2232 1723 ι
2286 1674 2540 1729 vestibuli
2570 1675 2757 1746 viginti
2800 1677 3137 1744 cubitorum,
3164 1689 3218 1735 et
3248 1678 3589 1735 latitudinem
3642 1680 3809 1736 unde-

500 1778 727 1849 quadris
746 1785 1066 1844 exstructaa,
1100 1785 1155 1832 et
1183 1774 1268 1830 hte
1295 1775 1427 1845 ipsa:
1467 1772 1535 1829 ad
1560 1772 1893 1829 sacrificium
1927 1780 1982 1827 et
2002 1770 2101 1825 ho-
2132 1755 2181 1817 Β
2213 1785 2233 1821 r
2278 1768 2384 1823 cim
2407 1768 2740 1839 cubitorum,
2775 1782 2830 1827 et
2859 1780 2985 1827 octo
3009 1774 3268 1845 gradibus
3299 1774 3694 1831 ascendebatur
3734 1774 3806 1831 ad

500 1871 806 1928 locaustum
836 1870 946 1942 (Af.
972 1868 1469 1940 holocaustorum),
1495 1868 1583 1924 isti
1612 1877 1739 1923 sunt
1763 1866 1866 1922 vivi
1891 1866 2100 1936 lapides

498 1965 591 2037 qui
621 1964 910 2021 volvuntur
940 1977 1108 2033 super
1135 1970 1361 2029 terram,
1394 1970 1450 2017 et
1481 1960 1685 2016 habent
1716 1974 1901 2016 secum
1932 1974 2102 2030 angu-

498 2056 671 2112 larem
702 2054 961 2127 lapidem,
994 2070 1101 2126 quo
1130 2054 1363 2121 veteris,
1394 2062 1450 2110 et
1478 2053 1603 2109 novi
1629 2052 1978 2109 Instrumenti
2012 2066 2103 2121 pa-

502 2151 670 2208 rietes
701 2150 1075 2207 continentur.
1106 2148 1354 2217 Quatuor
1385 2155 1566 2204 autem
1620 2162 1885 2203 numerus
1926 2146 2105 2201 Evan-

501 2242 673 2315 gelica
703 2250 1045 2298 sacramenta
1078 2241 1443 2308 demonstrat,
1476 2240 1817 2311 longitudine
1842 2248 1898 2294 et
1921 2239 2105 2294 latitu-

394 2398 399 2401 μ
500 2337 631 2393 dine
660 2335 865 2391 habetis
907 2350 1072 2390 unum
1104 2334 1351 2390 cubitum
1378 2343 1430 2388 et
1451 2333 1758 2397 dimidium,
1788 2331 1841 2387 id
1867 2340 1973 2400 est,
2006 2346 2103 2401 per

502 2428 790 2502 quadrum,
824 2442 946 2500 quae
975 2426 1347 2497 siinuljuncta
1371 2435 1485 2481 tres
1508 2425 1725 2481 cubitos
1754 2425 1983 2488 faciunt,
2008 2422 2104 2495 qui

503 2533 616 2581 tres
653 2522 823 2579 cubiti
866 2522 1068 2577 habent
1114 2521 1169 2576 in
1209 2519 1501 2576 altitudine
1530 2519 1769 2574 cubitum
1803 2532 2011 2583 unum;
2045 2522 2105 2571 ut

505 2615 761 2690 mysteria
782 2614 1064 2670 Trinitatis
1083 2613 1244 2669 unius
1270 2611 1461 2675 cubiti.
1485 2611 1591 2667 hoc
1614 2622 1697 2667 est
1715 2609 1913 2665 divinae
1935 2608 2105 2680 maje-

503 2711 660 2768 statis
675 2724 933 2767 mensura
955 2718 1266 2776 conservet,
1291 2707 1511 2765 dicente
1527 2706 1758 2763 Domino
1775 2705 1842 2761 ad
1866 2704 2106 2775 discipu-

505 2803 618 2860 los:
644 2805 749 2870 Ite,
784 2803 1059 2874 baptizate
1091 2815 1284 2858 omnes
1308 2810 1504 2872 gentes
1526 2800 1581 2855 in
1596 2796 2029 2862 nominePatris,
2051 2805 2108 2852 et

505 2897 631 2955 Filii
652 2907 706 2952 et
735 2896 978 2967 Spiritus
1002 2896 1175 2951 sancti
1192 2894 1413 2963 (Matth.
1431 2909 1625 2960 xxvnt,
1645 2892 1757 2965 l9).
1775 2892 1981 2948 Nomen
2004 2907 2103 2946 au-

508 3003 615 3050 tem
632 2992 753 3058 Dei,
781 2992 937 3064 quasi
957 2991 1116 3047 unius
1138 2989 1245 3063 (Al.
1263 2989 1426 3062 unus)
1446 2988 1755 3045 altitudinis
1773 2988 1987 3043 cubitus
1999 2997 2101 3056 est,

506 3087 598 3160 qui
615 3085 781 3160 489
800 3096 910 3141 tres
928 3084 1312 3157 complectitur
1330 3085 1711 3155 proprietates,
1729 3080 2104 3139 etholocausta

506 3155 850 3237 oblatiotium
877 3155 1192 3236 nostrarum
1222 3193 1441 3249 semper
1470 3177 1720 3233 assumit.
1760 3177 1934 3248 Super
1958 3176 2101 3245 ipsas
2127 3155 2175 3219 (ἶ

508 3281 692 3327 autem
721 3281 957 3341 quatuor
987 3285 1205 3326 mensas
1260 3268 1701 3325 holocaustorum
1742 3268 1878 3323 vivis
1912 3266 2105 3338 lapidi-

504 3362 610 3422 bus
629 3375 959 3432 exstructas,
994 3382 1220 3438 quarum
1252 3365 1562 3436 longitudo,
1589 3375 1646 3421 et
1672 3365 1923 3431 latitudo,
1947 3373 2001 3420 et
2025 3363 2107 3419 al-

508 3459 684 3515 titudo
730 3458 1008 3527 descripta
1035 3468 1141 3523 est,
1200 3460 1478 3529 ponuntur
1508 3473 1635 3514 vasa
1668 3458 1721 3513 in
1772 3457 1968 3528 quibus
2008 3458 2108 3513 im-

507 3553 741 3607 molatur
780 3551 1163 3606 holocaustum
1198 3560 1523 3624 martyrum,
1549 3550 1617 3606 de
1646 3551 1843 3622 quibus
1866 3549 2064 3605 dicitur
2090 3566 2102 3603 :

506 3642 751 3702 Pretiosa
781 3645 833 3699 in
860 3654 1163 3714 conspectu
1193 3643 1412 3699 Domini
1436 3659 1584 3699 mors
1629 3653 1949 3699 sanctorum
1991 3642 2108 3713 ejus

507 3737 627 3810 (Ps.
655 3754 787 3806 cxv,
818 3738 873 3809 5)
908 3753 923 3803 ;
951 3746 1005 3793 et
1034 3752 1226 3793 eorum
1260 3738 1521 3806 victimae,
1576 3738 1669 3810 qui
1722 3738 2059 3794 continentia
2087 3780 2102 3806 ,

507 3842 564 3890 et
590 3832 839 3902 corporis
868 3834 1181 3899 sanctitate,
1209 3833 1421 3887 animas
1455 3848 1587 3886 suas
1611 3831 1899 3886 immolant
1929 3832 2110 3885 Domi-

509 3940 602 3982 no.
628 3923 1047 3996 Mensarumque
1070 3925 1301 3981 istarum
1328 3926 1571 3990 nomine,
1602 3934 1730 3995 puto
1753 3925 1804 3980 in
1828 3924 2103 3990 Matthtco,

508 4029 564 4078 et
589 4020 756 4088 Luca,
803 4020 987 4077 Marco
1019 4031 1076 4077 et
1103 4018 1314 4076 Joanne
1335 4019 1601 4091 apostolis
1626 4019 1934 4075 contineri:
1972 4034 2106 4089 qua-

509 4131 630 4171 rum
674 4129 878 4171 corona
928 4113 1169 4187 desuper
1198 4115 1339 4171 flexa
1390 4113 1746 4182 intrinsecus,
1793 4129 1889 4185 per
1909 4113 2108 4169 circui-

508 4217 622 4264 tum
672 4209 945 4281 margines
990 4207 1288 4273 ambiebat,
1341 4216 1399 4262 ut
1440 4206 1758 4263 holocausta
1803 4208 2112 4263 contineret

508 4300 865 4369 intrinsecus,
894 4308 953 4357 et
984 4315 1088 4357 non
1112 4300 1315 4371 passim
1346 4298 1519 4356 ﬂuere
1540 4301 1902 4371 permitteret,
1949 4309 2108 4356 tene-

507 4406 700 4467 retque
726 4409 924 4452 carnes
947 4391 1260 4461 oblationis,
1288 4394 1405 4448 sive
1426 4402 1483 4448 ut
1505 4391 1654 4449 LXX
1673 4393 2066 4449 transtulerunt
2095 4410 2107 4446 :

508 4485 579 4541 Et
602 4489 730 4557 ipsa:
750 4503 939 4544 mensa:
966 4497 1112 4543 tecte
1138 4496 1287 4543 erant
1312 4486 1553 4554 desuper,
1587 4498 1811 4559 pr0pter
1850 4487 2104 4542 imbrium

508 4578 847 4648 violentiam,
888 4589 944 4636 et
964 4581 1138 4636 :estivi
1191 4580 1325 4637 solis
1366 4579 1590 4635 nimiam
1650 4581 1998 4637 siccitatem:
2053 4561 2190 4636 utD

509 4687 700 4729 carnes
734 4672 968 4743 desuper
1020 4674 1212 4745 posita:
1238 4714 1253 4738 ,
1309 4675 1529 4745 possint
1570 4674 1758 4731 dicere
1800 4691 1920 4731 cum
1986 4689 2112 4746 pro-

508 4763 671 4836 pheta
700 4781 713 4821 :
744 4763 848 4820 Per
870 4762 1015 4819 diem
1070 4765 1153 4820 sol
1187 4781 1293 4820 non
1328 4774 1454 4822 uret
1504 4782 1627 4837 nos,
1655 4783 1831 4839 neque
1860 4769 1985 4822 luna
2011 4782 2111 4838 per

510 4871 729 4919 noctem
756 4859 883 4932 (Ps.
908 4875 1037 4928 cxx,
1061 4859 1142 4933 6).
1193 4860 1438 4930 Quorum
1484 4864 1737 4931 alterum,
1773 4863 1955 4918 nimiis
1992 4863 2112 4933 plu-

509 4955 632 5023 viis,
664 4963 720 5011 et
748 4953 1169 5025 tempestatibus
1209 4954 1627 5011 tribulationum
1673 4956 1922 5011 dissolvit
1959 4955 2109 5011 obla-

512 5049 721 5117 tiones;
755 5047 991 5105 alterum
1023 5048 1338 5105 vehementi
1371 5060 1505 5106 aestu
1530 5052 1971 5122 persecutionum
1989 5064 2111 5106 are-

511 5143 644 5203 facit
671 5143 934 5217 quidquid
984 5143 1231 5202 oblatum
1276 5155 1382 5204 est.
1428 5145 1675 5217 Ignosce,
1720 5146 1922 5215 lector,
1970 5145 2114 5201 diffi-

509 5241 700 5300 cultati
726 5241 973 5297 locorum
1004 5257 1018 5295 :
1061 5251 1154 5297 aut
1178 5241 1226 5297 si
1270 5242 1465 5298 melius
1492 5241 1621 5312 quid
1652 5241 1901 5298 invenire
1930 5252 2109 5313 potes,

514 5333 650 5393 doce
675 5349 690 5387 :
721 5332 959 5389 libenter
986 5331 1252 5390 discimus
1274 5333 1420 5406 quod
1443 5335 1736 5390 nescimus.

588 5432 775 5504 (Vers.
806 5430 879 5489 44
929 5426 1118 5504 seqq.)
1159 5447 1180 5483 ι
1218 5427 1287 5486 Ει
1330 5438 1484 5486 extra
1528 5439 1738 5501 portam
1776 5428 2112 5487 anteriorem

521 5543 543 5579 ι
588 5524 973 5599 gazOphylacia
1003 5530 1289 5579 cantorum
1342 5523 1395 5578 in
1438 5524 1580 5578 atrio
1630 5523 1916 5591 interiori,
1962 5523 2109 5595 quod

522 5635 543 5671 ι
589 5618 776 5673 eratin
801 5617 979 5673 latere
1012 5624 1183 5687 portae
1205 5615 1553 5687 respicientis
1573 5615 1925 5687 Aquilonem,
1952 5627 2007 5673 et
2037 5618 2117 5674 fa-

526 5728 549 5765 r
592 5710 708 5767 cies
729 5726 917 5767 eorum
952 5720 1141 5768 contra
1174 5711 1314 5767 viam
1335 5710 1647 5768 Australem
1684 5729 1697 5766 :
1726 5728 1833 5768 una
1852 5728 1920 5768 ex
1945 5711 2116 5772 latere

527 5822 551 5859 ι
597 5813 770 5874 porta:
809 5803 1127 5874 Orientalis,
1166 5821 1291 5879 quae
1314 5805 1648 5879 respiciebat
1675 5806 1744 5864 ad
1769 5806 1913 5867 viam
1943 5806 2113 5881 Aqui.

2209 1882 2229 1915 ι
2275 1879 2419 1929 eam,
2447 1874 2499 1921 et
2520 1865 2786 1921 columna:
2813 1882 2999 1922 earum
3021 1865 3153 1940 [Sic.
3183 1883 3315 1924 mss.
3342 1868 3498 1939 Vulg.
3524 1868 3716 1943 erant],
3749 1869 3803 1925 in

2211 1978 2229 2013 ι
2282 1958 2573 2027 frontibus,
2617 1977 2717 2016 una
2771 1960 2917 2028 hinc,
2949 1972 3003 2017 et
3035 1962 3207 2019 altera
3252 1963 3398 2020 inde.
3432 1984 3451 2017 ι
3487 1961 3653 2036 490
3699 1962 3807 2019 Pro

2206 2051 2621 2124 gazophylaciis,
2676 2053 3035 2126 Septuaginta
3088 2056 3308 2112 exedras
3383 2058 3802 2114 transtulerunt.

2205 2146 2450 2218 Illudque
2473 2147 2618 2219 quod
2649 2163 2747 2203 nos
2768 2148 3014 2203 diximus
3036 2149 3239 2205 exedra
3257 2191 3272 2217 ,
3298 2150 3416 2205 sive
3435 2150 3807 2221 gazOphylacia

2205 2247 2530 2306 cantorum,
2581 2239 2650 2294 ab
2703 2239 2784 2295 eis
2833 2242 3260 2311 praetermissum
3310 2251 3415 2298 est.
3459 2241 3807 2312 Rursumque

2207 2344 2328 2405 post
2356 2350 2666 2390 mensuram
2718 2333 2971 2390 vestibuli
3021 2336 3264 2408 quinque
3310 2338 3619 2393 cubitorum
3650 2336 3801 2405 hinc,

2206 2438 2262 2483 ct
2289 2429 2533 2500 quinque
2563 2427 2869 2484 cubitorum
2906 2429 3054 2495 inde,
3082 2430 3344 2487 addidere
3364 2430 3434 2487 de
3462 2445 3585 2499 suo,
3619 2442 3667 2485 et
3686 2431 3809 2485 lati-

2207 2521 2334 2576 tudo
2363 2533 2527 2592 porta:
2549 2521 2836 2576 cubitorum
2866 2524 3259 2593 quatuordecim
3283 2566 3297 2589 ,
3335 2539 3458 2579 cum
3496 2525 3548 2578 in
3576 2523 3806 2579 Hebraeo

2207 2622 2417 2669 tantum
2446 2615 2681 2684 positum
2713 2616 2807 2682 sit,
2842 2624 2888 2670 et
2918 2616 3137 2670 latitudo
3180 2625 3342 2688 porta:
3392 2617 3553 2671 trium
3597 2615 3802 2670 cubita-

2206 2725 2324 2764 rum
2347 2708 2490 2774 hinc,
2514 2720 2560 2764 et
2584 2710 2744 2764 trium
2766 2709 3055 2765 cubitorum
3078 2710 3220 2766 inde.
3256 2710 3382 2766 Hzec
3407 2712 3663 2767 lectorem
3712 2709 3808 2766 ad-

2208 2802 2419 2869 monui,
2454 2818 2523 2857 ne
2572 2801 2989 2857 translationqu
3031 2803 3350 2858 diversitate
3380 2803 3656 2869 turbetur,
3710 2801 3805 2857 sed

2209 2906 2267 2952 ut
2295 2897 2348 2951 in
2384 2897 2635 2966 praesenti
2666 2897 2809 2964 loco,
2834 2907 2889 2953 et
2919 2897 3153 2954 maxime
3184 2898 3237 2953 in
3282 2898 3561 2952 mensuris
3594 2896 3804 2967 templi,

2211 2989 2472 3046 llebraica
2503 2990 2735 3045 veritate
2764 3000 3057 3046 contentus
3085 2992 3179 3046 sit.
3204 2976 3378 3062 Igitur
3409 3000 3529 3061 post
3559 3005 3805 3059 murum,

2209 3101 2371 3156 quem
2401 3087 2667 3165 περίϐολον
2708 3086 3065 3158 Septuaginta
3118 3087 3539 3153 transtulerunt,
3582 3086 3676 3156 qui
3725 3094 3809 3139 to-

2210 3188 2320 3234 tum
2357 3179 2619 3248 templum
2670 3194 2765 3249 per
2805 3179 3073 3250 quadrum
3120 3178 3397 3235 ambiebat
3446 3180 3498 3233 in
3550 3175 3805 3243 circuitu,

2210 3272 2579 3329 introductum
2605 3272 2925 3343 prophetam
2957 3271 3187 3343 legimus
3218 3273 3272 3327 in
3303 3272 3502 3326 atrium
3542 3269 3773 3325 interius
3793 3308 3809 3336 ,

2209 3376 2262 3422 ct
2293 3365 2492 3421 deinde
2518 3365 2585 3420 ad
2616 3366 2963 3436 Aquilonem,
2990 3375 3045 3420 et
3074 3365 3140 3421 ad
3175 3368 3461 3430 Austrum,
3488 3373 3542 3420 et
3574 3365 3642 3419 ad
3686 3378 3804 3434 por-

2211 3470 2321 3515 tam
2352 3459 2717 3529 Orientalem,
2741 3470 2798 3516 et
2830 3476 3043 3516 rursum
3078 3460 3146 3516 ad
3177 3459 3504 3529 Aquilonem
3534 3477 3546 3512 :
3581 3460 3649 3514 de
3691 3458 3811 3530 qui-

2209 3555 2333 3624 bus,
2370 3566 2426 3610 ut
2456 3557 2748 3627 potuimus,
2779 3555 3037 3622 diximus,
3080 3564 3134 3611 et
3161 3557 3212 3611 iu
3236 3572 3469 3627 quorum
3513 3555 3809 3612 diversita-

2211 3650 2377 3716 tihus,
2425 3650 2507 3704 vel
2566 3652 2871 3717 nominum,
2926 3649 3011 3705 vel
3044 3665 3444 3717 mensurarum,
3478 3649 3604 3717 quid
3652 3647 3812 3703 nobis

2212 3740 2511 3806 videretur,
2569 3742 2882 3811 praeteritus
2935 3756 3120 3797 sermo
3150 3740 3522 3796 monstravit:
3573 3755 3808 3810 quorum

2210 3849 2432 3891 sensum
2482 3835 2855 3891 testiinonium
2898 3834 3207 3891 Salvatoris
3256 3835 3500 3891 breviter
3572 3834 3813 3890 ostendit

2210 3927 2439 3983 dicentis
2471 3946 2483 3981 :
2515 3925 2573 3981 In
2607 3926 2770 3983 domo
2800 3927 2976 3983 Patris
3007 3928 3112 3983 mei
3169 3928 3356 3984 multa:
3385 3938 3513 3984 sunt
3569 3927 3810 3983 mansio-

2211 4037 2309 4078 nes
2334 4021 2353 4095 (
2374 4020 2532 4076 Joan.
2565 4038 2677 4087 xiv,
2705 4022 2787 4093 2).
2820 4021 3029 4091 Quibus
3057 4022 3314 4093 expletis,
3348 4020 3650 4092 ingreditur
3677 4031 3813 4077 tem-

2211 4116 2389 4187 plum,
2423 4115 2527 4171 hoc
2565 4123 2671 4184 est,
2713 4113 2915 4171 Sancta
2952 4126 3295 4182 sanctorum,
3328 4114 3395 4171 de
3427 4114 3623 4186 quibus
3666 4129 3809 4170 nunc

2212 4207 2429 4277 dicitur,
2465 4215 2520 4264 et
2570 4208 2712 4263 intra
2762 4217 2977 4279 portam
3008 4207 3355 4273 interiorem,
3397 4206 3809 4280 gazophylaeia,

2212 4305 2327 4361 sive
2370 4303 2590 4361 exedrte
2646 4313 2954 4360 cantorum.
3010 4303 3092 4361 Ad
3135 4319 3275 4374 quos
3332 4302 3467 4359 illud
3520 4303 3811 4373 imperium

2215 4407 2300 4455 est
2329 4417 2340 4452 :
2372 4395 2601 4453 Caritate
2634 4397 2867 4452 Domino
2894 4397 3166 4452 canticum
3202 4411 3398 4452 novum
3420 4393 3539 4467 (Ps.
3572 4410 3701 4459 xcv,
3736 4394 3811 4464 l).

2215 4492 2467 4562 Quicum
2497 4491 2723 4563 Angelis
2750 4491 3076 4547 clatuitant:
3106 4488 3294 4546 Gloria
3326 4489 3379 4545 in
3404 4488 3644 4544 excelsis
3674 4486 3810 4551 Deo,

2215 4597 2272 4646 et
2298 4603 2463 4660 super
2490 4598 2693 4644 terram
2737 4602 2842 4657 pax
2875 4586 2929 4641 in
2962 4584 3280 4641 hominibus
3332 4584 3491 4640 bonae
3516 4579 3814 4638 voluntatis

2215 4683 2369 4757 (Luc.
2402 4699 2461 4748 tt,
2497 4682 2608 4754 14).
2637 4680 2792 4750 Quod
2821 4680 3019 4736 atrium
3045 4678 3273 4735 interius
3302 4688 3421 4735 erat
3450 4678 3615 4733 situm
3647 4676 3702 4732 in
3733 4675 3813 4730 la-

2216 4786 2333 4833 tere
2388 4785 2585 4847 portae,
2635 4789 2757 4846 quae
2800 4771 3130 4843 respiciebat
3177 4771 3244 4828 ad
3269 4771 3622 4843 Aquilonem,
3656 4777 3710 4825 et
3740 4767 3812 4823 ad

2214 4869 2497 4933 Austrum,
2529 4874 2585 4922 et
2611 4863 2680 4921 ad
2715 4862 2996 4921 Orientem
3028 4881 3044 4933 ;
3096 4874 3155 4921 ut
3202 4879 3418 4935 semper
3460 4861 3814 4919 meminerint

2214 4971 2470 5020 cantores
2501 4961 2741 5027 Domini,
2774 4970 2829 5017 et
2856 4960 2949 5032 qui
2970 4959 3294 5032 angelorum
3334 4957 3520 5015 officio
3551 4956 3812 5013 detineuo

2216 5064 2324 5122 tur,
2389 5070 2486 5125 per
2536 5068 2677 5125 quos
2719 5051 2919 5124 gradus
2967 5052 3035 5107 ad
3081 5067 3294 5107 summa
3324 5050 3725 5123 pervenerint;
3759 5057 3812 5104 et

2215 5146 2474 5219 mysteria
2505 5145 2844 5217 singulorum
2889 5146 3139 5202 locorum
3169 5143 3467 5217 diligenter
3487 5150 3812 5216 agnoscant.

2217 5241 2461 5313 Denique
2508 5241 2593 5296 vir
2646 5240 2737 5296 ille
2782 5240 2939 5311 cujus
2987 5240 3256 5309 calamus,
3291 5249 3347 5296 et
3394 5238 3669 5295 funiculus
3697 5246 3817 5295 erat

2216 5336 2269 5392 in
2319 5352 2503 5405 manu,
2559 5334 2875 5392 introducto
2924 5332 3191 5406 propheta
3235 5336 3288 5389 in
3339 5333 3539 5389 atrium
3586 5330 3817 5388 interius

2218 5430 2361 5502 quod
2394 5429 2725 5501 respiciebat
2750 5427 2891 5483 viam
2922 5426 3302 5493 meridianam,
3329 5425 3447 5484 hinc
3469 5426 3682 5483 locutus
3704 5434 3809 5491 est,

2222 5523 2341 5579 Hoc
2382 5525 2457 5579 est
2502 5521 2934 5596 gazOphylact‘um
2962 5521 3077 5577 sive
3099 5520 3287 5575 exedra
3318 5538 3336 5587 ;
3379 5528 3521 5577 etut
3558 5518 3816 5576 Theodo-

2223 5620 2299 5678 tio
2336 5621 2564 5692 posuit,
2611 5619 2891 5686 thalamus,
2942 5619 3035 5690 qui
3084 5616 3407 5674 habitationi
3464 5614 3813 5673 sacerdotum

2224 5722 2511 5786 separatus
2568 5722 2672 5777 est,
2721 5711 3135 5768 observantium
3201 5710 3255 5766 in
3302 5709 3549 5768 excubiis
3598 5706 3813 5778 templi.

2223 5810 2397 5870 Porro
2436 5807 2888 5882 gazophylacium
2925 5805 3074 5881 quod
3118 5805 3339 5878 respicit
3367 5804 3435 5863 ad
3465 5804 3611 5862 viam
3643 5800 3817 5873 Aqui-
