  <div class='ocr_page' id='page_1' title='image "/cluster/home/n/w/nwhite01/storage/ocr_20150623/25/hvd.32044015471394/204.png"; bbox 0 0 4108 6338; ppageno 0'>
   <div class='ocr_carea' id='block_1_1' title="bbox 287 291 400 350">
    <p class='ocr_par' dir='ltr' id='par_1_1' title="bbox 287 291 400 350">
     <span class='ocr_line' id='line_1_1' title="bbox 287 291 400 350; baseline -0.027 0"><span class='ocrx_word' id='word_1_1' title='bbox 287 291 400 350; x_wconf 76' lang='lat'><strong>393</strong></span> 
     </span>
    </p>
   </div>
   <div class='ocr_carea' id='block_1_2' title="bbox 898 288 2897 361">
    <p class='ocr_par' dir='ltr' id='par_1_2' title="bbox 898 288 2897 361">
     <span class='ocr_line' id='line_1_2' title="bbox 898 288 2897 361; baseline 0.002 -14"><span class='ocrx_word' id='word_1_2' title='bbox 898 354 905 361; x_wconf 28' lang='grc' dir='ltr'><strong>ε</strong></span> <span class='ocrx_word' id='word_1_3' title='bbox 974 288 1619 349; x_wconf 76' lang='lat' dir='ltr'><strong>COMMENTARIORUM</strong></span> <span class='ocrx_word' id='word_1_4' title='bbox 1663 290 1729 348; x_wconf 87' lang='lat' dir='ltr'><strong>IN</strong></span> <span class='ocrx_word' id='word_1_5' title='bbox 1771 289 2213 351; x_wconf 62' lang='lat' dir='ltr'><strong>EZECIIIELENI</strong></span> <span class='ocrx_word' id='word_1_6' title='bbox 2253 293 2382 351; x_wconf 82' lang='lat' dir='ltr'><strong>LIB.</strong></span> <span class='ocrx_word' id='word_1_7' title='bbox 2425 294 2545 352; x_wconf 77' lang='lat' dir='ltr'><strong>XII.</strong></span> <span class='ocrx_word' id='word_1_8' title='bbox 2587 296 2738 353; x_wconf 78' lang='lat' dir='ltr'><strong>CAP.</strong></span> <span class='ocrx_word' id='word_1_9' title='bbox 2782 296 2897 354; x_wconf 85' lang='lat' dir='ltr'><strong>XL.</strong></span> 
     </span>
    </p>
   </div>
   <div class='ocr_carea' id='block_1_3' title="bbox 3479 309 3587 366">
    <p class='ocr_par' dir='ltr' id='par_1_3' title="bbox 3479 309 3587 366">
     <span class='ocr_line' id='line_1_3' title="bbox 3479 309 3587 366; baseline 0 -1"><span class='ocrx_word' id='word_1_10' title='bbox 3479 309 3587 366; x_wconf 72' lang='lat'><strong>594</strong></span> 
     </span>
    </p>
   </div>
   <div class='ocr_carea' id='block_1_4' title="bbox 291 407 3588 500">
    <p class='ocr_par' dir='ltr' id='par_1_4' title="bbox 291 407 3588 500">
     <span class='ocr_line' id='line_1_4' title="bbox 291 407 3588 500; baseline 0.007 -37"><span class='ocrx_word' id='word_1_11' title='bbox 291 408 453 473; x_wconf 88' lang='lat' dir='ltr'><strong>lonis,</strong></span> <span class='ocrx_word' id='word_1_12' title='bbox 484 407 834 465; x_wconf 78' lang='lat' dir='ltr'><strong>sacerdotum</strong></span> <span class='ocrx_word' id='word_1_13' title='bbox 857 409 985 481; x_wconf 89' lang='lat' dir='ltr'><strong>erit,</strong></span> <span class='ocrx_word' id='word_1_14' title='bbox 1016 410 1104 482; x_wconf 88' lang='lat' dir='ltr'><strong>qui</strong></span> <span class='ocrx_word' id='word_1_15' title='bbox 1129 410 1406 467; x_wconf 73' lang='lat' dir='ltr'><strong>excubant</strong></span> <span class='ocrx_word' id='word_1_16' title='bbox 1436 410 1505 466; x_wconf 91' lang='lat' dir='ltr'><strong>ad</strong></span> <span class='ocrx_word' id='word_1_17' title='bbox 1529 411 1893 467; x_wconf 80' lang='lat' dir='ltr'><strong>ministerium</strong></span> <span class='ocrx_word' id='word_1_18' title='bbox 1924 417 1973 475; x_wconf 73' lang='grc' dir='ltr'><strong>Α</strong></span> <span class='ocrx_word' id='word_1_19' title='bbox 2005 423 2110 469; x_wconf 90' lang='lat' dir='ltr'><strong>tus.</strong></span> <span class='ocrx_word' id='word_1_20' title='bbox 2146 414 2246 480; x_wconf 89' lang='lat' dir='ltr'><strong>Qui</strong></span> <span class='ocrx_word' id='word_1_21' title='bbox 2291 425 2477 471; x_wconf 90' lang='lat' dir='ltr'><strong>ternus</strong></span> <span class='ocrx_word' id='word_1_22' title='bbox 2510 433 2788 486; x_wconf 89' lang='lat' dir='ltr'><strong>numerus,</strong></span> <span class='ocrx_word' id='word_1_23' title='bbox 2822 436 2929 475; x_wconf 90' lang='lat' dir='ltr'><strong>una</strong></span> <span class='ocrx_word' id='word_1_24' title='bbox 2965 429 3117 491; x_wconf 91' lang='lat' dir='ltr'><strong>porta</strong></span> <span class='ocrx_word' id='word_1_25' title='bbox 3159 431 3242 480; x_wconf 89' lang='lat' dir='ltr'><strong>est</strong></span> <span class='ocrx_word' id='word_1_26' title='bbox 3272 441 3462 483; x_wconf 90' lang='lat' dir='ltr'><strong>eorum</strong></span> <span class='ocrx_word' id='word_1_27' title='bbox 3495 433 3588 500; x_wconf 94' lang='lat' dir='ltr'><strong>qui</strong></span> 
     </span>
    </p>
   </div>
   <div class='ocr_carea' id='block_1_5' title="bbox 289 502 1895 577">
    <p class='ocr_par' dir='ltr' id='par_1_5' title="bbox 289 502 1895 577">
     <span class='ocr_line' id='line_1_5' title="bbox 289 502 1895 577; baseline 0.002 -21"><span class='ocrx_word' id='word_1_28' title='bbox 289 502 504 558; x_wconf 84' lang='lat' dir='ltr'><strong>altaris.</strong></span> <span class='ocrx_word' id='word_1_29' title='bbox 533 503 587 558; x_wconf 89' lang='lat' dir='ltr'><strong>In</strong></span> <span class='ocrx_word' id='word_1_30' title='bbox 621 520 732 575; x_wconf 92' lang='lat' dir='ltr'><strong>quo</strong></span> <span class='ocrx_word' id='word_1_31' title='bbox 762 504 1085 576; x_wconf 89' lang='lat' dir='ltr'><strong>notandum,</strong></span> <span class='ocrx_word' id='word_1_32' title='bbox 1121 505 1265 577; x_wconf 90' lang='lat' dir='ltr'><strong>quod</strong></span> <span class='ocrx_word' id='word_1_33' title='bbox 1317 505 1631 561; x_wconf 77' lang='lat' dir='ltr'><strong>sacerdotes</strong></span> <span class='ocrx_word' id='word_1_34' title='bbox 1697 504 1895 575; x_wconf 80' lang='lat' dir='ltr'><strong>quibus</strong></span> 
     </span>
    </p>
   </div>
   <div class='ocr_carea' id='block_1_6' title="bbox 293 597 1898 671">
    <p class='ocr_par' dir='ltr' id='par_1_6' title="bbox 293 597 1898 671">
     <span class='ocr_line' id='line_1_6' title="bbox 293 597 1898 671; baseline -0.001 -18"><span class='ocrx_word' id='word_1_35' title='bbox 293 598 560 653; x_wconf 64' lang='lat' dir='ltr'><strong>custodiae</strong></span> <span class='ocrx_word' id='word_1_36' title='bbox 612 599 805 671; x_wconf 91' lang='lat' dir='ltr'><strong>templi</strong></span> <span class='ocrx_word' id='word_1_37' title='bbox 855 599 1124 671; x_wconf 73' lang='lat' dir='ltr'><strong>delegatm</strong></span> <span class='ocrx_word' id='word_1_38' title='bbox 1170 606 1319 663; x_wconf 87' lang='lat' dir='ltr'><strong>sunt,</strong></span> <span class='ocrx_word' id='word_1_39' title='bbox 1353 598 1789 671; x_wconf 53' lang='lat' dir='ltr'><strong>habitantlg91</strong></span> <span class='ocrx_word' id='word_1_40' title='bbox 1842 597 1898 652; x_wconf 90' lang='lat' dir='ltr'><strong>in</strong></span> 
     </span>
    </p>
   </div>
   <div class='ocr_carea' id='block_1_7' title="bbox 293 692 1899 767">
    <p class='ocr_par' dir='ltr' id='par_1_7' title="bbox 293 692 1899 767">
     <span class='ocr_line' id='line_1_7' title="bbox 293 692 1899 767; baseline 0 -21"><span class='ocrx_word' id='word_1_41' title='bbox 293 693 879 767; x_wconf 81' lang='lat' dir='ltr'><strong>gazophylacio,quod</strong></span> <span class='ocrx_word' id='word_1_42' title='bbox 902 696 1129 765; x_wconf 85' lang='lat' dir='ltr'><strong>respicit</strong></span> <span class='ocrx_word' id='word_1_43' title='bbox 1156 694 1222 749; x_wconf 91' lang='lat' dir='ltr'><strong>ad</strong></span> <span class='ocrx_word' id='word_1_44' title='bbox 1242 694 1388 749; x_wconf 91' lang='lat' dir='ltr'><strong>viam</strong></span> <span class='ocrx_word' id='word_1_45' title='bbox 1419 693 1807 759; x_wconf 81' lang='lat' dir='ltr'><strong>meridianam,</strong></span> <span class='ocrx_word' id='word_1_46' title='bbox 1846 692 1899 746; x_wconf 93' lang='lat' dir='ltr'><strong>in</strong></span> 
     </span>
    </p>
   </div>
   <div class='ocr_carea' id='block_1_8' title="bbox 293 784 1898 862">
    <p class='ocr_par' dir='ltr' id='par_1_8' title="bbox 293 784 1898 862">
     <span class='ocr_line' id='line_1_8' title="bbox 293 784 1898 862; baseline -0.002 -19"><span class='ocrx_word' id='word_1_47' title='bbox 293 803 400 861; x_wconf 89' lang='lat' dir='ltr'><strong>qua</strong></span> <span class='ocrx_word' id='word_1_48' title='bbox 430 790 522 845; x_wconf 89' lang='lat' dir='ltr'><strong>lux</strong></span> <span class='ocrx_word' id='word_1_49' title='bbox 563 792 891 862; x_wconf 86' lang='lat' dir='ltr'><strong>plenissima</strong></span> <span class='ocrx_word' id='word_1_50' title='bbox 939 799 1043 848; x_wconf 92' lang='lat' dir='ltr'><strong>est.</strong></span> <span class='ocrx_word' id='word_1_51' title='bbox 1080 789 1146 845; x_wconf 89' lang='lat' dir='ltr'><strong>Hi</strong></span> <span class='ocrx_word' id='word_1_52' title='bbox 1193 799 1380 846; x_wconf 91' lang='lat' dir='ltr'><strong>autem</strong></span> <span class='ocrx_word' id='word_1_53' title='bbox 1412 789 1504 861; x_wconf 90' lang='lat' dir='ltr'><strong>qui</strong></span> <span class='ocrx_word' id='word_1_54' title='bbox 1526 788 1803 844; x_wconf 81' lang='lat' dir='ltr'><strong>excubant</strong></span> <span class='ocrx_word' id='word_1_55' title='bbox 1830 784 1898 840; x_wconf 90' lang='lat' dir='ltr'><strong>ad</strong></span> 
     </span>
    </p>
   </div>
   <div class='ocr_carea' id='block_1_9' title="bbox 295 884 1903 958">
    <p class='ocr_par' dir='ltr' id='par_1_9' title="bbox 295 884 1903 958">
     <span class='ocr_line' id='line_1_9' title="bbox 295 884 1903 958; baseline -0.002 -18"><span class='ocrx_word' id='word_1_56' title='bbox 295 885 667 942; x_wconf 84' lang='lat' dir='ltr'><strong>ministerium</strong></span> <span class='ocrx_word' id='word_1_57' title='bbox 709 887 920 954; x_wconf 87' lang='lat' dir='ltr'><strong>altaris,</strong></span> <span class='ocrx_word' id='word_1_58' title='bbox 965 888 1018 941; x_wconf 92' lang='lat' dir='ltr'><strong>in</strong></span> <span class='ocrx_word' id='word_1_59' title='bbox 1064 901 1172 958; x_wconf 88' lang='lat' dir='ltr'><strong>quo</strong></span> <span class='ocrx_word' id='word_1_60' title='bbox 1207 885 1512 942; x_wconf 80' lang='lat' dir='ltr'><strong>offeruntur</strong></span> <span class='ocrx_word' id='word_1_61' title='bbox 1538 884 1775 939; x_wconf 76' lang='lat' dir='ltr'><strong>victima:</strong></span> <span class='ocrx_word' id='word_1_62' title='bbox 1803 897 1903 953; x_wconf 91' lang='lat' dir='ltr'><strong>pro</strong></span> 
     </span>
    </p>
   </div>
   <div class='ocr_carea' id='block_1_10' title="bbox 296 977 1903 1052">
    <p class='ocr_par' dir='ltr' id='par_1_10' title="bbox 296 977 1903 1052">
     <span class='ocr_line' id='line_1_10' title="bbox 296 977 1903 1052; baseline -0.002 -18"><span class='ocrx_word' id='word_1_63' title='bbox 296 989 548 1052; x_wconf 86' lang='lat' dir='ltr'><strong>peccato,</strong></span> <span class='ocrx_word' id='word_1_64' title='bbox 574 981 628 1035; x_wconf 90' lang='lat' dir='ltr'><strong>in</strong></span> <span class='ocrx_word' id='word_1_65' title='bbox 680 979 1074 1052; x_wconf 83' lang='lat' dir='ltr'><strong>gazophylacio</strong></span> <span class='ocrx_word' id='word_1_66' title='bbox 1136 978 1244 1034; x_wconf 89' lang='lat' dir='ltr'><strong>sint</strong></span> <span class='ocrx_word' id='word_1_67' title='bbox 1294 979 1436 1050; x_wconf 85' lang='lat' dir='ltr'><strong>quod</strong></span> <span class='ocrx_word' id='word_1_68' title='bbox 1480 977 1706 1051; x_wconf 88' lang='lat' dir='ltr'><strong>respicit</strong></span> <span class='ocrx_word' id='word_1_69' title='bbox 1762 978 1903 1031; x_wconf 87' lang='lat' dir='ltr'><strong>viam</strong></span> 
     </span>
    </p>
   </div>
   <div class='ocr_carea' id='block_1_11' title="bbox 298 1071 1909 1145">
    <p class='ocr_par' dir='ltr' id='par_1_11' title="bbox 298 1071 1909 1145">
     <span class='ocr_line' id='line_1_11' title="bbox 298 1071 1909 1145; baseline 0 -18"><span class='ocrx_word' id='word_1_70' title='bbox 298 1072 623 1143; x_wconf 78' lang='lat' dir='ltr'><strong>Aquilonis,</strong></span> <span class='ocrx_word' id='word_1_71' title='bbox 644 1087 740 1129; x_wconf 90' lang='lat' dir='ltr'><strong>eos</strong></span> <span class='ocrx_word' id='word_1_72' title='bbox 763 1074 854 1145; x_wconf 89' lang='lat' dir='ltr'><strong>qui</strong></span> <span class='ocrx_word' id='word_1_73' title='bbox 877 1074 945 1129; x_wconf 92' lang='lat' dir='ltr'><strong>ab</strong></span> <span class='ocrx_word' id='word_1_74' title='bbox 976 1072 1250 1145; x_wconf 91' lang='lat' dir='ltr'><strong>Aquilone</strong></span> <span class='ocrx_word' id='word_1_75' title='bbox 1278 1074 1532 1139; x_wconf 86' lang='lat' dir='ltr'><strong>veniunt,</strong></span> <span class='ocrx_word' id='word_1_76' title='bbox 1581 1082 1635 1128; x_wconf 90' lang='lat' dir='ltr'><strong>et</strong></span> <span class='ocrx_word' id='word_1_77' title='bbox 1662 1071 1909 1128; x_wconf 79' lang='lat' dir='ltr'><strong>offerunt</strong></span> 
     </span>
    </p>
   </div>
   <div class='ocr_carea' id='block_1_12' title="bbox 304 1166 1905 1239">
    <p class='ocr_par' dir='ltr' id='par_1_12' title="bbox 304 1166 1905 1239">
     <span class='ocr_line' id='line_1_12' title="bbox 304 1166 1905 1239; baseline 0.001 -19"><span class='ocrx_word' id='word_1_78' title='bbox 304 1166 562 1222; x_wconf 78' lang='lat' dir='ltr'><strong>victimas</strong></span> <span class='ocrx_word' id='word_1_79' title='bbox 586 1181 691 1238; x_wconf 90' lang='lat' dir='ltr'><strong>pro</strong></span> <span class='ocrx_word' id='word_1_80' title='bbox 719 1166 989 1239; x_wconf 90' lang='lat' dir='ltr'><strong>peccatis,</strong></span> <span class='ocrx_word' id='word_1_81' title='bbox 1020 1169 1305 1237; x_wconf 80' lang='lat' dir='ltr'><strong>suscipere</strong></span> <span class='ocrx_word' id='word_1_82' title='bbox 1333 1177 1388 1223; x_wconf 91' lang='lat' dir='ltr'><strong>et</strong></span> <span class='ocrx_word' id='word_1_83' title='bbox 1413 1167 1629 1223; x_wconf 89' lang='lat' dir='ltr'><strong>salvare</strong></span> <span class='ocrx_word' id='word_1_84' title='bbox 1674 1167 1905 1237; x_wconf 89' lang='lat' dir='ltr'><strong>cupien-</strong></span> 
     </span>
    </p>
   </div>
   <div class='ocr_carea' id='block_1_13' title="bbox 302 1261 1907 1333">
    <p class='ocr_par' dir='ltr' id='par_1_13' title="bbox 302 1261 1907 1333">
     <span class='ocr_line' id='line_1_13' title="bbox 302 1261 1907 1333; baseline 0.001 -18"><span class='ocrx_word' id='word_1_85' title='bbox 302 1267 409 1317; x_wconf 92' lang='lat' dir='ltr'><strong>tes.</strong></span> <span class='ocrx_word' id='word_1_86' title='bbox 440 1261 543 1329; x_wconf 85' lang='lat' dir='ltr'><strong>Qui</strong></span> <span class='ocrx_word' id='word_1_87' title='bbox 577 1262 797 1333; x_wconf 86' lang='lat' dir='ltr'><strong>utrique</strong></span> <span class='ocrx_word' id='word_1_88' title='bbox 829 1278 930 1332; x_wconf 91' lang='lat' dir='ltr'><strong>pro</strong></span> <span class='ocrx_word' id='word_1_89' title='bbox 952 1261 1150 1317; x_wconf 90' lang='lat' dir='ltr'><strong>ofﬁciis</strong></span> <span class='ocrx_word' id='word_1_90' title='bbox 1174 1262 1288 1317; x_wconf 91' lang='lat' dir='ltr'><strong>suis</strong></span> <span class='ocrx_word' id='word_1_91' title='bbox 1321 1262 1553 1319; x_wconf 89' lang='lat' dir='ltr'><strong>Domino</strong></span> <span class='ocrx_word' id='word_1_92' title='bbox 1580 1262 1907 1329; x_wconf 89' lang='lat' dir='ltr'><strong>servientes,</strong></span> 
     </span>
    </p>
   </div>
   <div class='ocr_carea' id='block_1_14' title="bbox 302 1354 1907 1427">
    <p class='ocr_par' dir='ltr' id='par_1_14' title="bbox 302 1354 1907 1427">
     <span class='ocr_line' id='line_1_14' title="bbox 302 1354 1907 1427; baseline -0.003 -16"><span class='ocrx_word' id='word_1_93' title='bbox 302 1356 653 1427; x_wconf 82' lang='lat' dir='ltr'><strong>appellantur</strong></span> <span class='ocrx_word' id='word_1_94' title='bbox 702 1355 796 1410; x_wconf 91' lang='lat' dir='ltr'><strong>ﬁlii</strong></span> <span class='ocrx_word' id='word_1_95' title='bbox 848 1354 1061 1425; x_wconf 70' lang='lat' dir='ltr'><strong>Satloc,</strong></span> <span class='ocrx_word' id='word_1_96' title='bbox 1115 1357 1205 1426; x_wconf 92' lang='lat' dir='ltr'><strong>qui</strong></span> <span class='ocrx_word' id='word_1_97' title='bbox 1260 1356 1656 1426; x_wconf 83' lang='lat' dir='ltr'><strong>interpretatur</strong></span> <span class='ocrx_word' id='word_1_98' title='bbox 1694 1356 1907 1425; x_wconf 85' lang='lat' dir='ltr'><strong>justus,</strong></span> 
     </span>
    </p>
   </div>
   <div class='ocr_carea' id='block_1_15' title="bbox 304 1446 1915 1521">
    <p class='ocr_par' dir='ltr' id='par_1_15' title="bbox 304 1446 1915 1521">
     <span class='ocr_line' id='line_1_15' title="bbox 304 1446 1915 1521; baseline -0.003 -18"><span class='ocrx_word' id='word_1_99' title='bbox 304 1448 425 1503; x_wconf 82' lang='lat' dir='ltr'><strong>sive</strong></span> <span class='ocrx_word' id='word_1_100' title='bbox 443 1448 773 1521; x_wconf 77' lang='lat' dir='ltr'><strong>justi/imus,</strong></span> <span class='ocrx_word' id='word_1_101' title='bbox 806 1448 1154 1517; x_wconf 88' lang='lat' dir='ltr'><strong>omnipotens</strong></span> <span class='ocrx_word' id='word_1_102' title='bbox 1183 1446 1440 1502; x_wconf 82' lang='lat' dir='ltr'><strong>videlicet</strong></span> <span class='ocrx_word' id='word_1_103' title='bbox 1494 1448 1655 1512; x_wconf 87' lang='lat' dir='ltr'><strong>Deus,</strong></span> <span class='ocrx_word' id='word_1_104' title='bbox 1685 1446 1752 1502; x_wconf 90' lang='lat' dir='ltr'><strong>de</strong></span> <span class='ocrx_word' id='word_1_105' title='bbox 1805 1460 1915 1515; x_wconf 92' lang='lat' dir='ltr'><strong>quo</strong></span> 
     </span>
    </p>
   </div>
   <div class='ocr_carea' id='block_1_16' title="bbox 304 1537 1911 1609">
    <p class='ocr_par' dir='ltr' id='par_1_16' title="bbox 304 1537 1911 1609">
     <span class='ocr_line' id='line_1_16' title="bbox 304 1537 1911 1609; baseline -0.004 -12"><span class='ocrx_word' id='word_1_106' title='bbox 304 1539 584 1608; x_wconf 90' lang='lat' dir='ltr'><strong>scriptum</strong></span> <span class='ocrx_word' id='word_1_107' title='bbox 608 1548 693 1594; x_wconf 91' lang='lat' dir='ltr'><strong>est</strong></span> <span class='ocrx_word' id='word_1_108' title='bbox 727 1558 740 1594; x_wconf 90' lang='lat'>:</span> <span class='ocrx_word' id='word_1_109' title='bbox 767 1538 958 1594; x_wconf 70' lang='lat' dir='ltr'><strong>Justus</strong></span> <span class='ocrx_word' id='word_1_110' title='bbox 986 1539 1274 1604; x_wconf 88' lang='lat' dir='ltr'><strong>Dominus,</strong></span> <span class='ocrx_word' id='word_1_111' title='bbox 1308 1547 1366 1595; x_wconf 91' lang='lat' dir='ltr'><strong>et</strong></span> <span class='ocrx_word' id='word_1_112' title='bbox 1412 1538 1650 1609; x_wconf 87' lang='lat' dir='ltr'><strong>justitias</strong></span> <span class='ocrx_word' id='word_1_113' title='bbox 1680 1537 1911 1594; x_wconf 82' lang='lat' dir='ltr'><strong>dilexit:</strong></span> 
     </span>
    </p>
   </div>
   <div class='ocr_carea' id='block_1_17' title="bbox 307 1631 1913 1706">
    <p class='ocr_par' dir='ltr' id='par_1_17' title="bbox 307 1631 1913 1706">
     <span class='ocr_line' id='line_1_17' title="bbox 307 1631 1913 1706; baseline 0 -19"><span class='ocrx_word' id='word_1_114' title='bbox 307 1632 628 1704; x_wconf 61' lang='lat' dir='ltr'><strong>aequitatem</strong></span> <span class='ocrx_word' id='word_1_115' title='bbox 680 1632 818 1687; x_wconf 82' lang='lat' dir='ltr'><strong>vidit</strong></span> <span class='ocrx_word' id='word_1_116' title='bbox 867 1633 1049 1687; x_wconf 87' lang='lat' dir='ltr'><strong>vultus</strong></span> <span class='ocrx_word' id='word_1_117' title='bbox 1097 1632 1219 1704; x_wconf 87' lang='lat' dir='ltr'><strong>ejus</strong></span> <span class='ocrx_word' id='word_1_118' title='bbox 1252 1631 1365 1706; x_wconf 90' lang='lat' dir='ltr'><strong>(Ps.</strong></span> <span class='ocrx_word' id='word_1_119' title='bbox 1397 1649 1465 1699; x_wconf 87' lang='lat' dir='ltr'><strong>x,</strong></span> <span class='ocrx_word' id='word_1_120' title='bbox 1496 1632 1574 1705; x_wconf 90' lang='grc'><strong>8).</strong></span> <span class='ocrx_word' id='word_1_121' title='bbox 1608 1633 1701 1688; x_wconf 88' lang='lat' dir='ltr'><strong>Isti</strong></span> <span class='ocrx_word' id='word_1_122' title='bbox 1731 1644 1913 1688; x_wconf 90' lang='lat' dir='ltr'><strong>autem</strong></span> 
     </span>
    </p>
   </div>
   <div class='ocr_carea' id='block_1_18' title="bbox 307 1725 1916 1800">
    <p class='ocr_par' dir='ltr' id='par_1_18' title="bbox 307 1725 1916 1800">
     <span class='ocr_line' id='line_1_18' title="bbox 307 1725 1916 1800; baseline -0.002 -17"><span class='ocrx_word' id='word_1_123' title='bbox 307 1727 409 1783; x_wconf 85' lang='lat' dir='ltr'><strong>ﬁlii</strong></span> <span class='ocrx_word' id='word_1_124' title='bbox 435 1726 609 1785; x_wconf 88' lang='lat' dir='ltr'><strong>Sadoc</strong></span> <span class='ocrx_word' id='word_1_125' title='bbox 630 1725 700 1783; x_wconf 91' lang='lat' dir='ltr'><strong>de</strong></span> <span class='ocrx_word' id='word_1_126' title='bbox 728 1727 854 1782; x_wconf 88' lang='lat' dir='ltr'><strong>ﬁliis</strong></span> <span class='ocrx_word' id='word_1_127' title='bbox 882 1727 1035 1792; x_wconf 86' lang='lat' dir='ltr'><strong>Levi,</strong></span> <span class='ocrx_word' id='word_1_128' title='bbox 1059 1727 1151 1798; x_wconf 93' lang='lat' dir='ltr'><strong>qui</strong></span> <span class='ocrx_word' id='word_1_129' title='bbox 1174 1727 1566 1799; x_wconf 83' lang='lat' dir='ltr'><strong>interpretatur</strong></span> <span class='ocrx_word' id='word_1_130' title='bbox 1586 1736 1878 1800; x_wconf 78' lang='lat' dir='ltr'><strong>assumptus</strong></span> <span class='ocrx_word' id='word_1_131' title='bbox 1900 1742 1916 1779; x_wconf 90' lang='lat'><strong><em>:</em></strong></span> 
     </span>
    </p>
   </div>
   <div class='ocr_carea' id='block_1_19' title="bbox 2000 510 3583 585">
    <p class='ocr_par' dir='ltr' id='par_1_19' title="bbox 2000 510 3583 585">
     <span class='ocr_line' id='line_1_19' title="bbox 2000 510 3583 585; baseline 0.012 -23"><span class='ocrx_word' id='word_1_132' title='bbox 2000 518 2123 579; x_wconf 83' lang='lat' dir='ltr'><strong>post</strong></span> <span class='ocrx_word' id='word_1_133' title='bbox 2166 510 2493 579; x_wconf 87' lang='lat' dir='ltr'><strong>baptismum</strong></span> <span class='ocrx_word' id='word_1_134' title='bbox 2543 511 2826 569; x_wconf 82' lang='lat' dir='ltr'><strong>Trinitatis</strong></span> <span class='ocrx_word' id='word_1_135' title='bbox 2871 519 3193 585; x_wconf 88' lang='lat' dir='ltr'><strong>perveniunt</strong></span> <span class='ocrx_word' id='word_1_136' title='bbox 3231 521 3296 576; x_wconf 93' lang='lat' dir='ltr'><strong>ad</strong></span> <span class='ocrx_word' id='word_1_137' title='bbox 3329 524 3583 581; x_wconf 82' lang='lat' dir='ltr'><strong>salutem.</strong></span> 
     </span>
    </p>
   </div>
   <div class='ocr_carea' id='block_1_20' title="bbox 2000 602 3590 690">
    <p class='ocr_par' dir='ltr' id='par_1_20' title="bbox 2000 602 3590 690">
     <span class='ocr_line' id='line_1_20' title="bbox 2000 602 3590 690; baseline 0.012 -34"><span class='ocrx_word' id='word_1_138' title='bbox 2000 602 2157 671; x_wconf 84' lang='lat' dir='ltr'><strong>Quod</strong></span> <span class='ocrx_word' id='word_1_139' title='bbox 2187 615 2367 660; x_wconf 92' lang='lat' dir='ltr'><strong>autem</strong></span> <span class='ocrx_word' id='word_1_140' title='bbox 2400 606 2643 677; x_wconf 88' lang='lat' dir='ltr'><strong>sequitur</strong></span> <span class='ocrx_word' id='word_1_141' title='bbox 2674 623 2691 661; x_wconf 91' lang='lat'><strong><em>:</em></strong></span> <span class='ocrx_word' id='word_1_142' title='bbox 2721 608 3013 682; x_wconf 75' lang='lat' dir='ltr'><strong>Longitudo</strong></span> <span class='ocrx_word' id='word_1_143' title='bbox 3038 615 3271 671; x_wconf 77' lang='lat' dir='ltr'><strong>vestibuli</strong></span> <span class='ocrx_word' id='word_1_144' title='bbox 3294 619 3473 690; x_wconf 81' lang='lat' dir='ltr'><strong>viginti</strong></span> <span class='ocrx_word' id='word_1_145' title='bbox 3499 638 3590 676; x_wconf 86' lang='lat' dir='ltr'><strong>cu-</strong></span> 
     </span>
    </p>
   </div>
   <div class='ocr_carea' id='block_1_21' title="bbox 2003 697 3593 777">
    <p class='ocr_par' dir='ltr' id='par_1_21' title="bbox 2003 697 3593 777">
     <span class='ocr_line' id='line_1_21' title="bbox 2003 697 3593 777; baseline 0.013 -26"><span class='ocrx_word' id='word_1_146' title='bbox 2003 697 2257 766; x_wconf 83' lang='lat' dir='ltr'><strong>bitorum,</strong></span> <span class='ocrx_word' id='word_1_147' title='bbox 2305 709 2351 755; x_wconf 87' lang='lat' dir='ltr'><strong>et</strong></span> <span class='ocrx_word' id='word_1_148' title='bbox 2395 699 2617 754; x_wconf 82' lang='lat' dir='ltr'><strong>latitudo</strong></span> <span class='ocrx_word' id='word_1_149' title='bbox 2648 702 2885 757; x_wconf 80' lang='lat' dir='ltr'><strong>undecim</strong></span> <span class='ocrx_word' id='word_1_150' title='bbox 2914 706 3223 777; x_wconf 81' lang='lat' dir='ltr'><strong>cubitorum,</strong></span> <span class='ocrx_word' id='word_1_151' title='bbox 3252 711 3471 768; x_wconf 84' lang='lat' dir='ltr'><strong>videtur</strong></span> <span class='ocrx_word' id='word_1_152' title='bbox 3514 715 3593 770; x_wconf 83' lang='lat' dir='ltr'><strong>fa-</strong></span> 
     </span>
    </p>
   </div>
   <div class='ocr_carea' id='block_1_22' title="bbox 2002 793 3595 878">
    <p class='ocr_par' dir='ltr' id='par_1_22' title="bbox 2002 793 3595 878">
     <span class='ocr_line' id='line_1_22' title="bbox 2002 793 3595 878; baseline 0.011 -31"><span class='ocrx_word' id='word_1_153' title='bbox 2002 805 2131 847; x_wconf 89' lang='lat' dir='ltr'><strong>cere</strong></span> <span class='ocrx_word' id='word_1_154' title='bbox 2157 793 2525 863; x_wconf 84' lang='lat' dir='ltr'><strong>questionem,</strong></span> <span class='ocrx_word' id='word_1_155' title='bbox 2558 796 2832 866; x_wconf 90' lang='lat' dir='ltr'><strong>quomodo</strong></span> <span class='ocrx_word' id='word_1_156' title='bbox 2876 798 3053 854; x_wconf 87' lang='lat' dir='ltr'><strong>dualis</strong></span> <span class='ocrx_word' id='word_1_157' title='bbox 3084 817 3340 860; x_wconf 91' lang='lat' dir='ltr'><strong>numerus</strong></span> <span class='ocrx_word' id='word_1_158' title='bbox 3382 807 3474 878; x_wconf 92' lang='lat' dir='ltr'><strong>qui</strong></span> <span class='ocrx_word' id='word_1_159' title='bbox 3504 824 3595 865; x_wconf 89' lang='lat' dir='ltr'><strong>re-</strong></span> 
     </span>
    </p>
   </div>
   <div class='ocr_carea' id='block_1_23' title="bbox 2006 882 3598 967">
    <p class='ocr_par' dir='ltr' id='par_1_23' title="bbox 2006 882 3598 967">
     <span class='ocr_line' id='line_1_23' title="bbox 2006 882 3598 967; baseline 0.013 -29"><span class='ocrx_word' id='word_1_160' title='bbox 2006 882 2180 939; x_wconf 81' lang='lat' dir='ltr'><strong>fertur</strong></span> <span class='ocrx_word' id='word_1_161' title='bbox 2210 884 2275 939; x_wconf 91' lang='lat' dir='ltr'><strong>ad</strong></span> <span class='ocrx_word' id='word_1_162' title='bbox 2308 886 2443 942; x_wconf 92' lang='lat' dir='ltr'><strong>duas</strong></span> <span class='ocrx_word' id='word_1_163' title='bbox 2474 885 2708 944; x_wconf 86' lang='lat' dir='ltr'><strong>decadas</strong></span> <span class='ocrx_word' id='word_1_164' title='bbox 2728 931 2744 957; x_wconf 89' lang='lat'><strong>,</strong></span> <span class='ocrx_word' id='word_1_165' title='bbox 2778 898 2833 946; x_wconf 89' lang='lat' dir='ltr'><strong>et</strong></span> <span class='ocrx_word' id='word_1_166' title='bbox 2854 891 3175 951; x_wconf 88' lang='lat' dir='ltr'><strong>undecimus</strong></span> <span class='ocrx_word' id='word_1_167' title='bbox 3205 898 3296 967; x_wconf 91' lang='lat' dir='ltr'><strong>qui</strong></span> <span class='ocrx_word' id='word_1_168' title='bbox 3317 916 3484 956; x_wconf 91' lang='lat' dir='ltr'><strong>unum</strong></span> <span class='ocrx_word' id='word_1_169' title='bbox 3512 904 3598 958; x_wconf 85' lang='lat' dir='ltr'><strong>vi-</strong></span> 
     </span>
    </p>
   </div>
   <div class='ocr_carea' id='block_1_24' title="bbox 2007 975 3605 1066">
    <p class='ocr_par' dir='ltr' id='par_1_24' title="bbox 2007 975 3605 1066">
     <span class='ocr_line' id='line_1_24' title="bbox 2007 975 3605 1066; baseline 0.013 -34"><span class='ocrx_word' id='word_1_170' title='bbox 2007 975 2170 1032; x_wconf 92' lang='lat' dir='ltr'><strong>detur</strong></span> <span class='ocrx_word' id='word_1_171' title='bbox 2200 976 2403 1035; x_wconf 90' lang='lat' dir='ltr'><strong>habere</strong></span> <span class='ocrx_word' id='word_1_172' title='bbox 2452 980 2656 1050; x_wconf 90' lang='lat' dir='ltr'><strong>minus,</strong></span> <span class='ocrx_word' id='word_1_173' title='bbox 2693 992 2751 1037; x_wconf 93' lang='lat' dir='ltr'><strong>ut</strong></span> <span class='ocrx_word' id='word_1_174' title='bbox 2795 996 3008 1041; x_wconf 90' lang='lat' dir='ltr'><strong>sacrum</strong></span> <span class='ocrx_word' id='word_1_175' title='bbox 3060 1003 3341 1047; x_wconf 88' lang='lat' dir='ltr'><strong>numerum</strong></span> <span class='ocrx_word' id='word_1_176' title='bbox 3382 995 3605 1066; x_wconf 88' lang='lat' dir='ltr'><strong>expleat</strong></span> 
     </span>
    </p>
   </div>
   <div class='ocr_carea' id='block_1_25' title="bbox 2007 1071 3600 1158">
    <p class='ocr_par' dir='ltr' id='par_1_25' title="bbox 2007 1071 3600 1158">
     <span class='ocr_line' id='line_1_25' title="bbox 2007 1071 3600 1158; baseline 0.013 -32"><span class='ocrx_word' id='word_1_177' title='bbox 2007 1071 2410 1142; x_wconf 91' lang='lat' dir='ltr'><strong>duodecimum,</strong></span> <span class='ocrx_word' id='word_1_178' title='bbox 2442 1074 2494 1130; x_wconf 93' lang='lat' dir='ltr'><strong>iu</strong></span> <span class='ocrx_word' id='word_1_179' title='bbox 2524 1076 2789 1133; x_wconf 87' lang='lat' dir='ltr'><strong>vestibulo</strong></span> <span class='ocrx_word' id='word_1_180' title='bbox 2817 1081 3002 1151; x_wconf 87' lang='lat' dir='ltr'><strong>templi</strong></span> <span class='ocrx_word' id='word_1_181' title='bbox 3030 1096 3153 1139; x_wconf 87' lang='lat' dir='ltr'><strong>esse</strong></span> <span class='ocrx_word' id='word_1_182' title='bbox 3178 1084 3409 1142; x_wconf 85' lang='lat' dir='ltr'><strong>dicatur.</strong></span> <span class='ocrx_word' id='word_1_183' title='bbox 3446 1089 3600 1158; x_wconf 81' lang='lat' dir='ltr'><strong>Quod</strong></span> 
     </span>
    </p>
   </div>
   <div class='ocr_carea' id='block_1_26' title="bbox 2010 1165 3683 1239">
    <p class='ocr_par' dir='ltr' id='par_1_26' title="bbox 2010 1165 3683 1239">
     <span class='ocr_line' id='line_1_26' title="bbox 2010 1165 3683 1239; baseline 0.011 -19"><span class='ocrx_word' id='word_1_184' title='bbox 2010 1165 2260 1237; x_wconf 89' lang='lat' dir='ltr'><strong>plerique</strong></span> <span class='ocrx_word' id='word_1_185' title='bbox 2282 1168 2361 1222; x_wconf 91' lang='lat' dir='ltr'><strong>sic</strong></span> <span class='ocrx_word' id='word_1_186' title='bbox 2402 1168 2619 1223; x_wconf 90' lang='lat' dir='ltr'><strong>solvunt</strong></span> <span class='ocrx_word' id='word_1_187' title='bbox 2656 1188 2668 1225; x_wconf 90' lang='lat'>:</span> <span class='ocrx_word' id='word_1_188' title='bbox 2700 1172 2958 1239; x_wconf 86' lang='lat' dir='ltr'><strong>Quamvis</strong></span> <span class='ocrx_word' id='word_1_189' title='bbox 2988 1178 3160 1231; x_wconf 88' lang='lat' dir='ltr'><strong>sancti</strong></span> <span class='ocrx_word' id='word_1_190' title='bbox 3202 1177 3311 1233; x_wconf 86' lang='lat' dir='ltr'><strong>sint</strong></span> <span class='ocrx_word' id='word_1_191' title='bbox 3351 1183 3606 1237; x_wconf 89' lang='lat' dir='ltr'><strong>sacerdo-</strong></span> <span class='ocrx_word' id='word_1_192' title='bbox 3678 1176 3683 1179; x_wconf 44' lang='grc'><strong>“</strong></span> 
     </span>
    </p>
   </div>
   <div class='ocr_carea' id='block_1_27' title="bbox 2012 1258 3608 1339">
    <p class='ocr_par' dir='ltr' id='par_1_27' title="bbox 2012 1258 3608 1339">
     <span class='ocr_line' id='line_1_27' title="bbox 2012 1258 3608 1339; baseline 0.006 -20"><span class='ocrx_word' id='word_1_193' title='bbox 2012 1272 2096 1321; x_wconf 90' lang='lat' dir='ltr'><strong>tes</strong></span> <span class='ocrx_word' id='word_1_194' title='bbox 2127 1270 2181 1320; x_wconf 90' lang='lat' dir='ltr'><strong>et</strong></span> <span class='ocrx_word' id='word_1_195' title='bbox 2220 1264 2274 1319; x_wconf 90' lang='lat' dir='ltr'><strong>in</strong></span> <span class='ocrx_word' id='word_1_196' title='bbox 2310 1258 2497 1329; x_wconf 81' lang='lat' dir='ltr'><strong>templi</strong></span> <span class='ocrx_word' id='word_1_197' title='bbox 2529 1261 2847 1318; x_wconf 82' lang='lat' dir='ltr'><strong>ministeriis</strong></span> <span class='ocrx_word' id='word_1_198' title='bbox 2869 1267 3141 1333; x_wconf 88' lang='lat' dir='ltr'><strong>collocati,</strong></span> <span class='ocrx_word' id='word_1_199' title='bbox 3173 1278 3226 1323; x_wconf 90' lang='lat' dir='ltr'><strong>et</strong></span> <span class='ocrx_word' id='word_1_200' title='bbox 3257 1272 3499 1339; x_wconf 85' lang='lat' dir='ltr'><strong>quotidie</strong></span> <span class='ocrx_word' id='word_1_201' title='bbox 3525 1273 3608 1328; x_wconf 85' lang='lat' dir='ltr'><strong>vi—</strong></span> 
     </span>
    </p>
   </div>
   <div class='ocr_carea' id='block_1_28' title="bbox 2014 1354 3613 1430">
    <p class='ocr_par' dir='ltr' id='par_1_28' title="bbox 2014 1354 3613 1430">
     <span class='ocr_line' id='line_1_28' title="bbox 2014 1354 3613 1430; baseline 0.004 -18"><span class='ocrx_word' id='word_1_202' title='bbox 2014 1358 2207 1412; x_wconf 87' lang='lat' dir='ltr'><strong>etimas</strong></span> <span class='ocrx_word' id='word_1_203' title='bbox 2237 1358 2467 1414; x_wconf 82' lang='lat' dir='ltr'><strong>offerant</strong></span> <span class='ocrx_word' id='word_1_204' title='bbox 2499 1354 2752 1411; x_wconf 88' lang='lat' dir='ltr'><strong>Christo:</strong></span> <span class='ocrx_word' id='word_1_205' title='bbox 2790 1366 2970 1413; x_wconf 92' lang='lat' dir='ltr'><strong>tamen</strong></span> <span class='ocrx_word' id='word_1_206' title='bbox 3000 1358 3125 1430; x_wconf 87' lang='lat' dir='ltr'><strong>quia</strong></span> <span class='ocrx_word' id='word_1_207' title='bbox 3156 1360 3207 1414; x_wconf 88' lang='lat' dir='ltr'><strong>in</strong></span> <span class='ocrx_word' id='word_1_208' title='bbox 3241 1361 3343 1417; x_wconf 89' lang='lat' dir='ltr'><strong>hoc</strong></span> <span class='ocrx_word' id='word_1_209' title='bbox 3394 1364 3613 1419; x_wconf 88' lang='lat' dir='ltr'><strong>mortali</strong></span> 
     </span>
    </p>
   </div>
   <div class='ocr_carea' id='block_1_29' title="bbox 2015 1450 3611 1528">
    <p class='ocr_par' dir='ltr' id='par_1_29' title="bbox 2015 1450 3611 1528">
     <span class='ocr_line' id='line_1_29' title="bbox 2015 1450 3611 1528; baseline 0.006 -24"><span class='ocrx_word' id='word_1_210' title='bbox 2015 1450 2301 1522; x_wconf 82' lang='lat' dir='ltr'><strong>fragilique</strong></span> <span class='ocrx_word' id='word_1_211' title='bbox 2347 1450 2696 1522; x_wconf 87' lang='lat' dir='ltr'><strong>corpusculo,</strong></span> <span class='ocrx_word' id='word_1_212' title='bbox 2744 1460 2801 1506; x_wconf 92' lang='lat' dir='ltr'><strong>et</strong></span> <span class='ocrx_word' id='word_1_213' title='bbox 2842 1454 3295 1522; x_wconf 77' lang='lat' dir='ltr'><strong>:cgrotationibus</strong></span> <span class='ocrx_word' id='word_1_214' title='bbox 3354 1457 3611 1528; x_wconf 88' lang='lat' dir='ltr'><strong>vitiisque</strong></span> 
     </span>
    </p>
   </div>
   <div class='ocr_carea' id='block_1_30' title="bbox 2018 1545 3615 1615">
    <p class='ocr_par' dir='ltr' id='par_1_30' title="bbox 2018 1545 3615 1615">
     <span class='ocr_line' id='line_1_30' title="bbox 2018 1545 3615 1615; baseline 0.004 -14"><span class='ocrx_word' id='word_1_215' title='bbox 2018 1545 2265 1615; x_wconf 87' lang='lat' dir='ltr'><strong>subjecto</strong></span> <span class='ocrx_word' id='word_1_216' title='bbox 2317 1554 2755 1612; x_wconf 86' lang='lat' dir='ltr'><strong>commorantur,</strong></span> <span class='ocrx_word' id='word_1_217' title='bbox 2804 1546 3139 1602; x_wconf 89' lang='lat' dir='ltr'><strong>vicenarium</strong></span> <span class='ocrx_word' id='word_1_218' title='bbox 3176 1549 3376 1605; x_wconf 85' lang='lat' dir='ltr'><strong>habent</strong></span> <span class='ocrx_word' id='word_1_219' title='bbox 3422 1568 3615 1608; x_wconf 86' lang='lat' dir='ltr'><strong>nume-</strong></span> 
     </span>
    </p>
   </div>
   <div class='ocr_carea' id='block_1_31' title="bbox 2021 1638 3610 1713">
    <p class='ocr_par' dir='ltr' id='par_1_31' title="bbox 2021 1638 3610 1713">
     <span class='ocr_line' id='line_1_31' title="bbox 2021 1638 3610 1713; baseline 0.005 -20"><span class='ocrx_word' id='word_1_220' title='bbox 2021 1655 2141 1693; x_wconf 91' lang='lat' dir='ltr'><strong>rum</strong></span> <span class='ocrx_word' id='word_1_221' title='bbox 2164 1649 2218 1695; x_wconf 90' lang='lat' dir='ltr'><strong>et</strong></span> <span class='ocrx_word' id='word_1_222' title='bbox 2246 1638 2612 1694; x_wconf 91' lang='lat' dir='ltr'><strong>undecimum.</strong></span> <span class='ocrx_word' id='word_1_223' title='bbox 2641 1639 2795 1695; x_wconf 89' lang='lat' dir='ltr'><strong>Unde</strong></span> <span class='ocrx_word' id='word_1_224' title='bbox 2824 1638 3041 1695; x_wconf 87' lang='lat' dir='ltr'><strong>dicebat</strong></span> <span class='ocrx_word' id='word_1_225' title='bbox 3068 1650 3122 1696; x_wconf 92' lang='lat' dir='ltr'><strong>et</strong></span> <span class='ocrx_word' id='word_1_226' title='bbox 3153 1641 3452 1713; x_wconf 83' lang='lat' dir='ltr'><strong>Apostolus</strong></span> <span class='ocrx_word' id='word_1_227' title='bbox 3478 1662 3491 1698; x_wconf 91' lang='lat'><strong>:</strong></span> <span class='ocrx_word' id='word_1_228' title='bbox 3516 1645 3610 1701; x_wconf 87' lang='lat' dir='ltr'><strong>Mi-</strong></span> 
     </span>
    </p>
   </div>
   <div class='ocr_carea' id='block_1_32' title="bbox 2020 1731 3618 1809">
    <p class='ocr_par' dir='ltr' id='par_1_32' title="bbox 2020 1731 3618 1809">
     <span class='ocr_line' id='line_1_32' title="bbox 2020 1731 3618 1809; baseline 0.007 -24"><span class='ocrx_word' id='word_1_229' title='bbox 2020 1746 2112 1787; x_wconf 90' lang='lat' dir='ltr'><strong>ser</strong></span> <span class='ocrx_word' id='word_1_230' title='bbox 2132 1747 2232 1803; x_wconf 91' lang='lat' dir='ltr'><strong>ego</strong></span> <span class='ocrx_word' id='word_1_231' title='bbox 2261 1731 2445 1799; x_wconf 92' lang='lat' dir='ltr'><strong>homo,</strong></span> <span class='ocrx_word' id='word_1_232' title='bbox 2476 1733 2597 1804; x_wconf 89' lang='lat' dir='ltr'><strong>quis</strong></span> <span class='ocrx_word' id='word_1_233' title='bbox 2648 1748 2735 1788; x_wconf 92' lang='lat' dir='ltr'><strong>me</strong></span> <span class='ocrx_word' id='word_1_234' title='bbox 2781 1733 3036 1790; x_wconf 90' lang='lat' dir='ltr'><strong>liberabit</strong></span> <span class='ocrx_word' id='word_1_235' title='bbox 3063 1734 3130 1790; x_wconf 91' lang='lat' dir='ltr'><strong>de</strong></span> <span class='ocrx_word' id='word_1_236' title='bbox 3155 1751 3385 1809; x_wconf 90' lang='lat' dir='ltr'><strong>corpore</strong></span> <span class='ocrx_word' id='word_1_237' title='bbox 3426 1740 3618 1796; x_wconf 89' lang='lat' dir='ltr'><strong>mortis</strong></span> 
     </span>
    </p>
   </div>
   <div class='ocr_carea' id='block_1_33' title="bbox 308 1813 3619 1898">
    <p class='ocr_par' dir='ltr' id='par_1_33' title="bbox 308 1813 3619 1898">
     <span class='ocr_line' id='line_1_33' title="bbox 308 1813 3619 1898; baseline 0.004 -20"><span class='ocrx_word' id='word_1_238' title='bbox 308 1829 368 1878; x_wconf 88' lang='lat' dir='ltr'><strong>et</strong></span> <span class='ocrx_word' id='word_1_239' title='bbox 398 1821 505 1893; x_wconf 91' lang='lat' dir='ltr'><strong>ipsi</strong></span> <span class='ocrx_word' id='word_1_240' title='bbox 538 1831 895 1877; x_wconf 86' lang='lat' dir='ltr'><strong>assumuntur</strong></span> <span class='ocrx_word' id='word_1_241' title='bbox 916 1837 946 1876; x_wconf 92' lang='lat' dir='ltr'><strong>a</strong></span> <span class='ocrx_word' id='word_1_242' title='bbox 970 1820 1230 1888; x_wconf 89' lang='lat' dir='ltr'><strong>Domino,</strong></span> <span class='ocrx_word' id='word_1_243' title='bbox 1264 1832 1322 1876; x_wconf 92' lang='lat' dir='ltr'><strong>ut</strong></span> <span class='ocrx_word' id='word_1_244' title='bbox 1368 1821 1636 1878; x_wconf 85' lang='lat' dir='ltr'><strong>accedant</strong></span> <span class='ocrx_word' id='word_1_245' title='bbox 1662 1822 1729 1877; x_wconf 91' lang='lat' dir='ltr'><strong>ad</strong></span> <span class='ocrx_word' id='word_1_246' title='bbox 1763 1838 1913 1889; x_wconf 90' lang='lat' dir='ltr'><strong>eum,</strong></span> <span class='ocrx_word' id='word_1_247' title='bbox 1948 1813 1995 1873; x_wconf 89' lang='lat' dir='ltr'><strong>B</strong></span> <span class='ocrx_word' id='word_1_248' title='bbox 2026 1823 2183 1894; x_wconf 85' lang='lat' dir='ltr'><strong>hujus</strong></span> <span class='ocrx_word' id='word_1_249' title='bbox 2213 1823 2391 1896; x_wconf 85' lang='lat' dir='ltr'><strong>(Rom.</strong></span> <span class='ocrx_word' id='word_1_250' title='bbox 2417 1840 2490 1879; x_wconf 89' lang='lat' dir='ltr'><strong>vu</strong></span> <span class='ocrx_word' id='word_1_251' title='bbox 2521 1867 2533 1891; x_wconf 92' lang='lat'><strong>,</strong></span> <span class='ocrx_word' id='word_1_252' title='bbox 2563 1823 2658 1897; x_wconf 70' lang='grc'><strong>24)</strong></span> <span class='ocrx_word' id='word_1_253' title='bbox 2692 1824 2853 1881; x_wconf 89' lang='lat' dir='ltr'><strong>?Non</strong></span> <span class='ocrx_word' id='word_1_254' title='bbox 2894 1827 3037 1897; x_wconf 91' lang='lat' dir='ltr'><strong>quod</strong></span> <span class='ocrx_word' id='word_1_255' title='bbox 3067 1827 3222 1898; x_wconf 86' lang='lat' dir='ltr'><strong>juxta</strong></span> <span class='ocrx_word' id='word_1_256' title='bbox 3259 1832 3619 1890; x_wconf 61' lang='lat' dir='ltr'><strong>saevissimam</strong></span> 
     </span>
    </p>
   </div>
   <div class='ocr_carea' id='block_1_34' title="bbox 310 1916 1914 1989">
    <p class='ocr_par' dir='ltr' id='par_1_34' title="bbox 310 1916 1914 1989">
     <span class='ocr_line' id='line_1_34' title="bbox 310 1916 1914 1989; baseline -0.002 -14"><span class='ocrx_word' id='word_1_257' title='bbox 310 1928 369 1975; x_wconf 89' lang='lat' dir='ltr'><strong>et</strong></span> <span class='ocrx_word' id='word_1_258' title='bbox 393 1931 736 1989; x_wconf 89' lang='lat' dir='ltr'><strong>nequaquam</strong></span> <span class='ocrx_word' id='word_1_259' title='bbox 764 1916 833 1973; x_wconf 91' lang='lat' dir='ltr'><strong>de</strong></span> <span class='ocrx_word' id='word_1_260' title='bbox 863 1916 982 1972; x_wconf 83' lang='lat' dir='ltr'><strong>solo</strong></span> <span class='ocrx_word' id='word_1_261' title='bbox 1009 1916 1224 1972; x_wconf 90' lang='lat' dir='ltr'><strong>dicatur</strong></span> <span class='ocrx_word' id='word_1_262' title='bbox 1244 1916 1430 1988; x_wconf 86' lang='lat' dir='ltr'><strong>Moyse</strong></span> <span class='ocrx_word' id='word_1_263' title='bbox 1465 1934 1479 1971; x_wconf 84' lang='lat'><strong>:</strong></span> <span class='ocrx_word' id='word_1_264' title='bbox 1512 1917 1727 1988; x_wconf 83' lang='lat' dir='ltr'><strong>Moyses</strong></span> <span class='ocrx_word' id='word_1_265' title='bbox 1751 1932 1914 1971; x_wconf 86' lang='lat' dir='ltr'><strong>acce—</strong></span> 
     </span>
    </p>
   </div>
   <div class='ocr_carea' id='block_1_35' title="bbox 311 2010 1923 2077">
    <p class='ocr_par' dir='ltr' id='par_1_35' title="bbox 311 2010 1923 2077">
     <span class='ocr_line' id='line_1_35' title="bbox 311 2010 1923 2077; baseline -0.002 -9"><span class='ocrx_word' id='word_1_266' title='bbox 311 2011 483 2068; x_wconf 86' lang='lat' dir='ltr'><strong>debat</strong></span> <span class='ocrx_word' id='word_1_267' title='bbox 552 2012 618 2067; x_wconf 90' lang='lat' dir='ltr'><strong>ad</strong></span> <span class='ocrx_word' id='word_1_268' title='bbox 679 2011 1020 2077; x_wconf 83' lang='lat' dir='ltr'><strong>Dominum;</strong></span> <span class='ocrx_word' id='word_1_269' title='bbox 1077 2012 1168 2067; x_wconf 90' lang='lat' dir='ltr'><strong>alii</strong></span> <span class='ocrx_word' id='word_1_270' title='bbox 1227 2027 1357 2067; x_wconf 90' lang='lat' dir='ltr'><strong>vero</strong></span> <span class='ocrx_word' id='word_1_271' title='bbox 1418 2026 1526 2066; x_wconf 91' lang='lat' dir='ltr'><strong>non</strong></span> <span class='ocrx_word' id='word_1_272' title='bbox 1584 2010 1923 2067; x_wconf 87' lang='lat' dir='ltr'><strong>accedebant</strong></span> 
     </span>
    </p>
   </div>
   <div class='ocr_carea' id='block_1_36' title="bbox 316 2105 1925 2179">
    <p class='ocr_par' dir='ltr' id='par_1_36' title="bbox 316 2105 1925 2179">
     <span class='ocr_line' id='line_1_36' title="bbox 316 2105 1925 2179; baseline -0.001 -18"><span class='ocrx_word' id='word_1_273' title='bbox 316 2105 525 2179; x_wconf 73' lang='lat' dir='ltr'><strong>(Exod.</strong></span> <span class='ocrx_word' id='word_1_274' title='bbox 559 2107 708 2179; x_wconf 79' lang='lat' dir='ltr'><strong>XIX);</strong></span> <span class='ocrx_word' id='word_1_275' title='bbox 741 2107 837 2163; x_wconf 88' lang='lat' dir='ltr'><strong>sed</strong></span> <span class='ocrx_word' id='word_1_276' title='bbox 870 2116 925 2162; x_wconf 91' lang='lat' dir='ltr'><strong>et</strong></span> <span class='ocrx_word' id='word_1_277' title='bbox 972 2123 1167 2163; x_wconf 89' lang='lat' dir='ltr'><strong>omnes</strong></span> <span class='ocrx_word' id='word_1_278' title='bbox 1213 2109 1303 2178; x_wconf 91' lang='lat' dir='ltr'><strong>qui</strong></span> <span class='ocrx_word' id='word_1_279' title='bbox 1357 2108 1604 2163; x_wconf 87' lang='lat' dir='ltr'><strong>serviunt</strong></span> <span class='ocrx_word' id='word_1_280' title='bbox 1630 2108 1703 2173; x_wconf 90' lang='lat' dir='ltr'><strong>ei,</strong></span> <span class='ocrx_word' id='word_1_281' title='bbox 1746 2114 1802 2161; x_wconf 91' lang='lat' dir='ltr'><strong>et</strong></span> <span class='ocrx_word' id='word_1_282' title='bbox 1825 2106 1925 2161; x_wconf 92' lang='lat' dir='ltr'><strong>mi-</strong></span> 
     </span>
    </p>
   </div>
   <div class='ocr_carea' id='block_1_37' title="bbox 316 2200 1924 2273">
    <p class='ocr_par' dir='ltr' id='par_1_37' title="bbox 316 2200 1924 2273">
     <span class='ocr_line' id='line_1_37' title="bbox 316 2200 1924 2273; baseline -0.002 -16"><span class='ocrx_word' id='word_1_283' title='bbox 316 2203 581 2269; x_wconf 83' lang='lat' dir='ltr'><strong>nistrant,</strong></span> <span class='ocrx_word' id='word_1_284' title='bbox 617 2202 853 2257; x_wconf 83' lang='lat' dir='ltr'><strong>Domino</strong></span> <span class='ocrx_word' id='word_1_285' title='bbox 886 2202 1329 2273; x_wconf 84' lang='lat' dir='ltr'><strong>appropinquare</strong></span> <span class='ocrx_word' id='word_1_286' title='bbox 1377 2201 1656 2257; x_wconf 87' lang='lat' dir='ltr'><strong>dicuntur.</strong></span> <span class='ocrx_word' id='word_1_287' title='bbox 1692 2200 1796 2255; x_wconf 83' lang='lat' dir='ltr'><strong>Iste.</strong></span> <span class='ocrx_word' id='word_1_288' title='bbox 1825 2216 1924 2254; x_wconf 87' lang='lat' dir='ltr'><strong>au-</strong></span> 
     </span>
    </p>
   </div>
   <div class='ocr_carea' id='block_1_38' title="bbox 318 2292 1929 2365">
    <p class='ocr_par' dir='ltr' id='par_1_38' title="bbox 318 2292 1929 2365">
     <span class='ocr_line' id='line_1_38' title="bbox 318 2292 1929 2365; baseline -0.003 -14"><span class='ocrx_word' id='word_1_289' title='bbox 318 2303 437 2351; x_wconf 86' lang='lat' dir='ltr'><strong>tem</strong></span> <span class='ocrx_word' id='word_1_290' title='bbox 467 2295 552 2350; x_wconf 81' lang='lat' dir='ltr'><strong>vir</strong></span> <span class='ocrx_word' id='word_1_291' title='bbox 583 2296 674 2365; x_wconf 91' lang='lat' dir='ltr'><strong>qui</strong></span> <span class='ocrx_word' id='word_1_292' title='bbox 706 2294 1009 2351; x_wconf 78' lang='lat' dir='ltr'><strong>introduxit</strong></span> <span class='ocrx_word' id='word_1_293' title='bbox 1063 2293 1403 2349; x_wconf 87' lang='lat' dir='ltr'><strong>Ezechielcm</strong></span> <span class='ocrx_word' id='word_1_294' title='bbox 1437 2293 1490 2347; x_wconf 92' lang='lat' dir='ltr'><strong>in</strong></span> <span class='ocrx_word' id='word_1_295' title='bbox 1547 2292 1741 2346; x_wconf 88' lang='lat' dir='ltr'><strong>atrium</strong></span> <span class='ocrx_word' id='word_1_296' title='bbox 1790 2293 1929 2346; x_wconf 84' lang='lat' dir='ltr'><strong>inte-</strong></span> 
     </span>
    </p>
   </div>
   <div class='ocr_carea' id='block_1_39' title="bbox 316 2385 1932 2456">
    <p class='ocr_par' dir='ltr' id='par_1_39' title="bbox 316 2385 1932 2456">
     <span class='ocr_line' id='line_1_39' title="bbox 316 2385 1932 2456; baseline -0.003 -14"><span class='ocrx_word' id='word_1_297' title='bbox 316 2388 462 2456; x_wconf 88' lang='lat' dir='ltr'><strong>rius,</strong></span> <span class='ocrx_word' id='word_1_298' title='bbox 495 2395 548 2443; x_wconf 90' lang='lat' dir='ltr'><strong>et</strong></span> <span class='ocrx_word' id='word_1_299' title='bbox 579 2396 639 2442; x_wconf 88' lang='lat' dir='ltr'><strong>ut</strong></span> <span class='ocrx_word' id='word_1_300' title='bbox 666 2388 742 2442; x_wconf 91' lang='lat' dir='ltr'><strong>ita</strong></span> <span class='ocrx_word' id='word_1_301' title='bbox 784 2386 979 2456; x_wconf 87' lang='lat' dir='ltr'><strong>loquar</strong></span> <span class='ocrx_word' id='word_1_302' title='bbox 1006 2427 1019 2452; x_wconf 93' lang='lat'><strong>,</strong></span> <span class='ocrx_word' id='word_1_303' title='bbox 1050 2386 1117 2441; x_wconf 91' lang='lat' dir='ltr'><strong>ad</strong></span> <span class='ocrx_word' id='word_1_304' title='bbox 1151 2385 1350 2443; x_wconf 90' lang='lat' dir='ltr'><strong>Sancta</strong></span> <span class='ocrx_word' id='word_1_305' title='bbox 1406 2392 1743 2451; x_wconf 86' lang='lat' dir='ltr'><strong>sanctorum,</strong></span> <span class='ocrx_word' id='word_1_306' title='bbox 1777 2399 1932 2438; x_wconf 89' lang='lat' dir='ltr'><strong>men-</strong></span> 
     </span>
    </p>
   </div>
   <div class='ocr_carea' id='block_1_40' title="bbox 322 2478 1933 2552">
    <p class='ocr_par' dir='ltr' id='par_1_40' title="bbox 322 2478 1933 2552">
     <span class='ocr_line' id='line_1_40' title="bbox 322 2478 1933 2552; baseline -0.003 -13"><span class='ocrx_word' id='word_1_307' title='bbox 322 2497 422 2539; x_wconf 88' lang='lat' dir='ltr'><strong>sus</strong></span> <span class='ocrx_word' id='word_1_308' title='bbox 448 2490 533 2538; x_wconf 90' lang='lat' dir='ltr'><strong>est</strong></span> <span class='ocrx_word' id='word_1_309' title='bbox 562 2480 739 2552; x_wconf 91' lang='lat' dir='ltr'><strong>ipsum</strong></span> <span class='ocrx_word' id='word_1_310' title='bbox 778 2480 1001 2547; x_wconf 85' lang='lat' dir='ltr'><strong>atrium,</strong></span> <span class='ocrx_word' id='word_1_311' title='bbox 1029 2478 1083 2535; x_wconf 92' lang='lat' dir='ltr'><strong>in</strong></span> <span class='ocrx_word' id='word_1_312' title='bbox 1106 2494 1213 2551; x_wconf 93' lang='lat' dir='ltr'><strong>quo</strong></span> <span class='ocrx_word' id='word_1_313' title='bbox 1243 2489 1394 2535; x_wconf 90' lang='lat' dir='ltr'><strong>erant</strong></span> <span class='ocrx_word' id='word_1_314' title='bbox 1428 2479 1549 2533; x_wconf 69' lang='lat' dir='ltr'><strong>dua:</strong></span> <span class='ocrx_word' id='word_1_315' title='bbox 1582 2479 1799 2534; x_wconf 76' lang='lat' dir='ltr'><strong>exedra:</strong></span> <span class='ocrx_word' id='word_1_316' title='bbox 1817 2479 1933 2534; x_wconf 90' lang='lat' dir='ltr'><strong>sive</strong></span> 
     </span>
    </p>
   </div>
   <div class='ocr_carea' id='block_1_41' title="bbox 323 2572 1933 2649">
    <p class='ocr_par' dir='ltr' id='par_1_41' title="bbox 323 2572 1933 2649">
     <span class='ocr_line' id='line_1_41' title="bbox 323 2572 1933 2649; baseline -0.003 -18"><span class='ocrx_word' id='word_1_317' title='bbox 323 2575 716 2649; x_wconf 73' lang='lat' dir='ltr'><strong>galephylacia</strong></span> <span class='ocrx_word' id='word_1_318' title='bbox 744 2574 1267 2644; x_wconf 90' lang='lat' dir='ltr'><strong>custodumtempli,</strong></span> <span class='ocrx_word' id='word_1_319' title='bbox 1319 2574 1438 2629; x_wconf 86' lang='lat' dir='ltr'><strong>sive</strong></span> <span class='ocrx_word' id='word_1_320' title='bbox 1469 2573 1659 2628; x_wconf 88' lang='lat' dir='ltr'><strong>altaris</strong></span> <span class='ocrx_word' id='word_1_321' title='bbox 1719 2572 1933 2627; x_wconf 86' lang='lat' dir='ltr'><strong>habita-</strong></span> 
     </span>
    </p>
   </div>
   <div class='ocr_carea' id='block_1_42' title="bbox 323 2665 1936 2739">
    <p class='ocr_par' dir='ltr' id='par_1_42' title="bbox 323 2665 1936 2739">
     <span class='ocr_line' id='line_1_42' title="bbox 323 2665 1936 2739; baseline -0.002 -14"><span class='ocrx_word' id='word_1_322' title='bbox 323 2669 472 2725; x_wconf 89' lang='lat' dir='ltr'><strong>culis</strong></span> <span class='ocrx_word' id='word_1_323' title='bbox 503 2667 776 2739; x_wconf 88' lang='lat' dir='ltr'><strong>delegata,</strong></span> <span class='ocrx_word' id='word_1_324' title='bbox 809 2667 1084 2737; x_wconf 89' lang='lat' dir='ltr'><strong>etreperit</strong></span> <span class='ocrx_word' id='word_1_325' title='bbox 1108 2665 1487 2738; x_wconf 82' lang='lat' dir='ltr'><strong>longitudinis,</strong></span> <span class='ocrx_word' id='word_1_326' title='bbox 1518 2675 1572 2721; x_wconf 92' lang='lat' dir='ltr'><strong>et</strong></span> <span class='ocrx_word' id='word_1_327' title='bbox 1629 2665 1936 2722; x_wconf 90' lang='lat' dir='ltr'><strong>latitudinis</strong></span> 
     </span>
    </p>
   </div>
   <div class='ocr_carea' id='block_1_43' title="bbox 324 2758 1939 2835">
    <p class='ocr_par' dir='ltr' id='par_1_43' title="bbox 324 2758 1939 2835">
     <span class='ocr_line' id='line_1_43' title="bbox 324 2758 1939 2835; baseline -0.001 -17"><span class='ocrx_word' id='word_1_328' title='bbox 324 2776 432 2835; x_wconf 87' lang='lat' dir='ltr'><strong>per</strong></span> <span class='ocrx_word' id='word_1_329' title='bbox 480 2760 750 2832; x_wconf 89' lang='lat' dir='ltr'><strong>quadrum</strong></span> <span class='ocrx_word' id='word_1_330' title='bbox 802 2769 1069 2817; x_wconf 89' lang='lat' dir='ltr'><strong>centenos</strong></span> <span class='ocrx_word' id='word_1_331' title='bbox 1092 2760 1309 2817; x_wconf 91' lang='lat' dir='ltr'><strong>cubitos</strong></span> <span class='ocrx_word' id='word_1_332' title='bbox 1341 2779 1353 2813; x_wconf 88' lang='lat'><strong>:</strong></span> <span class='ocrx_word' id='word_1_333' title='bbox 1387 2769 1449 2814; x_wconf 91' lang='lat' dir='ltr'><strong>ut</strong></span> <span class='ocrx_word' id='word_1_334' title='bbox 1480 2758 1812 2816; x_wconf 88' lang='lat' dir='ltr'><strong>Sacerdotes</strong></span> <span class='ocrx_word' id='word_1_335' title='bbox 1840 2759 1939 2817; x_wconf 88' lang='lat' dir='ltr'><strong>Dei</strong></span> 
     </span>
    </p>
   </div>
   <div class='ocr_carea' id='block_1_44' title="bbox 327 2855 1939 2928">
    <p class='ocr_par' dir='ltr' id='par_1_44' title="bbox 327 2855 1939 2928">
     <span class='ocr_line' id='line_1_44' title="bbox 327 2855 1939 2928; baseline 0.001 -15"><span class='ocrx_word' id='word_1_336' title='bbox 327 2857 643 2913; x_wconf 87' lang='lat' dir='ltr'><strong>ministerio</strong></span> <span class='ocrx_word' id='word_1_337' title='bbox 686 2855 1017 2923; x_wconf 88' lang='lat' dir='ltr'><strong>servientes,</strong></span> <span class='ocrx_word' id='word_1_338' title='bbox 1047 2857 1139 2928; x_wconf 91' lang='lat' dir='ltr'><strong>qui</strong></span> <span class='ocrx_word' id='word_1_339' title='bbox 1164 2871 1263 2928; x_wconf 92' lang='lat' dir='ltr'><strong>per</strong></span> <span class='ocrx_word' id='word_1_340' title='bbox 1306 2865 1537 2923; x_wconf 88' lang='lat' dir='ltr'><strong>arctam,</strong></span> <span class='ocrx_word' id='word_1_341' title='bbox 1566 2865 1622 2912; x_wconf 89' lang='lat' dir='ltr'><strong>et</strong></span> <span class='ocrx_word' id='word_1_342' title='bbox 1651 2866 1939 2927; x_wconf 90' lang='lat' dir='ltr'><strong>augustam</strong></span> 
     </span>
    </p>
   </div>
   <div class='ocr_carea' id='block_1_45' title="bbox 328 2948 1941 3018">
    <p class='ocr_par' dir='ltr' id='par_1_45' title="bbox 328 2948 1941 3018">
     <span class='ocr_line' id='line_1_45' title="bbox 328 2948 1941 3018; baseline -0.001 -11"><span class='ocrx_word' id='word_1_343' title='bbox 328 2950 477 3008; x_wconf 80' lang='lat' dir='ltr'><strong>viam</strong></span> <span class='ocrx_word' id='word_1_344' title='bbox 510 2951 869 3018; x_wconf 86' lang='lat' dir='ltr'><strong>intraverant,</strong></span> <span class='ocrx_word' id='word_1_345' title='bbox 902 2948 1143 3005; x_wconf 87' lang='lat' dir='ltr'><strong>habeant</strong></span> <span class='ocrx_word' id='word_1_346' title='bbox 1170 2949 1549 3005; x_wconf 90' lang='lat' dir='ltr'><strong>deambulacra</strong></span> <span class='ocrx_word' id='word_1_347' title='bbox 1582 2950 1941 3017; x_wconf 89' lang='lat' dir='ltr'><strong>latissima,et</strong></span> 
     </span>
    </p>
   </div>
   <div class='ocr_carea' id='block_1_46' title="bbox 332 3043 1945 3116">
    <p class='ocr_par' dir='ltr' id='par_1_46' title="bbox 332 3043 1945 3116">
     <span class='ocr_line' id='line_1_46' title="bbox 332 3043 1945 3116; baseline -0.002 -15"><span class='ocrx_word' id='word_1_348' title='bbox 332 3044 390 3101; x_wconf 88' lang='lat' dir='ltr'><strong>in</strong></span> <span class='ocrx_word' id='word_1_349' title='bbox 421 3044 670 3116; x_wconf 83' lang='lat' dir='ltr'><strong>perfecto</strong></span> <span class='ocrx_word' id='word_1_350' title='bbox 697 3053 1191 3115; x_wconf 89' lang='lat' dir='ltr'><strong>consummatoque</strong></span> <span class='ocrx_word' id='word_1_351' title='bbox 1220 3043 1486 3099; x_wconf 88' lang='lat' dir='ltr'><strong>virtutum</strong></span> <span class='ocrx_word' id='word_1_352' title='bbox 1521 3059 1753 3100; x_wconf 88' lang='lat' dir='ltr'><strong>numero</strong></span> <span class='ocrx_word' id='word_1_353' title='bbox 1794 3060 1945 3100; x_wconf 92' lang='lat' dir='ltr'><strong>com-</strong></span> 
     </span>
    </p>
   </div>
   <div class='ocr_carea' id='block_1_47' title="bbox 336 3137 1943 3209">
    <p class='ocr_par' dir='ltr' id='par_1_47' title="bbox 336 3137 1943 3209">
     <span class='ocr_line' id='line_1_47' title="bbox 336 3137 1943 3209; baseline -0.002 -13"><span class='ocrx_word' id='word_1_354' title='bbox 336 3147 651 3196; x_wconf 89' lang='lat' dir='ltr'><strong>morentur.</strong></span> <span class='ocrx_word' id='word_1_355' title='bbox 703 3137 774 3193; x_wconf 89' lang='lat' dir='ltr'><strong>Et</strong></span> <span class='ocrx_word' id='word_1_356' title='bbox 818 3137 871 3193; x_wconf 89' lang='lat' dir='ltr'><strong>in</strong></span> <span class='ocrx_word' id='word_1_357' title='bbox 914 3137 1034 3209; x_wconf 88' lang='lat' dir='ltr'><strong>ipso</strong></span> <span class='ocrx_word' id='word_1_358' title='bbox 1062 3137 1205 3193; x_wconf 90' lang='lat' dir='ltr'><strong>atrio</strong></span> <span class='ocrx_word' id='word_1_359' title='bbox 1243 3146 1363 3193; x_wconf 90' lang='lat' dir='ltr'><strong>erat</strong></span> <span class='ocrx_word' id='word_1_360' title='bbox 1391 3138 1566 3194; x_wconf 90' lang='lat' dir='ltr'><strong>altare</strong></span> <span class='ocrx_word' id='word_1_361' title='bbox 1596 3147 1719 3194; x_wconf 87' lang='lat' dir='ltr'><strong>ante</strong></span> <span class='ocrx_word' id='word_1_362' title='bbox 1750 3138 1943 3194; x_wconf 88' lang='lat' dir='ltr'><strong>faciem</strong></span> 
     </span>
    </p>
   </div>
   <div class='ocr_carea' id='block_1_48' title="bbox 2024 1916 3619 1992">
    <p class='ocr_par' dir='ltr' id='par_1_48' title="bbox 2024 1916 3619 1992">
     <span class='ocr_line' id='line_1_48' title="bbox 2024 1916 3619 1992; baseline 0.009 -23"><span class='ocrx_word' id='word_1_363' title='bbox 2024 1916 2304 1985; x_wconf 82' lang='lat' dir='ltr'><strong>haeresim,</strong></span> <span class='ocrx_word' id='word_1_364' title='bbox 2352 1916 2619 1973; x_wconf 89' lang='lat' dir='ltr'><strong>abolenda</strong></span> <span class='ocrx_word' id='word_1_365' title='bbox 2668 1932 2899 1986; x_wconf 88' lang='lat' dir='ltr'><strong>corpora</strong></span> <span class='ocrx_word' id='word_1_366' title='bbox 2945 1935 3070 1976; x_wconf 90' lang='lat' dir='ltr'><strong>esse</strong></span> <span class='ocrx_word' id='word_1_367' title='bbox 3118 1922 3455 1992; x_wconf 89' lang='lat' dir='ltr'><strong>credamus;</strong></span> <span class='ocrx_word' id='word_1_368' title='bbox 3524 1928 3619 1984; x_wconf 86' lang='lat' dir='ltr'><strong>scd</strong></span> 
     </span>
    </p>
   </div>
   <div class='ocr_carea' id='block_1_49' title="bbox 2025 2010 3614 2088">
    <p class='ocr_par' dir='ltr' id='par_1_49' title="bbox 2025 2010 3614 2088">
     <span class='ocr_line' id='line_1_49' title="bbox 2025 2010 3614 2088; baseline 0.006 -23"><span class='ocrx_word' id='word_1_369' title='bbox 2025 2010 2171 2081; x_wconf 91' lang='lat' dir='ltr'><strong>quod</strong></span> <span class='ocrx_word' id='word_1_370' title='bbox 2229 2010 2341 2065; x_wconf 92' lang='lat' dir='ltr'><strong>voti</strong></span> <span class='ocrx_word' id='word_1_371' title='bbox 2404 2010 2578 2066; x_wconf 90' lang='lat' dir='ltr'><strong>nostri</strong></span> <span class='ocrx_word' id='word_1_372' title='bbox 2635 2010 2703 2065; x_wconf 84' lang='lat' dir='ltr'><strong>sit</strong></span> <span class='ocrx_word' id='word_1_373' title='bbox 2762 2013 3165 2082; x_wconf 88' lang='lat' dir='ltr'><strong>supervestiri,</strong></span> <span class='ocrx_word' id='word_1_374' title='bbox 3214 2031 3319 2071; x_wconf 92' lang='lat' dir='ltr'><strong>non</strong></span> <span class='ocrx_word' id='word_1_375' title='bbox 3371 2019 3614 2088; x_wconf 90' lang='lat' dir='ltr'><strong>spoliari,</strong></span> 
     </span>
    </p>
   </div>
   <div class='ocr_carea' id='block_1_50' title="bbox 2026 2102 3624 2185">
    <p class='ocr_par' dir='ltr' id='par_1_50' title="bbox 2026 2102 3624 2185">
     <span class='ocr_line' id='line_1_50' title="bbox 2026 2102 3624 2185; baseline 0.006 -26"><span class='ocrx_word' id='word_1_376' title='bbox 2026 2111 2080 2159; x_wconf 91' lang='lat' dir='ltr'><strong>et</strong></span> <span class='ocrx_word' id='word_1_377' title='bbox 2112 2104 2344 2160; x_wconf 89' lang='lat' dir='ltr'><strong>mortale</strong></span> <span class='ocrx_word' id='word_1_378' title='bbox 2377 2105 2481 2159; x_wconf 92' lang='lat' dir='ltr'><strong>hoc</strong></span> <span class='ocrx_word' id='word_1_379' title='bbox 2513 2104 2765 2174; x_wconf 87' lang='lat' dir='ltr'><strong>accipere</strong></span> <span class='ocrx_word' id='word_1_380' title='bbox 2793 2105 3287 2178; x_wconf 87' lang='lat' dir='ltr'><strong>immortalitatem,</strong></span> <span class='ocrx_word' id='word_1_381' title='bbox 3315 2120 3371 2166; x_wconf 92' lang='lat' dir='ltr'><strong>et</strong></span> <span class='ocrx_word' id='word_1_382' title='bbox 3397 2102 3624 2185; x_wconf 55' lang='lat' dir='ltr'><strong>corrnpc</strong></span> 
     </span>
    </p>
   </div>
   <div class='ocr_carea' id='block_1_51' title="bbox 2030 2197 3627 2278">
    <p class='ocr_par' dir='ltr' id='par_1_51' title="bbox 2030 2197 3627 2278">
     <span class='ocr_line' id='line_1_51' title="bbox 2030 2197 3627 2278; baseline 0.009 -28"><span class='ocrx_word' id='word_1_383' title='bbox 2030 2197 2195 2253; x_wconf 88' lang='lat' dir='ltr'><strong>tivum</strong></span> <span class='ocrx_word' id='word_1_384' title='bbox 2247 2198 2472 2254; x_wconf 90' lang='lat' dir='ltr'><strong>induere</strong></span> <span class='ocrx_word' id='word_1_385' title='bbox 2528 2198 3024 2269; x_wconf 88' lang='lat' dir='ltr'><strong>incorruptionem.</strong></span> <span class='ocrx_word' id='word_1_386' title='bbox 3083 2202 3217 2257; x_wconf 88' lang='lat' dir='ltr'><strong>Illud</strong></span> <span class='ocrx_word' id='word_1_387' title='bbox 3270 2214 3449 2261; x_wconf 89' lang='lat' dir='ltr'><strong>autem</strong></span> <span class='ocrx_word' id='word_1_388' title='bbox 3482 2208 3627 2278; x_wconf 92' lang='lat' dir='ltr'><strong>quod</strong></span> 
     </span>
    </p>
   </div>
   <div class='ocr_carea' id='block_1_52' title="bbox 2030 2291 3625 2363">
    <p class='ocr_par' dir='ltr' id='par_1_52' title="bbox 2030 2291 3625 2363">
     <span class='ocr_line' id='line_1_52' title="bbox 2030 2291 3625 2363; baseline 0.008 -17"><span class='ocrx_word' id='word_1_389' title='bbox 2030 2291 2313 2361; x_wconf 88' lang='lat' dir='ltr'><strong>sequitur:</strong></span> <span class='ocrx_word' id='word_1_390' title='bbox 2348 2292 2416 2347; x_wconf 89' lang='lat' dir='ltr'><strong>Et</strong></span> <span class='ocrx_word' id='word_1_391' title='bbox 2457 2300 2583 2348; x_wconf 91' lang='lat' dir='ltr'><strong>octo</strong></span> <span class='ocrx_word' id='word_1_392' title='bbox 2625 2293 2890 2363; x_wconf 82' lang='lat' dir='ltr'><strong>gradibus</strong></span> <span class='ocrx_word' id='word_1_393' title='bbox 2948 2295 3345 2353; x_wconf 88' lang='lat' dir='ltr'><strong>ascendebatur</strong></span> <span class='ocrx_word' id='word_1_394' title='bbox 3397 2301 3463 2355; x_wconf 90' lang='lat' dir='ltr'><strong>ad</strong></span> <span class='ocrx_word' id='word_1_395' title='bbox 3506 2318 3625 2358; x_wconf 91' lang='lat' dir='ltr'><strong>eam</strong></span> 
     </span>
    </p>
   </div>
   <div class='ocr_carea' id='block_1_53' title="bbox 2040 2383 3634 2459">
    <p class='ocr_par' dir='ltr' id='par_1_53' title="bbox 2040 2383 3634 2459">
     <span class='ocr_line' id='line_1_53' title="bbox 2040 2383 3634 2459; baseline 0.008 -20"><span class='ocrx_word' id='word_1_396' title='bbox 2040 2384 2083 2457; x_wconf 89' lang='grc' dir='ltr'><strong>(Ι</strong></span> <span class='ocrx_word' id='word_1_397' title='bbox 2111 2383 2232 2441; x_wconf 88' lang='lat' dir='ltr'><strong>Cor.</strong></span> <span class='ocrx_word' id='word_1_398' title='bbox 2270 2383 2384 2459; x_wconf 85' lang='lat' dir='ltr'><strong>xv),</strong></span> <span class='ocrx_word' id='word_1_399' title='bbox 2445 2386 2496 2441; x_wconf 88' lang='lat' dir='ltr'><strong>id</strong></span> <span class='ocrx_word' id='word_1_400' title='bbox 2529 2396 2633 2453; x_wconf 88' lang='lat' dir='ltr'><strong>est,</strong></span> <span class='ocrx_word' id='word_1_401' title='bbox 2668 2388 2733 2442; x_wconf 89' lang='lat' dir='ltr'><strong>ad</strong></span> <span class='ocrx_word' id='word_1_402' title='bbox 2764 2398 2975 2458; x_wconf 87' lang='lat' dir='ltr'><strong>portam</strong></span> <span class='ocrx_word' id='word_1_403' title='bbox 3008 2391 3349 2459; x_wconf 88' lang='lat' dir='ltr'><strong>interiorem,</strong></span> <span class='ocrx_word' id='word_1_404' title='bbox 3406 2396 3634 2452; x_wconf 84' lang='lat' dir='ltr'><strong>scienti-</strong></span> 
     </span>
    </p>
   </div>
   <div class='ocr_carea' id='block_1_54' title="bbox 2035 2476 3630 2553">
    <p class='ocr_par' dir='ltr' id='par_1_54' title="bbox 2035 2476 3630 2553">
     <span class='ocr_line' id='line_1_54' title="bbox 2035 2476 3630 2553; baseline 0.008 -21"><span class='ocrx_word' id='word_1_405' title='bbox 2035 2476 2137 2533; x_wconf 87' lang='lat' dir='ltr'><strong>bus</strong></span> <span class='ocrx_word' id='word_1_406' title='bbox 2170 2477 2453 2533; x_wconf 68' lang='lat' dir='ltr'><strong>llebrazam</strong></span> <span class='ocrx_word' id='word_1_407' title='bbox 2484 2478 2746 2550; x_wconf 83' lang='lat' dir='ltr'><strong>linguam,</strong></span> <span class='ocrx_word' id='word_1_408' title='bbox 2779 2478 2909 2535; x_wconf 88' lang='lat' dir='ltr'><strong>facit</strong></span> <span class='ocrx_word' id='word_1_409' title='bbox 2951 2496 3203 2553; x_wconf 89' lang='lat' dir='ltr'><strong>magnam</strong></span> <span class='ocrx_word' id='word_1_410' title='bbox 3228 2484 3630 2545; x_wconf 88' lang='lat' dir='ltr'><strong>difficultatem.</strong></span> 
     </span>
    </p>
   </div>
   <div class='ocr_carea' id='block_1_55' title="bbox 2039 2572 3634 2646">
    <p class='ocr_par' dir='ltr' id='par_1_55' title="bbox 2039 2572 3634 2646">
     <span class='ocr_line' id='line_1_55' title="bbox 2039 2572 3634 2646; baseline 0.008 -19"><span class='ocrx_word' id='word_1_411' title='bbox 2039 2572 2285 2645; x_wconf 89' lang='lat' dir='ltr'><strong>Denique</strong></span> <span class='ocrx_word' id='word_1_412' title='bbox 2315 2573 2705 2646; x_wconf 85' lang='lat' dir='ltr'><strong>Symmachus,</strong></span> <span class='ocrx_word' id='word_1_413' title='bbox 2767 2591 2925 2645; x_wconf 85' lang='lat' dir='ltr'><strong>quem</strong></span> <span class='ocrx_word' id='word_1_414' title='bbox 2969 2577 3020 2631; x_wconf 90' lang='lat' dir='ltr'><strong>in</strong></span> <span class='ocrx_word' id='word_1_415' title='bbox 3051 2577 3152 2634; x_wconf 91' lang='lat' dir='ltr'><strong>hoc</strong></span> <span class='ocrx_word' id='word_1_416' title='bbox 3175 2579 3295 2635; x_wconf 80' lang='lat' dir='ltr'><strong>loco</strong></span> <span class='ocrx_word' id='word_1_417' title='bbox 3325 2583 3634 2640; x_wconf 52' lang='lat' dir='ltr'><strong>secuti/su-</strong></span> 
     </span>
    </p>
   </div>
   <div class='ocr_carea' id='block_1_56' title="bbox 2039 2668 3635 2744">
    <p class='ocr_par' dir='ltr' id='par_1_56' title="bbox 2039 2668 3635 2744">
     <span class='ocr_line' id='line_1_56' title="bbox 2039 2668 3635 2744; baseline 0.006 -23"><span class='ocrx_word' id='word_1_418' title='bbox 2039 2683 2182 2734; x_wconf 93' lang='lat' dir='ltr'><strong>mus,</strong></span> <span class='ocrx_word' id='word_1_419' title='bbox 2245 2678 2359 2722; x_wconf 86' lang='lat' dir='ltr'><strong>octo</strong></span> <span class='ocrx_word' id='word_1_420' title='bbox 2432 2668 2637 2740; x_wconf 91' lang='lat' dir='ltr'><strong>gradus</strong></span> <span class='ocrx_word' id='word_1_421' title='bbox 2685 2670 2869 2739; x_wconf 85' lang='lat' dir='ltr'><strong>posuit</strong></span> <span class='ocrx_word' id='word_1_422' title='bbox 2914 2688 2926 2723; x_wconf 88' lang='lat'><strong>:</strong></span> <span class='ocrx_word' id='word_1_423' title='bbox 2981 2670 3357 2744; x_wconf 83' lang='lat' dir='ltr'><strong>Septuaginta,</strong></span> <span class='ocrx_word' id='word_1_424' title='bbox 3409 2676 3635 2739; x_wconf 82' lang='lat' dir='ltr'><strong>decem:</strong></span> 
     </span>
    </p>
   </div>
   <div class='ocr_carea' id='block_1_57' title="bbox 2041 2756 3638 2841">
    <p class='ocr_par' dir='ltr' id='par_1_57' title="bbox 2041 2756 3638 2841">
     <span class='ocr_line' id='line_1_57' title="bbox 2041 2756 3638 2841; baseline 0.007 -26"><span class='ocrx_word' id='word_1_425' title='bbox 2041 2759 2350 2816; x_wconf 86' lang='lat' dir='ltr'><strong>Theodotio</strong></span> <span class='ocrx_word' id='word_1_426' title='bbox 2388 2770 2441 2816; x_wconf 92' lang='lat' dir='ltr'><strong>et</strong></span> <span class='ocrx_word' id='word_1_427' title='bbox 2479 2760 2693 2833; x_wconf 78' lang='lat' dir='ltr'><strong>Aquila:</strong></span> <span class='ocrx_word' id='word_1_428' title='bbox 2725 2762 2965 2817; x_wconf 89' lang='lat' dir='ltr'><strong>secunda</strong></span> <span class='ocrx_word' id='word_1_429' title='bbox 2992 2763 3183 2834; x_wconf 88' lang='lat' dir='ltr'><strong>editio,</strong></span> <span class='ocrx_word' id='word_1_430' title='bbox 3214 2767 3488 2838; x_wconf 84' lang='lat' dir='ltr'><strong>undecim;</strong></span> <span class='ocrx_word' id='word_1_431' title='bbox 3526 2756 3638 2841; x_wconf 86' lang='lat' dir='ltr'><strong>pri-</strong></span> 
     </span>
    </p>
   </div>
   <div class='ocr_carea' id='block_1_58' title="bbox 2042 2854 3641 2926">
    <p class='ocr_par' dir='ltr' id='par_1_58' title="bbox 2042 2854 3641 2926">
     <span class='ocr_line' id='line_1_58' title="bbox 2042 2854 3641 2926; baseline 0.007 -18"><span class='ocrx_word' id='word_1_432' title='bbox 2042 2868 2130 2908; x_wconf 90' lang='lat' dir='ltr'><strong>ma</strong></span> <span class='ocrx_word' id='word_1_433' title='bbox 2162 2863 2343 2909; x_wconf 88' lang='lat' dir='ltr'><strong>autem</strong></span> <span class='ocrx_word' id='word_1_434' title='bbox 2414 2854 2621 2910; x_wconf 92' lang='lat' dir='ltr'><strong>nullum</strong></span> <span class='ocrx_word' id='word_1_435' title='bbox 2673 2872 2965 2911; x_wconf 90' lang='lat' dir='ltr'><strong>numerum</strong></span> <span class='ocrx_word' id='word_1_436' title='bbox 3014 2860 3212 2926; x_wconf 86' lang='lat' dir='ltr'><strong>posuit,</strong></span> <span class='ocrx_word' id='word_1_437' title='bbox 3252 2861 3347 2916; x_wconf 90' lang='lat' dir='ltr'><strong>sed</strong></span> <span class='ocrx_word' id='word_1_438' title='bbox 3389 2862 3641 2921; x_wconf 88' lang='lat' dir='ltr'><strong>absolute</strong></span> 
     </span>
    </p>
   </div>
   <div class='ocr_carea' id='block_1_59' title="bbox 2045 2946 3646 3019">
    <p class='ocr_par' dir='ltr' id='par_1_59' title="bbox 2045 2946 3646 3019">
     <span class='ocr_line' id='line_1_59' title="bbox 2045 2946 3646 3019; baseline 0.007 -18"><span class='ocrx_word' id='word_1_439' title='bbox 2045 2946 2144 3013; x_wconf 84' lang='lat' dir='ltr'><strong>ait,</strong></span> <span class='ocrx_word' id='word_1_440' title='bbox 2177 2955 2225 3001; x_wconf 76' lang='lat' dir='ltr'><strong>et</strong></span> <span class='ocrx_word' id='word_1_441' title='bbox 2253 2946 2503 3018; x_wconf 76' lang='lat' dir='ltr'><strong>gradibus</strong></span> <span class='ocrx_word' id='word_1_442' title='bbox 2546 2948 2818 3019; x_wconf 72' lang='lat' dir='ltr'><strong>inquibus</strong></span> <span class='ocrx_word' id='word_1_443' title='bbox 2856 2950 3224 3006; x_wconf 80' lang='lat' dir='ltr'><strong>ascendebatur</strong></span> <span class='ocrx_word' id='word_1_444' title='bbox 3271 2954 3339 3007; x_wconf 88' lang='lat' dir='ltr'><strong>ad</strong></span> <span class='ocrx_word' id='word_1_445' title='bbox 3387 2972 3544 3011; x_wconf 88' lang='lat' dir='ltr'><strong>eam:</strong></span> <span class='ocrx_word' id='word_1_446' title='bbox 3584 2967 3646 3013; x_wconf 90' lang='lat' dir='ltr'><strong>ut</strong></span> 
     </span>
    </p>
   </div>
   <div class='ocr_carea' id='block_1_60' title="bbox 2046 3041 3646 3118">
    <p class='ocr_par' dir='ltr' id='par_1_60' title="bbox 2046 3041 3646 3118">
     <span class='ocr_line' id='line_1_60' title="bbox 2046 3041 3646 3118; baseline 0.009 -24"><span class='ocrx_word' id='word_1_447' title='bbox 2046 3041 2132 3097; x_wconf 89' lang='lat' dir='ltr'><strong>vel</strong></span> <span class='ocrx_word' id='word_1_448' title='bbox 2156 3042 2306 3111; x_wconf 88' lang='lat' dir='ltr'><strong>juxta</strong></span> <span class='ocrx_word' id='word_1_449' title='bbox 2356 3041 2816 3097; x_wconf 90' lang='lat' dir='ltr'><strong>consuetudinem</strong></span> <span class='ocrx_word' id='word_1_450' title='bbox 2862 3043 3102 3112; x_wconf 90' lang='lat' dir='ltr'><strong>priorum</strong></span> <span class='ocrx_word' id='word_1_451' title='bbox 3153 3055 3457 3118; x_wconf 89' lang='lat' dir='ltr'><strong>portarum,</strong></span> <span class='ocrx_word' id='word_1_452' title='bbox 3520 3063 3646 3108; x_wconf 91' lang='lat' dir='ltr'><strong>octo</strong></span> 
     </span>
    </p>
   </div>
   <div class='ocr_carea' id='block_1_61' title="bbox 2050 3132 3643 3214">
    <p class='ocr_par' dir='ltr' id='par_1_61' title="bbox 2050 3132 3643 3214">
     <span class='ocr_line' id='line_1_61' title="bbox 2050 3132 3643 3214; baseline 0.008 -26"><span class='ocrx_word' id='word_1_453' title='bbox 2050 3132 2428 3205; x_wconf 77' lang='lat' dir='ltr'><strong>intelligamus</strong></span> <span class='ocrx_word' id='word_1_454' title='bbox 2457 3133 2681 3205; x_wconf 85' lang='lat' dir='ltr'><strong>gradus,</strong></span> <span class='ocrx_word' id='word_1_455' title='bbox 2716 3135 2857 3190; x_wconf 89' lang='lat' dir='ltr'><strong>sicut</strong></span> <span class='ocrx_word' id='word_1_456' title='bbox 2882 3136 3225 3195; x_wconf 89' lang='lat' dir='ltr'><strong>intellexitet</strong></span> <span class='ocrx_word' id='word_1_457' title='bbox 3261 3141 3643 3214; x_wconf 85' lang='lat' dir='ltr'><strong>Symmachus,</strong></span> 
     </span>
    </p>
   </div>
   <div class='ocr_carea' id='block_1_62' title="bbox 335 3219 3643 3306">
    <p class='ocr_par' dir='ltr' id='par_1_62' title="bbox 335 3219 3643 3306">
     <span class='ocr_line' id='line_1_62' title="bbox 335 3219 3643 3306; baseline 0.002 -16"><span class='ocrx_word' id='word_1_458' title='bbox 335 3234 533 3305; x_wconf 82' lang='lat' dir='ltr'><strong>templi</strong></span> <span class='ocrx_word' id='word_1_459' title='bbox 567 3250 584 3289; x_wconf 90' lang='lat'><strong>:</strong></span> <span class='ocrx_word' id='word_1_460' title='bbox 635 3240 698 3288; x_wconf 90' lang='lat' dir='ltr'><strong>ut</strong></span> <span class='ocrx_word' id='word_1_461' title='bbox 745 3248 1041 3303; x_wconf 90' lang='lat' dir='ltr'><strong>numquam</strong></span> <span class='ocrx_word' id='word_1_462' title='bbox 1090 3241 1408 3289; x_wconf 88' lang='lat' dir='ltr'><strong>sanctorum</strong></span> <span class='ocrx_word' id='word_1_463' title='bbox 1453 3233 1520 3289; x_wconf 88' lang='lat' dir='ltr'><strong>ad</strong></span> <span class='ocrx_word' id='word_1_464' title='bbox 1568 3233 1741 3289; x_wconf 89' lang='lat' dir='ltr'><strong>Deum</strong></span> <span class='ocrx_word' id='word_1_465' title='bbox 1766 3244 1944 3290; x_wconf 85' lang='lat' dir='ltr'><strong>cesset</strong></span> <span class='ocrx_word' id='word_1_466' title='bbox 1971 3219 2019 3282; x_wconf 83' lang='lat' dir='ltr'><strong><em>C</em></strong></span> <span class='ocrx_word' id='word_1_467' title='bbox 2048 3226 2134 3283; x_wconf 79' lang='lat' dir='ltr'><strong>vel</strong></span> <span class='ocrx_word' id='word_1_468' title='bbox 2164 3238 2313 3283; x_wconf 89' lang='lat' dir='ltr'><strong>certe</strong></span> <span class='ocrx_word' id='word_1_469' title='bbox 2353 3242 2490 3299; x_wconf 89' lang='lat' dir='ltr'><strong>quos</strong></span> <span class='ocrx_word' id='word_1_470' title='bbox 2533 3228 2767 3284; x_wconf 86' lang='lat' dir='ltr'><strong>habebat</strong></span> <span class='ocrx_word' id='word_1_471' title='bbox 2809 3242 2966 3299; x_wconf 91' lang='lat' dir='ltr'><strong>porta</strong></span> <span class='ocrx_word' id='word_1_472' title='bbox 2992 3232 3242 3303; x_wconf 87' lang='lat' dir='ltr'><strong>interior,</strong></span> <span class='ocrx_word' id='word_1_473' title='bbox 3274 3252 3506 3306; x_wconf 90' lang='lat' dir='ltr'><strong>quorum</strong></span> <span class='ocrx_word' id='word_1_474' title='bbox 3538 3257 3643 3295; x_wconf 87' lang='lat' dir='ltr'><strong>nu-</strong></span> 
     </span>
    </p>
   </div>
   <div class='ocr_carea' id='block_1_63' title="bbox 337 3323 1942 3397">
    <p class='ocr_par' dir='ltr' id='par_1_63' title="bbox 337 3323 1942 3397">
     <span class='ocr_line' id='line_1_63' title="bbox 337 3323 1942 3397; baseline 0.001 -16"><span class='ocrx_word' id='word_1_475' title='bbox 337 3325 544 3381; x_wconf 90' lang='lat' dir='ltr'><strong>oratio.</strong></span> <span class='ocrx_word' id='word_1_476' title='bbox 580 3323 943 3396; x_wconf 88' lang='lat' dir='ltr'><strong>Supradictus</strong></span> <span class='ocrx_word' id='word_1_477' title='bbox 970 3339 1188 3397; x_wconf 90' lang='lat' dir='ltr'><strong>quoque</strong></span> <span class='ocrx_word' id='word_1_478' title='bbox 1217 3325 1301 3380; x_wconf 88' lang='lat' dir='ltr'><strong>vir</strong></span> <span class='ocrx_word' id='word_1_479' title='bbox 1346 3325 1653 3381; x_wconf 84' lang='lat' dir='ltr'><strong>introduxit</strong></span> <span class='ocrx_word' id='word_1_480' title='bbox 1686 3326 1942 3383; x_wconf 81' lang='lat' dir='ltr'><strong>Ezechie-</strong></span> 
     </span>
    </p>
   </div>
   <div class='ocr_carea' id='block_1_64' title="bbox 339 3419 1942 3497">
    <p class='ocr_par' dir='ltr' id='par_1_64' title="bbox 339 3419 1942 3497">
     <span class='ocr_line' id='line_1_64' title="bbox 339 3419 1942 3497; baseline -0.001 -21"><span class='ocrx_word' id='word_1_481' title='bbox 339 3419 452 3476; x_wconf 89' lang='lat' dir='ltr'><strong>lem</strong></span> <span class='ocrx_word' id='word_1_482' title='bbox 482 3420 541 3475; x_wconf 90' lang='lat' dir='ltr'><strong>in</strong></span> <span class='ocrx_word' id='word_1_483' title='bbox 570 3419 929 3488; x_wconf 85' lang='lat' dir='ltr'><strong>vestibulum,</strong></span> <span class='ocrx_word' id='word_1_484' title='bbox 953 3420 1069 3476; x_wconf 90' lang='lat' dir='ltr'><strong>sive</strong></span> <span class='ocrx_word' id='word_1_485' title='bbox 1089 3419 1351 3497; x_wconf 77' lang='grc' dir='ltr'><strong>πρόπυλον</strong></span> <span class='ocrx_word' id='word_1_486' title='bbox 1382 3419 1591 3491; x_wconf 89' lang='lat' dir='ltr'><strong>templi,</strong></span> <span class='ocrx_word' id='word_1_487' title='bbox 1616 3420 1762 3491; x_wconf 91' lang='lat' dir='ltr'><strong>quod</strong></span> <span class='ocrx_word' id='word_1_488' title='bbox 1789 3435 1942 3475; x_wconf 89' lang='lat' dir='ltr'><strong>men-</strong></span> 
     </span>
    </p>
   </div>
   <div class='ocr_carea' id='block_1_65' title="bbox 341 3514 1946 3587">
    <p class='ocr_par' dir='ltr' id='par_1_65' title="bbox 341 3514 1946 3587">
     <span class='ocr_line' id='line_1_65' title="bbox 341 3514 1946 3587; baseline 0 -16"><span class='ocrx_word' id='word_1_489' title='bbox 341 3529 439 3571; x_wconf 86' lang='lat' dir='ltr'><strong>sus</strong></span> <span class='ocrx_word' id='word_1_490' title='bbox 494 3523 578 3571; x_wconf 89' lang='lat' dir='ltr'><strong>est</strong></span> <span class='ocrx_word' id='word_1_491' title='bbox 631 3514 874 3587; x_wconf 91' lang='lat' dir='ltr'><strong>quinque</strong></span> <span class='ocrx_word' id='word_1_492' title='bbox 909 3514 1110 3571; x_wconf 90' lang='lat' dir='ltr'><strong>cubitis</strong></span> <span class='ocrx_word' id='word_1_493' title='bbox 1150 3515 1302 3583; x_wconf 89' lang='lat' dir='ltr'><strong>hinc,</strong></span> <span class='ocrx_word' id='word_1_494' title='bbox 1346 3524 1399 3571; x_wconf 92' lang='lat' dir='ltr'><strong>et</strong></span> <span class='ocrx_word' id='word_1_495' title='bbox 1456 3515 1698 3587; x_wconf 88' lang='lat' dir='ltr'><strong>quinque</strong></span> <span class='ocrx_word' id='word_1_496' title='bbox 1749 3516 1946 3572; x_wconf 90' lang='lat' dir='ltr'><strong>cubitis</strong></span> 
     </span>
    </p>
   </div>
   <div class='ocr_carea' id='block_1_66' title="bbox 343 3609 1949 3684">
    <p class='ocr_par' dir='ltr' id='par_1_66' title="bbox 343 3609 1949 3684">
     <span class='ocr_line' id='line_1_66' title="bbox 343 3609 1949 3684; baseline 0.001 -17"><span class='ocrx_word' id='word_1_497' title='bbox 343 3609 476 3669; x_wconf 91' lang='lat' dir='ltr'><strong>inde</strong></span> <span class='ocrx_word' id='word_1_498' title='bbox 507 3631 520 3667; x_wconf 91' lang='lat'><strong>:</strong></span> <span class='ocrx_word' id='word_1_499' title='bbox 549 3612 808 3684; x_wconf 84' lang='lat' dir='ltr'><strong>quoniam</strong></span> <span class='ocrx_word' id='word_1_500' title='bbox 835 3611 926 3683; x_wconf 92' lang='lat' dir='ltr'><strong>qui</strong></span> <span class='ocrx_word' id='word_1_501' title='bbox 955 3611 1299 3667; x_wconf 88' lang='lat' dir='ltr'><strong>introductus</strong></span> <span class='ocrx_word' id='word_1_502' title='bbox 1326 3619 1433 3681; x_wconf 89' lang='lat' dir='ltr'><strong>est,</strong></span> <span class='ocrx_word' id='word_1_503' title='bbox 1464 3611 1662 3667; x_wconf 90' lang='lat' dir='ltr'><strong>divinis</strong></span> <span class='ocrx_word' id='word_1_504' title='bbox 1695 3612 1949 3669; x_wconf 87' lang='lat' dir='ltr'><strong>sensibus</strong></span> 
     </span>
    </p>
   </div>
   <div class='ocr_carea' id='block_1_67' title="bbox 343 3704 1951 3774">
    <p class='ocr_par' dir='ltr' id='par_1_67' title="bbox 343 3704 1951 3774">
     <span class='ocr_line' id='line_1_67' title="bbox 343 3704 1951 3774; baseline -0.001 -12"><span class='ocrx_word' id='word_1_505' title='bbox 343 3706 527 3764; x_wconf 87' lang='lat' dir='ltr'><strong>fuerat</strong></span> <span class='ocrx_word' id='word_1_506' title='bbox 578 3704 849 3774; x_wconf 90' lang='lat' dir='ltr'><strong>eruditus,</strong></span> <span class='ocrx_word' id='word_1_507' title='bbox 899 3715 955 3762; x_wconf 90' lang='lat' dir='ltr'><strong>et</strong></span> <span class='ocrx_word' id='word_1_508' title='bbox 992 3720 1092 3762; x_wconf 93' lang='lat' dir='ltr'><strong>nec</strong></span> <span class='ocrx_word' id='word_1_509' title='bbox 1120 3705 1403 3762; x_wconf 82' lang='lat' dir='ltr'><strong>dexteram</strong></span> <span class='ocrx_word' id='word_1_510' title='bbox 1428 3715 1716 3774; x_wconf 88' lang='lat' dir='ltr'><strong>noverant,</strong></span> <span class='ocrx_word' id='word_1_511' title='bbox 1749 3720 1851 3763; x_wconf 89' lang='lat' dir='ltr'><strong>nec</strong></span> <span class='ocrx_word' id='word_1_512' title='bbox 1877 3704 1951 3762; x_wconf 88' lang='lat' dir='ltr'><strong>si-</strong></span> 
     </span>
    </p>
   </div>
   <div class='ocr_carea' id='block_1_68' title="bbox 346 3801 1953 3874">
    <p class='ocr_par' dir='ltr' id='par_1_68' title="bbox 346 3801 1953 3874">
     <span class='ocr_line' id='line_1_68' title="bbox 346 3801 1953 3874; baseline -0.002 -14"><span class='ocrx_word' id='word_1_513' title='bbox 346 3805 579 3860; x_wconf 89' lang='lat' dir='ltr'><strong>nistram</strong></span> <span class='ocrx_word' id='word_1_514' title='bbox 609 3845 625 3871; x_wconf 93' lang='lat'><strong>,</strong></span> <span class='ocrx_word' id='word_1_515' title='bbox 674 3803 771 3859; x_wconf 88' lang='lat' dir='ltr'><strong>sed</strong></span> <span class='ocrx_word' id='word_1_516' title='bbox 801 3802 887 3858; x_wconf 89' lang='lat' dir='ltr'><strong>via</strong></span> <span class='ocrx_word' id='word_1_517' title='bbox 914 3802 1065 3874; x_wconf 91' lang='lat' dir='ltr'><strong>regia</strong></span> <span class='ocrx_word' id='word_1_518' title='bbox 1114 3801 1547 3874; x_wconf 87' lang='lat' dir='ltr'><strong>ingrediehatur.</strong></span> <span class='ocrx_word' id='word_1_519' title='bbox 1576 3801 1828 3859; x_wconf 88' lang='lat' dir='ltr'><strong>Latitudo</strong></span> <span class='ocrx_word' id='word_1_520' title='bbox 1857 3817 1953 3857; x_wconf 84' lang='lat' dir='ltr'><strong>au-</strong></span> 
     </span>
    </p>
   </div>
   <div class='ocr_carea' id='block_1_69' title="bbox 346 3893 1954 3967">
    <p class='ocr_par' dir='ltr' id='par_1_69' title="bbox 346 3893 1954 3967">
     <span class='ocr_line' id='line_1_69' title="bbox 346 3893 1954 3967; baseline -0.001 -16"><span class='ocrx_word' id='word_1_521' title='bbox 346 3904 461 3952; x_wconf 86' lang='lat' dir='ltr'><strong>tem</strong></span> <span class='ocrx_word' id='word_1_522' title='bbox 493 3895 668 3967; x_wconf 89' lang='lat' dir='ltr'><strong>ipsius</strong></span> <span class='ocrx_word' id='word_1_523' title='bbox 693 3903 891 3966; x_wconf 66' lang='lat' dir='ltr'><strong>porta),</strong></span> <span class='ocrx_word' id='word_1_524' title='bbox 917 3909 1015 3965; x_wconf 90' lang='lat' dir='ltr'><strong>per</strong></span> <span class='ocrx_word' id='word_1_525' title='bbox 1041 3908 1204 3965; x_wconf 89' lang='lat' dir='ltr'><strong>quam</strong></span> <span class='ocrx_word' id='word_1_526' title='bbox 1227 3893 1483 3949; x_wconf 90' lang='lat' dir='ltr'><strong>introitus</strong></span> <span class='ocrx_word' id='word_1_527' title='bbox 1512 3902 1631 3950; x_wconf 89' lang='lat' dir='ltr'><strong>erat</strong></span> <span class='ocrx_word' id='word_1_528' title='bbox 1676 3893 1743 3950; x_wconf 92' lang='lat' dir='ltr'><strong>ad</strong></span> <span class='ocrx_word' id='word_1_529' title='bbox 1790 3895 1954 3950; x_wconf 84' lang='lat' dir='ltr'><strong>vesti-</strong></span> 
     </span>
    </p>
   </div>
   <div class='ocr_carea' id='block_1_70' title="bbox 348 3988 1951 4061">
    <p class='ocr_par' dir='ltr' id='par_1_70' title="bbox 348 3988 1951 4061">
     <span class='ocr_line' id='line_1_70' title="bbox 348 3988 1951 4061; baseline -0.001 -15"><span class='ocrx_word' id='word_1_530' title='bbox 348 3989 539 4047; x_wconf 91' lang='lat' dir='ltr'><strong>bulum</strong></span> <span class='ocrx_word' id='word_1_531' title='bbox 572 3989 785 4061; x_wconf 90' lang='lat' dir='ltr'><strong>templi,</strong></span> <span class='ocrx_word' id='word_1_532' title='bbox 816 3988 1051 4045; x_wconf 90' lang='lat' dir='ltr'><strong>habebat</strong></span> <span class='ocrx_word' id='word_1_533' title='bbox 1090 3997 1277 4045; x_wconf 89' lang='lat' dir='ltr'><strong>ternos</strong></span> <span class='ocrx_word' id='word_1_534' title='bbox 1304 3988 1518 4045; x_wconf 91' lang='lat' dir='ltr'><strong>cubitos</strong></span> <span class='ocrx_word' id='word_1_535' title='bbox 1549 3989 1675 4045; x_wconf 91' lang='lat' dir='ltr'><strong>hinc</strong></span> <span class='ocrx_word' id='word_1_536' title='bbox 1708 3997 1764 4045; x_wconf 90' lang='lat' dir='ltr'><strong>et</strong></span> <span class='ocrx_word' id='word_1_537' title='bbox 1805 3989 1951 4045; x_wconf 88' lang='lat' dir='ltr'><strong>inde.</strong></span> 
     </span>
    </p>
   </div>
   <div class='ocr_carea' id='block_1_71' title="bbox 353 4082 1953 4158">
    <p class='ocr_par' dir='ltr' id='par_1_71' title="bbox 353 4082 1953 4158">
     <span class='ocr_line' id='line_1_71' title="bbox 353 4082 1953 4158; baseline 0.001 -19"><span class='ocrx_word' id='word_1_538' title='bbox 353 4084 418 4140; x_wconf 92' lang='lat' dir='ltr'><strong>ln</strong></span> <span class='ocrx_word' id='word_1_539' title='bbox 468 4099 580 4158; x_wconf 89' lang='lat' dir='ltr'><strong>quo</strong></span> <span class='ocrx_word' id='word_1_540' title='bbox 635 4082 934 4155; x_wconf 72' lang='lat' dir='ltr'><strong>Scriptum</strong></span> <span class='ocrx_word' id='word_1_541' title='bbox 1000 4092 1204 4141; x_wconf 73' lang='lat' dir='ltr'><strong>sancta:</strong></span> <span class='ocrx_word' id='word_1_542' title='bbox 1254 4083 1594 4141; x_wconf 89' lang='lat' dir='ltr'><strong>observanda</strong></span> <span class='ocrx_word' id='word_1_543' title='bbox 1638 4084 1953 4158; x_wconf 86' lang='lat' dir='ltr'><strong>elegantia:</strong></span> 
     </span>
    </p>
   </div>
   <div class='ocr_carea' id='block_1_72' title="bbox 350 4178 1957 4254">
    <p class='ocr_par' dir='ltr' id='par_1_72' title="bbox 350 4178 1957 4254">
     <span class='ocr_line' id='line_1_72' title="bbox 350 4178 1957 4254; baseline -0.001 -18"><span class='ocrx_word' id='word_1_544' title='bbox 350 4180 502 4254; x_wconf 90' lang='lat' dir='ltr'><strong>quod</strong></span> <span class='ocrx_word' id='word_1_545' title='bbox 534 4195 643 4236; x_wconf 91' lang='lat' dir='ltr'><strong>non</strong></span> <span class='ocrx_word' id='word_1_546' title='bbox 673 4180 877 4235; x_wconf 84' lang='lat' dir='ltr'><strong>dixerit</strong></span> <span class='ocrx_word' id='word_1_547' title='bbox 904 4194 934 4233; x_wconf 89' lang='lat' dir='ltr'><strong>a</strong></span> <span class='ocrx_word' id='word_1_548' title='bbox 960 4178 1188 4237; x_wconf 87' lang='lat' dir='ltr'><strong>dextera</strong></span> <span class='ocrx_word' id='word_1_549' title='bbox 1212 4187 1267 4235; x_wconf 90' lang='lat' dir='ltr'><strong>et</strong></span> <span class='ocrx_word' id='word_1_550' title='bbox 1294 4178 1516 4235; x_wconf 89' lang='lat' dir='ltr'><strong>sinistra</strong></span> <span class='ocrx_word' id='word_1_551' title='bbox 1540 4221 1554 4247; x_wconf 94' lang='lat'><strong>,</strong></span> <span class='ocrx_word' id='word_1_552' title='bbox 1588 4195 1656 4236; x_wconf 91' lang='lat' dir='ltr'><strong>ne</strong></span> <span class='ocrx_word' id='word_1_553' title='bbox 1675 4180 1957 4238; x_wconf 88' lang='lat' dir='ltr'><strong>videretur</strong></span> 
     </span>
    </p>
   </div>
   <div class='ocr_carea' id='block_1_73' title="bbox 352 4272 1962 4346">
    <p class='ocr_par' dir='ltr' id='par_1_73' title="bbox 352 4272 1962 4346">
     <span class='ocr_line' id='line_1_73' title="bbox 352 4272 1962 4346; baseline 0.001 -18"><span class='ocrx_word' id='word_1_554' title='bbox 352 4272 409 4329; x_wconf 92' lang='lat' dir='ltr'><strong>in</strong></span> <span class='ocrx_word' id='word_1_555' title='bbox 444 4273 665 4330; x_wconf 87' lang='lat' dir='ltr'><strong>Sanctis</strong></span> <span class='ocrx_word' id='word_1_556' title='bbox 708 4282 1027 4329; x_wconf 90' lang='lat' dir='ltr'><strong>sanctorum</strong></span> <span class='ocrx_word' id='word_1_557' title='bbox 1074 4272 1360 4329; x_wconf 91' lang='lat' dir='ltr'><strong>sinistrum</strong></span> <span class='ocrx_word' id='word_1_558' title='bbox 1413 4272 1608 4343; x_wconf 90' lang='lat' dir='ltr'><strong>aliquid</strong></span> <span class='ocrx_word' id='word_1_559' title='bbox 1651 4272 1815 4346; x_wconf 69' lang='lat'><strong>492</strong></span> <span class='ocrx_word' id='word_1_560' title='bbox 1862 4288 1962 4329; x_wconf 89' lang='lat' dir='ltr'><strong>no-</strong></span> 
     </span>
    </p>
   </div>
   <div class='ocr_carea' id='block_1_74' title="bbox 352 4366 1956 4437">
    <p class='ocr_par' dir='ltr' id='par_1_74' title="bbox 352 4366 1956 4437">
     <span class='ocr_line' id='line_1_74' title="bbox 352 4366 1956 4437; baseline -0.001 -16"><span class='ocrx_word' id='word_1_561' title='bbox 352 4366 574 4423; x_wconf 89' lang='lat' dir='ltr'><strong>minare</strong></span> <span class='ocrx_word' id='word_1_562' title='bbox 606 4384 622 4435; x_wconf 90' lang='lat'><strong>;</strong></span> <span class='ocrx_word' id='word_1_563' title='bbox 654 4366 750 4424; x_wconf 90' lang='lat' dir='ltr'><strong>sed</strong></span> <span class='ocrx_word' id='word_1_564' title='bbox 778 4366 907 4422; x_wconf 89' lang='lat' dir='ltr'><strong>hinc</strong></span> <span class='ocrx_word' id='word_1_565' title='bbox 928 4374 984 4422; x_wconf 90' lang='lat' dir='ltr'><strong>et</strong></span> <span class='ocrx_word' id='word_1_566' title='bbox 1007 4366 1156 4433; x_wconf 91' lang='lat' dir='ltr'><strong>inde,</strong></span> <span class='ocrx_word' id='word_1_567' title='bbox 1192 4366 1246 4421; x_wconf 91' lang='lat' dir='ltr'><strong>id</strong></span> <span class='ocrx_word' id='word_1_568' title='bbox 1291 4373 1398 4433; x_wconf 89' lang='lat' dir='ltr'><strong>est,</strong></span> <span class='ocrx_word' id='word_1_569' title='bbox 1423 4381 1490 4421; x_wconf 86' lang='lat' dir='ltr'><strong>ex</strong></span> <span class='ocrx_word' id='word_1_570' title='bbox 1520 4373 1753 4437; x_wconf 91' lang='lat' dir='ltr'><strong>utraque</strong></span> <span class='ocrx_word' id='word_1_571' title='bbox 1784 4377 1956 4437; x_wconf 89' lang='lat' dir='ltr'><strong>parte.</strong></span> 
     </span>
    </p>
   </div>
   <div class='ocr_carea' id='block_1_75' title="bbox 352 4458 1963 4532">
    <p class='ocr_par' dir='ltr' id='par_1_75' title="bbox 352 4458 1963 4532">
     <span class='ocr_line' id='line_1_75' title="bbox 352 4458 1963 4532; baseline 0.001 -16"><span class='ocrx_word' id='word_1_572' title='bbox 352 4459 663 4531; x_wconf 88' lang='lat' dir='ltr'><strong>Statimque</strong></span> <span class='ocrx_word' id='word_1_573' title='bbox 714 4461 955 4532; x_wconf 90' lang='lat' dir='ltr'><strong>prudens</strong></span> <span class='ocrx_word' id='word_1_574' title='bbox 1000 4460 1178 4515; x_wconf 88' lang='lat' dir='ltr'><strong>lector</strong></span> <span class='ocrx_word' id='word_1_575' title='bbox 1226 4458 1498 4530; x_wconf 84' lang='lat' dir='ltr'><strong>intelligit,</strong></span> <span class='ocrx_word' id='word_1_576' title='bbox 1532 4460 1732 4516; x_wconf 92' lang='lat' dir='ltr'><strong>trinum</strong></span> <span class='ocrx_word' id='word_1_577' title='bbox 1772 4476 1963 4517; x_wconf 90' lang='lat' dir='ltr'><strong>nume-</strong></span> 
     </span>
    </p>
   </div>
   <div class='ocr_carea' id='block_1_76' title="bbox 355 4554 1960 4627">
    <p class='ocr_par' dir='ltr' id='par_1_76' title="bbox 355 4554 1960 4627">
     <span class='ocr_line' id='line_1_76' title="bbox 355 4554 1960 4627; baseline 0 -16"><span class='ocrx_word' id='word_1_578' title='bbox 355 4571 483 4611; x_wconf 89' lang='lat' dir='ltr'><strong>rum</strong></span> <span class='ocrx_word' id='word_1_579' title='bbox 516 4555 583 4610; x_wconf 89' lang='lat' dir='ltr'><strong>ad</strong></span> <span class='ocrx_word' id='word_1_580' title='bbox 632 4555 917 4611; x_wconf 82' lang='lat' dir='ltr'><strong>Trinitatis</strong></span> <span class='ocrx_word' id='word_1_581' title='bbox 947 4554 1269 4627; x_wconf 84' lang='lat' dir='ltr'><strong>mysterium</strong></span> <span class='ocrx_word' id='word_1_582' title='bbox 1312 4554 1612 4624; x_wconf 88' lang='lat' dir='ltr'><strong>pertinere,</strong></span> <span class='ocrx_word' id='word_1_583' title='bbox 1654 4570 1774 4627; x_wconf 71' lang='lat' dir='ltr'><strong>qum</strong></span> <span class='ocrx_word' id='word_1_584' title='bbox 1807 4565 1960 4626; x_wconf 88' lang='lat' dir='ltr'><strong>porta</strong></span> 
     </span>
    </p>
   </div>
   <div class='ocr_carea' id='block_1_77' title="bbox 2048 3319 3647 3398">
    <p class='ocr_par' dir='ltr' id='par_1_77' title="bbox 2048 3319 3647 3398">
     <span class='ocr_line' id='line_1_77' title="bbox 2048 3319 3647 3398; baseline 0.007 -22"><span class='ocrx_word' id='word_1_585' title='bbox 2048 3335 2260 3376; x_wconf 88' lang='lat' dir='ltr'><strong>merum</strong></span> <span class='ocrx_word' id='word_1_586' title='bbox 2307 3319 2585 3391; x_wconf 86' lang='lat' dir='ltr'><strong>Scriptura</strong></span> <span class='ocrx_word' id='word_1_587' title='bbox 2626 3336 2732 3377; x_wconf 91' lang='lat' dir='ltr'><strong>non</strong></span> <span class='ocrx_word' id='word_1_588' title='bbox 2758 3322 2896 3378; x_wconf 82' lang='lat' dir='ltr'><strong>dixit</strong></span> <span class='ocrx_word' id='word_1_589' title='bbox 2951 3323 3091 3395; x_wconf 90' lang='lat' dir='ltr'><strong>(pro</strong></span> <span class='ocrx_word' id='word_1_590' title='bbox 3124 3336 3147 3364; x_wconf 79' lang='grc' dir='ltr'><strong>ιι</strong></span> <span class='ocrx_word' id='word_1_591' title='bbox 3175 3341 3283 3398; x_wconf 89' lang='lat' dir='ltr'><strong>quo</strong></span> <span class='ocrx_word' id='word_1_592' title='bbox 3329 3329 3384 3385; x_wconf 93' lang='lat' dir='ltr'><strong>in</strong></span> <span class='ocrx_word' id='word_1_593' title='bbox 3413 3330 3647 3388; x_wconf 73' lang='lat' dir='ltr'><strong>Hebraro</strong></span> 
     </span>
    </p>
   </div>
   <div class='ocr_carea' id='block_1_78' title="bbox 2049 3413 3649 3492">
    <p class='ocr_par' dir='ltr' id='par_1_78' title="bbox 2049 3413 3649 3492">
     <span class='ocr_line' id='line_1_78' title="bbox 2049 3413 3649 3492; baseline 0.008 -23"><span class='ocrx_word' id='word_1_594' title='bbox 2049 3414 2282 3485; x_wconf 92' lang='lat' dir='ltr'><strong>positum</strong></span> <span class='ocrx_word' id='word_1_595' title='bbox 2311 3423 2415 3481; x_wconf 90' lang='lat' dir='ltr'><strong>est,</strong></span> <span class='ocrx_word' id='word_1_596' title='bbox 2449 3430 2586 3471; x_wconf 75' lang='lat' dir='ltr'><strong>anon</strong></span> <span class='ocrx_word' id='word_1_597' title='bbox 2619 3414 2781 3486; x_wconf 62' lang='lat' dir='ltr'><strong>(amt</strong></span> <span class='ocrx_word' id='word_1_598' title='bbox 2808 3413 2847 3487; x_wconf 93' lang='lat'><strong>),</strong></span> <span class='ocrx_word' id='word_1_599' title='bbox 2897 3416 2950 3472; x_wconf 89' lang='lat' dir='ltr'><strong>id</strong></span> <span class='ocrx_word' id='word_1_600' title='bbox 2996 3427 3083 3474; x_wconf 90' lang='lat' dir='ltr'><strong>est</strong></span> <span class='ocrx_word' id='word_1_601' title='bbox 3134 3430 3178 3474; x_wconf 83' lang='grc' dir='ltr'><strong>ει</strong></span> <span class='ocrx_word' id='word_1_602' title='bbox 3210 3420 3459 3492; x_wconf 82' lang='lat' dir='ltr'><strong>latitudo,</strong></span> <span class='ocrx_word' id='word_1_603' title='bbox 3514 3439 3649 3481; x_wconf 75' lang='lat' dir='ltr'><strong>ASTE</strong></span> 
     </span>
    </p>
   </div>
   <div class='ocr_carea' id='block_1_79' title="bbox 2050 3508 3650 3585">
    <p class='ocr_par' dir='ltr' id='par_1_79' title="bbox 2050 3508 3650 3585">
     <span class='ocr_line' id='line_1_79' title="bbox 2050 3508 3650 3585; baseline 0.011 -30"><span class='ocrx_word' id='word_1_604' title='bbox 2050 3508 2270 3580; x_wconf 65' lang='lat' dir='ltr'><strong>(imm),</strong></span> <span class='ocrx_word' id='word_1_605' title='bbox 2306 3524 2437 3564; x_wconf 68' lang='lat' dir='ltr'><strong>esus</strong></span> <span class='ocrx_word' id='word_1_606' title='bbox 2492 3510 2743 3582; x_wconf 70' lang='lat' dir='ltr'><strong>(munt).</strong></span> <span class='ocrx_word' id='word_1_607' title='bbox 2799 3509 2955 3577; x_wconf 87' lang='lat' dir='ltr'><strong>Quod</strong></span> <span class='ocrx_word' id='word_1_608' title='bbox 2982 3511 3025 3567; x_wconf 92' lang='lat' dir='ltr'><strong>si</strong></span> <span class='ocrx_word' id='word_1_609' title='bbox 3050 3511 3122 3567; x_wconf 90' lang='lat' dir='ltr'><strong>ita</strong></span> <span class='ocrx_word' id='word_1_610' title='bbox 3148 3513 3375 3585; x_wconf 83' lang='lat' dir='ltr'><strong>legatur,</strong></span> <span class='ocrx_word' id='word_1_611' title='bbox 3409 3520 3650 3574; x_wconf 85' lang='lat' dir='ltr'><strong>undecim</strong></span> 
     </span>
    </p>
   </div>
   <div class='ocr_carea' id='block_1_80' title="bbox 2051 3599 3653 3678">
    <p class='ocr_par' dir='ltr' id='par_1_80' title="bbox 2051 3599 3653 3678">
     <span class='ocr_line' id='line_1_80' title="bbox 2051 3599 3653 3678; baseline 0.007 -21"><span class='ocrx_word' id='word_1_612' title='bbox 2051 3602 2355 3673; x_wconf 88' lang='lat' dir='ltr'><strong>signiﬁcat:</strong></span> <span class='ocrx_word' id='word_1_613' title='bbox 2403 3599 2566 3675; x_wconf 58' lang='lat'><strong>493</strong></span> <span class='ocrx_word' id='word_1_614' title='bbox 2595 3602 2677 3657; x_wconf 91' lang='lat' dir='ltr'><strong>sin</strong></span> <span class='ocrx_word' id='word_1_615' title='bbox 2728 3612 2907 3659; x_wconf 87' lang='lat' dir='ltr'><strong>autem</strong></span> <span class='ocrx_word' id='word_1_616' title='bbox 2967 3620 3066 3675; x_wconf 89' lang='lat' dir='ltr'><strong>pro</strong></span> <span class='ocrx_word' id='word_1_617' title='bbox 3110 3621 3263 3676; x_wconf 71' lang='lat' dir='ltr'><strong>esse,</strong></span> <span class='ocrx_word' id='word_1_618' title='bbox 3297 3607 3404 3665; x_wconf 92' lang='lat' dir='ltr'><strong>hoc</strong></span> <span class='ocrx_word' id='word_1_619' title='bbox 3426 3620 3531 3678; x_wconf 91' lang='lat' dir='ltr'><strong>est,</strong></span> <span class='ocrx_word' id='word_1_620' title='bbox 3564 3614 3653 3668; x_wconf 86' lang='lat' dir='ltr'><strong>de-</strong></span> 
     </span>
    </p>
   </div>
   <div class='ocr_carea' id='block_1_81' title="bbox 2053 3696 3646 3775">
    <p class='ocr_par' dir='ltr' id='par_1_81' title="bbox 2053 3696 3646 3775">
     <span class='ocr_line' id='line_1_81' title="bbox 2053 3696 3646 3775; baseline 0.008 -26"><span class='ocrx_word' id='word_1_621' title='bbox 2053 3712 2181 3762; x_wconf 88' lang='lat' dir='ltr'><strong>cem,</strong></span> <span class='ocrx_word' id='word_1_622' title='bbox 2231 3696 2475 3767; x_wconf 83' lang='lat' dir='ltr'><strong>legamus</strong></span> <span class='ocrx_word' id='word_1_623' title='bbox 2526 3711 2661 3752; x_wconf 74' lang='lat' dir='ltr'><strong>ssen</strong></span> <span class='ocrx_word' id='word_1_624' title='bbox 2690 3696 2909 3770; x_wconf 71' lang='lat' dir='ltr'><strong>(&#39;ttvts),</strong></span> <span class='ocrx_word' id='word_1_625' title='bbox 2959 3713 3067 3754; x_wconf 90' lang='lat' dir='ltr'><strong>non</strong></span> <span class='ocrx_word' id='word_1_626' title='bbox 3117 3700 3389 3772; x_wconf 88' lang='lat' dir='ltr'><strong>signiﬁcat</strong></span> <span class='ocrx_word' id='word_1_627' title='bbox 3434 3704 3646 3775; x_wconf 78' lang='lat' dir='ltr'><strong>decem,</strong></span> 
     </span>
    </p>
   </div>
   <div class='ocr_carea' id='block_1_82' title="bbox 2054 3788 3652 3869">
    <p class='ocr_par' dir='ltr' id='par_1_82' title="bbox 2054 3788 3652 3869">
     <span class='ocr_line' id='line_1_82' title="bbox 2054 3788 3652 3869; baseline 0.006 -23"><span class='ocrx_word' id='word_1_628' title='bbox 2054 3788 2148 3846; x_wconf 87' lang='lat' dir='ltr'><strong>sed</strong></span> <span class='ocrx_word' id='word_1_629' title='bbox 2181 3802 2480 3859; x_wconf 89' lang='lat' dir='ltr'><strong>pronomen</strong></span> <span class='ocrx_word' id='word_1_630' title='bbox 2523 3789 2655 3861; x_wconf 88' lang='lat' dir='ltr'><strong>qui).</strong></span> <span class='ocrx_word' id='word_1_631' title='bbox 2690 3790 2818 3845; x_wconf 58' lang='lat' dir='ltr'><strong>llaec</strong></span> <span class='ocrx_word' id='word_1_632' title='bbox 2842 3790 3060 3847; x_wconf 68' lang='lat' dir='ltr'><strong>Hehrmi</strong></span> <span class='ocrx_word' id='word_1_633' title='bbox 3090 3795 3361 3851; x_wconf 90' lang='lat' dir='ltr'><strong>sermonis</strong></span> <span class='ocrx_word' id='word_1_634' title='bbox 3412 3804 3652 3869; x_wconf 81' lang='lat' dir='ltr'><strong>experti-</strong></span> 
     </span>
    </p>
   </div>
   <div class='ocr_carea' id='block_1_83' title="bbox 2054 3882 3654 3952">
    <p class='ocr_par' dir='ltr' id='par_1_83' title="bbox 2054 3882 3654 3952">
     <span class='ocr_line' id='line_1_83' title="bbox 2054 3882 3654 3952; baseline 0.008 -12"><span class='ocrx_word' id='word_1_635' title='bbox 2054 3882 2156 3940; x_wconf 90' lang='lat' dir='ltr'><strong>bus</strong></span> <span class='ocrx_word' id='word_1_636' title='bbox 2185 3882 2542 3939; x_wconf 90' lang='lat' dir='ltr'><strong>deliramenta</strong></span> <span class='ocrx_word' id='word_1_637' title='bbox 2593 3883 2881 3940; x_wconf 90' lang='lat' dir='ltr'><strong>vidcantur</strong></span> <span class='ocrx_word' id='word_1_638' title='bbox 2909 3904 2922 3941; x_wconf 88' lang='lat'><strong>:</strong></span> <span class='ocrx_word' id='word_1_639' title='bbox 2954 3886 3051 3942; x_wconf 88' lang='lat' dir='ltr'><strong>sed</strong></span> <span class='ocrx_word' id='word_1_640' title='bbox 3102 3904 3246 3946; x_wconf 91' lang='lat' dir='ltr'><strong>nunc</strong></span> <span class='ocrx_word' id='word_1_641' title='bbox 3288 3906 3395 3947; x_wconf 91' lang='lat' dir='ltr'><strong>non</strong></span> <span class='ocrx_word' id='word_1_642' title='bbox 3427 3904 3654 3952; x_wconf 82' lang='lat' dir='ltr'><strong>contro-</strong></span> 
     </span>
    </p>
   </div>
   <div class='ocr_carea' id='block_1_84' title="bbox 2056 3977 3658 4055">
    <p class='ocr_par' dir='ltr' id='par_1_84' title="bbox 2056 3977 3658 4055">
     <span class='ocr_line' id='line_1_84' title="bbox 2056 3977 3658 4055; baseline 0.008 -22"><span class='ocrx_word' id='word_1_643' title='bbox 2056 3977 2266 4035; x_wconf 90' lang='lat' dir='ltr'><strong>versias</strong></span> <span class='ocrx_word' id='word_1_644' title='bbox 2292 3977 2602 4045; x_wconf 85' lang='lat' dir='ltr'><strong>scribimus,</strong></span> <span class='ocrx_word' id='word_1_645' title='bbox 2633 3986 2729 4034; x_wconf 87' lang='lat' dir='ltr'><strong>aut</strong></span> <span class='ocrx_word' id='word_1_646' title='bbox 2753 3981 3055 4048; x_wconf 90' lang='lat' dir='ltr'><strong>orationes,</strong></span> <span class='ocrx_word' id='word_1_647' title='bbox 3083 3980 3136 4038; x_wconf 90' lang='lat' dir='ltr'><strong>in</strong></span> <span class='ocrx_word' id='word_1_648' title='bbox 3159 3984 3354 4055; x_wconf 91' lang='lat' dir='ltr'><strong>quibus</strong></span> <span class='ocrx_word' id='word_1_649' title='bbox 3378 3988 3489 4043; x_wconf 91' lang='lat' dir='ltr'><strong>ludi</strong></span> <span class='ocrx_word' id='word_1_650' title='bbox 3517 3991 3658 4046; x_wconf 91' lang='lat' dir='ltr'><strong>solet</strong></span> 
     </span>
    </p>
   </div>
   <div class='ocr_carea' id='block_1_85' title="bbox 2060 4071 3659 4148">
    <p class='ocr_par' dir='ltr' id='par_1_85' title="bbox 2060 4071 3659 4148">
     <span class='ocr_line' id='line_1_85' title="bbox 2060 4071 3659 4148; baseline 0.007 -19"><span class='ocrx_word' id='word_1_651' title='bbox 2060 4072 2451 4144; x_wconf 90' lang='lat' dir='ltr'><strong>compositione</strong></span> <span class='ocrx_word' id='word_1_652' title='bbox 2473 4071 2790 4142; x_wconf 86' lang='lat' dir='ltr'><strong>verborum,</strong></span> <span class='ocrx_word' id='word_1_653' title='bbox 2825 4074 2922 4130; x_wconf 89' lang='lat' dir='ltr'><strong>sed</strong></span> <span class='ocrx_word' id='word_1_654' title='bbox 2951 4075 3389 4148; x_wconf 84' lang='lat' dir='ltr'><strong>explanationes,</strong></span> <span class='ocrx_word' id='word_1_655' title='bbox 3424 4090 3479 4138; x_wconf 93' lang='lat' dir='ltr'><strong>et</strong></span> <span class='ocrx_word' id='word_1_656' title='bbox 3508 4098 3659 4140; x_wconf 84' lang='lat' dir='ltr'><strong>com-</strong></span> 
     </span>
    </p>
   </div>
   <div class='ocr_carea' id='block_1_86' title="bbox 2061 4165 3661 4234">
    <p class='ocr_par' dir='ltr' id='par_1_86' title="bbox 2061 4165 3661 4234">
     <span class='ocr_line' id='line_1_86' title="bbox 2061 4165 3661 4234; baseline 0.006 -10"><span class='ocrx_word' id='word_1_657' title='bbox 2061 4167 2358 4224; x_wconf 88' lang='lat' dir='ltr'><strong>mentarios</strong></span> <span class='ocrx_word' id='word_1_658' title='bbox 2408 4165 2761 4223; x_wconf 75' lang='lat' dir='ltr'><strong>Hebrteorum</strong></span> <span class='ocrx_word' id='word_1_659' title='bbox 2830 4167 3189 4225; x_wconf 85' lang='lat' dir='ltr'><strong>voluminum.</strong></span> <span class='ocrx_word' id='word_1_660' title='bbox 3222 4171 3422 4229; x_wconf 82' lang='lat' dir='ltr'><strong>Verum</strong></span> <span class='ocrx_word' id='word_1_661' title='bbox 3467 4178 3661 4234; x_wconf 86' lang='lat' dir='ltr'><strong>redea-</strong></span> 
     </span>
    </p>
   </div>
   <div class='ocr_carea' id='block_1_87' title="bbox 2063 4261 3660 4343">
    <p class='ocr_par' dir='ltr' id='par_1_87' title="bbox 2063 4261 3660 4343">
     <span class='ocr_line' id='line_1_87' title="bbox 2063 4261 3660 4343; baseline 0.005 -26"><span class='ocrx_word' id='word_1_662' title='bbox 2063 4278 2183 4319; x_wconf 90' lang='lat' dir='ltr'><strong>mus</strong></span> <span class='ocrx_word' id='word_1_663' title='bbox 2211 4262 2277 4318; x_wconf 90' lang='lat' dir='ltr'><strong>ad</strong></span> <span class='ocrx_word' id='word_1_664' title='bbox 2307 4269 2568 4333; x_wconf 72' lang='lat' dir='ltr'><strong>emptum.</strong></span> <span class='ocrx_word' id='word_1_665' title='bbox 2592 4261 2729 4317; x_wconf 89' lang='lat' dir='ltr'><strong>Octo</strong></span> <span class='ocrx_word' id='word_1_666' title='bbox 2757 4261 2872 4318; x_wconf 88' lang='lat' dir='ltr'><strong>sive</strong></span> <span class='ocrx_word' id='word_1_667' title='bbox 2900 4262 3089 4320; x_wconf 86' lang='lat' dir='ltr'><strong>decem</strong></span> <span class='ocrx_word' id='word_1_668' title='bbox 3122 4268 3383 4336; x_wconf 87' lang='lat' dir='ltr'><strong>gradibus</strong></span> <span class='ocrx_word' id='word_1_669' title='bbox 3412 4272 3502 4342; x_wconf 92' lang='lat' dir='ltr'><strong>qui</strong></span> <span class='ocrx_word' id='word_1_670' title='bbox 3536 4288 3660 4343; x_wconf 68' lang='lat' dir='ltr'><strong>pero</strong></span> 
     </span>
    </p>
   </div>
   <div class='ocr_carea' id='block_1_88' title="bbox 2065 4355 3660 4432">
    <p class='ocr_par' dir='ltr' id='par_1_88' title="bbox 2065 4355 3660 4432">
     <span class='ocr_line' id='line_1_88' title="bbox 2065 4355 3660 4432; baseline -0.003 -19"><span class='ocrx_word' id='word_1_671' title='bbox 2065 4357 2237 4413; x_wconf 85' lang='lat' dir='ltr'><strong>fectus</strong></span> <span class='ocrx_word' id='word_1_672' title='bbox 2266 4364 2351 4412; x_wconf 88' lang='lat' dir='ltr'><strong>est</strong></span> <span class='ocrx_word' id='word_1_673' title='bbox 2381 4369 2665 4421; x_wconf 91' lang='lat' dir='ltr'><strong>numerus,</strong></span> <span class='ocrx_word' id='word_1_674' title='bbox 2698 4364 2791 4410; x_wconf 90' lang='lat' dir='ltr'><strong>aut</strong></span> <span class='ocrx_word' id='word_1_675' title='bbox 2820 4355 3099 4424; x_wconf 88' lang='lat' dir='ltr'><strong>undecim,</strong></span> <span class='ocrx_word' id='word_1_676' title='bbox 3128 4358 3197 4414; x_wconf 89' lang='lat' dir='ltr'><strong>de</strong></span> <span class='ocrx_word' id='word_1_677' title='bbox 3218 4376 3326 4431; x_wconf 90' lang='lat' dir='ltr'><strong>quo</strong></span> <span class='ocrx_word' id='word_1_678' title='bbox 3366 4363 3479 4432; x_wconf 86' lang='lat' dir='ltr'><strong>jam</strong></span> <span class='ocrx_word' id='word_1_679' title='bbox 3518 4366 3660 4423; x_wconf 84' lang='lat' dir='ltr'><strong>dixi.</strong></span> 
     </span>
    </p>
   </div>
   <div class='ocr_carea' id='block_1_89' title="bbox 2064 4447 3660 4531">
    <p class='ocr_par' dir='ltr' id='par_1_89' title="bbox 2064 4447 3660 4531">
     <span class='ocr_line' id='line_1_89' title="bbox 2064 4447 3660 4531; baseline 0.008 -26"><span class='ocrx_word' id='word_1_680' title='bbox 2064 4465 2208 4517; x_wconf 88' lang='lat' dir='ltr'><strong>mus,</strong></span> <span class='ocrx_word' id='word_1_681' title='bbox 2266 4448 2582 4506; x_wconf 89' lang='lat' dir='ltr'><strong>ascenditur</strong></span> <span class='ocrx_word' id='word_1_682' title='bbox 2636 4447 2703 4502; x_wconf 89' lang='lat' dir='ltr'><strong>ad</strong></span> <span class='ocrx_word' id='word_1_683' title='bbox 2750 4457 2961 4517; x_wconf 88' lang='lat' dir='ltr'><strong>portam</strong></span> <span class='ocrx_word' id='word_1_684' title='bbox 3017 4461 3357 4522; x_wconf 81' lang='lat' dir='ltr'><strong>sanctorum,</strong></span> <span class='ocrx_word' id='word_1_685' title='bbox 3414 4456 3466 4511; x_wconf 92' lang='lat' dir='ltr'><strong>in</strong></span> <span class='ocrx_word' id='word_1_686' title='bbox 3504 4462 3660 4531; x_wconf 86' lang='lat' dir='ltr'><strong>cujus</strong></span> 
     </span>
    </p>
   </div>
   <div class='ocr_carea' id='block_1_90' title="bbox 2071 4540 3657 4612">
    <p class='ocr_par' dir='ltr' id='par_1_90' title="bbox 2071 4540 3657 4612">
     <span class='ocr_line' id='line_1_90' title="bbox 2071 4540 3657 4612; baseline 0.008 -13"><span class='ocrx_word' id='word_1_687' title='bbox 2071 4542 2343 4600; x_wconf 88' lang='lat' dir='ltr'><strong>frontibus</strong></span> <span class='ocrx_word' id='word_1_688' title='bbox 2369 4542 2637 4598; x_wconf 76' lang='lat' dir='ltr'><strong>columna:</strong></span> <span class='ocrx_word' id='word_1_689' title='bbox 2667 4550 2845 4607; x_wconf 89' lang='lat' dir='ltr'><strong>erant,</strong></span> <span class='ocrx_word' id='word_1_690' title='bbox 2880 4556 2981 4596; x_wconf 90' lang='lat' dir='ltr'><strong>una</strong></span> <span class='ocrx_word' id='word_1_691' title='bbox 3017 4540 3166 4611; x_wconf 91' lang='lat' dir='ltr'><strong>hinc,</strong></span> <span class='ocrx_word' id='word_1_692' title='bbox 3207 4553 3264 4601; x_wconf 90' lang='lat' dir='ltr'><strong>et</strong></span> <span class='ocrx_word' id='word_1_693' title='bbox 3289 4548 3459 4606; x_wconf 89' lang='lat' dir='ltr'><strong>altera</strong></span> <span class='ocrx_word' id='word_1_694' title='bbox 3513 4552 3657 4612; x_wconf 90' lang='lat' dir='ltr'><strong>inde.</strong></span> 
     </span>
    </p>
   </div>
   <div class='ocr_carea' id='block_1_91' title="bbox 357 4625 3658 4719">
    <p class='ocr_par' dir='ltr' id='par_1_91' title="bbox 357 4625 3658 4719">
     <span class='ocr_line' id='line_1_91' title="bbox 357 4625 3658 4719; baseline 0.002 -24"><span class='ocrx_word' id='word_1_695' title='bbox 357 4657 454 4704; x_wconf 75' lang='lat' dir='ltr'><strong>est</strong></span> <span class='ocrx_word' id='word_1_696' title='bbox 492 4648 917 4719; x_wconf 73' lang='lat' dir='ltr'><strong>ingredientium</strong></span> <span class='ocrx_word' id='word_1_697' title='bbox 949 4625 1020 4702; x_wconf 69' lang='lat' dir='ltr'><strong>ad</strong></span> <span class='ocrx_word' id='word_1_698' title='bbox 1065 4646 1260 4714; x_wconf 82' lang='lat' dir='ltr'><strong>Deum,</strong></span> <span class='ocrx_word' id='word_1_699' title='bbox 1308 4645 1436 4702; x_wconf 86' lang='lat' dir='ltr'><strong>dum</strong></span> <span class='ocrx_word' id='word_1_700' title='bbox 1458 4654 1515 4703; x_wconf 77' lang='lat' dir='ltr'><strong>et</strong></span> <span class='ocrx_word' id='word_1_701' title='bbox 1538 4625 1701 4703; x_wconf 61' lang='lat' dir='ltr'><strong>Pater</strong></span> <span class='ocrx_word' id='word_1_702' title='bbox 1734 4648 1788 4703; x_wconf 86' lang='lat' dir='ltr'><strong>in</strong></span> <span class='ocrx_word' id='word_1_703' title='bbox 1810 4625 1961 4706; x_wconf 79' lang='lat' dir='ltr'><strong>Filio</strong></span> <span class='ocrx_word' id='word_1_704' title='bbox 1989 4625 2044 4688; x_wconf 84' lang='lat' dir='ltr'><strong>D</strong></span> <span class='ocrx_word' id='word_1_705' title='bbox 2068 4638 2185 4696; x_wconf 84' lang='lat' dir='ltr'><strong>Non</strong></span> <span class='ocrx_word' id='word_1_706' title='bbox 2213 4637 2371 4704; x_wconf 85' lang='lat' dir='ltr'><strong>dixit,</strong></span> <span class='ocrx_word' id='word_1_707' title='bbox 2396 4636 2540 4702; x_wconf 71' lang='lat' dir='ltr'><strong>dum,</strong></span> <span class='ocrx_word' id='word_1_708' title='bbox 2572 4649 2645 4690; x_wconf 92' lang='lat' dir='ltr'><strong>ne</strong></span> <span class='ocrx_word' id='word_1_709' title='bbox 2675 4634 2728 4690; x_wconf 90' lang='lat' dir='ltr'><strong>in</strong></span> <span class='ocrx_word' id='word_1_710' title='bbox 2760 4633 2980 4690; x_wconf 88' lang='lat' dir='ltr'><strong>dualem</strong></span> <span class='ocrx_word' id='word_1_711' title='bbox 3004 4636 3309 4696; x_wconf 88' lang='lat' dir='ltr'><strong>incurreret</strong></span> <span class='ocrx_word' id='word_1_712' title='bbox 3352 4659 3658 4716; x_wconf 89' lang='lat' dir='ltr'><strong>numerum,</strong></span> 
     </span>
    </p>
   </div>
   <div class='ocr_carea' id='block_1_92' title="bbox 359 4737 1959 4811">
    <p class='ocr_par' dir='ltr' id='par_1_92' title="bbox 359 4737 1959 4811">
     <span class='ocr_line' id='line_1_92' title="bbox 359 4737 1959 4811; baseline 0 -13"><span class='ocrx_word' id='word_1_713' title='bbox 359 4749 473 4807; x_wconf 84' lang='lat' dir='ltr'><strong>est,</strong></span> <span class='ocrx_word' id='word_1_714' title='bbox 504 4751 562 4798; x_wconf 91' lang='lat' dir='ltr'><strong>et</strong></span> <span class='ocrx_word' id='word_1_715' title='bbox 591 4740 761 4797; x_wconf 85' lang='lat' dir='ltr'><strong>Filius</strong></span> <span class='ocrx_word' id='word_1_716' title='bbox 808 4741 860 4796; x_wconf 92' lang='lat' dir='ltr'><strong>in</strong></span> <span class='ocrx_word' id='word_1_717' title='bbox 886 4740 1068 4809; x_wconf 87' lang='lat' dir='ltr'><strong>Patre,</strong></span> <span class='ocrx_word' id='word_1_718' title='bbox 1096 4750 1153 4797; x_wconf 91' lang='lat' dir='ltr'><strong>et</strong></span> <span class='ocrx_word' id='word_1_719' title='bbox 1181 4739 1234 4795; x_wconf 89' lang='lat' dir='ltr'><strong>in</strong></span> <span class='ocrx_word' id='word_1_720' title='bbox 1266 4747 1501 4811; x_wconf 88' lang='lat' dir='ltr'><strong>utroque</strong></span> <span class='ocrx_word' id='word_1_721' title='bbox 1530 4737 1768 4811; x_wconf 89' lang='lat' dir='ltr'><strong>Spiritus</strong></span> <span class='ocrx_word' id='word_1_722' title='bbox 1797 4756 1959 4798; x_wconf 82' lang='lat' dir='ltr'><strong>sanc-</strong></span> 
     </span>
    </p>
   </div>
   <div class='ocr_carea' id='block_1_93' title="bbox 448 4946 1964 5022">
    <p class='ocr_par' dir='ltr' id='par_1_93' title="bbox 448 4946 1964 5022">
     <span class='ocr_line' id='line_1_93' title="bbox 448 4946 1964 5022; baseline -0.003 -16"><span class='ocrx_word' id='word_1_723' title='bbox 448 4962 476 4990; x_wconf 73' lang='grc' dir='ltr'>α</span> <span class='ocrx_word' id='word_1_724' title='bbox 508 4949 673 5007; x_wconf 86' lang='lat' dir='ltr'><strong>Falso</strong></span> <span class='ocrx_word' id='word_1_725' title='bbox 700 4949 887 5022; x_wconf 89' lang='lat' dir='ltr'><strong>legunt</strong></span> <span class='ocrx_word' id='word_1_726' title='bbox 908 4948 1143 5022; x_wconf 24' lang='lat' dir='ltr'><strong>hic‘libri</strong></span> <span class='ocrx_word' id='word_1_727' title='bbox 1176 4958 1301 5003; x_wconf 89' lang='lat' dir='ltr'><strong>ante</strong></span> <span class='ocrx_word' id='word_1_728' title='bbox 1324 4963 1423 5022; x_wconf 85' lang='lat' dir='ltr'><strong>nos</strong></span> <span class='ocrx_word' id='word_1_729' title='bbox 1451 4946 1603 5022; x_wconf 85' lang='lat' dir='ltr'><strong>editi,</strong></span> <span class='ocrx_word' id='word_1_730' title='bbox 1636 4948 1860 5018; x_wconf 84' lang='lat' dir='ltr'><strong>positum</strong></span> <span class='ocrx_word' id='word_1_731' title='bbox 1889 4956 1964 5022; x_wconf 76' lang='lat' dir='ltr'><strong>est</strong></span> 
     </span>
    </p>
   </div>
   <div class='ocr_carea' id='block_1_94' title="bbox 370 5019 1970 5091">
    <p class='ocr_par' dir='ltr' id='par_1_94' title="bbox 370 5019 1970 5091">
     <span class='ocr_line' id='line_1_94' title="bbox 370 5019 1970 5091; baseline -0.005 -9"><span class='ocrx_word' id='word_1_732' title='bbox 370 5023 623 5088; x_wconf 72' lang='lat' dir='ltr'><strong>rerohab,</strong></span> <span class='ocrx_word' id='word_1_733' title='bbox 654 5019 795 5088; x_wconf 62' lang='lat' dir='ltr'><strong>etcf,</strong></span> <span class='ocrx_word' id='word_1_734' title='bbox 824 5036 948 5076; x_wconf 90' lang='lat' dir='ltr'><strong>cum</strong></span> <span class='ocrx_word' id='word_1_735' title='bbox 998 5019 1363 5091; x_wconf 84' lang='lat' dir='ltr'><strong>Hieronymus</strong></span> <span class='ocrx_word' id='word_1_736' title='bbox 1406 5021 1548 5091; x_wconf 88' lang='lat' dir='ltr'><strong>legat</strong></span> <span class='ocrx_word' id='word_1_737' title='bbox 1572 5019 1626 5074; x_wconf 92' lang='lat' dir='ltr'><strong>in</strong></span> <span class='ocrx_word' id='word_1_738' title='bbox 1650 5034 1783 5075; x_wconf 92' lang='lat' dir='ltr'><strong>mss.</strong></span> <span class='ocrx_word' id='word_1_739' title='bbox 1817 5019 1970 5076; x_wconf 84' lang='lat' dir='ltr'><strong>codi-</strong></span> 
     </span>
    </p>
   </div>
   <div class='ocr_carea' id='block_1_95' title="bbox 371 5093 1967 5164">
    <p class='ocr_par' dir='ltr' id='par_1_95' title="bbox 371 5093 1967 5164">
     <span class='ocr_line' id='line_1_95' title="bbox 371 5093 1967 5164; baseline -0.005 -11"><span class='ocrx_word' id='word_1_740' title='bbox 371 5100 534 5154; x_wconf 89' lang='lat' dir='ltr'><strong>cibus</strong></span> <span class='ocrx_word' id='word_1_741' title='bbox 566 5110 701 5149; x_wconf 75' lang='lat' dir='ltr'><strong>unon</strong></span> <span class='ocrx_word' id='word_1_742' title='bbox 745 5094 900 5164; x_wconf 86' lang='lat' dir='ltr'><strong>juxta</strong></span> <span class='ocrx_word' id='word_1_743' title='bbox 934 5107 1140 5164; x_wconf 83' lang='lat' dir='ltr'><strong>morem</strong></span> <span class='ocrx_word' id='word_1_744' title='bbox 1198 5094 1566 5164; x_wconf 79' lang='lat' dir='ltr'><strong>antiquorum,</strong></span> <span class='ocrx_word' id='word_1_745' title='bbox 1599 5100 1653 5147; x_wconf 87' lang='lat' dir='ltr'><strong>et</strong></span> <span class='ocrx_word' id='word_1_746' title='bbox 1681 5108 1785 5164; x_wconf 85' lang='lat' dir='ltr'><strong>non</strong></span> <span class='ocrx_word' id='word_1_747' title='bbox 1816 5093 1967 5161; x_wconf 85' lang='lat' dir='ltr'><strong>juxta</strong></span> 
     </span>
    </p>
   </div>
   <div class='ocr_carea' id='block_1_96' title="bbox 375 5161 1971 5242">
    <p class='ocr_par' dir='ltr' id='par_1_96' title="bbox 375 5161 1971 5242">
     <span class='ocr_line' id='line_1_96' title="bbox 375 5161 1971 5242; baseline -0.004 -18"><span class='ocrx_word' id='word_1_748' title='bbox 375 5161 792 5242; x_wconf 82' lang='lat' dir='ltr'><strong>punctationem</strong></span> <span class='ocrx_word' id='word_1_749' title='bbox 837 5163 1184 5242; x_wconf 64' lang='lat' dir='ltr'><strong>hodiernam.</strong></span> <span class='ocrx_word' id='word_1_750' title='bbox 1232 5161 1648 5242; x_wconf 78' lang='lat' dir='ltr'><strong>Consequenter</strong></span> <span class='ocrx_word' id='word_1_751' title='bbox 1679 5163 1730 5242; x_wconf 81' lang='lat' dir='ltr'><strong>in</strong></span> <span class='ocrx_word' id='word_1_752' title='bbox 1781 5178 1971 5217; x_wconf 89' lang='lat' dir='ltr'><strong>manu-</strong></span> 
     </span>
    </p>
   </div>
   <div class='ocr_carea' id='block_1_97' title="bbox 376 5233 1974 5311">
    <p class='ocr_par' dir='ltr' id='par_1_97' title="bbox 376 5233 1974 5311">
     <span class='ocr_line' id='line_1_97' title="bbox 376 5233 1974 5311; baseline -0.005 -14"><span class='ocrx_word' id='word_1_753' title='bbox 376 5233 609 5311; x_wconf 69' lang='lat' dir='ltr'><strong>scriptis</strong></span> <span class='ocrx_word' id='word_1_754' title='bbox 640 5236 1042 5311; x_wconf 79' lang='lat' dir='ltr'><strong>exemplaribus</strong></span> <span class='ocrx_word' id='word_1_755' title='bbox 1073 5236 1337 5311; x_wconf 82' lang='lat' dir='ltr'><strong>scriptum</strong></span> <span class='ocrx_word' id='word_1_756' title='bbox 1367 5233 1609 5305; x_wconf 88' lang='lat' dir='ltr'><strong>reperio,</strong></span> <span class='ocrx_word' id='word_1_757' title='bbox 1636 5234 1846 5311; x_wconf 70' lang='lat' dir='ltr'><strong>sedpro</strong></span> <span class='ocrx_word' id='word_1_758' title='bbox 1873 5251 1974 5311; x_wconf 88' lang='lat' dir='ltr'><strong>_n_o-</strong></span> 
     </span>
    </p>
   </div>
   <div class='ocr_carea' id='block_1_98' title="bbox 378 5305 1975 5377">
    <p class='ocr_par' dir='ltr' id='par_1_98' title="bbox 378 5305 1975 5377">
     <span class='ocr_line' id='line_1_98' title="bbox 378 5305 1975 5377; baseline -0.005 -10"><span class='ocrx_word' id='word_1_759' title='bbox 378 5305 518 5367; x_wconf 42' lang='lat' dir='ltr'><strong>men.</strong></span> <span class='ocrx_word' id='word_1_760' title='bbox 545 5305 817 5375; x_wconf 74' lang='lat' dir='ltr'><strong>sermonis,</strong></span> <span class='ocrx_word' id='word_1_761' title='bbox 864 5316 1007 5373; x_wconf 87' lang='lat' dir='ltr'><strong>etc.;</strong></span> <span class='ocrx_word' id='word_1_762' title='bbox 1059 5307 1163 5373; x_wconf 90' lang='lat' dir='ltr'><strong>vel,</strong></span> <span class='ocrx_word' id='word_1_763' title='bbox 1197 5307 1286 5362; x_wconf 83' lang='lat' dir='ltr'><strong>scd</strong></span> <span class='ocrx_word' id='word_1_764' title='bbox 1315 5323 1406 5377; x_wconf 89' lang='lat' dir='ltr'><strong>pro</strong></span> <span class='ocrx_word' id='word_1_765' title='bbox 1427 5322 1609 5361; x_wconf 85' lang='lat' dir='ltr'><strong>nomen</strong></span> <span class='ocrx_word' id='word_1_766' title='bbox 1640 5305 1823 5377; x_wconf 84' lang='lat' dir='ltr'><strong>quibus</strong></span> <span class='ocrx_word' id='word_1_767' title='bbox 1866 5305 1975 5360; x_wconf 80' lang='lat' dir='ltr'><strong>He—</strong></span> 
     </span>
    </p>
   </div>
   <div class='ocr_carea' id='block_1_99' title="bbox 381 5378 1977 5449">
    <p class='ocr_par' dir='ltr' id='par_1_99' title="bbox 381 5378 1977 5449">
     <span class='ocr_line' id='line_1_99' title="bbox 381 5378 1977 5449; baseline -0.004 -10"><span class='ocrx_word' id='word_1_768' title='bbox 381 5385 532 5449; x_wconf 65' lang='lat' dir='ltr'><strong>brari,</strong></span> <span class='ocrx_word' id='word_1_769' title='bbox 568 5390 672 5437; x_wconf 90' lang='lat' dir='ltr'><strong>etc.</strong></span> <span class='ocrx_word' id='word_1_770' title='bbox 714 5380 849 5447; x_wconf 85' lang='lat' dir='ltr'><strong>Quae</strong></span> <span class='ocrx_word' id='word_1_771' title='bbox 899 5378 1323 5449; x_wconf 88' lang='lat' dir='ltr'><strong>depravationes</strong></span> <span class='ocrx_word' id='word_1_772' title='bbox 1379 5386 1505 5432; x_wconf 89' lang='lat' dir='ltr'><strong>sunt</strong></span> <span class='ocrx_word' id='word_1_773' title='bbox 1532 5387 1775 5449; x_wconf 86' lang='lat' dir='ltr'><strong>veterum</strong></span> <span class='ocrx_word' id='word_1_774' title='bbox 1811 5378 1977 5433; x_wconf 87' lang='lat' dir='ltr'><strong>libra-</strong></span> 
     </span>
    </p>
   </div>
   <div class='ocr_carea' id='block_1_100' title="bbox 379 5448 1974 5523">
    <p class='ocr_par' dir='ltr' id='par_1_100' title="bbox 379 5448 1974 5523">
     <span class='ocr_line' id='line_1_100' title="bbox 379 5448 1974 5523; baseline -0.006 -11"><span class='ocrx_word' id='word_1_775' title='bbox 379 5448 617 5518; x_wconf 88' lang='lat' dir='ltr'><strong>riorum,</strong></span> <span class='ocrx_word' id='word_1_776' title='bbox 651 5455 743 5523; x_wconf 89' lang='lat' dir='ltr'><strong>qui</strong></span> <span class='ocrx_word' id='word_1_777' title='bbox 773 5461 827 5507; x_wconf 90' lang='lat' dir='ltr'><strong>et</strong></span> <span class='ocrx_word' id='word_1_778' title='bbox 850 5451 954 5519; x_wconf 83' lang='lat' dir='ltr'><strong>ipsi</strong></span> <span class='ocrx_word' id='word_1_779' title='bbox 978 5448 1228 5519; x_wconf 86' lang='lat' dir='ltr'><strong>expertes</strong></span> <span class='ocrx_word' id='word_1_780' title='bbox 1250 5450 1471 5505; x_wconf 91' lang='lat' dir='ltr'><strong>fuerunt</strong></span> <span class='ocrx_word' id='word_1_781' title='bbox 1503 5448 1742 5523; x_wconf 66' lang='lat' dir='ltr'><strong>Hebraei</strong></span> <span class='ocrx_word' id='word_1_782' title='bbox 1765 5464 1974 5523; x_wconf 85' lang='lat' dir='ltr'><strong>sermo-</strong></span> 
     </span>
    </p>
   </div>
   <div class='ocr_carea' id='block_1_101' title="bbox 382 5520 1974 5589">
    <p class='ocr_par' dir='ltr' id='par_1_101' title="bbox 382 5520 1974 5589">
     <span class='ocr_line' id='line_1_101' title="bbox 382 5520 1974 5589; baseline -0.004 -6"><span class='ocrx_word' id='word_1_783' title='bbox 382 5529 496 5583; x_wconf 88' lang='lat' dir='ltr'><strong>nis.</strong></span> <span class='ocrx_word' id='word_1_784' title='bbox 531 5520 715 5580; x_wconf 70' lang='lat' dir='ltr'><strong>Mmi‘.</strong></span> <span class='ocrx_word' id='word_1_785' title='bbox 748 5553 817 5562; x_wconf 86' lang='lat'><em>--</em></span> <span class='ocrx_word' id='word_1_786' title='bbox 845 5524 1091 5589; x_wconf 90' lang='lat' dir='ltr'><strong>Quatuor</strong></span> <span class='ocrx_word' id='word_1_787' title='bbox 1140 5523 1238 5575; x_wconf 86' lang='lat' dir='ltr'><strong>hos</strong></span> <span class='ocrx_word' id='word_1_788' title='bbox 1268 5537 1461 5577; x_wconf 89' lang='lat' dir='ltr'><strong>versus</strong></span> <span class='ocrx_word' id='word_1_789' title='bbox 1489 5520 1701 5575; x_wconf 90' lang='lat' dir='ltr'><strong>uncinis</strong></span> <span class='ocrx_word' id='word_1_790' title='bbox 1731 5520 1974 5577; x_wconf 92' lang='lat' dir='ltr'><strong>inclusos</strong></span> 
     </span>
    </p>
   </div>
   <div class='ocr_carea' id='block_1_102' title="bbox 380 5591 1974 5662">
    <p class='ocr_par' dir='ltr' id='par_1_102' title="bbox 380 5591 1974 5662">
     <span class='ocr_line' id='line_1_102' title="bbox 380 5591 1974 5662; baseline -0.004 -7"><span class='ocrx_word' id='word_1_791' title='bbox 380 5596 670 5655; x_wconf 75' lang='lat' dir='ltr'><strong>Victorius</strong></span> <span class='ocrx_word' id='word_1_792' title='bbox 698 5595 862 5662; x_wconf 89' lang='lat' dir='ltr'><strong>delet,</strong></span> <span class='ocrx_word' id='word_1_793' title='bbox 889 5594 1265 5658; x_wconf 89' lang='lat' dir='ltr'><strong>eruditiorum,</strong></span> <span class='ocrx_word' id='word_1_794' title='bbox 1305 5594 1483 5661; x_wconf 87' lang='lat' dir='ltr'><strong>utait,</strong></span> <span class='ocrx_word' id='word_1_795' title='bbox 1532 5591 1743 5662; x_wconf 89' lang='lat' dir='ltr'><strong>judicio</strong></span> <span class='ocrx_word' id='word_1_796' title='bbox 1784 5592 1974 5659; x_wconf 88' lang='lat' dir='ltr'><strong>fretus,</strong></span> 
     </span>
    </p>
   </div>
   <div class='ocr_carea' id='block_1_103' title="bbox 385 5666 1976 5742">
    <p class='ocr_par' dir='ltr' id='par_1_103' title="bbox 385 5666 1976 5742">
     <span class='ocr_line' id='line_1_103' title="bbox 385 5666 1976 5742; baseline -0.002 -21"><span class='ocrx_word' id='word_1_797' title='bbox 385 5669 689 5742; x_wconf 12' lang='lat' dir='ltr'><strong>quodinec</strong></span> <span class='ocrx_word' id='word_1_798' title='bbox 742 5681 984 5742; x_wconf 34' lang='lat' dir='ltr'><strong>sensum‘</strong></span> <span class='ocrx_word' id='word_1_799' title='bbox 1010 5666 1331 5742; x_wconf 70' lang='lat' dir='ltr'><strong>sanctissimi</strong></span> <span class='ocrx_word' id='word_1_800' title='bbox 1383 5666 1483 5720; x_wconf 87' lang='lat' dir='ltr'><strong>viri</strong></span> <span class='ocrx_word' id='word_1_801' title='bbox 1531 5673 1976 5742; x_wconf 77' lang='lat' dir='ltr'><strong>assequerentur,</strong></span> 
     </span>
    </p>
   </div>
   <div class='ocr_carea' id='block_1_104' title="bbox 387 5735 1979 5808">
    <p class='ocr_par' dir='ltr' id='par_1_104' title="bbox 387 5735 1979 5808">
     <span class='ocr_line' id='line_1_104' title="bbox 387 5735 1979 5808; baseline -0.005 -10"><span class='ocrx_word' id='word_1_802' title='bbox 387 5735 494 5798; x_wconf 63' lang='lat' dir='ltr'><strong>nec</strong></span> <span class='ocrx_word' id='word_1_803' title='bbox 553 5735 1014 5808; x_wconf 79' lang='lat' dir='ltr'><strong>interpretationis</strong></span> <span class='ocrx_word' id='word_1_804' title='bbox 1064 5736 1825 5808; x_wconf 22' lang='lat' dir='ltr'><strong>diversitatem,7qualisnam‘</strong></span> <span class='ocrx_word' id='word_1_805' title='bbox 1851 5750 1979 5808; x_wconf 78' lang='lat' dir='ltr'><strong>vera</strong></span> 
     </span>
    </p>
   </div>
   <div class='ocr_carea' id='block_1_105' title="bbox 389 5806 1982 5882">
    <p class='ocr_par' dir='ltr' id='par_1_105' title="bbox 389 5806 1982 5882">
     <span class='ocr_line' id='line_1_105' title="bbox 389 5806 1982 5882; baseline -0.005 -12"><span class='ocrx_word' id='word_1_806' title='bbox 389 5822 564 5876; x_wconf 86' lang='lat' dir='ltr'><strong>esset,</strong></span> <span class='ocrx_word' id='word_1_807' title='bbox 614 5806 962 5882; x_wconf 85' lang='lat' dir='ltr'><strong>attingerent.</strong></span> <span class='ocrx_word' id='word_1_808' title='bbox 995 5808 1257 5882; x_wconf 84' lang='lat' dir='ltr'><strong>Equidem</strong></span> <span class='ocrx_word' id='word_1_809' title='bbox 1291 5809 1452 5864; x_wconf 89' lang='lat' dir='ltr'><strong>verba</strong></span> <span class='ocrx_word' id='word_1_810' title='bbox 1487 5806 1818 5882; x_wconf 12' lang='lat' dir='ltr'><strong>Urob,g_Aste,</strong></span> <span class='ocrx_word' id='word_1_811' title='bbox 1852 5806 1982 5862; x_wconf 83' lang='lat' dir='ltr'><strong>Esre</strong></span> 
     </span>
    </p>
   </div>
   <div class='ocr_carea' id='block_1_106' title="bbox 392 5880 1984 5951">
    <p class='ocr_par' dir='ltr' id='par_1_106' title="bbox 392 5880 1984 5951">
     <span class='ocr_line' id='line_1_106' title="bbox 392 5880 1984 5951; baseline -0.004 -9"><span class='ocrx_word' id='word_1_812' title='bbox 392 5885 453 5942; x_wconf 89' lang='lat' dir='ltr'><strong>in</strong></span> <span class='ocrx_word' id='word_1_813' title='bbox 484 5884 714 5940; x_wconf 67' lang='lat' dir='ltr'><strong>Hebraeo</strong></span> <span class='ocrx_word' id='word_1_814' title='bbox 743 5880 851 5937; x_wconf 81' lang='lat' dir='ltr'><strong>non</strong></span> <span class='ocrx_word' id='word_1_815' title='bbox 877 5897 974 5950; x_wconf 85' lang='lat' dir='ltr'><strong>pro</strong></span> <span class='ocrx_word' id='word_1_816' title='bbox 1003 5880 1268 5951; x_wconf 85' lang='lat' dir='ltr'><strong>graduum</strong></span> <span class='ocrx_word' id='word_1_817' title='bbox 1300 5896 1526 5937; x_wconf 90' lang='lat' dir='ltr'><strong>numero</strong></span> <span class='ocrx_word' id='word_1_818' title='bbox 1576 5880 1773 5951; x_wconf 90' lang='lat' dir='ltr'><strong>quibus</strong></span> <span class='ocrx_word' id='word_1_819' title='bbox 1794 5894 1984 5936; x_wconf 88' lang='lat' dir='ltr'><strong>ascen—</strong></span> 
     </span>
    </p>
   </div>
   <div class='ocr_carea' id='block_1_107' title="bbox 725 5971 1256 6035">
    <p class='ocr_par' dir='ltr' id='par_1_107' title="bbox 725 5971 1256 6035">
     <span class='ocr_line' id='line_1_107' title="bbox 725 5971 1256 6035; baseline -0.006 -1"><span class='ocrx_word' id='word_1_820' title='bbox 725 5974 1002 6035; x_wconf 74' lang='lat' dir='ltr'><strong>PATBOL.</strong></span> <span class='ocrx_word' id='word_1_821' title='bbox 1051 5971 1256 6034; x_wconf 84' lang='lat' dir='ltr'><strong>XXV.</strong></span> 
     </span>
    </p>
   </div>
   <div class='ocr_carea' id='block_1_108' title="bbox 2068 4728 3671 4807">
    <p class='ocr_par' dir='ltr' id='par_1_108' title="bbox 2068 4728 3671 4807">
     <span class='ocr_line' id='line_1_108' title="bbox 2068 4728 3671 4807; baseline 0 -12"><span class='ocrx_word' id='word_1_822' title='bbox 2068 4736 2185 4807; x_wconf 59' lang='lat' dir='ltr'><strong>sed,</strong></span> <span class='ocrx_word' id='word_1_823' title='bbox 2216 4747 2321 4789; x_wconf 89' lang='lat' dir='ltr'><strong>una</strong></span> <span class='ocrx_word' id='word_1_824' title='bbox 2348 4740 2403 4789; x_wconf 90' lang='lat' dir='ltr'><strong>et</strong></span> <span class='ocrx_word' id='word_1_825' title='bbox 2449 4744 2589 4798; x_wconf 83' lang='lat' dir='ltr'><strong>una,</strong></span> <span class='ocrx_word' id='word_1_826' title='bbox 2640 4728 2734 4799; x_wconf 89' lang='lat' dir='ltr'><strong>qui</strong></span> <span class='ocrx_word' id='word_1_827' title='bbox 2785 4728 3060 4799; x_wconf 89' lang='lat' dir='ltr'><strong>perfectus</strong></span> <span class='ocrx_word' id='word_1_828' title='bbox 3114 4739 3200 4789; x_wconf 87' lang='lat' dir='ltr'><strong>est</strong></span> <span class='ocrx_word' id='word_1_829' title='bbox 3251 4750 3509 4795; x_wconf 91' lang='lat' dir='ltr'><strong>numerus</strong></span> <span class='ocrx_word' id='word_1_830' title='bbox 3542 4780 3556 4804; x_wconf 86' lang='lat'><strong>,</strong></span> <span class='ocrx_word' id='word_1_831' title='bbox 3612 4752 3671 4799; x_wconf 89' lang='lat' dir='ltr'><strong>et</strong></span> 
     </span>
    </p>
   </div>
   <div class='ocr_carea' id='block_1_109' title="bbox 2072 4937 3667 5024">
    <p class='ocr_par' dir='ltr' id='par_1_109' title="bbox 2072 4937 3667 5024">
     <span class='ocr_line' id='line_1_109' title="bbox 2072 4937 3667 5024; baseline 0.002 -21"><span class='ocrx_word' id='word_1_832' title='bbox 2072 4937 2863 5024; x_wconf 42' lang='lat' dir='ltr'><strong>debatur,&#39;et‘quos.liieron._</strong></span> <span class='ocrx_word' id='word_1_833' title='bbox 2907 4942 3152 5024; x_wconf 79' lang='lat' dir='ltr'><strong>exponit,</strong></span> <span class='ocrx_word' id='word_1_834' title='bbox 3223 4947 3318 5001; x_wconf 88' lang='lat' dir='ltr'><strong>sed</strong></span> <span class='ocrx_word' id='word_1_835' title='bbox 3369 4964 3465 5019; x_wconf 89' lang='lat' dir='ltr'><strong>pro</strong></span> <span class='ocrx_word' id='word_1_836' title='bbox 3522 4955 3667 5024; x_wconf 80' lang='lat' dir='ltr'><strong>ejus-</strong></span> 
     </span>
    </p>
   </div>
   <div class='ocr_carea' id='block_1_110' title="bbox 2075 5010 3663 5084">
    <p class='ocr_par' dir='ltr' id='par_1_110' title="bbox 2075 5010 3663 5084">
     <span class='ocr_line' id='line_1_110' title="bbox 2075 5010 3663 5084; baseline -0.002 -10"><span class='ocrx_word' id='word_1_837' title='bbox 2075 5026 2186 5073; x_wconf 91' lang='lat' dir='ltr'><strong>met</strong></span> <span class='ocrx_word' id='word_1_838' title='bbox 2212 5011 2468 5084; x_wconf 86' lang='lat' dir='ltr'><strong>versiculi</strong></span> <span class='ocrx_word' id='word_1_839' title='bbox 2521 5010 2694 5084; x_wconf 78' lang='lat' dir='ltr'><strong>priori</strong></span> <span class='ocrx_word' id='word_1_840' title='bbox 2746 5017 2902 5081; x_wconf 89' lang='lat' dir='ltr'><strong>parte</strong></span> <span class='ocrx_word' id='word_1_841' title='bbox 2932 5011 3106 5084; x_wconf 86' lang='lat' dir='ltr'><strong>posita</strong></span> <span class='ocrx_word' id='word_1_842' title='bbox 3138 5010 3296 5084; x_wconf 82' lang='lat' dir='ltr'><strong>sunt,</strong></span> <span class='ocrx_word' id='word_1_843' title='bbox 3331 5010 3386 5075; x_wconf 77' lang='lat' dir='ltr'><strong>ei</strong></span> <span class='ocrx_word' id='word_1_844' title='bbox 3430 5010 3663 5081; x_wconf 69' lang='lat' dir='ltr'><strong>cubi&#39;cuii</strong></span> 
     </span>
    </p>
   </div>
   <div class='ocr_carea' id='block_1_111' title="bbox 2076 5082 3660 5160">
    <p class='ocr_par' dir='ltr' id='par_1_111' title="bbox 2076 5082 3660 5160">
     <span class='ocr_line' id='line_1_111' title="bbox 2076 5082 3660 5160; baseline -0.004 -15"><span class='ocrx_word' id='word_1_845' title='bbox 2076 5089 2247 5160; x_wconf 90' lang='lat' dir='ltr'><strong>ipsius</strong></span> <span class='ocrx_word' id='word_1_846' title='bbox 2278 5082 2841 5160; x_wconf 32' lang='lat' dir='ltr'><strong>latituqu’cubitorum</strong></span> <span class='ocrx_word' id='word_1_847' title='bbox 2875 5083 3127 5160; x_wconf 77' lang='lat' dir='ltr'><strong>undecim</strong></span> <span class='ocrx_word' id='word_1_848' title='bbox 3170 5082 3370 5145; x_wconf 78' lang='lat' dir='ltr'><strong>dicitur</strong></span> <span class='ocrx_word' id='word_1_849' title='bbox 3403 5112 3415 5146; x_wconf 85' lang='lat'>:</span> <span class='ocrx_word' id='word_1_850' title='bbox 3449 5110 3569 5160; x_wconf 64' lang='lat' dir='ltr'><strong>qua}</strong></span> <span class='ocrx_word' id='word_1_851' title='bbox 3592 5099 3660 5154; x_wconf 71' lang='lat' dir='ltr'><strong>ad</strong></span> 
     </span>
    </p>
   </div>
   <div class='ocr_carea' id='block_1_112' title="bbox 2078 5153 3665 5233">
    <p class='ocr_par' dir='ltr' id='par_1_112' title="bbox 2078 5153 3665 5233">
     <span class='ocr_line' id='line_1_112' title="bbox 2078 5153 3665 5233; baseline 0.004 -16"><span class='ocrx_word' id='word_1_852' title='bbox 2078 5153 2411 5233; x_wconf 78' lang='lat' dir='ltr'><strong>propositam</strong></span> <span class='ocrx_word' id='word_1_853' title='bbox 2443 5153 2824 5233; x_wconf 80' lang='lat' dir='ltr'><strong>difﬁcultatem</strong></span> <span class='ocrx_word' id='word_1_854' title='bbox 2848 5154 2986 5233; x_wconf 82' lang='lat' dir='ltr'><strong>nihil</strong></span> <span class='ocrx_word' id='word_1_855' title='bbox 3016 5156 3238 5215; x_wconf 85' lang='lat' dir='ltr'><strong>faciunt.</strong></span> <span class='ocrx_word' id='word_1_856' title='bbox 3273 5160 3387 5217; x_wconf 86' lang='lat' dir='ltr'><strong>Non</strong></span> <span class='ocrx_word' id='word_1_857' title='bbox 3418 5153 3553 5223; x_wconf 86' lang='lat' dir='ltr'><strong>adeo</strong></span> <span class='ocrx_word' id='word_1_858' title='bbox 3586 5153 3665 5224; x_wconf 53' lang='lat' dir='ltr'><strong>ta?</strong></span> 
     </span>
    </p>
   </div>
   <div class='ocr_carea' id='block_1_113' title="bbox 2081 5226 3662 5306">
    <p class='ocr_par' dir='ltr' id='par_1_113' title="bbox 2081 5226 3662 5306">
     <span class='ocr_line' id='line_1_113' title="bbox 2081 5226 3662 5306; baseline -0.003 -19"><span class='ocrx_word' id='word_1_859' title='bbox 2081 5226 2345 5306; x_wconf 56' lang='lat' dir='ltr'><strong>medium</strong></span> <span class='ocrx_word' id='word_1_860' title='bbox 2368 5237 2579 5306; x_wconf 82' lang='lat' dir='ltr'><strong>temere</strong></span> <span class='ocrx_word' id='word_1_861' title='bbox 2606 5226 2817 5281; x_wconf 88' lang='lat' dir='ltr'><strong>intrusa</strong></span> <span class='ocrx_word' id='word_1_862' title='bbox 2837 5228 3102 5306; x_wconf 79' lang='lat' dir='ltr'><strong>pericope</strong></span> <span class='ocrx_word' id='word_1_863' title='bbox 3122 5235 3509 5306; x_wconf 73' lang='lat' dir='ltr'><strong>suppositoque</strong></span> <span class='ocrx_word' id='word_1_864' title='bbox 3538 5248 3662 5296; x_wconf 61' lang='lat' dir='ltr'><strong>rex-</strong></span> 
     </span>
    </p>
   </div>
   <div class='ocr_carea' id='block_1_114' title="bbox 2082 5298 3665 5377">
    <p class='ocr_par' dir='ltr' id='par_1_114' title="bbox 2082 5298 3665 5377">
     <span class='ocr_line' id='line_1_114' title="bbox 2082 5298 3665 5377; baseline 0.005 -18"><span class='ocrx_word' id='word_1_865' title='bbox 2082 5299 2619 5377; x_wconf 27' lang='lat' dir='ltr'><strong>tui‘llieronymiano</strong></span> <span class='ocrx_word' id='word_1_866' title='bbox 2650 5298 2885 5377; x_wconf 80' lang='lat' dir='ltr'><strong>putanda</strong></span> <span class='ocrx_word' id='word_1_867' title='bbox 2919 5298 3150 5365; x_wconf 36' lang='lat' dir='ltr'><strong>est,‘sed</strong></span> <span class='ocrx_word' id='word_1_868' title='bbox 3182 5298 3370 5377; x_wconf 77' lang='lat' dir='ltr'><strong>manca</strong></span> <span class='ocrx_word' id='word_1_869' title='bbox 3399 5298 3575 5377; x_wconf 76' lang='lat' dir='ltr'><strong>potius</strong></span> <span class='ocrx_word' id='word_1_870' title='bbox 3600 5328 3665 5370; x_wconf 84' lang='lat' dir='ltr'><strong>ac</strong></span> 
     </span>
    </p>
   </div>
   <div class='ocr_carea' id='block_1_115' title="bbox 2082 5371 3662 5451">
    <p class='ocr_par' dir='ltr' id='par_1_115' title="bbox 2082 5371 3662 5451">
     <span class='ocr_line' id='line_1_115' title="bbox 2082 5371 3662 5451; baseline 0.006 -22"><span class='ocrx_word' id='word_1_871' title='bbox 2082 5374 2385 5451; x_wconf 83' lang='lat' dir='ltr'><strong>deformata</strong></span> <span class='ocrx_word' id='word_1_872' title='bbox 2444 5379 2694 5451; x_wconf 62' lang='lat' dir='ltr'><strong>veterum</strong></span> <span class='ocrx_word' id='word_1_873' title='bbox 2754 5371 3059 5451; x_wconf 79' lang='lat' dir='ltr'><strong>scribarum</strong></span> <span class='ocrx_word' id='word_1_874' title='bbox 3109 5376 3360 5451; x_wconf 80' lang='lat' dir='ltr'><strong>mendis;</strong></span> <span class='ocrx_word' id='word_1_875' title='bbox 3396 5371 3662 5451; x_wconf 78' lang='lat' dir='ltr'><strong>siquidem</strong></span> 
     </span>
    </p>
   </div>
   <div class='ocr_carea' id='block_1_116' title="bbox 2079 5441 3664 5525">
    <p class='ocr_par' dir='ltr' id='par_1_116' title="bbox 2079 5441 3664 5525">
     <span class='ocr_line' id='line_1_116' title="bbox 2079 5441 3664 5525; baseline 0.005 -20"><span class='ocrx_word' id='word_1_876' title='bbox 2079 5457 2132 5505; x_wconf 91' lang='lat' dir='ltr'><strong>et</strong></span> <span class='ocrx_word' id='word_1_877' title='bbox 2160 5447 2328 5525; x_wconf 77' lang='lat' dir='ltr'><strong>verba</strong></span> <span class='ocrx_word' id='word_1_878' title='bbox 2358 5446 2471 5515; x_wconf 90' lang='lat' dir='ltr'><strong>ipsa</strong></span> <span class='ocrx_word' id='word_1_879' title='bbox 2597 5442 2849 5497; x_wconf 91' lang='lat' dir='ltr'><strong>Doctoris</strong></span> <span class='ocrx_word' id='word_1_880' title='bbox 2879 5443 3156 5525; x_wconf 74' lang='lat' dir='ltr'><strong>ingenium</strong></span> <span class='ocrx_word' id='word_1_881' title='bbox 3196 5441 3365 5525; x_wconf 76' lang='lat' dir='ltr'><strong>probe</strong></span> <span class='ocrx_word' id='word_1_882' title='bbox 3398 5441 3664 5525; x_wconf 76' lang='lat' dir='ltr'><strong>referunt,</strong></span> 
     </span>
    </p>
   </div>
   <div class='ocr_carea' id='block_1_117' title="bbox 2082 5515 3673 5592">
    <p class='ocr_par' dir='ltr' id='par_1_117' title="bbox 2082 5515 3673 5592">
     <span class='ocr_line' id='line_1_117' title="bbox 2082 5515 3673 5592; baseline 0.005 -15"><span class='ocrx_word' id='word_1_883' title='bbox 2082 5528 2139 5577; x_wconf 88' lang='lat' dir='ltr'><strong>et</strong></span> <span class='ocrx_word' id='word_1_884' title='bbox 2189 5518 2438 5592; x_wconf 70' lang='lat' dir='ltr'><strong>maxime</strong></span> <span class='ocrx_word' id='word_1_885' title='bbox 2468 5515 2710 5592; x_wconf 78' lang='lat' dir='ltr'><strong>subnexa</strong></span> <span class='ocrx_word' id='word_1_886' title='bbox 2760 5515 3023 5571; x_wconf 86' lang='lat' dir='ltr'><strong>orationis</strong></span> <span class='ocrx_word' id='word_1_887' title='bbox 3051 5515 3240 5584; x_wconf 84' lang='lat' dir='ltr'><strong>series,</strong></span> <span class='ocrx_word' id='word_1_888' title='bbox 3273 5519 3325 5574; x_wconf 92' lang='lat' dir='ltr'><strong>id</strong></span> <span class='ocrx_word' id='word_1_889' title='bbox 3354 5538 3528 5592; x_wconf 89' lang='lat' dir='ltr'><strong>genus</strong></span> <span class='ocrx_word' id='word_1_890' title='bbox 3569 5515 3673 5585; x_wconf 57' lang='lat' dir='ltr'><strong>ali;</strong></span> 
     </span>
    </p>
   </div>
   <div class='ocr_carea' id='block_1_118' title="bbox 2083 5586 3669 5662">
    <p class='ocr_par' dir='ltr' id='par_1_118' title="bbox 2083 5586 3669 5662">
     <span class='ocr_line' id='line_1_118' title="bbox 2083 5586 3669 5662; baseline 0.026 -44"><span class='ocrx_word' id='word_1_891' title='bbox 2083 5590 2212 5662; x_wconf 66' lang='lat' dir='ltr'><strong>quid</strong></span> <span class='ocrx_word' id='word_1_892' title='bbox 2235 5605 2301 5645; x_wconf 69' lang='lat' dir='ltr'><strong>ex</strong></span> <span class='ocrx_word' id='word_1_893' title='bbox 2333 5586 2574 5662; x_wconf 10' lang='lat' dir='ltr'><strong>inebrae</strong></span> <span class='ocrx_word' id='word_1_894' title='bbox 2604 5590 2955 5662; x_wconf 75' lang='lat' dir='ltr'><strong>observatum</strong></span> <span class='ocrx_word' id='word_1_895' title='bbox 2984 5599 3164 5655; x_wconf 91' lang='lat' dir='ltr'><strong>antea,</strong></span> <span class='ocrx_word' id='word_1_896' title='bbox 3215 5586 3527 5660; x_wconf 76' lang='lat' dir='ltr'><strong>persuadet.</strong></span> <span class='ocrx_word' id='word_1_897' title='bbox 3563 5601 3669 5657; x_wconf 87' lang='lat' dir='ltr'><strong>Fa-</strong></span> 
     </span>
    </p>
   </div>
   <div class='ocr_carea' id='block_1_119' title="bbox 2086 5657 3667 5739">
    <p class='ocr_par' dir='ltr' id='par_1_119' title="bbox 2086 5657 3667 5739">
     <span class='ocr_line' id='line_1_119' title="bbox 2086 5657 3667 5739; baseline 0.013 -29"><span class='ocrx_word' id='word_1_898' title='bbox 2086 5657 2192 5739; x_wconf 72' lang='lat' dir='ltr'><strong>éile</strong></span> <span class='ocrx_word' id='word_1_899' title='bbox 2218 5661 2435 5739; x_wconf 84' lang='lat' dir='ltr'><strong>quidam</strong></span> <span class='ocrx_word' id='word_1_900' title='bbox 2494 5657 2701 5739; x_wconf 80' lang='lat' dir='ltr'><strong>excidit</strong></span> <span class='ocrx_word' id='word_1_901' title='bbox 2726 5673 2919 5739; x_wconf 74' lang='lat' dir='ltr'><strong>versus</strong></span> <span class='ocrx_word' id='word_1_902' title='bbox 2966 5676 3125 5729; x_wconf 89' lang='lat' dir='ltr'><strong>quem</strong></span> <span class='ocrx_word' id='word_1_903' title='bbox 3157 5657 3415 5734; x_wconf 77' lang='lat' dir='ltr'><strong>supplere</strong></span> <span class='ocrx_word' id='word_1_904' title='bbox 3445 5673 3667 5739; x_wconf 87' lang='lat' dir='ltr'><strong>quidem</strong></span> 
     </span>
    </p>
   </div>
   <div class='ocr_carea' id='block_1_120' title="bbox 2087 5730 3681 5816">
    <p class='ocr_par' dir='ltr' id='par_1_120' title="bbox 2087 5730 3681 5816">
     <span class='ocr_line' id='line_1_120' title="bbox 2087 5730 3681 5816; baseline 0.006 -26"><span class='ocrx_word' id='word_1_905' title='bbox 2087 5751 2152 5790; x_wconf 86' lang='lat' dir='ltr'><strong>ex</strong></span> <span class='ocrx_word' id='word_1_906' title='bbox 2177 5730 2394 5804; x_wconf 86' lang='lat' dir='ltr'><strong>ingenio</strong></span> <span class='ocrx_word' id='word_1_907' title='bbox 2441 5730 2665 5802; x_wconf 88' lang='lat' dir='ltr'><strong>possim,</strong></span> <span class='ocrx_word' id='word_1_908' title='bbox 2722 5730 2886 5785; x_wconf 88' lang='lat' dir='ltr'><strong>nolim</strong></span> <span class='ocrx_word' id='word_1_909' title='bbox 2922 5746 3049 5787; x_wconf 82' lang='lat' dir='ltr'><strong>vero</strong></span> <span class='ocrx_word' id='word_1_910' title='bbox 3088 5730 3374 5795; x_wconf 41' lang='lat' dir='ltr'><strong>cum-mss.</strong></span> <span class='ocrx_word' id='word_1_911' title='bbox 3409 5730 3681 5816; x_wconf 77' lang='lat' dir='ltr'><strong>suffragiis</strong></span> 
     </span>
    </p>
   </div>
   <div class='ocr_carea' id='block_1_121' title="bbox 2089 5821 2323 5863">
    <p class='ocr_par' dir='ltr' id='par_1_121' title="bbox 2089 5821 2323 5863">
     <span class='ocr_line' id='line_1_121' title="bbox 2089 5821 2323 5863; baseline -0.009 0"><span class='ocrx_word' id='word_1_912' title='bbox 2089 5821 2323 5863; x_wconf 89' lang='lat' dir='ltr'><strong>caream.</strong></span> 
     </span>
    </p>
   </div>
   <div class='ocr_carea' id='block_1_122' title="bbox 3142 5969 3217 6035">
    <p class='ocr_par' dir='ltr' id='par_1_122' title="bbox 3142 5969 3217 6035">
     <span class='ocr_line' id='line_1_122' title="bbox 3142 5969 3217 6035; baseline 0.027 -2"><span class='ocrx_word' id='word_1_913' title='bbox 3142 5969 3217 6035; x_wconf 85' lang='grc'><strong>13</strong></span> 
     </span>
    </p>
   </div>
  </div>
