4108 6338
489 161 595 219 595

1752 154 1812 212 S.
1855 153 2125 214 EUSEBll
2162 153 2543 218 HIERONYMI

3686 155 3792 220 396

487 278 689 334 unione
709 275 792 332 sui
823 273 1068 332 imitatur
1099 270 1290 328 Deum.
1317 271 1443 328 Istic
1473 279 1654 328 autem
1683 283 1840 328 erant
1870 274 2080 329 colum-
2111 281 2154 336 Α
2187 284 2238 330 et
2274 275 2614 332 latitudinem
2646 272 2835 345 viginti
2859 273 3195 344 cubitorum,
3229 275 3345 332 sive
3369 281 3429 336 ut
3454 273 3650 332 melius
3679 285 3784 342 est,

487 389 573 430 na:
602 373 742 437 duae,
775 370 844 426 de
901 370 1098 440 quibus
1121 381 1174 426 et
1225 370 1277 424 in
1332 369 1664 442 Apocalypsi
1697 370 1894 425 dicitur
1929 387 1940 424 :
1977 369 2078 438 Qui

489 464 700 530 vicerit,
757 463 952 520 faciam
985 479 1108 519 eum
1134 463 1446 519 columnam
1479 463 1532 520 in
1568 463 1771 535 templo
1804 463 1899 519 Dei
1931 461 2076 531 mei,

484 568 538 616 et
567 557 713 613 foras
739 572 846 624 non
878 555 1188 628 egredietur
1217 556 1405 630 (Apoc.
1429 573 1510 623 ιιι,
1545 557 1656 628 12).
1703 557 1767 610 Et
1799 557 1990 612 Petrus
2016 570 2079 611 ac

481 651 720 709 Joannes
767 650 1034 706 columnae
1085 650 1436 721 appellantur
1459 649 1716 706 Ecclesiae
1741 648 1941 722 (Galat.
1976 650 2073 718 u),

415 761 418 764 '
481 761 581 819 per
636 761 773 818 quos
842 744 1180 818 ingredimur
1241 745 1308 800 ad
1367 747 1562 802 Sancta
1623 756 1960 813 sanctorum,
2023 751 2079 800 et

479 857 711 914 quorum
769 840 1040 904 doctrina,
1107 839 1175 894 ad
1224 837 1509 896 Christum
1577 846 1768 893 noster
1821 835 2077 892 introitus

478 947 583 993 εει.
1805 915 1809 919 ’

549 1026 706 1102 (Cap.
739 1027 876 1084 XLI.
908 1058 978 1070 —
1002 1027 1160 1084 Vers.
1198 1026 1224 1080 1
1260 1024 1454 1098 seqq.)
1503 1043 1521 1077 ι
1561 1023 1630 1080 Et
1661 1022 1959 1078 introduxit
1988 1037 2074 1078 me

482 1143 501 1176 ι
540 1121 593 1177 in
628 1122 913 1192 templum,
945 1129 1000 1176 et
1035 1134 1262 1174 mensus
1305 1127 1392 1174 cst
1441 1117 1656 1172 frontes
1704 1132 1799 1172 sex
1856 1115 2075 1171 enbilos

482 1237 501 1271 ι
539 1216 837 1273 latitudinis
868 1215 1018 1284 hinc,
1051 1225 1104 1270 et
1131 1229 1226 1270 sex
1249 1212 1461 1268 cubitus
1492 1211 1795 1266 latitudinis
1826 1209 1969 1278 inde,
1997 1208 2074 1263 Ia-

479 1327 500 1361 (
539 1307 822 1364 titudinem
847 1304 1202 1363 tabernaculi.
1268 1303 1336 1358 Et
1394 1303 1622 1358 latitudo
1661 1309 1832 1373 porta:
1881 1300 2070 1356 decem

481 1421 502 1455 ι
541 1402 850 1458 cubitorum
907 1408 1047 1465 erat,
1108 1407 1164 1455 et
1216 1397 1391 1453 latera
1421 1398 1439 1466 (
1465 1397 1567 1451 sive
1610 1393 1864 1466 humeri)
1897 1404 2071 1466 portae

479 1515 498 1550 ε
537 1498 780 1570 quinque
803 1494 1002 1550 cubitis
1033 1493 1185 1559 hinc,
1221 1502 1272 1548 et
1301 1491 1536 1563 quinque
1567 1490 1762 1546 cubitis
1811 1487 1956 1543 inde.
2007 1487 2074 1542 Et

478 1609 497 1642 ε
535 1603 755 1646 mensus
782 1599 864 1644 est
891 1586 1283 1658 longitudinem
1325 1586 1442 1656 ejus
1474 1584 1830 1656 quadraginta
1862 1581 2071 1638 cubito-

2186 378 2353 440 portte
2369 368 2758 440 longitudinem
2779 383 2841 424 ac
2861 369 3199 426 latitudinem
3223 389 3233 424 :
3257 373 3380 442 quia
3399 387 3557 440 supra
3577 378 3784 426 tantum

2182 462 2250 518 de
2303 463 2606 530 latitudine,
2651 475 2704 519 et
2735 463 2976 518 humeris
3016 465 3134 536 ejus
3162 464 3394 522 dixerat.
3417 463 3574 534 Quod
3601 474 3784 520 autem

2181 556 2348 611 vicies
2370 557 2727 627 quadraginta
2748 556 3264 628 octingentesimum
3283 573 3571 616 numerum
3597 555 3783 624 faciat,

2179 652 2272 722 qui
2299 651 2508 705 vicinus
2531 659 2615 706 est
2642 652 2944 719 oetonario,
2972 652 3101 708 nulli
3127 651 3350 708 dubium
3377 663 3485 708 est.
3527 650 3684 708 Unde
3729 653 3781 706 iu

2181 744 2510 800 Ecclesiaste
2567 745 2925 816 praecipitur:
2973 745 3051 806 Da
3098 753 3284 816 partes
3331 754 3590 816 septem:
3632 743 3698 800 da
3730 755 3785 800 et

2179 827 2304 893 octo
2335 837 2506 910 (Eccl.
2542 854 2617 904 ιι,
2646 836 2726 909 2).
2757 839 2834 894 De
2872 839 3032 912 cujus
3057 841 3271 898 numeri
3297 852 3642 900 sacramento
3664 855 3783 896 cre-

2181 929 2280 984 bro
2307 930 2619 1000 disputasse
2650 946 2736 986 me
2757 931 2904 1001 novi,
2937 933 3055 987 sive
3091 938 3217 1004 quia
3246 949 3341 1008 per
3375 933 3779 1001 tribulationes,

2179 1032 2232 1076 et
2263 1023 2546 1094 angustias
2580 1022 2738 1093 hujus
2764 1025 2950 1080 smculi
3008 1027 3270 1086 intramus
3302 1026 3368 1086 ad
3407 1025 3775 1082 sanctuarium

2179 1114 2285 1186 [AL
2319 1127 2566 1171 sanctum
2600 1117 2820 1192 atrium]
2843 1119 3053 1174 Domini
3083 1138 3094 1172 :
3125 1119 3326 1175 idcirco
3350 1119 3634 1192 longitudo
3656 1136 3780 1191 por-

2179 1218 2246 1264 ῑεε
2281 1210 2514 1266 habebat
2536 1212 2753 1267 cubitos
2791 1213 3175 1284 quadraginta,
3205 1215 3298 1287 qui
3325 1230 3583 1272 numerus
3626 1231 3771 1270 sent-

2180 1319 2276 1372 per
2307 1304 2357 1358 in
2392 1304 2580 1359 labore
2610 1306 2826 1374 positus
2857 1306 3150 1362 est.'Untle
3181 1315 3236 1362 et
3266 1307 3503 1380 Moyses,
3535 1318 3590 1364 et
3630 1309 3774 1364 Elius

2175 1395 2528 1468 quadraginta
2563 1396 2758 1454 diebus
2786 1414 2896 1452 non
2925 1399 3222 1456 comedunt
3257 1416 3475 1472 panem,
3500 1411 3553 1457 et
3578 1418 3772 1476 aquam

2177 1503 2281 1542 non
2311 1489 2500 1544 bibunt
2545 1488 2727 1562 (Deut.
2762 1508 2850 1558 ts;
2884 1491 2948 1546 Ill
2976 1493 3109 1566 Reg.
3143 1509 3269 1560 xix;
3296 1492 3454 1550 Deut.
3484 1493 3631 1566 xxix)
3669 1512 3680 1548 :
3724 1505 3779 1552 et

2176 1581 2334 1636 annis
2362 1582 2726 1654 quadraginta
2757 1585 2992 1656 populus
3019 1585 3183 1642 Israel
3231 1597 3461 1650 vexatur
3489 1596 3544 1644 et
3573 1590 3774 1660 proba-

479 1703 498 1736 ‹
533 1698 676 1749 rum,
707 1690 763 1738 et
789 1679 1130 1736 latitudinem
1163 1678 1348 1748 viginti
1373 1677 1739 1733 eubitoruma
1773 1675 1906 1734 Post
1934 1674 2067 1727 mul-
2101 1679 2148 1746 Β
2177 1682 2264 1729 tttr
2293 1675 2344 1729 in
2377 1675 2688 1742 solitudine,
2723 1687 2778 1732 et
2817 1693 2912 1748 per
2959 1679 3159 1736 multos
3210 1679 3426 1742 labores
3455 1689 3658 1738 terram
3689 1700 3776 1740 re-

471 1786 522 1830 ta
553 1773 835 1844 mysteria,
867 1771 1160 1841 variosque
1193 1771 1468 1833 introitus,
1504 1779 1559 1823 et
1581 1768 1828 1823 locorum
1881 1766 2067 1836 singu-

470 1869 644 1924 lorum
673 1867 1066 1936 proprietates,
1095 1862 1312 1918 laudent
1341 1860 1636 1933 aliquando
1663 1860 1769 1929 vir,
1803 1858 1960 1930 cujus
1984 1857 2064 1912 fu-

468 1960 683 2016 niculus
737 1955 1234 2021 caamentariorum,
1293 1964 1348 2012 et
1391 1969 1664 2010 mensura)
1723 1954 1964 2009 calamus
2012 1951 2064 2006 in

469 2071 631 2112 manu
686 2062 822 2121 erat,
887 2050 1223 2108 Ezechielem
1276 2047 1601 2119 prophetam
1665 2046 1966 2101 introducit
2010 2042 2062 2098 in

471 2148 751 2217 templum,
787 2156 841 2202 et
867 2159 1089 2200 mensus
1135 2153 1218 2198 est
1243 2141 1478 2197 frontem
1542 2139 1729 2210 templi
1762 2157 1774 2193 :
1809 2154 1909 2207 pro
1955 2152 2064 2207 quo

468 2244 640 2308 telam,
666 2239 1013 2311 Septuaginta
1041 2254 1055 2304 ;
1088 2244 1142 2293 et
1171 2235 1308 2290 cutim
1326 2234 1630 2292 Theodotio
1655 2249 1668 2299 ;
1696 2240 1752 2288 et
1770 2233 1824 2286 in
1845 2230 2064 2285 circuitu

471 2335 832 2409 Symmachus
857 2335 1270 2388 transtulerunt.
1303 2330 1372 2386 Et
1399 2345 1462 2386 ex
1493 2339 1718 2399 utraque
1746 2337 1898 2398 parte
1941 2326 2064 2381 lati-

471 2430 600 2486 tudo
627 2427 961 2485 tabernaculi
991 2441 1187 2482 senum
1219 2425 1526 2480 cubitorum
1567 2431 1704 2486 erat,
1749 2435 2063 2476 saeramen-
2095 2461 2101 2466 .

472 2535 584 2580 tum
624 2531 1000 2580 creaturarum
1045 2519 1289 2576 omnium
1320 2517 1640 2574 continens:
1677 2514 1730 2570 in
1763 2529 1856 2569 sex
1917 2512 2059 2568 enim

467 2618 658 2675 diebus
691 2616 923 2672 mundus
947 2622 1029 2670 est
1057 2619 1486 2670 consummatus.
1517 2609 1619 2665 Per
1652 2623 1880 2680 quorum
1917 2605 2060 2661 noti-

468 2712 595 2765 tiam
620 2723 920 2780 causasque
945 2705 1278 2764 conditionis
1307 2714 1470 2774 atque
1499 2702 1764 2758 rationem
1795 2701 2062 2756 intramus

468 2805 532 2860 ad
575 2804 835 2874 templum
876 2803 995 2871 Del,
1039 2807 1092 2854 ct
1129 2815 1196 2856 ex
1246 2806 1625 2855 creaturarum
1676 2794 1867 2850 ordine
1900 2804 2060 2866 atque

465 2897 768 2955 constantia
795 2895 1174 2967 cognoscimus
1213 2892 1549 2949 Creatorem.
1582 2888 1834 2945 Latitudo
1879 2899 2056 2944 autem

464 3001 636 3064 portae
661 2990 845 3061 templi
885 2999 1002 3045 erat
1029 2988 1218 3044 decem
1250 2986 1582 3049 cubitorum,
1611 2986 1700 3052 qui
1730 2990 1975 3038 sacratus
2003 2990 2060 3042 et

465 3087 735 3158 perfectus
763 3093 845 3140 est
871 3097 1154 3147 numerus,
1184 3089 1238 3135 et
1259 3079 1312 3134 in
1342 3094 1448 3151 quo
1476 3092 1665 3133 mense
1689 3077 1940 3147 septimo,
1973 3073 2061 3128 die
2090 3068 2136 3134 C

463 3180 674 3235 decima
698 3174 1212 3247 mensis,jejunium
1244 3180 1298 3228 et
1345 3171 1660 3243 prepitiatio
1690 3178 1794 3224 est.
1837 3168 2052 3224 Decima

461 3285 642 3328 autem
689 3271 776 3326 die
814 3269 1017 3325 mensis
1057 3268 1236 3336 primi,
1279 3266 1367 3336 qui
1410 3263 1716 3336 appellatur
1756 3262 1946 3328 Nisae,
1987 3259 2053 3315 ad

460 3365 923 3429 immolationem,
978 3359 1144 3434 494
1204 3367 1259 3414 et
1309 3358 1762 3428 prazparationcm
1828 3351 2050 3410 Pascha:

459 3472 632 3531 agnus
652 3457 964 3512 assumitur.
999 3453 1245 3524 Septimo
1284 3450 1446 3522 igitur
1476 3465 1684 3517 mense,
1717 3448 1943 3503 decima:
1975 3445 2052 3497 ot-

459 3553 707 3608 l'cruntur
738 3550 790 3603 in
816 3547 910 3602 Dei
942 3547 1164 3608 horrea,
1207 3544 1343 3611 sive,
1379 3551 1441 3599 ut
1465 3541 1745 3610 Scriptura
1769 3539 2052 3611 appellare

457 3642 762 3707 consuevit,
789 3639 1101 3694 toreularia.
1129 3637 1286 3694 Unde
1316 3636 1444 3691 dicit
1479 3646 1532 3689 et
1569 3634 1864 3704 Apostolus
1901 3651 1910 3684 :
1957 3632 2048 3688 Di-

459 3734 702 3790 latamini
740 3741 796 3788 et
824 3746 922 3788 vos
965 3731 1030 3804 (ll
1059 3729 1176 3786 Cor.
1205 3727 1279 3801 vi)
1305 3745 1319 3795 ;
1347 3740 1401 3782 ut
1428 3738 1713 3800 postquam
1741 3742 1839 3797 per
1860 3723 2048 3781 decem

460 3835 630 3896 porta:
650 3823 1154 3894 cubitostemplum
1185 3822 1306 3892 quis
1335 3819 1500 3875 fuerit
1532 3819 1551 3891 [
1579 3818 1662 3873 At.
1695 3820 1786 3890 qui
1831 3818 2049 3890 fuerat]

457 3920 760 3990 ingressus,
793 3933 855 3973 ex
882 3925 1109 3987 utraque
1148 3925 1302 3984 parte
1332 3921 1503 3983 portae
1525 3911 1696 3980 ipsius
1717 3912 1907 3977 latera,
1934 3913 2051 3967 sive

456 4019 514 4065 ut
552 4011 770 4082 proprie
799 4011 850 4064 in
879 4007 1146 4064 llebraico
1169 4004 1388 4073 dicitur,
1424 4005 1634 4060 humeri
1668 4015 2051 4060 mcnsurcntur

453 4107 542 4172 qui
577 4121 794 4175 semper
821 4103 1131 4160 referuntur
1152 4101 1215 4156 ad
1245 4115 1429 4170 opera.
1463 4098 1619 4155 Unde
1640 4108 1692 4153 ct
1715 4098 1932 4152 lsachar
1957 4096 2049 4154 de-

455 4199 714 4255 sideravit
738 4199 937 4254 bonum
981 4194 1132 4266 (Gen.
1168 4192 1340 4263 itus),
1375 4191 1726 4262 requiescens
1758 4192 1898 4246 inter
1929 4205 2045 4246 me-

453 4293 574 4349 dios
611 4291 812 4355 cleros,
836 4288 1142 4357 vidensque
1165 4286 1430 4355 requiem,
1474 4283 1596 4353 quia
1629 4283 1770 4336 bona
1825 4292 1928 4349 est,
1993 4292 2044 4337 et

453 4395 677 4452 terram,
711 4383 834 4455 quia
864 4383 1100 4452 pinguis,
1143 4379 1428 4450 supposuit
1472 4375 1758 4432 humerum
1797 4376 1862 4430 ad
1897 4375 2047 4429 labo-

2172 1767 2560 1838 promiSsionis
2589 1769 2895 1840 ingreditur
2925 1790 2934 1824 :
2970 1783 3028 1826 et
3052 1771 3314 1830 Dominus
3345 1785 3508 1852 atque
3526 1775 3774 1836 Salvator

2169 1863 2469 1918 secundum
2524 1866 2794 1934 assumpti
2822 1868 3072 1936 corporis
3130 1866 3483 1940 fragilitatem
3539 1871 3776 1940 quadra-

2165 1959 2312 2026 ginta
2338 1955 2805 2028 diebusftentatnr
2833 1960 2886 2014 in
2917 1960 3232 2032 solitudine,
3264 1973 3316 2016 ut
3342 1971 3468 2034 post
3491 1964 3774 2024 victoriam

2166 2051 2429 2107 accedant
2455 2052 2654 2123 angeli,
2688 2061 2743 2108 et
2775 2055 3084 2112 ministrent
3109 2057 3155 2112 ci
3193 2056 3413 2128 (Matth.
3475 2060 3569 2131 tv)
3600 2078 3611 2113 :
3639 2061 3774 2120 Cum

2168 2155 2347 2198 autem
2409 2160 2504 2215 per
2563 2145 2982 2216 tribulationes,
3041 2161 3095 2204 et
3140 2151 3416 2220 angustias
3479 2153 3778 2222 poterimus

2166 2236 2349 2291 dicere
2392 2236 2524 2291 illud
2566 2236 2934 2312 Apostolicum
2970 2239 3068 2296 :Iu
3118 2240 3370 2300 onmibus
3395 2242 3650 2309 tribulati,
3681 2247 3775 2302 sed

2166 2344 2272 2384 non
2317 2330 2654 2402 coangustati
2724 2331 2810 2400 (ll
2842 2330 2961 2387 Cor.
2993 2349 3074 2400 tv,
3107 2333 3210 2406 8),
3259 2346 3422 2406 atque
3471 2336 3602 2394 illud
3654 2355 3780 2410 pro-

2164 2421 2441 2492 pheticum
2471 2423 2560 2480 :In
2593 2424 2948 2482 tribulatione
2982 2426 3222 2484 dilatasti
3254 2428 3579 2501 ιιιὶιιίξρδαι.
3613 2432 3776 2502 iv,l),

2167 2526 2292 2572 tunc
2323 2518 2481 2572 nobis
2509 2518 2805 2580 latissimus
2848 2522 3091 2592 aperitur
3139 2524 3415 2595 introitus,
3461 2527 3551 2596 qui
3581 2527 3776 2599 viginti

2165 2610 2475 2672 cubitorum
2529 2612 2693 2668 habet
2741 2611 2904 2690 495
2953 2615 3291 2673 latitudinem
3323 2660 3337 2682 ,
3391 2629 3449 2680 ut
3499 2624 3776 2692 superatis

2166 2702 2355 2756 mundi
2377 2703 2771 2758 certaminibus
2801 2714 2962 2776 atque
3014 2707 3266 2774 terrenis,
3294 2709 3386 2782 qui
3406 2721 3461 2765 et
3491 2711 3607 2781 ipse
3637 2713 3774 2770 tlna-

2163 2795 2230 2849 lis
2260 2806 2342 2851 est
2374 2811 2654 2860 numerus,
2700 2797 3071 2868 ingrediantur
3124 2800 3310 2871 templi
3361 2804 3675 2872 penetralia,
3721 2815 3777 2864 et

2163 2890 2448 2946 audiamus
2474 2891 2826 2962 imperantem
2851 2892 3130 2964 discipulis
3148 2895 3462 2952 Dominum:
3484 2897 3770 2970 Conﬁdite:

2161 3000 2255 3054 ego
2271 2985 2368 3038 vici
2395 2984 2644 3039 mundum
2676 2979 2855 3057 (Joan.
2888 3002 3010 3052 xw,
3043 2986 3155 3058 54).

2247 3077 2428 3147 (Vers.
2476 3077 2530 3142 5,
2580 3079 2660 3144 Li.)
2705 3097 2722 3130 ‹
2762 3078 2824 3132 Et
2866 3079 3147 3150 ingressus
3188 3081 3519 3140 intrinsecus
3559 3085 3688 3157 (sive
3715 3085 3768 3140 iu

2170 3187 2188 3219 ι
2229 3170 2426 3224 atrium
2453 3169 2702 3240 interius)
2737 3183 2957 3225 mensus
2989 3181 3071 3226 est
3098 3175 3146 3226 in
3173 3181 3199 3210 ει
3231 3173 3411 3230 fronte
3437 3174 3562 3248 (sive
3584 3176 3768 3249 telam)

2170 3280 2186 3311 ι
2225 3270 2395 3328 porta:
2417 3261 2554 3315 duos
2582 3260 2819 3326 cubitus,
2846 3271 2899 3318 et
2930 3273 3138 3334 portam
3167 3281 3263 3320 sex
3291 3265 3400 3340 [ΑΙ.
3433 3269 3648 3342 decem]
3673 3285 3770 3325 cu-

2167 3372 2183 3404 ‹
2219 3353 2478 3419 biturum,
2511 3363 2566 3408 et
2599 3353 2943 3409 latitudinem
2971 3364 3143 3424 porta:
3191 3367 3403 3431 septem
3451 3359 3762 3415 cubitorum

2166 3464 2184 3497 ‹
2224 3449 2379 3517 (sive
2407 3456 2461 3503 et
2493 3448 2748 3502 humeros
2803 3458 2972 3518 porta:
3023 3459 3230 3520 septem
3284 3453 3485 3510 cubitis
3531 3454 3674 3522 hinc,
3707 3468 3764 3511 ct

2166 3559 2183 3591 ι
2220 3549 2428 3610 septem
2457 3541 2648 3596 cubitis
2678 3540 2800 3596 inde
2833 3541 2870 3612 ).
2911 3544 2973 3596 Et
3006 3560 3225 3599 mensus
3249 3555 3332 3600 est
3368 3545 3758 3620 longitudinem

2165 3651 2183 3684 ι
2221 3632 2340 3703 ejus
2371 3635 2502 3702 (sive
2533 3635 2792 3688 ostiorum
2819 3633 2838 3706 )
2864 3636 3055 3707 viginti
3093 3636 3400 3693 cubitorum
3434 3652 3482 3694 ct
3518 3640 3760 3696 latitudi-

2164 3743 2181 3772 ι
2215 3740 2337 3780 nem
2363 3725 2545 3795 viginti
2572 3725 2882 3781 cubitorum
2913 3738 3041 3783 ante
3067 3728 3256 3784 faciem
3291 3733 3494 3804 templi.
3527 3733 3589 3788 Et
3621 3734 3759 3790 dixit

2163 3836 2181 3868 ι
2218 3817 2283 3871 ad
2315 3833 2400 3873 me
2435 3837 2445 3870 :
2481 3817 2594 3874 Hoc
2621 3828 2704 3874 est
2729 3818 2986 3876 Sanctum
3017 3834 3351 3880 sanctorum.
3394 3845 3412 3878 ι
3459 3826 3758 3894 Quantum-

2157 3913 2241 3966 vis
2274 3913 2644 3982 proﬁciamus,
2675 3930 2893 3986 semper
2923 3916 3080 3971 nobis
3127 3919 3299 3990 major
3328 3920 3602 3990 profectus
3631 3940 3758 3993 ape-

2156 4005 2317 4059 ritur.
2351 4005 2501 4060 Unde
2529 4014 2650 4076 post
2681 4006 2958 4062 introitum
3002 4011 3189 4080 tcmp!i
3248 4026 3467 4067 rursum
3520 4014 3758 4084 ingredi-

2155 4114 2276 4154 mur
2309 4099 2661 4169 intrinsecus,
2697 4100 2813 4157 sive
2854 4113 2910 4158 ut
2944 4103 3300 4176 Septuaginta
3329 4111 3751 4180 transtulerunt,

2154 4191 2383 4248 interius
2429 4194 2652 4264 atrium,
2710 4195 2763 4249 in
2803 4196 2958 4266 cujus
3009 4198 3205 4269 fronte,
3241 4201 3356 4256 sive
3381 4219 3482 4269 ει,
3519 4221 3615 4273 pro
3646 4223 3754 4277 quo

2151 4284 2524 4364 Symmachus,
2556 4286 2692 4341 circa
2716 4298 2939 4360 portam,
2974 4288 3278 4346 Theodotio
3311 4310 3492 4364 imae,
3526 4296 3754 4353 Hebrai-

2152 4392 2272 4432 cum
2300 4361 2544 4449 UL('71N),
2579 4379 2768 4448 Aquila
2796 4382 3006 4446 ostium,
3041 4399 3139 4438 nos
3163 4385 3382 4454 frontem
3411 4361 3748 4458 interpretati

453 4478 705 4540 randum,
740 4486 793 4530 et
816 4475 986 4528 tactus
1009 4484 1090 4526 est
1122 4471 1206 4526 vir
1233 4470 1489 4541 agricola.
1522 4469 1588 4524 Et
1613 4468 1666 4523 in
1696 4477 1848 4523 veste
1871 4469 2046 4538 ponti-
2073 4484 2126 4546 ι)
2151 4486 2356 4538 sumus,
2390 4471 2496 4526 duo
2519 4484 2675 4527 erant
2704 4476 2873 4530 cubiti
2910 4495 2921 4529 :
2954 4489 3009 4532 ut
3039 4478 3190 4548 juxta
3239 4485 3579 4552 superiorem
3618 4501 3748 4542 sen-

454 4572 594 4637 ticis,
621 4567 896 4623 humer-ale
944 4581 1066 4620 cum
1101 4564 1368 4619 rationale
1415 4561 1716 4633 stringitur,
1761 4573 1816 4615 ut
1849 4560 2042 4639 rationi

455 4678 621 4735 opera
643 4660 994 4731 copulentur,
1017 4668 1071 4713 et
1091 4660 1258 4726 possit
1279 4655 1466 4712 dicere
1489 4655 1575 4710 vir
1591 4654 2002 4710 Ecclesiastieus
2028 4670 2040 4706 :

449 4762 491 4815 Λ
519 4756 787 4814 mandatis
813 4757 916 4808 tuis
945 4753 1184 4808 intellexi
1215 4752 1334 4826 (Ps.
1370 4768 1535 4808 cxvut
1558 4793 1573 4818 ,
1610 4750 1757 4820 104).
1792 4750 1894 4818 Qui
1944 4751 2042 4802 lut-

447 4853 582 4910 tneri
615 4860 806 4922 portae,
837 4865 900 4904 cx
936 4859 1162 4918 utraque
1203 4856 1376 4917 parte,
1401 4847 1594 4918 quinas
1625 4845 1893 4901 habebant
1918 4860 2041 4914 por-

445 4948 604 5015 licus,
629 4955 688 4999 ut
715 4960 811 5014 per
835 4954 1078 4998 terrenos
1127 4957 1319 4997 sensus
1383 4950 1544 5012 atque
1582 4941 1814 5008 divinas,
1874 4954 2037 5010 super

443 5053 675 5110 quorum
726 5035 1027 5091 diﬂerentia
1061 5050 1207 5104 saepe
1265 5034 1609 5103 scripsimus,
1660 5032 2035 5104 ingrediantur

437 5135 599 5208 adyta
631 5132 839 5202 templi,
869 5130 1022 5198 cujus
1054 5145 1275 5185 mensus
1303 5139 1382 5184 est
1415 5129 1496 5183 vir
1538 5129 1648 5193 ille,
1701 5129 1791 5198 qui
1836 5127 2032 5184 ductor

436 5226 714 5298 propheta:
736 5230 872 5285 erat,
901 5221 1290 5292 longitudinem
1315 5220 1669 5291 quadraginta
1695 5219 2028 5284 cubitorum,

501 5395 528 5422 η
566 5384 741 5438 Locus
773 5379 1220 5449 depravatissime
1250 5379 1427 5434 editus
1461 5377 1598 5449 apud
1633 5377 1915 5430 Erasmum
1963 5383 2018 5428 et

430 5457 727 5512 Marianum
763 5472 775 5506 :
805 5447 894 5522 qui
944 5457 1044 5522 hoe
1085 5449 1244 5504 modo
1293 5447 1522 5522 legunt}
1559 5447 1625 5522 Iit
1659 5451 1812 5522 cujus
1853 5451 2025 5516 fronte

422 5529 526 5582 sive
546 5528 699 5598 αἰλάμ
728 5527 746 5595 (
775 5520 868 5578 Er.
907 5521 1050 5594 elau)
1098 5539 1193 5594 pro
1221 5539 1323 5594 quo
1357 5520 1727 5591 Symmachus
1755 5523 1895 5598 napi
1931 5523 2023 5578 τήν

418 5624 600 5698 θρραγ,
628 5596 804 5698 ίᾲιεδε,
830 5619 966 5698 circa
999 5626 1222 5698 portam;
1243 5615 1527 5698 Theodotio
1548 5616 1867 5698 Hebraicum
1885 5596 2016 5679 Situ,

419 5688 512 5753 el';
543 5688 734 5763 Aquila
784 5691 992 5757 ostium,
1041 5704 1132 5744 nos
1183 5693 1408 5759 frontem
1452 5688 1775 5760 interpretati
1822 5704 2014 5744 sumus.

2151 4578 2269 4618 sum
2299 4577 2395 4633 per
2424 4563 2640 4619 dualem
2672 4583 2956 4623 numerum
2985 4569 3358 4642 iugrediamur
3386 4574 3451 4630 ad
3483 4591 3608 4632 eum
3661 4579 3743 4633 lo-

2148 4670 2294 4734 cum,
2325 4655 2417 4712 tibi
2449 4666 2577 4712 sunt
2603 4659 2801 4714 Sancta
2826 4672 3157 4718 sanctorum.
3190 4665 3346 4722 Unde
3369 4679 3423 4724 et
3451 4671 3563 4740 ipsa
3590 4684 3742 4742 porta

2145 4765 2240 4805 sex
2262 4751 2568 4806 cubitorum
2599 4765 2737 4824 erat,
2768 4771 2862 4824 per
2889 4772 3049 4826 quam
3072 4759 3326 4830 ingressi,
3357 4772 3618 4820 aeternam
3657 4784 3739 4822 re-

2145 4844 2327 4912 quiem
2355 4843 2717 4912 possidemus,
2767 4863 2890 4917 quae
2938 4849 2991 4903 iu
3049 4854 3360 4920 septenario
3387 4871 3620 4914 numero
3645 4859 3742 4914 tle-

2144 4946 2497 4991 monstratur.
2546 4939 2649 4993 Pro
2703 4957 2810 5012 quo
2858 4943 3207 5015 Septuaginta
3242 4952 3654 5020 transtulerunt,
3688 4966 3740 5012 et

2139 5026 2465 5084 latitudinem
2504 5043 2666 5103 porta:
2716 5044 2909 5106 septem
2953 5039 3238 5094 cubitorum
3283 5041 3440 5113 hinc,
3471 5055 3518 5100 et
3545 5056 3738 5117 septem

2136 5123 2424 5178 cutitorum
2479 5127 2635 5190 inde,
2673 5127 2726 5184 in
2777 5129 3006 5187 Hebraeo
3041 5143 3095 5188 et
3128 5138 3345 5193 caeteris
3399 5140 3738 5198 editionibus

2135 5219 2304 5273 semel
2328 5227 2534 5275 tantum
2568 5233 2759 5294 septem
2790 5224 2972 5292 cubiti,
3015 5229 3064 5283 in
3091 5229 3385 5290 latitudine
3407 5246 3598 5305 portzc,
3629 5253 3727 5308 po-

2127 5369 2388 5466 tita-nihil
2415 5377 3153 5466 {aperiotlierouylinianum,
3196 5404 3337 5466 _cum
3381 5406 3478 5460 pro
3522 5410 3604 5450 εει.
3635 5411 3733 5466 po-

2131 5447 2546 5534 S‘tIDt‘lpt‘apcip,
2593 5447 3062 5534 velgclau;_'Grat-ca
3091 5447 3259 5534 verba
3291 5447 3603 5534 Symmachi
3635 5447 3731 5522 iid-

2132 5514 2366 5570 diderint
2387 5518 2453 5573 de
2482 5514 2616 5606 suo,
2650 5532 2702 5575 et
2737 5514 2835 5590 pro
2855 5525 3089 5584 lectione
3116 5514 3723 5606 Tlteod‘dtionis't—c-lanut,

2131 5619 2182 5664 et
2211 5607 2476 5688 Hebraico
2507 5613 2582 5680 ut,
2607 5597 2723 5680 51R,
2751 5615 3474 5684 substitueriutchraicum
3504 5597 3729 5688 tradier:-

2131 5715 2258 5759 uutu
2285 5683 2404 5771 5m,
2433 5705 2528 5775 ait,
2569 5703 2684 5763 sive
2704 5707 2772 5763 et.
2799 5708 2976 5767 Manr.
