4054 6324
489 275 596 335 399

1747 267 1803 324 S.
1851 263 2122 324 EUSEBII
2161 264 2546 325 HIERONYMI

3666 274 3765 334 400

480 386 772 446 feriorilms
820 381 1210 440 ascendebatur
1252 379 1321 435 ad
1371 380 1647 451 superiora
1666 421 1680 447 ,
1723 388 1778 437 et
1804 381 2041 437 medium
2070 398 2082 434 :
2114 383 2163 443 Α
2191 382 2272 454 v),
2302 396 2523 439 oremus
2536 381 2661 440 sine
2680 382 3014 449 cessatione,
3040 388 3093 438 et
3117 381 3361 440 dicamus
3382 396 3497 440 cum
3519 383 3761 444 Ieremia:

481 489 615 553 puto
638 475 979 551 perspicuum
1005 489 1126 531 esse
1147 473 1359 542 lectori,
1389 487 1607 545 semper
1629 475 1940 545 angustiora
1966 489 2090 531 esse

498 593 619 651 qua:
649 575 908 633 deorsum
942 581 1069 628 sunt
1093 569 1148 626 in
1172 570 1439 642 ijejuniis,
1482 573 1815 646 χαμευνίαις,
1841 570 2091 627 etvictus

482 670 841 735 continentia,
868 665 1239 739 paulatimque
1269 666 1395 720 dum
1425 665 1490 721 ad
1520 682 1728 721 summa
1762 665 2087 721 conscendi-

480 780 633 829 mus,
685 762 931 817 latiorem
979 758 1135 815 nobis
1185 758 1385 829 aperiri
1415 759 1577 823 viam,
1612 767 1666 814 et
1698 758 1910 828 impleri
1942 758 2087 829 quod

479 857 739 928 scriptum
764 864 875 912 est:
901 853 955 909 in
980 851 1323 909 tribulatione
1347 852 1580 908 dilatasti
1600 851 1728 906 mihi
1759 850 1875 922 (Ps.
1905 867 1977 919 tv,
2010 850 2085 922 l).

473 951 581 1005 Per
626 947 915 1004 rotundum
965 953 1143 1001 autem
1180 954 1234 1001 et
1263 960 1359 1015 per
1408 944 1687 999 cochleam
1740 942 2088 999 ascendimus

474 1045 664 1116 templi
686 1043 1049 1108 cmnaculum,
1097 1057 1218 1113 quae
1250 1042 1415 1113 ﬁgura
1446 1042 1589 1096 inter
1619 1042 1800 1096 omnia
1827 1045 2087 1113 σχήματα

474 1156 503 1193 a
536 1138 874 1211 philosophis
900 1152 1115 1208 quoque.
1145 1136 1307 1207 hujus
1353 1137 1537 1192 saeculi
1571 1137 1851 1207 pulchrior
1888 1152 2087 1206 appro-

472 1234 665 1289 batur:
698 1231 826 1286 dum
856 1230 1158 1297 etcoelum,
1206 1238 1263 1285 et
1302 1229 1420 1294 sol,
1455 1239 1510 1285 et
1539 1230 1684 1292 luna,
1719 1238 1773 1285 et
1803 1240 1950 1284 astra
1981 1243 2087 1284 cte-

476 1335 617 1391 tera,
647 1334 702 1381 et
729 1331 986 1393 punctum
1013 1333 1190 1391 terrze,
1217 1322 1269 1377 in
1297 1322 1615 1395 corporibus
1648 1338 1863 1394 quoque
1895 1322 2087 1377 huma-

476 1418 580 1487 nis,
609 1416 775 1483 oculi,
806 1416 956 1486 quasi
986 1415 1155 1469 altera
1187 1414 1382 1480 sidera,
1419 1426 1473 1470 et
1506 1415 1673 1487 ﬁgura
1697 1416 1912 1488 capitis,
1940 1416 2082 1487 quod

469 1510 712 1565 omnium
734 1523 990 1564 sensuum
1014 1508 1417 1578 receptaculum
1440 1516 1544 1575 εει,
1572 1517 1882 1578 teretesque
1902 1509 2077 1580 digiti,

471 1616 524 1663 et
558 1606 778 1669 femina,
803 1614 857 1659 et
878 1602 1103 1660 brachia
1146 1602 1286 1657 hanc
1330 1603 1626 1672 praeferunt
1665 1604 2078 1661 rotunditatem.

476 1699 643 1755 Porro
678 1697 1014 1754 ctenaculum
1062 1696 1271 1767 templi,
1318 1695 1387 1751 ad
1409 1696 1552 1767 quod
1580 1696 1646 1753 de
1675 1698 2081 1768 angustioribus

2195 476 2315 533 Non
2355 477 2516 535 sileat
2564 477 2764 548 pupilla
2805 476 2947 533 oculi
3001 477 3106 532 mei
3156 475 3382 549 (Tltren.
3436 494 3494 546 ll,
3535 479 3645 551 l8),
3687 481 3763 537 vel

2193 572 2479 642 prarsentia
2526 572 2663 626 mala
2696 571 2869 627 vitare
2896 571 3200 642 cupientes,
3233 570 3323 626 vel
3347 580 3560 643 agentes
3588 574 3765 642 gratias

2193 681 2291 737 pro
2317 666 2627 736 prteteritis.
2660 665 2925 735 Quamdiu
2952 663 3095 720 enim
3132 666 3183 720 in
3217 664 3561 721 tabernaculo
3586 679 3764 737 corpo-

2192 760 2269 815 ris
2314 759 2480 830 hujus
2530 774 2740 827 sumus,
2773 758 3200 829 ingemiscimus,
3230 757 3593 828 dicimusque:
3622 758 3767 814 Miser

2192 867 2289 923 ego
2319 852 2499 918 homo,
2528 853 2646 923 quis
2670 867 2757 907 me
2783 851 3034 907 liberabit
3061 850 3130 906 de
3159 865 3387 922 corpore
3415 852 3597 907 mortis
3624 852 3766 923 hujus

2193 946 2384 1017 (Rom.
2438 962 2532 1015 vn,
2582 945 2721 1019 24)?
2767 946 2873 1003 Sed
2918 956 2973 1003 et
3023 946 3087 1001 ad
3135 947 3279 1001 viam
3321 947 3621 1003 Australem
3668 956 3773 1004 erat

2202 1028 2422 1107 ostium,
2470 1051 2523 1096 et
2571 1041 2743 1111 ipsum
2785 1041 2935 1111 juxta
2980 1041 3303 1096 Hebraicum
3354 1041 3557 1097 habens
3601 1042 3767 1098 locum

2191 1136 2451 1190 orationis
2481 1147 2534 1191 et
2554 1137 2794 1207 quinque
2826 1137 3056 1192 tendens
3081 1136 3280 1191 cubitis
3331 1152 3426 1207 per
3474 1136 3770 1193 circuitum.

2189 1230 2318 1285 Post
2367 1231 2535 1301 frigus
2567 1232 2710 1286 enim
2741 1232 3025 1302 Aquilonis
3056 1232 3120 1286 ad
3155 1231 3462 1288 Australem
3493 1233 3775 1289 transimus

2187 1322 2446 1390 calorem,
2469 1333 2522 1378 et
2547 1333 2723 1379 tamen
2746 1338 2961 1381 rursum
2986 1323 3245 1378 orationis
3268 1326 3563 1395 quaerimus
3582 1325 3773 1395 locum,

2187 1417 2241 1472 in
2266 1418 2549 1488 Aquilonis
2569 1419 2731 1485 ostio,
2753 1428 2811 1474 ut
2832 1418 3129 1474 evadamus
3153 1418 3427 1490 pericula:
3454 1419 3507 1473 in
3530 1418 3773 1488 Australi,

2188 1518 2247 1566 ut
2278 1526 2500 1582 agamus
2528 1513 2726 1583 gratias
2753 1528 2850 1584 pro
2886 1513 3202 1582 prmteritis,
3236 1522 3288 1567 et
3319 1512 3391 1568 sit
3420 1512 3574 1568 nobis
3617 1513 3782 1568 victo-

2186 1603 2283 1659 ria:
2314 1620 2500 1660 secura
2530 1606 2828 1676 possessio.
2877 1605 3127 1678 Quinque
3171 1616 3351 1662 autem
3402 1606 3596 1674 cubiti,
3640 1615 3692 1661 et
3730 1605 3778 1660 in

2188 1698 2293 1755 hoc
2323 1700 2443 1755 loco
2474 1699 2687 1755 divinos
2721 1700 3198 1766 indicantsensus,
3237 1716 3334 1770 per
3380 1715 3519 1771 quos
3569 1699 3634 1754 de
3681 1704 3784 1754 ter-

468 1792 536 1849 ad
564 1792 758 1847 altiora
785 1792 1222 1860 conscendimus,
1269 1791 1401 1846 illud
1451 1801 1580 1862 puto
1625 1808 1746 1848 esse
1776 1836 1789 1859 ,
1842 1794 1985 1865 quod
2031 1795 2081 1849 in
2115 1786 2163 1847 B
2191 1793 2338 1848 renis
2365 1792 2431 1847 ad
2454 1793 2645 1847 altiora
2674 1792 3113 1849 conscendimus.
3150 1792 3217 1848 Et
3243 1792 3559 1860 aediﬁcium,
3590 1790 3777 1862 inquit,

470 1903 659 1959 regum
688 1885 967 1943 volumine
1004 1886 1148 1941 Elias
1183 1884 1391 1952 habuit,
1422 1893 1477 1941 et
1510 1886 1759 1951 Elisreus,
1785 1895 1839 1941 et
1867 1886 1919 1941 in
1952 1903 2083 1958 apo-

470 1981 732 2037 stolorum
754 1968 1008 2045 Actibus,
1042 1977 1280 2045 Tabitha,
1318 1978 1368 2033 id
1400 1988 1504 2045 est,
1537 1978 1725 2054 δόρκας
1764 1991 1818 2035 et
1867 1980 2080 2036 damula

469 2085 656 2133 nostra
687 2074 965 2147 possedit,
1007 2089 1127 2144 qum
1158 2072 1314 2128 bonis
1344 2072 1600 2143 operibus
1628 2074 1696 2128 ad
1720 2062 1927 2129 summa
1951 2089 2083 2130 con-

471 2170 758 2228 scenderat
780 2168 879 2241 (lll
919 2167 1048 2237 Reg.
1080 2183 1216 2233 xvtt;
1241 2166 1305 2221 IV
1332 2168 1461 2238 Reg.
1492 2183 1574 2233 tv;
1605 2169 1716 2221 Act.
1754 2184 1804 2222 rx
1824 2185 1837 2233 ;
1859 2169 1972 2222 Act.
2001 2168 2078 2240 x).

471 2263 767 2332 Apostolus
789 2272 969 2316 autem
993 2259 1208 2325 Petrus,
1236 2274 1399 2329 super
1420 2275 1579 2330 quem
1608 2261 1870 2317 Dominus
1891 2262 2080 2317 Eccle-

471 2358 566 2412 sia:
590 2354 942 2411 fundamenta
977 2354 1251 2421 solidavit,
1281 2355 1616 2410 transcendit
1637 2357 2001 2425 cmnaculum,
2026 2365 2081 2412 et

469 2450 619 2508 venit
650 2450 716 2505 ad
748 2440 973 2517 tectum,
1005 2448 1147 2520 quod
1175 2446 1571 2519 signiﬁcantius
1601 2449 1788 2505 Graece
1821 2449 1966 2521 δῶμα
1994 2449 2080 2503 di-

470 2523 841 2615 c’i‘tiuﬁ'idest,
867 2545 994 2602 tecti
1018 2544 1309 2601 solarium:
1335 2553 1390 2599 et
1415 2545 1685 2615 incognita
1708 2546 1857 2616 prius
1880 2545 2081 2601 sarculo

471 2638 736 2696 Ecclesiae
766 2645 1118 2694 sacramenta
1150 2637 1429 2709 cognovit.
1461 2636 1710 2692 Salvator
1732 2652 1947 2709 quoque
1986 2652 2081 2707 ge-

470 2731 617 2789 neris
645 2731 867 2786 humani
891 2729 1090 2801 pascha
1128 2728 1254 2786 fecit
1296 2730 1349 2784 in
1401 2730 1684 2785 caenaculo
1711 2772 1724 2793 ,
1776 2739 1831 2786 et
1881 2745 2079 2802 magno

470 2826 692 2896 latoque
720 2825 1024 2889 ctenaculo,
1055 2834 1220 2893 atque
1250 2824 1397 2879 omni
1423 2824 1584 2879 sorde
1616 2832 1841 2894 purgato
1867 2834 2077 2880 strato-

470 2933 597 2989 que,
631 2926 687 2973 et
707 2917 773 2973 ad
806 2916 1088 2987 spirituale
1120 2917 1428 2972 convivium
1459 2925 1790 2986 prmparato,
1825 2916 1913 2971 ubi
1958 2933 2079 2988 my-

470 3010 701 3066 sterium
724 3010 971 3081 corporis
995 3018 1051 3065 et
1072 3009 1354 3080 sanguinis
1385 3008 1497 3064 suis
1523 3008 1746 3063 tradidit
1770 3008 2073 3081 discipulis,

470 3113 526 3159 et
556 3111 814 3159 mternam
839 3102 995 3157 nobis
1027 3102 1150 3174 agni
1182 3101 1512 3157 immaculati
1544 3101 1767 3173 reliquit
1806 3102 2073 3159 festivita-

2191 1885 2332 1957 quod
2366 1895 2482 1942 erat
2512 1895 2818 1957 separatum
2850 1901 3174 1956 versumque
3204 1885 3269 1941 ad
3301 1885 3443 1941 viam
3495 1885 3781 1956 respicien-

2191 1990 2296 2035 tem
2332 1981 2397 2035 ad
2440 1996 2621 2047 mare,
2664 1979 2964 2036 latitudinis
2993 1981 3333 2051 septuaginta
3361 1980 3696 2035 cubitorum:
3726 1986 3781 2035 ut

2188 2084 2308 2146 post
2340 2075 2578 2140 labores,
2609 2084 2663 2130 et
2690 2075 2952 2145 pericula,
2980 2086 3031 2130 et
3060 2074 3241 2129 saeculi
3274 2074 3435 2130 istius
3475 2073 3670 2129 ﬂuctus
3710 2080 3785 2128 at-

2187 2184 2292 2237 que
2320 2168 2617 2239 naufragia,
2646 2176 2701 2224 et
2726 2183 2897 2225 annos
2924 2170 3288 2239 septuaginta,
3322 2168 3394 2224 de
3418 2169 3616 2239 quibus
3641 2166 3786 2223 Jerc-

2186 2261 2323 2316 mias
2345 2261 2555 2329 scribit,
2578 2270 2634 2316 et
2660 2261 2869 2327 Daniel,
2890 2271 2944 2316 et
2961 2261 3250 2316 Zacharias
3274 2260 3411 2333 (Jer.
3435 2278 3540 2317 xxv
3562 2271 3607 2316 et
3630 2277 3782 2328 xxix;

2185 2351 2326 2408 Dan.
2356 2369 2431 2417 ιι,
2462 2352 2625 2407 ΖαεΙι.
2652 2352 2772 2425 1x);
2805 2370 2994 2409 verum
3026 2363 3081 2410 et
3112 2354 3412 2425 legitimum
3446 2365 3652 2426 septem
3692 2354 3785 2410 de-

2185 2445 2443 2501 cadarum
2472 2446 2754 2501 sabbatum
2788 2446 2951 2518 500
2974 2462 3410 2518 consequamur:
3445 2458 3504 2503 ut
3533 2448 3608 2503 sit
3639 2447 3788 2502 nobis

2184 2549 2386 2596 aeterna
2441 2541 2655 2611 requies
2679 2585 2693 2609 ,
2726 2551 2779 2597 et
2810 2558 2907 2612 per
2938 2543 3176 2613 quinque
3215 2542 3526 2599 cubitorum
3556 2541 3788 2598 latitudi-

2186 2648 2308 2689 nem
2333 2633 2613 2688 veniamus
2634 2633 2700 2688 ad
2720 2634 3113 2705 longitudinem
3129 2635 3426 2706 nonaginta
3451 2636 3784 2693 cubitorum:

2194 2727 2248 2782 in
2279 2742 2382 2798 qua
2408 2738 2565 2783 aetate
2596 2728 2664 2784 de
2694 2727 3119 2800 repromissione
3140 2730 3305 2787 ﬁlium
3332 2732 3469 2790 Sara
3493 2732 3786 2805 generavit,

2191 2838 2314 2891 qum
2346 2822 2638 2890 nonaginta
2669 2836 2956 2888 annorum,
2987 2823 3039 2880 id
3066 2832 3170 2892 est,
3202 2841 3399 2883 novem
3433 2827 3781 2894 decadarum,

2183 2912 2392 2982 peperit
2414 2910 2579 2976 Isaac,
2600 2913 2786 2984 juncta
2810 2911 3084 2969 Abraham
3106 2916 3432 2971 centenario
3452 2914 3618 2990 (Gen.
3645 2914 3783 2986 xxi),

2181 3006 2235 3061 id
2262 3016 2376 3074 est,
2419 3005 2605 3062 decem
2657 3006 2986 3063 decadarum
3028 3008 3245 3064 habenti
3293 3012 3647 3082 mysterium.
3690 3004 3789 3078 Qui

2182 3114 2440 3155 numerus
2493 3100 2621 3172 quid
2673 3100 2971 3173 signiﬁcet,
3016 3118 3250 3174 sequens
3286 3103 3581 3177 Scriptura
3630 3118 3783 3161 mon-

484 3208 615 3252 tem.
641 3195 907 3267 Quodque
926 3194 1161 3251 addidit:
1183 3194 1248 3249 Et
1272 3194 1337 3250 de
1360 3196 1540 3249 mediis
1558 3195 1627 3250 ad
1642 3197 1873 3270 tristega,
1897 3197 1949 3252 id
1972 3204 2077 3264 est,
2110 3187 2155 3252 C
2187 3192 2398 3247 strabit.

476 3294 627 3348 tertia
650 3290 919 3347 cwnacula
947 3300 994 3345 et
1024 3289 1233 3360 Thrael,
1261 3290 1475 3346 videtur
1502 3290 1636 3369 mihi
1660 3291 1819 3347 obelo
1860 3307 2079 3363 pramo-

479 3386 725 3442 tandum.
760 3384 899 3454 Quid
928 3384 1071 3439 enim
1099 3398 1326 3440 necesse
1351 3392 1434 3440 est
1454 3383 1639 3451 dubia,
1666 3393 1721 3439 et
1748 3399 1853 3440 non
1879 3384 2081 3458 scripta

475 3480 751 3536 disserere
775 3497 787 3533 :
816 3494 937 3535 cum
964 3480 1017 3534 in
1042 3493 1105 3535 ea
1136 3493 1256 3549 qua:
1280 3477 1631 3534 Hebraeorum
1656 3487 1906 3535 tenentur
1929 3479 2084 3536 libris

479 3574 777 3630 debeamus
820 3572 1172 3628 incumbere?
1217 3570 1505 3642 Sequitur:
1546 3590 1565 3622 ‹
1597 3571 1665 3627 Ει
1696 3571 1807 3627 vidi
1840 3572 1892 3626 in
1923 3571 2084 3627 domo

494 3685 513 3717 ‹
561 3665 905 3721 altitudinem
956 3679 1053 3734 per
1101 3663 1386 3719 circuitum
1437 3663 1652 3721 fundata
1705 3662 1872 3735 499
1916 3664 2088 3720 latera

500 3778 515 3811 (
561 3757 628 3812 ad
682 3770 990 3811 mensuram
1030 3754 1243 3821 calami,
1286 3769 1381 3810 sex
1430 3754 1731 3809 cubitorum
1773 3756 1989 3824 spatio:
2033 3764 2090 3811 et

500 3868 518 3901 ι
565 3847 904 3903 latitudinem
930 3862 1028 3917 per
1046 3847 1307 3916 parietem
1328 3846 1512 3901 lateris
1538 3845 1834 3902 forinsecus
1854 3848 2092 3919 quinque

498 3961 516 3993 ι
565 3941 893 4006 cubitorum,
942 3950 997 3994 et
1026 3941 1168 3995 inter
1197 3940 1577 4011 gazOphylacia
1605 3960 1624 3993 ι
1657 3941 1677 4013 (
1695 3957 1814 4012 quae
1842 3942 2090 4013 Symma-

490 4035 626 4091 chus
662 4032 866 4108 ἐξέδρας
896 4030 1089 4101 vocat)
1144 4051 1161 4084 ι
1202 4031 1871 4105 latitudinem[cubitorum
1911 4038 2089 4109 viginti

499 4146 518 4178 ι
570 4143 659 4200 ρει·
707 4124 977 4180 circuitum
1015 4125 1215 4177 domus.
1249 4124 1454 4192 Quibus
1480 4127 1717 4182 numeris
1748 4128 2085 4198 ostenditur,

490 4222 636 4293 quod
686 4220 754 4277 de
804 4219 1006 4277 mundo
1052 4219 1175 4287 hoc,
1209 4228 1262 4274 et
1290 4218 1359 4274 de
1390 4220 1621 4276 terrenis
1644 4222 1916 4291 sensibus,
1946 4233 2001 4280 et
2020 4224 2088 4281 de

493 4313 638 4370 duali
664 4314 890 4369 duarum
924 4310 1248 4368 decadarum
1294 4327 1559 4381 numero,
1604 4316 1695 4384 qui
1742 4315 1977 4374 refertur
2020 4318 2087 4375 ad

496 4409 719 4479 viginti,
768 4424 875 4463 non
928 4407 1102 4461 solum
1144 4406 1196 4461 in
1248 4415 1435 4462 sancta
1463 4416 1798 4477 sanctorum,
1826 4410 1923 4466 sed
1951 4420 2005 4467 et
2033 4412 2088 4468 in

504 4503 779 4560 ctenacula
827 4515 1016 4557 eorum
1066 4514 1377 4556 mereamur
1414 4500 1735 4569 ascendere,
1785 4511 1840 4557 et
1875 4519 2090 4576 semper

2265 3325 2284 3359 ‹
2312 3306 2503 3378 (Vers.
2539 3309 2606 3364 l5
2630 3324 2783 3382 seqq.
2816 3310 2837 3383 )
2867 3309 2936 3366 Et
2958 3326 3178 3370 mensus
3204 3322 3289 3371 est
3327 3314 3532 3373 domus
3564 3311 3795 3386 longitu-~

2193 3429 2211 3463 ι
2260 3410 2440 3467 dinem
2470 3421 2685 3468 centum
2713 3412 3043 3470 cubitorum.
3071 3415 3138 3471 Et
3168 3417 3312 3489 quod
3338 3431 3663 3491 separatum
3686 3426 3799 3475 erat

2195 3532 2214 3566 ι
2262 3514 2585 3584 aediﬁcium,
2633 3526 2687 3572 et
2730 3517 2963 3588 parietes
3008 3518 3125 3589 ejus
3165 3520 3530 3593 longitudinis
3578 3529 3794 3580 centum

2194 3634 2214 3668 ‹
2261 3618 2591 3673 cubitorum.
2621 3619 2875 3677 Latitudo
2905 3631 3083 3678 autem
3116 3630 3241 3679 ante
3271 3622 3476 3681 faciem
3507 3625 3727 3693 domus,
3751 3628 3802 3679 et

2195 3737 2215 3771 (
2261 3721 2380 3790 ejus
2401 3721 2543 3791 quod
2565 3732 2681 3777 erat
2704 3733 3011 3794 separatum
3030 3734 3219 3781 contra
3240 3724 3560 3797 Orientem,
3580 3736 3798 3784 centum

2196 3838 2216 3872 ι
2264 3821 2594 3876 cubitorum.
2636 3824 2703 3877 Et
2746 3838 2967 3880 mensus
3006 3835 3089 3881 est
3131 3826 3536 3897 longitudinem
3586 3825 3797 3885 mdiﬁcii

2196 3940 2216 3974 ι
2262 3931 2453 3979 contra
2485 3924 2674 3980 faciem
2704 3926 2845 3996 ejus,
2880 3927 3022 3998 quod
3052 3937 3171 3984 erat
3198 3942 3520 4000 separatum
3570 3931 3639 3987 ad
3682 3929 3806 3985 dor-

2199 4046 2218 4079 ‹
2264 4042 2407 4083 sum.
2442 4037 2465 4064 λ
2492 4036 2761 4086 EKOETAC
2795 4031 2884 4101 (id
2932 4041 3038 4101 est,
3084 4033 3416 4106 eminentia)
3465 4050 3536 4092 ex
3580 4045 3809 4105 utraque

2198 4146 2218 4180 ‹
2265 4136 2416 4198 parte
2447 4138 2661 4184 centum
2690 4130 3032 4187 cubitorum:
3067 4134 3137 4188 Et
3164 4134 3428 4205 templum
3465 4136 3730 4204 interius,
3753 4142 3805 4192 et

2198 4239 2218 4273 ι
2264 4220 2532 4276 vestibula
2562 4222 2710 4276 atrii.
2744 4222 2956 4279 Limina
2979 4234 3033 4282 et
3054 4224 3324 4283 fenestras
3345 4228 3615 4301 obliquas
3634 4237 3813 4287 EKGE-

2200 4337 2218 4371 ‹
2264 4327 2400 4385 TAC,
2435 4318 2487 4373 in
2518 4318 2743 4374 circuitu
2773 4334 2871 4391 per
2897 4331 3005 4377 tres
3027 4332 3212 4392 partes
3234 4332 3431 4381 contra
3454 4324 3816 4396 uniuscujus-

2201 4433 2219 4466 ι
2266 4414 2589 4485 quclimen,
2639 4423 2977 4487 stratumque
3021 4417 3166 4489 ligno
3210 4433 3307 4489 per
3346 4435 3554 4493 gyrum
3608 4422 3664 4477 in
3697 4420 3817 4491 jcir-
3902 4484 3905 4487 λ

2201 4526 2220 4560 ι
2268 4508 2454 4563 cuitu:
2503 4518 2647 4564 terra
2690 4518 2869 4564 autem
2906 4520 3023 4566 erat
3060 4525 3233 4581 usque
3274 4510 3344 4567 ad
3389 4512 3717 4571 fenestras:
3749 4509 3820 4566 Et

505 4599 705 4653 habere
735 4595 787 4651 in
816 4596 1102 4659 memoria,
1146 4594 1289 4666 quod
1338 4609 1435 4666 per
1482 4610 1575 4651 sex
1618 4597 1733 4653 dies
1768 4598 2094 4657 conditionis
2122 4595 2173 4657 Ι)
2206 4620 2226 4655 ι
2274 4602 2526 4659 fenestra:
2557 4604 2776 4661 clausae.
2808 4605 2982 4675 Super
3007 4605 3168 4673 ostia,
3199 4614 3256 4663 et
3278 4623 3461 4680 usque
3486 4610 3562 4666 ad
3594 4610 3816 4666 domum

500 4700 719 4757 nostrae,
749 4698 805 4745 et
827 4704 921 4759 per
946 4687 1183 4760 quinque
1209 4703 1423 4755 sensus,
1454 4697 1509 4745 et
1534 4704 1630 4760 per
1675 4691 1865 4763 viginti
1907 4694 2087 4750 cubita

498 4782 794 4840 latitudinis
840 4781 1249 4838 ascenderimus
1294 4781 1360 4837 ad
1407 4784 1745 4839 cmnaculum
1792 4788 2004 4858 templi,
2038 4797 2093 4843 et

502 4891 770 4937 terrenam
796 4875 1179 4943 humilitatem,
1206 4891 1533 4948 sensumque
1558 4878 1752 4934 littera:
1782 4880 2095 4951 relinquen-

500 4984 581 5031 tes
609 5016 623 5039 ,
646 4972 1023 5027 transierimus
1048 4971 1115 5024 ad
1135 4971 1502 5026 summitatem
1533 4972 1809 5040 Ecclesiae,
1836 4966 2094 5045 Spiritus;

502 5084 609 5138 que
634 5066 818 5123 Sancti
850 5063 1124 5119 consortio
1151 5062 1503 5133 gaudeamus.
1538 5063 1606 5118 Et
1636 5064 1862 5129 ostium,
1898 5068 2091 5139 inquit,

503 5161 687 5217 lateris
728 5159 793 5213 ad
833 5155 1135 5212 orationem
1178 5164 1366 5211 contra
1392 5156 1534 5211 viam
1565 5157 1847 5227 Aquilonis
1875 5159 2021 5231 (Jer.
2056 5178 2093 5229 ι,

508 5256 635 5327 ll),
658 5271 687 5310 a
727 5268 836 5327 quo
875 5251 1237 5310 exardescunt
1263 5252 1402 5307 mala
1434 5266 1596 5324 super
1624 5269 1837 5311 omnem
1870 5266 2092 5326 terram,

507 5360 562 5407 ct
588 5365 749 5422 quem
780 5347 1044 5404 Dominus
1065 5345 1383 5402 abacturum
1417 5361 1477 5402 se
1504 5361 1535 5401 a
1584 5347 1740 5403 nobis
1784 5350 2095 5419 pollicetur,

505 5445 724 5500 dicens:
769 5442 840 5498 Et
868 5457 989 5497 eum
1012 5440 1101 5511 qui
1131 5440 1199 5493 ab
1225 5440 1489 5510 Aquilone
1517 5447 1621 5507 est,
1650 5440 1859 5512 abigam
1886 5458 1914 5497 a
1944 5444 2098 5500 vobis

507 5535 551 5606 (ι
575 5534 713 5589 Joel.
739 5549 799 5600 ιι,
826 5531 941 5605 ‘20).
965 5531 1303 5603 Pulehreque
1326 5531 1377 5586 in
1396 5531 1538 5589 ostio
1560 5541 1744 5587 contra
1768 5532 2094 5603 Aquilonem

503 5627 656 5683 locus
678 5624 940 5680 orationis
960 5633 1064 5688 est,
1090 5632 1149 5678 ut
1171 5622 1463 5679 secundum
1488 5622 1807 5694 Apostolum
1832 5625 1889 5697 (l
1910 5626 2093 5686 Thess.

2206 4716 2224 4751 ι
2262 4697 2610 4754 interiorem:
2645 4698 2714 4754 Et
2743 4698 3045 4756 forinsecus
3072 4716 3170 4772 per
3198 4716 3424 4758 omnem
3456 4705 3732 4774 parietem
3762 4701 3817 4758 in

2206 4811 2226 4844 ι
2271 4793 2497 4848 circuitu
2530 4793 2899 4849 intrinsecus:
2930 4794 2996 4849 Et
3025 4793 3328 4852 forinsecus
3356 4796 3430 4852 ad
3465 4812 3816 4856 mensuram.

2207 4906 2227 4940 ι
2274 4890 2339 4944 Et
2360 4888 2649 4945 fabrefacta
2675 4889 2966 4946 Cherubim
2994 4898 3049 4946 et.
3076 4892 3309 4962 palmm:
3345 4891 3417 4947 Et
3451 4895 3643 4965 palma
3678 4896 3821 4952 inter

2210 5001 2228 5034 ‹
2275 4980 2491 5037 Cherub
2514 4980 2826 5039 etCherub:
2847 4983 3087 5055 duasque
3108 4985 3273 5043 facies
3296 4987 3547 5045 habebat
3570 4989 3821 5047 Cberub:

2209 5094 2229 5129 ‹
2278 5077 2471 5133 faciem
2502 5077 2735 5132 hominis
2770 5080 2926 5149 juxta
2964 5081 3201 5151 palmam
3219 5097 3289 5138 ex
3315 5082 3421 5140 hac
3441 5096 3610 5155 parte
3629 5127 3645 5154 ,
3670 5096 3727 5142 et
3747 5083 3825 5140 fa-

2204 5189 2223 5224 ι
2267 5171 2407 5227 ciem
2433 5171 2767 5243 leonisjuxta
2792 5174 3022 5244 palmam
3046 5190 3113 5231 ex
3136 5175 3239 5230 alia
3269 5185 3460 5248 parte;
3496 5192 3824 5251 expressam

2206 5282 2224 5314 ‹
2273 5278 2369 5333 per
2397 5279 2612 5321 omnem
2646 5265 2866 5322 domum
2898 5266 2950 5323 in
2972 5268 3222 5325 circuitu.
3254 5268 3332 5325 De
3359 5278 3515 5327 terra
3547 5287 3728 5346 usque
3758 5268 3827 5327 ad

2208 5376 2226 5407 ι
2272 5358 2552 5426 superiora
2582 5370 2751 5430 porta:
2781 5360 3072 5418 Cherubim
3098 5370 3153 5418 et
3182 5362 3375 5433 palma:
3417 5366 3641 5422 carlatze
3671 5372 3829 5422 erant

2206 5466 2225 5498 ι
2272 5449 2325 5503 in
2359 5450 2565 5519 pariete
2598 5452 2803 5523 templi.
2835 5453 3027 5510 Limen
3058 5454 3506 5527 quadrangulum
3553 5468 3721 5516 erat:
3761 5457 3829 5513 Et

2206 5558 2225 5593 ι
2272 5540 2435 5599 facies
2466 5545 2763 5601 sanctuarii
2794 5558 3045 5618 aspectus
3070 5557 3260 5604 contra
3286 5561 3588 5620 aspectum
3634 5551 3831 5609 altaris

2206 5651 2226 5686 ι
2272 5634 2458 5706 lignei,
2494 5637 2656 5694 trium
2685 5639 2986 5695 cubitorum
3029 5642 3265 5699 altitudo
3312 5640 3478 5713 ejus:
3533 5645 3609 5700 Et
3653 5642 3833 5715 longi-

574 5751 600 5779 ει
648 5741 707 5823 Ιιι
726 5739 999 5797 Lat.llier
1021 5755 1167 5797 vers.
1197 5740 1450 5796 ecthetas:
1476 5740 1527 5796 in
1572 5739 1694 5795 aliis
1732 5741 1883 5800 libris
1927 5746 2127 5804 ethecas
2153 5791 2169 5819 ,
2209 5753 2350 5823 quod
2401 5753 2542 5811 idem
2589 5766 2673 5812 est
2714 5757 3013 5814 derivatum
3063 5761 3388 5818 vocabam".
3447 5775 3523 5818 ex
3551 5762 3837 5821 Hebraico

498 5821 783 5903 ἾιἿΝΡἾἹΝ.
