4108 6338
361 307 463 366 401

1052 306 1706 368 COMMENTARIORUM
1746 310 1811 366 IN
1852 307 2287 367 EZECHIELEM
2328 312 2452 368 LIB.
2500 314 2610 372 XII.
2647 315 2800 372 CAP.
2845 318 2979 375 XLI.

3552 321 3659 380 402

362 440 382 473 ι
434 421 564 477 tudo
611 421 731 493 ejus
781 423 1010 479 duorum
1060 424 1499 482 etibitoruszt
1524 427 1704 499 anguli
1734 426 1875 496 ejus,
1902 427 2187 488 etAtalis
2214 437 2398 485 autem
2440 445 2565 501 pars
2615 447 2725 487 non
2771 433 3005 492 habebat
3036 436 3333 505 fenestras,
3364 439 3489 509 quia
3536 440 3656 511 ipse

366 532 385 568 ι
432 514 711 587 longitudo
758 516 911 585 ejus,
958 526 1010 572 et
1053 517 1286 587 parietes
1313 518 1429 588 ejus
1457 518 1639 588 lignei.
1670 518 1855 574 LXX:
1891 520 1957 575 Et

360 625 383 660 α
430 623 654 664 mensus
683 619 769 665 est
796 614 853 678 ἐ-
895 620 1084 667 contra
1114 616 1153 679 ',
1182 612 1401 667 domum
1427 613 1819 686 longitudinem
1858 630 1953 671 cu.

361 721 381 755 ι
429 704 668 760 bitorum
698 713 953 762 centum:
985 715 1040 763 et
1060 708 1261 779 reliqua
1292 717 1344 764 et
1365 709 1669 779 separantia
1702 718 1757 767 et
1784 711 1953 781 parieo

360 812 382 847 ‹
432 805 518 852 tes
561 798 717 868 ejus,
760 799 811 854 in
846 801 1238 871 longitudinem
1267 804 1570 859 cubitorum
1601 814 1854 864 centum:
1888 806 1957 862 Et

360 908 382 942 ι
429 890 773 947 latitudinem
804 905 991 949 contra
1022 893 1214 951 faciem
1247 898 1454 968 templi,
1481 908 1534 955 et
1561 900 1767 972 reliqua
1788 916 1953 957 econ-

359 1001 378 1034 ‹
431 993 511 1038 tra
542 985 845 1041 cubitorum
867 996 1106 1044 centum.
1132 990 1196 1045 Et
1224 1006 1439 1047 mensus
1461 1001 1544 1048 est
1566 993 1953 1063 longitudinem

355 1098 377 1132 ‹
424 1082 731 1152 separantis
779 1092 966 1139 contra
1009 1084 1200 1140 faciem
1247 1086 1598 1157 reliquorum,
1645 1104 1766 1159 quae
1801 1101 1957 1146 erant

359 1194 380 1227 ι
429 1185 551 1247 post
574 1189 785 1249 tergum
805 1177 997 1234 domus
1016 1180 1180 1247 illius,
1203 1189 1257 1236 et
1276 1182 1479 1253 reliqua
1500 1182 1627 1240 hinc
1647 1191 1701 1238 et
1721 1184 1845 1240 inde
1860 1200 1954 1240 eu-

356 1287 379 1321 ‹
428 1268 669 1325 bitorum
690 1280 904 1327 centum
929 1273 1341 1345 longitudinem.
1385 1277 1449 1331 Et
1472 1278 1733 1349 templum
1765 1288 1822 1335 et
1852 1295 1953 1335 an-

358 1381 380 1414 c
425 1362 561 1435 guli,
588 1372 640 1419 et
666 1364 847 1420 illam
879 1366 1119 1423 exterius
1148 1378 1316 1424 strata
1346 1371 1509 1441 ligno,
1533 1379 1587 1426 et
1621 1372 1872 1429 fenestra:
1900 1373 1953 1428 in

355 1474 377 1508 ι
429 1456 657 1512 modum
680 1459 813 1515 retis
842 1458 994 1515 facta:
1018 1469 1149 1530 tres,
1177 1463 1244 1517 ad
1264 1463 1574 1533 lucendum,
1603 1474 1660 1521 ut
1682 1468 1957 1537 prospice-

354 1567 377 1601 ι
427 1558 586 1606 retur
608 1567 703 1621 per
732 1566 845 1608 eas.
871 1552 1169 1620 Etdomus,
1200 1565 1254 1611 et
1280 1572 1345 1613 ea
1364 1574 1483 1630 quae
1501 1560 1749 1628 proxima
1774 1571 1952 1629 erant,

355 1661 377 1695 ι
424 1652 601 1700 strata
654 1644 800 1717 ligno
856 1662 953 1717 per
1014 1648 1355 1706 circuitum:
1404 1651 1475 1707 Et
1540 1653 1951 1724 pavimentum,

355 1754 374 1788 ‹
406 1738 573 1810 501
599 1746 656 1794 et
676 1738 745 1794 de
772 1740 1080 1809 pavimento
1101 1758 1272 1813 usque
1298 1743 1365 1799 ad
1394 1744 1681 1803 fenestras.
1708 1748 1772 1802 Et
1803 1747 1954 1803 fene-

2058 520 2319 578 introitus
2360 524 2567 580 clarum
2597 526 2927 584 immittebat
2974 531 3156 588 lumen
3201 532 3556 600 intrinsecus,
3591 544 3650 591 et

2058 625 2254 672 cuneta
2316 618 2576 674 interiora
2633 621 2842 691 templi,
2905 622 3191 693 januarum
3242 625 3444 683 lumine
3494 627 3655 701 502

2057 711 2497 781 complebantur,
2535 715 2608 768 ita
2642 724 2700 769 ιιι
2747 729 2847 786 per
2876 714 3116 787 singulas
3149 717 3418 775 fenestras
3447 729 3502 776 et
3525 736 3656 778 can-

2057 803 2317 860 cellorum
2366 805 2629 862 foramina
2677 808 2820 862 intro
2863 810 2984 879 quis
3034 820 3217 880 posset
3278 814 3555 884 aSpicere.
3582 814 3655 870 Et

2058 911 2164 953 non
2188 897 2363 953 solum
2395 900 2662 955 exteriora
2691 907 2850 957 erant
2872 908 3034 957 strata
3052 903 3217 973 ligno,
3240 904 3333 961 sed
3365 914 3511 961 tanta
3533 917 3651 963 erat

2059 988 2326 1061 lignorum
2364 994 2519 1063 copia
2570 1010 2665 1063 per
2693 995 2997 1064 circuitum,
3034 1005 3091 1051 ut
3117 1006 3172 1052 et
3219 998 3580 1066 pavimentum
3604 1010 3660 1057 et

2059 1082 2128 1138 de
2162 1085 2477 1153 pavimento
2504 1101 2676 1156 usque
2707 1086 2773 1141 ad
2806 1085 3099 1154 fenestras,
3134 1087 3294 1158 lignis
3326 1091 3508 1145 omnia
3530 1091 3656 1163 jun-

2062 1186 2344 1247 gerentur.
2399 1178 2531 1246 Quae
2575 1178 2830 1234 fenestra:
2868 1180 3018 1250 juxta
3048 1181 3402 1251 Septuaginta
3434 1186 3649 1254 aperie-

2058 1271 2255 1328 bantur
2289 1273 2582 1343 tripliciter
2611 1292 2622 1329 :
2652 1282 2712 1330 ut
2740 1276 2943 1345 apertis
2968 1278 3070 1345 eis,
3107 1276 3311 1348 triplex
3344 1278 3397 1332 in
3446 1279 3655 1349 templo

2060 1367 2153 1423 Dei
2179 1368 2535 1438 intelligentia
2561 1379 2981 1433 monstraretur,
3010 1370 3165 1441 juxta
3194 1371 3327 1425 illud
3353 1372 3495 1442 quod
3525 1372 3655 1427 alibi

2058 1462 2259 1518 dicitur
2289 1480 2300 1516 :
2331 1463 2412 1518 'l‘u
2462 1470 2642 1520 autem
2699 1464 2951 1521 describe
2998 1480 3061 1522 ea
3117 1466 3403 1537 tripliciter
3453 1467 3654 1538 (Prov.

2059 1572 2191 1621 xxu,
2221 1556 2346 1628 20).
2382 1557 2717 1628 Prospicitur
2760 1568 2941 1615 autem
2968 1574 3065 1629 per
3094 1574 3189 1615 eas
3214 1574 3321 1615 non
3362 1561 3541 1617 solum
3570 1563 3653 1617 in-

2061 1652 2250 1719 terius,
2276 1651 2373 1707 sed
2404 1661 2459 1707 et
2480 1652 2726 1709 exterius
2753 1672 2767 1707 :
2792 1662 2851 1709 ut
2893 1669 3017 1725 qua:
3044 1655 3304 1711 interiora
3336 1664 3485 1724 sunt,
3517 1656 3658 1712 invi-

2057 1743 2279 1810 sibilia;
2314 1760 2436 1815 qua:
2485 1747 2785 1814 exteriora,
2841 1746 3075 1802 visibilia
3127 1762 3522 1819 cognoscamus
3554 1766 3567 1802 :
3599 1760 3660 1805 ut

354 1846 375 1881 ι
416 1840 549 1884 stra:
575 1831 958 1903 aperiebantur
986 1834 1293 1905 tripliciter,
1331 1845 1387 1892 ut
1416 1838 1828 1909 prospiceretur
1853 1856 1950 1911 per
1980 1824 2030 1886 Β
2056 1836 2199 1891 aliud
2227 1845 2486 1904 mentem,
2513 1838 2658 1893 aliud
2684 1852 2925 1905 carnem,
2951 1838 3098 1895 aliud
3122 1840 3465 1910 spiritualem
3490 1841 3653 1897 intel-

355 1941 374 1977 ι
412 1938 539 1979 eas:
560 1932 615 1979 et
634 1940 805 1997 usque
824 1927 888 1983 ad
905 1928 1125 1985 domum
1145 1931 1480 2000 interiorem,
1507 1943 1563 1990 et
1588 1936 1945 2005 exteriorem,

353 2033 374 2067 ι
421 2025 483 2071 et
510 2033 606 2088 per
636 2034 851 2077 omnem
883 2021 1142 2092 parietem
1174 2027 1225 2079 in
1256 2026 1488 2082 circuitu
1530 2028 1861 2086 intrinsecus
1895 2034 1963 2087 et'

350 2128 371 2162 ι
420 2112 772 2171 extrinsecus
831 2131 1111 2187 mensura,
1166 2129 1219 2175 et
1266 2121 1458 2176 czelata
1521 2122 1840 2192 Cherubim,
1894 2136 1949 2182 et

351 2219 372 2253 ‹
414 2205 613 2274 palma:
656 2207 800 2263 inter
843 2208 1058 2265 Cherub
1080 2220 1133 2265 et
1154 2210 1391 2268 Cherub.
1439 2214 1570 2270 Duae
1604 2214 1771 2272 facies
1806 2215 1949 2273 Che-

352 2315 374 2349 ι
413 2299 523 2355 rub
562 2317 577 2354 :
617 2300 788 2357 facies
819 2302 1056 2359 hominis
1087 2305 1154 2360 ad
1201 2306 1437 2377 palmam
1483 2308 1632 2375 hinc,
1685 2320 1739 2365 et
1782 2311 1948 2367 facies

348 2410 371 2442 σ
410 2393 592 2450 leonis
624 2393 693 2449 ad
725 2396 959 2466 palmam
995 2397 1156 2456 inde:
1185 2399 1409 2455 caelatus
1433 2402 1611 2458 omnis
1639 2403 1821 2472 paries
1849 2419 1948 2474 per

348 2502 369 2535 ‹
410 2484 705 2541 circuitum
736 2502 763 2540 a
795 2489 1105 2558 pavimento
1141 2505 1308 2562 usque
1335 2492 1401 2547 ad
1428 2494 1709 2565 laquearia
1736 2495 1947 2552 Cheru-

347 2596 369 2630 ι
410 2578 546 2644 bim,
579 2589 634 2635 et
665 2582 858 2651 palma:
906 2584 1136 2640 crclatre.
1188 2586 1260 2641 Et
1301 2590 1673 2644 sanetuarium
1715 2601 1769 2646 et
1811 2601 1948 2647 tem-

347 2688 369 2723 ‹
410 2671 563 2742 plum
592 2674 943 2742 aperiebatur
984 2693 1080 2747 per
1121 2688 1354 2750 quatuor
1382 2683 1608 2753 angulos
1644 2696 1835 2741 contra
1868 2686 1947 2742 fa-

347 2784 370 2820 ‹
407 2766 555 2822 ciem
581 2777 899 2825 sanctorum
924 2791 938 2827 :
965 2773 1100 2828 visio
1121 2776 1273 2845 quasi
1305 2778 1515 2847 species
1543 2779 1734 2834 altaris
1758 2780 1945 2852 lignei:

346 2876 368 2911 ι
410 2859 577 2914 trium
607 2863 920 2919 cubitorum
961 2866 1191 2923 altitudo
1221 2870 1361 2939 ejus,
1393 2879 1449 2925 et
1478 2872 1764 2943 longitudo
1792 2876 1947 2931 cubi-

346 2970 369 3006 ¢
412 2962 592 3009 torum
621 2955 853 3013 duorum
882 2977 896 3013 :
925 2968 982 3015 et
1007 2961 1235 3019 latitudo
1261 2965 1571 3023 cubitorum
1595 2968 1827 3025 duorum
1857 2979 1950 3026 :et

347 3065 368 3100 ι
408 3062 621 3104 cornua
668 3049 921 3119 habebat,
981 3054 1146 3111 bases
1190 3073 1402 3129 quoque
1448 3068 1503 3115 et
1533 3062 1772 3131 parietes
1820 3062 1940 3132 ejus

350 3158 369 3195 ι
411 3142 601 3211 lignei.
623 3162 643 3196 ι
687 3143 925 3201 Verbum
955 3158 1156 3217 contra,
1189 3151 1333 3221 quod
1366 3151 1511 3207 LXX
1542 3155 1940 3211 transtulerunt

343 3234 399 3289 in
436 3235 713 3306 principio
745 3239 1064 3308 testimonii,
1100 3242 1188 3297 ubi
1223 3245 1485 3315 scriptum
1535 3256 1620 3302 est
1650 3267 1661 3301 :
1695 3248 1763 3302 Et
1798 3266 1943 3305 men-
1972 3229 2020 3293 (ἶ

342 3346 436 3387 sus
482 3340 557 3385 est
588 3342 769 3387 contra
800 3333 1030 3405 domum,
1063 3337 1115 3390 in
1162 3337 1425 3395 llebraico
1469 3357 1577 3396 non
1607 3342 1855 3413 habetur,
1892 3354 1945 3401 et

344 3422 555 3480 idcirco
582 3427 744 3482 obclo
777 3429 1187 3499 prmnotandum
1217 3439 1299 3488 est
1328 3451 1340 3484 :
1369 3444 1424 3487 ut
1446 3434 1515 3488 sit
1545 3436 1748 3491 rectius
1772 3447 1829 3493 et
1853 3453 1947 3493 ve-

343 3518 483 3586 rius,
514 3528 564 3573 et
597 3538 799 3575 mensus
827 3531 901 3578 est
924 3523 1133 3577 domum
1160 3524 1487 3597 longitudine
1507 3526 1797 3583 cubitorum
1825 3547 1945 3585 cen-

342 3620 483 3681 tum,
508 3622 565 3668 et
595 3614 827 3686 reliqua.
862 3618 1255 3674 Describuntur
1285 3629 1465 3675 autem
1497 3621 1695 3677 Sancta
1724 3634 1944 3680 sancto-

342 3720 471 3760 rum
498 3714 554 3761 et
582 3707 841 3777 templum
888 3709 1140 3778 interius,
1182 3713 1323 3782 quod
1362 3723 1480 3781 post
1510 3716 1804 3786 nonaginta
1848 3733 1947 3771 cu-

342 3798 511 3866 bitos,
556 3817 623 3857 ex
670 3802 842 3858 tribus
890 3805 1129 3873 partibus
1175 3814 1433 3862 centenos
1477 3809 1689 3863 cubitos
1733 3809 1941 3867 habere

341 3891 584 3961 dicatur,
619 3904 643 3931 ει
673 3896 974 3966 perfectum
1011 3898 1258 3953 videlicet
1293 3916 1579 3956 numerum
1609 3902 1940 3957 decadarum

340 3986 534 4044 decem
565 4008 579 4045 :
605 3996 667 4043 ut
696 3999 750 4044 ct
781 4000 987 4059 mente,
1032 4002 1086 4046 et
1131 4007 1408 4061 sermone,
1442 4004 1496 4047 ct
1540 3996 1799 4064 operibus
1834 3996 1941 4052 Do-

339 4083 497 4139 mino
524 4085 855 4149 serviamus,
885 4088 1236 4141 recordantes
1261 4089 1406 4143 illius
1430 4090 1731 4159 Apostolici
1757 4105 1945 4145 exem-

340 4174 422 4244 pli
456 4175 511 4229 in
541 4190 650 4245 quo
680 4175 754 4229 ait
784 4193 797 4228 :
829 4175 897 4231 Ut
924 4178 1067 4232 scire
1100 4179 1368 4246 possimus
1412 4195 1532 4250 qua:
1569 4182 1640 4235 sit
1683 4182 1940 4248 latitudo,

339 4279 396 4325 et
430 4268 739 4339 longitudo,
775 4280 830 4325 et
861 4271 1210 4339 profundum,
1245 4284 1297 4328 et
1327 4273 1555 4329 altitudo
1580 4275 1596 4342 (
1618 4274 1811 4345 Epltes.
1863 4294 1940 4340 tu,

341 4361 473 4431 18).
508 4362 663 4430 Quod
692 4375 874 4419 autem
908 4364 960 4418 in
994 4365 1260 4421 llebraico
1288 4366 1509 4431 dicitur,
1535 4368 1824 4425 aedilicium
1856 4386 1944 4429 se-

338 4464 595 4526 paratum
628 4467 682 4511 et
711 4458 948 4527 parietes
980 4459 1119 4528 ejus,
1157 4459 1299 4514 LXX
1342 4461 1538 4533 reliqua
1568 4462 1941 4534 interpretan-

339 4558 435 4604 tur
462 4559 516 4604 et
541 4552 863 4619 separantia,
910 4566 1031 4621 quae
1060 4568 1163 4606 non
1195 4552 1436 4607 haereant
1458 4537 1757 4623 parietibus
1805 4566 1944 4612 tem-

2053 1930 2357 2000 ligentiam,
2388 1932 2532 1987 aliud
2562 1933 2864 2003 simplicem
2912 1942 3190 1989 monstret
3238 1933 3556 2001 historiam,
3604 1945 3660 1991 et

2055 2040 2149 2096 per
2196 2041 2387 2082 omnes
2441 2030 2683 2098 parietes
2717 2029 2770 2083 in
2816 2028 3072 2095 circuitu,
3120 2038 3231 2085 tam
3286 2029 3648 2099 intrinsecus,

2053 2137 2215 2192 quam
2263 2123 2624 2189 extrinsecus,
2659 2132 2816 2178 erant
2839 2137 3110 2178 mensurae
3142 2138 3274 2178 sure.
3310 2123 3455 2178 Nihil
3499 2123 3649 2179 enim

2051 2214 2257 2285 absque
2282 2216 2494 2272 ratione
2520 2226 2577 2271 et
2600 2231 2854 2272 mensura
2880 2215 2933 2269 in
2957 2216 3163 2286 templo
3189 2214 3310 2281 Dei,
3337 2224 3394 2270 et
3414 2216 3653 2271 maxime

2051 2305 2107 2361 in
2134 2315 2323 2361 sancto
2350 2307 2472 2381 [ΑΙ.
2505 2307 2732 2379 sancta]
2763 2316 3079 2363 sanctorum
3112 2322 3142 2362 a
3172 2307 3286 2363 Deo
3313 2306 3517 2363 factum
3542 2317 3650 2363 est.

2051 2397 2253 2454 Ctelata
2283 2414 2498 2470 quoque
2527 2408 2684 2455 erant
2710 2398 3030 2467 Cherubim,
3077 2399 3221 2455 haud
3254 2399 3480 2481 dubium
3514 2400 3648 2471 quin

2051 2491 2105 2547 in
2138 2492 2318 2564 lignis,
2349 2494 2419 2550 de
2448 2494 2762 2565 pavimento
2811 2510 2980 2564 usque
3029 2494 3097 2549 ad
3144 2494 3413 2550 fenestras
3441 2495 3657 2564 pertin-

2048 2588 2327 2658 gentibus,
2358 2596 2414 2644 et
2447 2599 2556 2643 tam
2590 2587 2910 2643 fabrefactae
2938 2597 3097 2643 erant
3127 2587 3425 2653 czelaturae,
3458 2596 3517 2642 ut
3545 2604 3653 2642 non

2050 2683 2297 2753 sculptae,
2332 2683 2425 2738 sed
2467 2683 2736 2753 appositae
2784 2682 3125 2738 viderentur.
3180 2681 3459 2737 Cherubim
3485 2683 3656 2737 inter-

2051 2784 2341 2847 pretantur
2386 2776 2613 2831 scientia:
2660 2775 2965 2829 multitudo.
3004 2774 3172 2846 Igitur
3220 2774 3553 2829 intrinsecus
3597 2773 3653 2828 in

2051 2869 2402 2925 interioribus
2429 2868 2618 2939 templi
2664 2877 2788 2939 post
2818 2866 3064 2922 scientiae
3109 2866 3523 2921 multitudinem
3547 2880 3655 2920 cte-

2054 2966 2235 3021 lantur
2260 2974 2314 3021 et
2339 2965 2555 3035 palmae,
2587 2964 2641 3018 in
2669 2963 2869 3034 quibus
2902 2963 3118 3032 signum
3149 2962 3395 3018 victoria:
3420 2968 3530 3028 est,
3572 2959 3656 3014 di-

2052 3068 2211 3115 cente
2239 3058 2508 3129 Apostolo
2538 3075 2549 3112 :
2586 3057 2894 3128 Persequor
2921 3066 3106 3111 autem
3134 3056 3202 3110 ad
3231 3062 3495 3111 statutum
3529 3054 3655 3110 bra-

2053 3156 2195 3211 vium
2272 3171 2523 3225 superna:
2587 3153 2890 3210 vocationis
2965 3151 3085 3217 Dei,
3137 3152 3191 3206 in
3248 3150 3469 3208 Christo
3518 3149 3651 3205 Jesu

2054 3249 2289 3322 (Philip.
2320 3265 2399 3316 ut,
2432 3247 2556 3319 Μ).
2589 3248 2721 3316 Quae
2752 3247 2945 3316 palmae
2973 3253 3131 3301 erant
3177 3248 3317 3299 inter
3358 3242 3580 3299 Cherub
3600 3253 3655 3300 et

2051 3342 2285 3408 Cherub,
2315 3352 2374 3397 ut
2401 3357 2565 3395 unum
2612 3340 2832 3396 Cherub
2860 3340 3091 3395 duarqu
3122 3334 3657 3412 palmarum_lateri-

2051 3438 2152 3493 bus
2205 3437 2541 3490 vallaretur:
2585 3435 2730 3505 quod
2787 3431 3009 3487 Cherub
3060 3445 3426 3502 nequaquam,
3484 3438 3541 3483 ut
3596 3428 3651 3482 in

2052 3529 2317 3600 principio
2350 3528 2510 3597 hujus
2544 3527 2826 3598 propheta:
2852 3526 3108 3596 legimus,
3142 3531 3375 3595 quatuor
3418 3523 3654 3579 habebat

2050 3624 2236 3691 facies,
2272 3622 2514 3678 hominis
2559 3622 2793 3689 scilicet,
2821 3630 2877 3677 et
2907 3621 3102 3686 leonis,
3130 3628 3186 3675 et
3205 3620 3383 3686 vituli,
3414 3628 3470 3676 et
3495 3619 3651 3689 aqui-

2047 3718 2156 3783 lae;
2206 3718 2303 3773 sed
2335 3724 2541 3770 tantum
2573 3716 2727 3782 duas,
2790 3715 2895 3769 hoc
2948 3723 3055 3782 est,
3088 3714 3326 3770 hominis
3349 3723 3405 3771 et
3444 3714 3646 3780 leonis,

2049 3825 2279 3878 quorum
2331 3810 2564 3878 primum
2596 3809 2664 3863 ad
2691 3810 2965 3863 rationem
3000 3810 3261 3878 pertinet,
3309 3823 3550 3878 sequens
3579 3808 3650 3863 ad

2052 3902 2311 3967 furorem,
2345 3903 2436 3973 qui
2467 3903 2861 3973 significantius
2891 3901 3083 3958 Graece
3120 3903 3278 3975 θυμὸς
3318 3901 3647 3972 appellatur.

2054 3994 2314 4050 Furorem
2341 4004 2524 4049 autem
2548 3995 2810 4059 dicimus,
2838 4010 2945 4049 non
2973 4009 3094 4048 eum
3118 3995 3209 4064 qui
3233 3992 3653 4064 perturbationi,

2051 4098 2103 4141 et
2154 4087 2285 4141 vitio
2331 4089 2612 4157 proximus
2661 4096 2748 4141 cst
2775 4106 2789 4142 :
2821 4088 2919 4144 sed
2965 4089 3057 4159 qui
3107 4087 3310 4142 mentis
3344 4086 3655 4142 consolidat

2051 4182 2356 4249 mollitiem,
2387 4193 2441 4237 et
2472 4182 2755 4238 fortiorem
2788 4182 2917 4238 facit
2947 4182 3195 4239 animum
3227 4181 3559 4237 dimicantis.
3589 4180 3648 4235 In

2050 4275 2319 4345 principio
2366 4275 2511 4331 enim
2572 4276 2922 4345 subjacemus
2989 4274 3471 4344 concupiscentiae,
3528 4287 3650 4342 quae

2050 4369 2284 4424 refertur
2319 4367 2386 4423 ad
2416 4367 2665 4435 vitulum,
2711 4379 2937 4439 propter
2968 4378 3186 4423 terrena
3220 4380 3417 4436 opera;
3452 4373 3511 4421 et
3539 4364 3649 4419 alia

2051 4470 2180 4516 sunt
2221 4461 2481 4529 carnalia,
2528 4461 2633 4515 alia
2689 4461 3021 4530 spiritualia,
3057 4474 3293 4529 quorum
3344 4467 3651 4515 extremum

2051 4552 2247 4621 aquila:
2290 4552 2598 4622 deputatur.
2632 4551 2768 4606 Cum
2800 4561 2981 4605 autem
3031 4550 3421 4605 intraverimus
3461 4558 3652 4605 sancta

337 4642 443 4715 pli,
475 4642 573 4697 sed
603 4644 943 4715 propinquos
970 4653 1024 4700 et
1053 4660 1182 4700 suos
1210 4645 1442 4701 habeant
1470 4648 1729 4716 parietes.
1753 4650 1935 4719 Ipsum
1971 4635 2026 4697 D
2050 4654 2386 4709 sanctorum,
2418 4653 2472 4699 et
2494 4644 2753 4698 interiora
2777 4642 2965 4711 templi
2997 4642 3424 4713 possederimus,
3448 4657 3654 4714 nequa-

338 4749 561 4806 quoque
593 4737 857 4807 templum
907 4747 959 4793 et
990 4738 1170 4808 anguli
1203 4739 1340 4807 ejus,
1386 4747 1436 4795 et
1488 4739 1697 4807 At‘lam,
1750 4742 1801 4797 id
1835 4753 1943 4811 est,

338 4832 632 4906 πρόπυλον,
658 4831 773 4887 sive
795 4830 1124 4898 vestibulum,
1141 4834 1382 4887 exterius
1402 4844 1558 4889 erant
1581 4845 1748 4891 strata
1769 4837 1942 4910 ligno,

338 4923 617 4992 sapientia
650 4922 927 4993 videlicet,
960 4924 1100 4995 quod
1133 4926 1336 4995 lignum
1369 4928 1496 4981 vitae
1540 4928 1705 4983 situm
1750 4928 1805 4984 in
1839 4947 1941 5002 pa-

338 5015 528 5072 radiso
558 5015 841 5086 Scriptura
869 5029 1267 5074 commemorat
1288 5018 1506 5091 (Genes.
1540 5019 1633 5093 ll).
1661 5021 1941 5079 Fenestrae

339 5124 568 5180 quoque
589 5118 751 5165 erant
774 5110 933 5166 factae
960 5112 1011 5166 in
1039 5111 1259 5167 modum
1286 5114 1438 5178 retis,
1466 5114 1640 5169 instar
1668 5116 1946 5171 cancello-

341 5218 471 5258 rum
502 5214 604 5259 :ut
633 5218 739 5258 non
770 5204 1045 5273 speculari
1092 5206 1294 5276 lapide,
1325 5221 1425 5262 nec
1454 5207 1615 5275 vitro,
1645 5209 1741 5264 sed
1771 5210 1939 5281 lignis

341 5295 750 5352 interrasilibus
783 5306 836 5352 et
862 5298 1229 5354 vermiculatis
1255 5300 1641 5357 clauderentur
1665 5319 1679 5357 :
1708 5319 1806 5373 pro
1828 5305 1950 5376 qui-

338 5389 449 5446 bus
490 5391 545 5444 in
587 5390 858 5446 llebraico
887 5390 1135 5462 obliquas
1168 5392 1436 5448 fenestras
1484 5394 1674 5463 habet,
1720 5413 1839 5467 qua:
1891 5399 1945 5455 in

341 5483 523 5539 tribus
549 5490 759 5538 tantum
791 5493 948 5538 erant
978 5485 1226 5553 partibus
1248 5487 1458 5558 templi,
1479 5488 1543 5542 ad
1566 5488 1851 5545 dexteram
1869 5491 1952 5546 vi-

343 5576 555 5634 delicet
592 5586 649 5633 et
672 5577 977 5645 sinistram,
1008 5588 1064 5635 et
1090 5590 1213 5650 post
1257 5591 1493 5653 tergum,
1530 5582 1582 5638 id
1610 5593 1717 5652 est,
1744 5586 1813 5641 ad
1841 5586 1950 5643 Mc-

343 5669 576 5737 ridiem,
604 5678 660 5726 et
689 5669 761 5725 ad
788 5670 1140 5742 Aquilonem,
1171 5683 1226 5730 et
1246 5674 1313 5730 ad
1340 5674 1720 5734 Occidentem.
1751 5679 1948 5736 Orien-

421 5802 449 5831 ει
491 5791 572 5849 De
595 5790 702 5865 hac
724 5790 1118 5860 depravatione
1142 5795 1254 5865 jam
1281 5795 1395 5851 dixi
1427 5796 1482 5852 in
1511 5797 1960 5854 annotationibus

348 5866 421 5922 ad
460 5875 626 5936 caput
682 5864 827 5922 istud
859 5864 1163 5928 Ezechielis
1208 5876 1339 5927 tom.
1372 5868 1414 5937 l,
1462 5869 1569 5927 col.
1606 5871 1710 5927 715
1742 5881 1797 5929 et
1825 5870 1951 5927 7M.

2052 4752 2212 4807 quam
2240 4736 2343 4790 alia
2375 4751 2433 4791 re
2478 4735 2807 4805 indigemus,
2860 4735 2965 4789 nisi
2999 4735 3213 4792 ratione
3241 4743 3404 4806 atque
3430 4734 3651 4791 fortitu-

2051 4830 2198 4896 dine,
2232 4829 2393 4902 503
2422 4842 2655 4899 quorum
2691 4828 2922 4883 alterum
2964 4829 3031 4883 ad
3066 4843 3289 4883 sensum
3328 4838 3491 4900 atque
3521 4845 3653 4901 pru-

2050 4924 2311 4992 dentiam,
2344 4925 2575 4979 alterum
2602 4922 2839 4978 refertur
2864 4922 2930 4977 ad
2950 4923 3118 4977 animi
3143 4923 3639 4992 perseverantiam.

2049 5019 2239 5073 Omnis
2260 5019 2425 5088 igitur
2448 5016 2625 5086 paries
2642 5031 2739 5087 per
2756 5017 3045 5071 circuitum
3073 5017 3260 5086 templi
3284 5033 3313 5073 a
3335 5019 3657 5088 pavimento

2052 5128 2225 5184 usque
2254 5111 2322 5167 ad
2363 5111 2664 5182 laquearia,
2711 5109 3013 5167 Cherubim
3048 5110 3309 5179 habebat,
3355 5122 3410 5167 et
3440 5112 3659 5183 palmas

2052 5209 2188 5264 mira
2230 5214 2346 5262 arte
2389 5206 2609 5262 caelatas
2643 5224 2656 5261 :
2695 5214 2820 5277 post
2848 5221 2969 5276 quae
2999 5206 3350 5276 aperiebatur
3390 5216 3651 5262 sanctua-

2051 5302 2194 5358 rium
2225 5309 2280 5356 et
2305 5300 2568 5371 templum
2601 5313 2699 5370 per
2726 5308 2961 5370 quatuor
2984 5298 3213 5370 angulos
3239 5308 3430 5355 contra
3460 5297 3655 5355 faciem

2055 5401 2392 5451 sanctorum.
2428 5390 2589 5448 Prius
2618 5392 2765 5449 enim
2787 5392 3051 5449 habemus
3084 5392 3331 5449 scientia:
3351 5393 3661 5451 multitudi-

2059 5507 2207 5560 nem,
2234 5506 2331 5561 per
2360 5505 2523 5562 quam
2554 5490 2844 5546 victoriam
2874 5490 2945 5547 de
2968 5490 3127 5547 hoste
3156 5490 3571 5563 consequimur,
3604 5502 3663 5549 et

2058 5597 2249 5658 postea
2271 5586 2428 5642 nobis
2454 5586 2824 5643 sanctuarium
2852 5587 3099 5657 aperitur
3125 5593 3182 5641 et
3202 5586 3486 5657 templum,
3511 5587 3658 5659 quod

2059 5678 2226 5736 habet
2265 5690 2498 5751 quatuor
2539 5680 2788 5751 angulos,
2821 5687 2876 5735 et
2917 5677 3213 5737 stationem
3256 5679 3656 5751 firmissimam,

2072 5796 2308 5928 Consul»:
2336 5798 2538 5869 locum,
2567 5806 2625 5855 et
2653 5796 2856 5855 videsis
2885 5796 3077 5857 falsam
3105 5797 3332 5859 Mariani
3361 5799 3664 5863 restitutio-

2072 5886 2217 5928 nem.
2310 5886 2441 5926 aur.

2071 5886 2217 5928 nem.
2258 5886 2441 5928 MART.
