4108 6338
342 345 450 402 ωδ

1026 316 1672 398 COMMENTARIORUM
1712 333 1779 396 IN
1820 333 2269 395 EZECIIIELEM
2312 335 2438 393 ue.
2485 337 2622 405 xm,
2665 335 2817 395 cae.
2857 337 3017 396 xut.

3538 338 3647 396 406

339 473 468 520 sunt
507 463 674 533 ostia,
711 473 772 519 ut
801 471 856 519 et
883 437 1194 517 firmitatem
1231 459 1464 515 habeant
1488 469 1542 514 et
1571 455 1936 529 pulchritudi-
1975 461 2019 520 Α
2053 458 2104 512 in
2132 455 2431 527 Evangelia
2457 458 2719 528 scriptum
2769 467 2853 514 est
2885 477 2900 515 :
2954 460 3054 528 Qui
3114 470 3166 515 Ie
3215 460 3544 531 percusserit
3593 461 3648 516 in

341 575 491 625 nem,
528 575 596 614 ne
625 559 747 630 quis
773 560 824 613 in
854 569 1042 614 sancta
1067 565 1379 610 sanctorum
1409 555 1603 610 similis
1630 553 1777 609 Ozize
1812 569 1937 624 pos-

339 651 414 707 sit
437 651 765 720 irrumpere.
797 660 849 706 et
873 649 976 706 sibi
1007 648 1373 704 sacerdotium
1396 647 1691 703 vendicare
1712 647 1780 719 (Il
1805 643 1937 700 Par.

337 747 516 818 xm).
548 747 724 817 Super
755 762 875 817 qua:
897 747 1036 800 ostia
1069 754 1225 801 erant
1258 745 1514 800 fenestra:
1543 742 1800 814 obliquat,
1825 741 1942 798 sive

335 840 701 908 absconditae,
729 851 787 894 ut
816 838 991 910 ipsum
1021 852 1236 909 quoque
1267 836 1451 892 lumen
1483 836 1626 906 quod
1658 833 1942 905 pracbeba-

335 943 426 990 tur
456 935 808 998 intrinsecus,
844 949 951 989 non
998 932 1231 988 haberet
1289 931 1584 1002 perfectam
1633 931 1937 996 scientiam,

332 1045 438 1085 nec
463 1032 678 1084 clatum
711 1029 894 1084 lu'nen
929 1037 985 1083 et
1018 1027 1231 1083 cunctis
1261 1035 1454 1096 patens
1486 1043 1498 1079 :
1534 1023 1630 1080 sed
1663 1025 1940 1096 plerisque

332 1121 502 1196 506
525 1136 589 1175 ex
615 1125 770 1192 parte
799 1129 944 1176 esset
975 1117 1384 1174 absconditum.
1414 1116 1570 1172 Nunc
1601 1115 1746 1171 enim
1782 1113 1937 1170 vide-

338 1230 464 1267 mus
491 1215 540 1267 in
572 1215 860 1282 aenigmate
886 1211 928 1286 (ι
957 1210 1077 1268 Cor.
1115 1227 1230 1280 xm,
1259 1209 1350 1282 12)
1376 1227 1390 1277 ;
1422 1217 1476 1266 et
1502 1225 1603 1266 nec
1631 1209 1758 1264 dum
1786 1207 1941 1263 novi-

331 1325 458 1365 mus
511 1309 654 1363 sicut
695 1315 912 1381 oportet
945 1322 1046 1362 nos
1074 1307 1254 1362 scire:
1315 1321 1438 1361 cum
1495 1312 1676 1358 autem
1725 1301 1940 1357 venerit

327 1401 478 1472 quod
510 1400 807 1470 perfectum
831 1411 945 1470 est,
973 1409 1100 1456 tunc
1134 1399 1276 1469 quod
1303 1413 1368 1453 ex
1403 1406 1556 1468 parte
1597 1396 1806 1461 fuerat,
1841 1396 1938 1451 de-

328 1503 600 1550 SIruetur.
651 1493 720 1549 Et
772 1503 890 1550 erat
945 1491 1250 1548 similitudo
1282 1492 1586 1562 palmarum
1616 1489 1742 1546 hinc
1773 1497 1938 1560 atque

327 1587 480 1642 inde.
510 1587 804 1657 Eleganter
830 1589 883 1642 in
909 1586 1264 1642 interioribus
1285 1585 1523 1657 Templi,
1558 1593 1611 1640 et
1640 1585 1692 1638 in
1726 1583 1935 1638 sanctis

325 1694 648 1740 sanctorum
680 1701 786 1739 non
840 1685 1020 1755 posuit
1047 1683 1330 1739 dexteram
1383 1693 1439 1738 et
1483 1679 1809 1736 sinistram:
1869 1694 1936 1734 ne

326 1779 465 1849 quid
497 1777 772 1832 sinistrum
800 1778 852 1831 in
883 1779 965 1830 his
997 1792 1117 1847 qua:
1140 1791 1334 1848 magna
1375 1781 1501 1830 sunt
1522 1783 1576 1830 et
1607 1788 1805 1828 arcana
1839 1772 1928 1825 di-

323 1887 459 1927 cere
486 1871 792 1938 videretur;
819 1870 913 1926 sed
941 1871 1066 1926 hinc
1088 1879 1248 1941 atque
1274 1868 1423 1936 inde,
1445 1868 1602 1938 juxta
1631 1865 1759 1922 illud
1787 1866 1930 1937 quod

2050 550 2330 605 dexteram
2362 550 2656 618 maxillam,
2687 551 2867 620 prtnbe
2891 552 2938 605 ei
2969 562 3019 607 et
3049 551 3279 608 alterum
3342 551 3562 625 (.Ilattlt.
3589 570 3644 624 v,

2047 641 2162 716 59).
2197 641 2466 714 Numquid
2492 641 2678 698 dicere
2710 659 2818 697 non
2851 645 3046 713 potuit,
3081 655 3134 700 et
3162 645 3486 702 sinistram?
3541 645 3650 704 Sed

2047 736 2263 808 quando
2293 735 2598 807 percutitur
2648 735 2866 803 dextra,
2898 737 3179 806 praebetur
3222 738 3393 794 altera
3417 737 3650 795 dextra:

2047 831 2170 900 quia
2199 831 2250 883 itt
2294 838 2485 884 saneto
2515 828 2636 882 viro
2662 837 2955 899 utrumque
3004 830 3281 899 dextrum,
3355 845 3679 904 utrumque.

2049 921 2348 992 perfectum
2373 931 2478 979 est.
2505 921 2572 977 Et
2595 922 2644 975 in
2679 920 2983 976 humerulis
3032 923 3294 979 vestibuli
3342 924 3643 981 secundum

2047 1017 2215 1071 latera
2243 1016 2457 1081 domus,
2513 1015 2972 1086 latitudinemque
3022 1016 3333 1085 parietum:
3389 1034 3491 1088 pro
3536 1035 3646 1089 quo

2047 1107 2190 1164 LXX
2221 1108 2642 1174 transtulerunt,
2692 1111 2744 1164 in
2789 1109 3138 1180 laquearibus
3171 1109 3377 1178 Elam,
3420 1110 3517 1167 hoc
3542 1124 3640 1180 est,

2045 1203 2261 1276 propyli
2305 1201 2414 1276 [ΑΙ.
2471 1202 2788 1276 προπύλουξὶ,
2841 1215 2894 1258 et
2924 1205 3095 1259 latera
3151 1203 3370 1271 domus,
3419 1204 3648 1274 aqualis

2043 1298 2320 1368 ponderis,
2357 1297 2473 1352 sive
2517 1313 2771 1351 mensum:
2799 1313 2818 1351 :
2853 1313 2947 1367 per
2977 1313 3100 1369 qua:
3132 1298 3368 1354 latenter
3400 1298 3643 1354 ostendi-

2043 1400 2151 1458 tur,
2187 1401 2241 1445 et
2293 1400 2479 1462 postes
2533 1390 2996 1460 superliminaris,
3043 1391 3160 1447 sive
3213 1391 3468 1448 vestibuli
3515 1390 3644 1464 (hoc

2010 1525 2014 1530 ι
2042 1486 2188 1541 enim
2221 1485 2489 1540 bumeruli
2515 1484 2770 1541 videntur
2795 1485 3130 1559 significare)
3154 1495 3211 1542 et
3228 1486 3401 1542 latera
3424 1486 3641 1555 domus,

2041 1588 2094 1632 et
2127 1576 2466 1632 latitudinem
2500 1577 2765 1647 parietum
2794 1618 2808 1641 ,
2840 1588 3035 1633 cuneta
3065 1577 3296 1634 rationis
3328 1578 3486 1648 plena
3519 1593 3643 1635 esse

2040 1681 2204 1744 atque
2233 1689 2529 1738 mensura},
2563 1683 2615 1728 et
2667 1669 2801 1728 nihil
2833 1673 2883 1727 in
2916 1675 3118 1743 templo
3143 1673 3356 1729 Domini
3413 1673 3645 1745 reperiri

2040 1767 2184 1838 quod
2241 1767 2448 1838 absque
2504 1781 2759 1822 mensura
2821 1777 2875 1823 et
2937 1767 3203 1838 sapientia
3282 1768 3640 1826 constitutum

2042 1863 2133 1918 sit.

932 2129 1414 2244 LIBER
1491 2127 2210 2241 DECIMUS
2293 2127 2602 2240 TER
2620 2055 3023 2241 rtus.

397 2447 752 2524 505-506
803 2445 1022 2504 Tertius
1071 2447 1321 2503 decimus
1371 2443 1833 2520 Explanationum
1880 2453 1930 2507 in
1967 2474 2010 2534 Β
2042 2470 2156 2523 xm,
2181 2451 2471 2524 2)?Igitur
2490 2465 2718 2522 granum
2744 2449 2850 2505 hoc
2871 2453 3101 2522 sinapis,
3127 2454 3290 2509 etiam
3309 2457 3353 2510 si
3372 2456 3643 2514 modicum

324 2539 678 2594 Ezechielem
713 2539 870 2606 liber,
903 2539 1176 2594 secundus
1212 2550 1296 2594 est
1339 2542 1700 2610 expositionis
1723 2545 1933 2614 templi,

323 2646 493 2700 quem
526 2640 581 2686 et
630 2640 884 2701 quartum
942 2629 1241 2695 decimum,
1297 2632 1602 2702 opitulante
1648 2633 1939 2692 Salvatore

326 2735 549 2790 nostro,
579 2723 646 2778 ad
671 2724 833 2779 linem
861 2740 1034 2792 usque
1065 2721 1277 2780 dictare
1305 2725 1492 2796 cupio,
1535 2727 1663 2781 illud
1691 2728 1939 2797 ejusdem

332 2817 553 2873 numeri
579 2833 702 2873 cum
736 2818 904 2873 David
933 2819 984 2871 itt
1005 2829 1202 2888 quarto
1232 2818 1446 2874 decimo
1469 2821 1677 2891 psalmo
1699 2839 1936 2880 canens:

330 2909 593 2975 Domine,
619 2909 740 2981 quis
770 2907 1112 2966 habitabitin
1143 2910 1497 2967 tabernaculo
1530 2923 1621 2967 tuo
1658 2932 1668 2966 :
1696 2923 1791 2968 aut
1815 2917 1940 2986 quis

331 3006 645 3076 requiescet
676 3003 728 3058 itt
765 3012 946 3059 monte
967 3013 1155 3059 sancto
1189 3015 1281 3060 tuo
1314 3003 1488 3074 (Paul.
1517 3023 1608 3061 xw
1633 3049 1648 3073 ,
1676 3007 1763 3078 I)?
1784 3007 1939 3076 Quod

331 3108 384 3150 et
415 3111 516 3167 pro
544 3093 750 3150 difﬁcili
783 3085 838 3152 et
864 3111 962 3166 pro
994 3095 1323 3166 impossibili
1354 3096 1620 3154 debemus
1661 3099 1935 3170 accipere.

339 3189 499 3246 Unde
531 3198 585 3244 et
611 3190 662 3244 in
696 3189 805 3244 alio
837 3190 958 3244 loco
985 3190 1138 3260 quasi
1169 3190 1249 3244 vir
1279 3189 1680 3247 desideriorum
1712 3192 1932 3247 enixius

339 3281 674 3350 deprecatur
697 3295 760 3335 ac
787 3279 950 3335 dicit:
982 3279 1160 3336 Unum
1194 3279 1356 3350 petivi
1392 3299 1419 3335 a
1450 3282 1699 3350 Domino,
1725 3283 1829 3337 hoc
1853 3300 1940 3339 re-

334 3376 575 3448 quiram,
607 3383 665 3429 ut
691 3373 990 3430 inhabilem
1019 3378 1071 3429 in
1102 3374 1263 3430 domo
1294 3375 1504 3430 Domini
1535 3378 1792 3433 omnibus
1820 3377 1937 3434 die-

335 3471 440 3526 bus
470 3471 599 3526 vitae
649 3485 806 3538 mete,
833 3479 891 3524 ut
937 3469 1152 3525 videam
1181 3469 1580 3540 jucunditatetn
1615 3471 1853 3539 Domini,
1887 3482 1942 3528 et

331 3563 558 3619 visitem
591 3563 856 3633 templum
879 3573 1122 3617 sanctum
1157 3563 1276 3632 ejus
1323 3559 1496 3632 (Paul.
1549 3579 1704 3630 χχιιι,
1745 3565 1803 3633 4,
1858 3565 1936 3636 5).

335 3655 405 3710 Et
449 3671 666 3712 rursum
712 3675 723 3710 :
768 3655 940 3724 Quam
987 3656 1186 3712 dilecta
1220 3699 1235 3724 ,
1291 3658 1508 3727 inquit,
1585 3637 1938 3714 tabernacula

335 3761 454 3816 tua,
486 3753 716 3807 Domine
746 3753 1004 3807 virtutum
1039 3770 1050 3806 :
1091 3749 1430 3822 concupiscit
1460 3765 1514 3808 et
1542 3751 1727 3807 deficit
1760 3753 1937 3808 anima

333 3859 460 3900 mea
499 3845 554 3899 in
599 3853 624 3880 ¹¹
656 3845 810 3899 atriis
838 3844 1053 3898 Domini
1100 3843 1276 3917 (Psal.
1307 3861 1530 3910 Lxxxm,
1562 3843 1638 3918 I).
1691 3845 1938 3902 IEmulo—
1967 3867 2010 3929 ρ

332 3951 458 3991 rum
496 3935 789 3992 maledicta
839 3938 1139 4007 prarveuio,
1168 3936 1528 4010 507-508
1549 3939 1637 4008 qui
1668 3954 1775 3992 non
1809 3939 1934 4009 qttid

331 4030 440 4101 ipsi
480 4031 713 4100 possint,
743 4029 840 4084 sed
871 4027 997 4099 quid
1022 4045 1123 4100 ego
1148 4044 1252 4084 non
1287 4029 1515 4099 possim,
1545 4031 1934 4087 considerant:

329 4133 535 4180 etcum
566 4135 752 4178 nostra
808 4121 1129 4193 dijudicent,
1188 4138 1284 4177 sua
1312 4121 1604 4194 judieanda
1635 4141 1741 4181 non
1799 4142 1938 4196 prse—

335 4221 516 4274 hent:
574 4231 868 4289 numquam
920 4219 972 4272 in
1015 4233 1189 4288 agone
1222 4227 1545 4290 pugnantes,
1598 4219 1692 4274 sed
1741 4219 1809 4276 de
1841 4237 1938 4290 pu-

327 4311 631 4382 gnantibus
661 4312 862 4378 otioso,
912 4312 1079 4365 immo
1109 4311 1347 4379 superbo
1369 4313 1552 4366 animo
1601 4312 1934 4382 jndicantes.

329 4401 521 4458 Facile
548 4413 632 4459 est
661 4403 792 4458 dare
825 4401 1025 4457 dictata
1058 4401 1126 4456 de
1159 4407 1384 4472 populo,
1417 4413 1470 4458 et
1521 4403 1766 4473 singulos
1798 4405 1936 4460 ictus

327 4495 697 4563 calumniari,
741 4511 804 4550 ac
855 4496 922 4552 de
976 4495 1159 4550 alieno
1209 4496 1387 4550 ridere
1439 4497 1726 4568 sanguine,
1759 4509 1812 4553 et
1845 4499 1937 4554 ubi

328 4590 532 4644 vulnus
555 4591 700 4661 infigi
735 4589 1026 4656 debuerit,
1060 4587 1303 4659 imperiti
1334 4589 1549 4644 lanistaa
1584 4605 1735 4646 more
1764 4590 1935 4646 disse-

329 4697 478 4738 rere.
506 4681 617 4752 Ego
663 4689 716 4736 in
749 4681 1132 4752 explanatione
1161 4681 1346 4750 templi
1381 4681 1708 4748 Ezechielis,
1751 4689 1807 4737 et
1831 4697 1937 4736 ea:-

335 4787 585 4833 terorum
615 4791 734 4848 quae
765 4775 832 4830 ad
863 4773 1026 4831 finem
1079 4773 1250 4844 ipsius
1312 4775 1602 4830 voluminis
1635 4778 1931 4846 pertinent,

332 4869 514 4923 fateor
552 4883 640 4922 me
685 4883 786 4938 pro
816 4867 894 4922 rei
943 4865 1324 4937 magnitudine
1375 4867 1509 4921 nihil
1545 4867 1766 4937 dignum
1801 4867 1937 4922 set-i-

330 4964 486 5029 bere,
512 4971 567 5018 et
615 4963 668 5017 in
703 4963 913 5031 paucis,
938 4963 982 5015 si
1009 4976 1114 5030 qua
1145 4971 1330 5015 tamen
1360 4961 1610 5031 accipere
1660 4975 1933 5030 meruero,

331 5059 539 5130 gratias
572 5071 735 5126 agere
791 5047 1083 5110 salvatori.
1141 5054 1412 5124 Scriptum
1457 5063 1538 5109 est
1570 5054 1713 5108 enim
1749 5073 1758 5106 :
1821 5051 1935 5108 Nisi

330 5149 701 5210 credideritis,
731 5163 837 5203 non
868 5145 1183 5220 intelligetis
1211 5145 1367 5218 (Isai.
1395 5146 1498 5217 ιιι).
1531 5135 1600 5200 Et
1626 5147 1681 5200 in
1711 5146 1818 5202 alio
1855 5146 1936 5199 ln-

2042 2548 2225 2612 fucrit,
2256 2547 2308 2602 in
2343 2561 2594 2616 tttagnam
2634 2545 2938 2601 succrescit
2981 2546 3258 2612 arborem,
3297 2557 3352 2604 et
3399 2550 3641 2606 volatilia

2041 2643 2168 2697 caeli
2199 2641 2443 2696 habitant
2476 2641 2529 2694 in
2563 2640 2733 2694 ramis
2757 2639 2875 2710 ejus
2897 2637 3052 2708 (Luc.
3091 2639 3235 2712 χιιι).
3266 2641 3640 2710 Quamobrem

2042 2734 2162 2802 tibi,
2207 2733 2316 2788 filia
2368 2731 2756 2792 Eustochium.
2807 2747 2928 2801 quae
2990 2740 3174 2788 nostra
3213 2734 3644 2806 qualiacumque

2041 2830 2242 2886 fuerint
2274 2830 2508 2886 libenter
2535 2827 2764 2897 accipis,
2818 2836 3191 2884 contestatum
3237 2831 3386 2898 volo,
3421 2839 3480 2886 et
3503 2831 3642 2886 illud

2045 2923 2284 2977 rhetoris
2334 2918 2603 2976 Victorini
2642 2919 2885 2974 breviter
2917 2919 3212 2989 admoneo,
3249 2929 3305 2976 ut
3335 2921 3646 2977 obscurita-

2043 3025 2150 3071 tem
2184 3016 2518 3070 voluminum
2549 3029 2615 3070 ex
2669 3013 2841 3068 tribus
2900 3012 3064 3068 rebus
3094 3013 3213 3070 fieri
3247 3015 3412 3082 scias,
3437 3015 3524 3071 vel
3560 3017 3641 3072 rei

2047 3108 2449 3180 magnitudine,
2481 3107 2564 3161 vel
2597 3106 2836 3161 doctoris
2883 3105 3179 3175 imperitia,
3227 3107 3314 3163 vel
3370 3107 3645 3164 audientis

2043 3203 2240 3258 duritia
2277 3221 2290 3255 :
2341 3216 2576 3273 quorum
2619 3200 2852 3270 primum
2899 3210 2954 3254 et
2999 3201 3294 3256 secundum
3327 3199 3536 3270 liquido
3592 3203 3645 3256 in

2043 3297 2145 3352 hoc
2176 3311 2341 3366 opere
2372 3294 2708 3359 confitebor;
2739 3293 2982 3360 tertium,
3009 3308 3240 3348 acumen
3299 3295 3504 3363 ingenii
3566 3296 3644 3350 lui

2042 3399 2097 3445 et
2126 3389 2462 3445 desiderium
2488 3388 2902 3459 Scripturarum
2935 3386 3093 3443 facile
3123 3387 3306 3442 renuit
3331 3405 3345 3444 ε
3380 3404 3500 3459 quae
3525 3389 3640 3458 pri-

2043 3485 2239 3554 vilegio
2272 3483 2546 3552 virginali,
2590 3492 2645 3536 et
2673 3482 2852 3536 vietus
2897 3480 3256 3546 continentia,
3313 3496 3419 3538 non
3462 3481 3640 3536 dicam

2042 3577 2412 3646 frequentem,
2459 3573 2556 3629 sed
2583 3574 2768 3644 jugem
2832 3573 3106 3642 hospitem
3161 3573 3416 3646 possides
3444 3573 3638 3630 Deum.

2041 3671 2204 3740 Igitur
2253 3666 2472 3724 tertium
2500 3668 2774 3723 decimum
2828 3667 2881 3722 in
2914 3665 3172 3723 Ezechiel
3210 3666 3542 3738 arripiamus
3572 3667 3637 3722 li-

2044 3761 2224 3827 brum,
2258 3763 2416 3832 cujus
2446 3762 2548 3817 hoc
2570 3759 2898 3832 principium
2922 3769 3008 3816 est
3037 3778 3050 3813 :

2119 3939 2276 4010 (Cap.
2306 3937 2466 3994 XLII.
2499 3970 2569 3979 ——
2604 3938 2758 3995 Vers.
2790 3939 2812 3994 I
2862 3938 3043 4010 seqq.)
3085 3956 3103 3991 ι
3143 3935 3212 3992 Et
3257 3935 3445 3992 eduxit
3472 3951 3559 3992 me
3591 3937 3644 3994 in

2050 4054 2068 4085 ι
2117 4035 2312 4088 atrium
2344 4033 2584 4089 exterius
2627 4048 2725 4103 per
2777 4032 2917 4087 viam
2972 4032 3264 4087 ducentem
3314 4030 3381 4085 ad
3414 4027 3640 4101 Aquilo-

2049 4147 2066 4178 ι
2119 4138 2345 4193 ncm,et
2387 4127 2601 4181 induxit
2627 4141 2714 4182 me
2758 4125 2811 4179 in
2867 4123 3322 4196 gazophylacium
3357 4122 3502 4195 quod
3529 4131 3646 4178 erat

2050 4240 2068 4274 ι
2115 4231 2304 4276 contra
2338 4228 2650 4290 separatum
2676 4218 2986 4280 :rdificium,
3013 4231 3062 4274 et
3097 4207 3286 4273 contra
3310 4215 3480 4272 aedem
3513 4231 3638 4270 ver-

2049 4334 2066 4367 ι
2115 4324 2329 4385 gentem
2359 4314 2425 4366 ad
2469 4313 2816 4383 Aquilonem.
2863 4313 2917 4366 ln
2943 4311 3089 4367 facie
3120 4309 3475 4382 longitudinis
3513 4295 3643 4366 cett-

2049 4428 2067 4461 ι
2116 4417 2227 4462 tum
2252 4407 2466 4461 cubitos
2495 4405 2620 4462 ostii
2651 4405 2941 4474 Aquilonis
2976 4423 2988 4458 :
3051 4413 3106 4459 et
3150 4403 3453 4459 latitudinis
3485 4404 3643 4471 quin-

2047 4517 2065 4550 ι
2114 4500 2369 4568 quaginta
2400 4497 2646 4565 cubitos,
2690 4504 2880 4552 contra
2913 4495 3101 4566 viginti
3152 4495 3367 4551 cubitos
3397 4495 3520 4550 atrii
3553 4495 3638 4549 iu-

2047 4611 2064 4642 ι
2113 4590 2375 4645 terioris:
2423 4599 2477 4645 et
2532 4599 2726 4643 contra
2775 4588 3146 4658 pavimentum
3196 4596 3428 4644 stratum
3461 4587 3643 4658 lapide

2047 4701 2065 4734 ι
2115 4681 2574 4746 atriiexterioris,
2611 4681 2699 4736 ubi
2750 4689 2871 4737 erat
2904 4683 3350 4752 porticusjuncta
3404 4685 3639 4756 porticui

2047 4796 2064 4826 ι
2116 4775 2338 4844 triplici.
2372 4775 2438 4827 Et
2465 4783 2592 4829 ante
2616 4773 3006 4846 gaZOphylacia
3035 4775 3410 4833 deambulatio
3445 4777 3638 4832 decem

2047 4887 2065 4920 ι
2113 4869 2418 4922 cubitorum
2444 4863 2770 4932 latitudinis,
2801 4867 2866 4919 ad
2888 4867 3154 4922 interiora
3200 4869 3504 4940 respiciens
3535 4869 3639 4924 vite

2046 4980 2064 5012 ι
2113 4962 2282 5016 cubiti
2308 4960 2466 5015 unius
2507 4978 2520 5014 :
2552 4968 2608 5018 et
2647 4964 2785 5015 ostia
2821 4975 3012 5016 eorum
3045 4962 3111 5016 ad
3155 4964 3510 5033 Aquilonem,
3552 4964 3647 5021 ubi

2045 5077 2062 5107 ι
2112 5052 2662 5126 crmtgazophylacia
2688 5055 2742 5109 in
2769 5055 3144 5125 superioribus
3168 5055 3483 5122 humiliora,
3512 5058 3638 5126 quia

2047 5166 2065 5199 ‹
2115 5147 2574 5218 snperportabant
2591 5146 2778 5220 [Vulg.
2803 5149 3226 5222 supportabant]
3248 5151 3496 5220 porticus
3519 5163 3642 5221 qua:

329 5261 398 5298 eo
432 5262 445 5298 :
477 5241 536 5300 Si
569 5241 870 5297 habueritis
902 5241 1064 5294 fidem
1090 5245 1147 5295 ut
1175 5255 1403 5310 granum
1437 5239 1670 5306 sinapis,
1695 5245 1752 5293 et
1775 5239 1930 5295 dixc—
1960 5257 2008 5316 ι)
2047 5264 2064 5296 ι
2111 5260 2178 5300 ex
2209 5245 2310 5297 illis
2341 5243 2655 5298 eminebant
2693 5245 2762 5298 de
2808 5243 3161 5300 inferioribus
3217 5254 3274 5300 et
3328 5243 3396 5300 de
3442 5243 3638 5300 mediis

333 5339 455 5392 ritis
504 5337 678 5390 monti
729 5334 878 5400 huic,
937 5333 1262 5405 transtnigra
1321 5341 1375 5387 et
1422 5331 1832 5404 transplantare
1873 5332 1930 5386 in

331 5431 470 5487 mari
498 5473 513 5496 ,
547 5431 638 5486 fiet
667 5425 884 5498 (Matth.
919 5443 1049 5495 xvtt,
1089 5425 1198 5499 I9).
1236 5427 1298 5481 Et
1325 5423 1600 5495 quomodo
1633 5425 1933 5496 Apostolus

330 5541 560 5600 granum
602 5523 810 5594 sinapis
858 5537 964 5577 non
999 5523 1266 5577 modicam
1315 5519 1439 5576 fidei
1469 5522 1797 5590 portionem,
1837 5521 1935 5578 sed

334 5629 508 5673 totam
537 5617 698 5672 fidem
732 5631 856 5672 esse
888 5621 1284 5672 commemorat
1315 5616 1502 5671 dicens
1532 5635 1541 5670 :
1595 5615 1660 5671 Et
1691 5619 1735 5673 si
1765 5626 1933 5673 totant

334 5712 496 5767 fidem
546 5711 828 5775 habuero,
879 5712 952 5766 ita
985 5720 1044 5766 ut
1089 5721 1304 5789 montes
1349 5710 1677 5767 transferam
1722 5711 1784 5786 (l
1813 5710 1934 5767 Cor.

2043 5357 2060 5389 ι
2108 5337 2345 5391 aedificii.
2398 5335 2644 5410 Tristega
2687 5336 2830 5393 enim
2862 5346 3048 5406 erant,
3096 5346 3152 5393 et
3201 5353 3308 5392 non
3365 5337 3639 5392 habebant

2043 5451 2060 5485 ι
2107 5431 2422 5500 columnas,
2457 5435 2601 5485 sicut
2643 5439 2800 5487 erant
2843 5431 3115 5486 columna:
3160 5432 3462 5486 atriorum:
3515 5446 3642 5499 pro-

2045 5545 2063 5577 ‹
2115 5535 2297 5596 pterea
2322 5522 2722 5579 en‘tinebantde
2746 5522 3100 5580 inferioribus
3128 5532 3182 5578 ct
3213 5523 3281 5578 de
3313 5521 3637 5593 mediis[Al.

2044 5637 2061 5670 ι
2110 5617 2324 5674 additur
2341 5617 2522 5690 atriis]
2547 5634 2573 5670 a
2603 5628 2744 5673 terra
2774 5615 2975 5674 cubitis
2997 5617 3412 5690 quinquaginta.
3448 5618 3508 5674 Et
3543 5633 3638 5688 pc-

2049 5733 2066 5765 ι
2115 5712 2326 5769 ribolus
2385 5712 2632 5766 exterior
2682 5710 2982 5765 secundum
3032 5711 3459 5784 gazophylacia,
3519 5725 3640 5782 quae

411 5884 437 5912 α
467 5873 655 5930 Maluit
680 5874 892 5944 Victor,
921 5875 977 5929 in
1022 5876 1266 5945 atria,ex
1297 5875 1492 5933 ϐιωρο
1531 5882 1632 5930 τῶν
1671 5870 1813 5928 LXX
1843 5883 1896 5927 et
1926 5872 2366 5944 llieronytnianis
2396 5872 2604 5943 aliquot
2631 5885 2766 5929 mss.
