4108 6338
426 239 530 293 407

1675 236 1726 292 s
1776 195 2054 292 JEUSEBII
2095 231 2480 290 HIERONYMI

3625 225 3739 286 408

429 375 449 409 ε
499 365 656 412 erant
703 356 757 411 in
791 355 874 412 via
901 355 1025 410 atrii
1057 353 1349 410 exterioris
1405 363 1532 410 ante
1588 352 1975 426 gazophylacia
2005 371 2018 407 ς
2050 359 2101 420 Α
2135 353 2236 408 hoc
2281 352 2405 408 loco
2456 351 2776 422 posuimus:
2824 349 2893 405 Et
2925 363 2951 390 υ
2977 351 3156 407 eduxit
3200 368 3280 405 me
3307 351 3360 405 in
3411 350 3738 422 gazOphgla-

435 472 454 506 ‹
502 451 780 524 longitudo
805 450 921 521 ejus
953 449 1346 522 quinquaginta
1368 447 1705 506 cubitorum.
1730 448 1865 517 Quia
1904 447 2021 503 10n—

437 566 457 600 ‹
503 545 689 618 gitudo
714 552 831 600 erat
857 543 1366 616 gazophylaciorum
1397 541 1528 598 atrii
1553 542 1842 598 exterioris
1863 543 2020 612 quin-

436 659 455 691 ι
502 639 759 711 quaginta
792 637 1098 693 cubitorum
1123 646 1178 692 et
1200 637 1482 710 longitudo
1511 645 1640 692 ante
1662 635 1853 691 faciem
1881 645 2022 690 tem-

438 752 456 785 ι
505 734 578 802 pli
606 740 826 787 centum
878 731 1208 787 cubitorum.
1239 731 1304 785 Et
1334 739 1452 786 erat
1483 730 1676 785 subter
1696 727 2022 801 gamphyla—

437 844 455 878 r
503 825 586 881 cia
615 825 732 879 haec
760 825 1016 880 introitus
1060 826 1129 879 ab
1158 823 1384 880 Oriente
1425 823 1846 894 ingredientium
1874 822 1927 876 in
1959 838 2022 877 ea

439 940 458 972 ι
504 920 570 975 de
592 919 732 973 atrio
753 917 1013 974 exteriori
1039 934 1054 973 :
1081 918 1449 972 in'latitudine
1471 916 1700 987 periboli
1731 916 1852 980 atrii
1880 913 2026 986 quod

439 1032 457 1063 ε
507 1019 624 1067 erat
653 1020 844 1067 contra
870 1010 1009 1065 viam
1034 1009 1366 1066 Orientalem
1395 1009 1449 1063 itt
1477 1009 1669 1064 faciem
1701 1007 1913 1063 mdiﬁcii
1943 1022 2028 1062 εον

440 1125 457 1156 ι
507 1104 702 1176 parati.
735 1105 802 1159 Et
839 1113 998 1160 erant
1028 1113 1154 1159 ante
1205 1102 1496 1159 aedilicium
1526 1100 1942 1173 gazOpltylacia,
1974 1107 2030 1155 et

347 1215 350 1218 ·
439 1219 456 1251 ι
505 1201 591 1254 via
622 1207 750 1256 ante
775 1198 966 1254 faciem
1000 1213 1188 1254 eorum
1232 1197 1382 1268 juxta
1413 1195 1823 1253 similitudinem
1867 1211 2030 1268 gazo-

441 1314 459 1346 ι
510 1295 911 1368 phylaciorum,
941 1310 1061 1365 quae
1093 1303 1249 1349 erant
1279 1294 1332 1347 in
1381 1292 1466 1347 via
1492 1291 1804 1364 Aquilonis,
1836 1306 2030 1347 secun—

443 1408 460 1440 ‹
508 1389 634 1444 dum
672 1387 1066 1458 longitudinem
1115 1401 1329 1452 eorum,
1361 1394 1414 1440 et
1446 1386 1527 1440 sic
1559 1384 1788 1440 latitudo
1817 1399 2027 1440 eorum.

445 1503 463 1535 ε
514 1484 580 1538 Et
611 1483 788 1538 omnis
809 1483 1062 1538 introitus
1077 1497 1287 1551 eorum,
1307 1493 1362 1537 et
1384 1479 1796 1548 similitudines,
1813 1490 1866 1536 et
1886 1479 2028 1534 ostia

445 1597 463 1629 ι
511 1592 728 1642 eorum,
773 1576 1074 1632 secundum
1127 1578 1264 1632 ostia
1310 1575 1857 1649 gazOpbylaciorum,
1907 1589 2031 1647 quae

444 1690 462 1720 ι
513 1671 736 1732 οτίιηῐὲῑιι
756 1671 838 1724 via
857 1671 1186 1740 reSpicieute
1205 1670 1270 1725 ad
1293 1671 1550 1725 Austrum
1567 1669 1751 1742 [ναις.
1782 1668 2028 1741 Notum],

2123 447 2282 514 cium,
2316 445 2454 517 quod
2475 446 2571 499 erit
2605 452 2785 500 contra
2814 454 3112 517 separatum
3139 443 3440 515 aediﬁcium,
3474 450 3522 497 ct
3549 452 3738 498 contra

2122 542 2284 598 (edem
2336 550 2632 614 vergentem
2689 540 2758 593 ad
2813 540 3119 610 Aquilonem
3165 554 3263 609 pro
3325 552 3431 608 quo
3495 535 3739 594 habetur

2127 639 2178 694 in
2208 636 2395 694 LXX:
2450 635 2518 692 Et
2568 636 2746 690 eduxit
2794 651 2922 691 me:
2991 646 3039 690 et
3086 651 3199 689 ecce
3247 633 3455 688 exedra:
3508 633 3740 705 quinque

2125 735 2190 788 de
2239 733 2439 802 reliquo
2489 731 2720 800 (edi/icio
2783 741 2832 784 et
2881 733 3042 802 juxta
3097 737 3401 800 separatum
3457 727 3524 782 ad
3576 727 3743 798 Aqui-

2127 827 2344 882 Iouem:
2400 841 2498 896 pro
2555 833 2798 898 separato
2829 867 2844 891 ,
2891 824 3036 896 quod
3098 822 3310 894 Aquila:
3360 828 3417 878 et
3484 821 3742 893 Symma-

2127 917 2266 974 chus
2337 917 2777 984 transtulerunt,
2831 915 3066 972 secunda
3145 914 3356 986 Aquila:
3426 913 3638 983 editio,
3682 920 3744 971 et

2127 1013 2430 1070 Theodotio
2487 1013 2668 1084 ipsum
2712 1011 2937 1067 verbum
2969 1024 3227 1081 posuere,
3277 1023 3484 1064 GAZERA
3513 1007 3740 1079 (mu),

2130 1111 2185 1166 in
2230 1109 2484 1164 omnibus
2516 1108 2654 1163 locis
2684 1107 2938 1162 similiter
2978 1104 3398 1174 exprimentes:
3449 1101 3734 1172 multaque

2129 1203 2234 1258 alia
2265 1219 2386 1274 quae
2419 1201 2472 1256 in
2518 1201 2773 1271 praesenti
2805 1199 2927 1255 loco
2958 1197 3132 1269 posita
3161 1187 3460 1253 sunt‘inter
3491 1193 3722 1250 Hebrai-

2132 1313 2256 1353 cum
2293 1305 2348 1352 et
2380 1295 2526 1351 LXX
2551 1310 2659 1349 non
2678 1295 2841 1368 510
2857 1294 3034 1349 solum
3060 1291 3276 1357 ordine,
3293 1289 3389 1346 sed
3407 1297 3465 1346 et
3486 1302 3737 1357 numero,

2132 1400 2188 1450 et
2224 1391 2516 1448 verborum
2565 1389 3026 1458 interpretatione
3066 1385 3420 1451 discordant,
3451 1393 3513 1441 ut
3557 1384 3608 1440 si
3635 1399 3740 1440 vo-

2133 1485 2396 1540 luerimus
2444 1483 2661 1540 haerere
2707 1482 2762 1538 in
2794 1482 3026 1554 singulis
3049 1523 3063 1548 ,
3099 1490 3154 1537 ct
3182 1481 3506 1537 diversitate
3542 1493 3738 1536 eorum

2135 1593 2383 1650 qumrere
2405 1620 2418 1645 ,
2452 1585 2508 1633 et
2538 1576 2839 1646 explanare
2887 1576 3155 1631 rationem
3186 1620 3199 1644 ,
3237 1574 3469 1629 multum
3509 1571 3742 1630 aberre-

2137 1687 2259 1727 mus
2291 1687 2321 1727 a
2356 1671 2657 1743 proposito.
2697 1671 3095 1742 Volucramque
3125 1670 3511 1740 desperatione
3537 1679 3592 1724 et
3631 1684 3746 1724 ma-

447 1784 466 1816 ‹
512 1766 706 1819 ostium
730 1765 1246 1836 incapitevim,quac
1275 1761 1750 1838 [Vulg.additvia]
1777 1772 2032 1819 eratante
2061 1762 2111 1823 B
2136 1767 2420 1840 guitudiue
2434 1767 2510 1822 rei
2537 1766 3161 1836 prmseustcStimonintn
3180 1764 3404 1820 silentio
3421 1763 3740 1835 praeterire:

450 1876 469 1907 ι
520 1857 846 1912 vestibulum
869 1866 1178 1927 separatum
1213 1873 1311 1926 per
1334 1854 1824 1912 viamOrienlalem
1859 1858 2039 1929 ingre-

451 1967 470 2000 ι
518 1950 815 2004 dientiluts.
843 1949 1692 2006 LXX:Eteduxitmciuatrittm
1710 1950 1955 2006 exterius
1986 1957 2040 2016 -ἐι

454 2064 474 2094 ι
521 2043 588 2098 ad
614 2044 896 2099 Orientem
929 2049 946 2112 ζ
977 2053 1166 2099 contra
1197 2052 1412 2115 portatu
1443 2043 1750 2114 Aqttilouis,
1783 2054 1838 2098 et
1873 2043 2042 2099 intro-

454 2157 472 2189 ‹
521 2138 675 2192 duxit
707 2153 814 2208 me,
849 2118 1065 2208 eijecce
1091 2139 1307 2196 exedra:
1333 2142 1574 2211 quinque
1602 2148 1627 2176 ει
1644 2139 1800 2211 juxta
1829 2148 2042 2211 partem

455 2252 474 2284 ι
522 2233 777 2303 aedilicii,
829 2243 886 2290 et
937 2249 1108 2305 prope
1158 2235 1446 2292 aedilicium
1499 2243 1811 2306 separatum
1854 2235 1922 2290 ad
1967 2237 2044 2289 A-

451 2345 470 2378 c
519 2326 830 2397 quilonem:
863 2329 1026 2400 509
1046 2338 1100 2384 et
1121 2339 1318 2384 contra
1347 2327 1544 2386 cubitis
1562 2336 1785 2385 centum
1813 2328 2050 2400 longitu-

455 2437 474 2471 ι
523 2419 665 2475 dittis
690 2421 756 2474 ad
786 2419 1130 2490 Aquilonem,
1149 2431 1205 2478 et
1224 2420 1530 2477 latitudinis
1546 2419 1938 2492 quinquaginta
1955 2436 2049 2478 cu-

459 2531 477 2564 i
523 2512 653 2569 bitis
693 2511 982 2582 descripta:
1031 2513 1174 2568 sicut
1226 2521 1398 2582 porta:
1445 2513 1571 2568 atrii
1618 2512 1949 2581 interioris,
1998 2524 2054 2570 et

458 2625 477 2659 ‹
514 2606 656 2663 sicut
679 2606 946 2663 columna:
968 2607 1087 2661 atrii
1119 2606 1558 2678 exterioris,‘per
1586 2606 1834 2662 ordinem
1863 2615 2054 2663 contra

458 2721 477 2753 ι
515 2700 710 2758 faciem
735 2701 975 2771 porticus
993 2709 1186 2769 ternae,
1211 2710 1268 2757 et
1291 2711 1486 2757 contra
1519 2701 1755 2758 exedras
1785 2701 2054 2759 deambu-

463 2814 482 2846 ι
533 2794 670 2850 latio
713 2793 1020 2850 cubitorum
1067 2793 1256 2850 decem
1314 2793 1655 2863 latitudinis,
1712 2810 1808 2864 per
1842 2795 2058 2852 cubitos

465 2908 486 2940 ι
533 2887 1162 2960 ceutum_lougitudinis
1215 2889 1270 2943 in
1323 2888 1639 2945 interiorem
1686 2890 1831 2943 viam
1886 2887 2059 2944 cubiti

468 3003 488 3036 ι
535 2985 720 3050 unius,
753 2993 811 3039 et
843 2984 1019 3040 h05tia
1058 2998 1245 3039 earum
1275 2983 1343 3039 ad
1375 2984 1728 3055 Aquilonem.
1776 2984 1846 3040 Et
1873 2984 2061 3040 deam-

471 3096 490 3130 ι
538 3077 848 3134 bulationes
878 3078 1283 3134 ctenaculorum
1314 3078 1568 3133 similiter
1596 3124 1609 3148 ,
1640 3078 1897 3148 quoniam
1927 3079 2063 3135 emi-

2143 1862 2241 1918 sed
2295 1861 2492 1916 melius
2538 1860 2842 1915 arbitratus
2889 1875 3010 1914 sum
3070 1858 3457 1930 quodcumque
3522 1856 3744 1924 dicere,

2143 1972 2302 2029 quam
2318 1955 2536 2010 omnino
2553 1954 2685 2009 ttihil
2703 1953 2909 2022 dicere,
2927 1953 3268 2008 Socraticum
3287 1951 3422 2007 illud
3437 1965 3744 2006 assumens:

2146 2049 2272 2106 Scio
2297 2048 2440 2120 quod
2474 2048 2660 2103 nescio
2695 2045 2804 2120 [AL
2840 2045 3134 2118 nesciam].
3169 2046 3300 2102 Pars
3331 2046 3476 2102 enim
3502 2045 3750 2102 scientia:

2147 2153 2269 2210 est,
2313 2143 2453 2198 scire
2482 2140 2628 2212 quod
2658 2141 2899 2197 nescias.
2952 2140 3256 2211 Postquam
3303 2139 3470 2211 igitur
3516 2153 3580 2195 ea
3627 2153 3751 2209 quae

2148 2246 2308 2296 erant
2334 2238 2480 2293 intus
2504 2279 2519 2305 ,
2553 2235 2826 2307 protilteta
2855 2235 3174 2307 diligentius
3203 2233 3606 2306 contemplatus
3640 2241 3750 2301 est,

2147 2332 2336 2389 eduxit
2361 2348 2484 2386 eum
2528 2331 2610 2385 vir
2636 2371 2650 2395 ,
2683 2330 2841 2400 cujus
2889 2330 3161 2386 funiculus
3190 2339 3245 2385 et
3270 2329 3519 2384 calamus
3548 2333 3668 2384 erat
3698 2327 3753 2382 in

2153 2442 2347 2487 manu,
2391 2424 2458 2480 ad
2500 2424 2697 2479 atrium
2731 2425 3008 2495 exterius,
3044 2440 3145 2496 per
3187 2425 3331 2479 viam
3365 2421 3658 2478 ducentem
3687 2419 3757 2476 ad

2153 2521 2484 2592 Aquilonem
2506 2565 2520 2590 ,
2570 2517 2714 2590 quod
2745 2527 2802 2574 et
2826 2533 2989 2590 supra
3023 2518 3136 2588 jam
3169 2517 3422 2582 viderat,
3451 2521 3748 2586 antequam

2156 2614 2416 2671 interiora
2446 2621 2782 2684 penetraret.
2825 2611 2936 2668 Sed
2968 2612 3127 2666 aliter
3160 2611 3412 2667 videmus
3458 2610 3758 2682 perfectam

2156 2708 2422 2764 habentes
2458 2708 2746 2762 scientiam
2782 2750 2797 2774 ,
2847 2706 3009 2762 aliter
3041 2707 3093 2762 in
3121 2705 3397 2778 principio
3425 2704 3758 2777 disciplinac.

2159 2803 2228 2858 Et
2255 2816 2482 2858 necesse
2507 2810 2614 2865 est,
2647 2811 2704 2856 ut
2733 2801 2826 2873 qui
2857 2803 3121 2857 interiora
3153 2801 3502 2872 conspexerit
3528 2845 3544 2871 ,
3569 2814 3764 2857 secun-

2160 2897 2288 2953 dum
2327 2896 2577 2954 eamdem
2611 2897 2844 2952 formam
2872 2904 3040 2968 atque
3073 2910 3362 2952 mensuras
3394 2903 3449 2950 et
3476 2892 3764 2951 recondita

2160 2999 2546 3060 sacramenta,
2597 2991 2765 3046 etiam
2829 3005 2953 3061 qua:
3005 2990 3510 3054 exteriora-sunt,
3561 2985 3764 3043 videat.

2166 3087 2414 3143 Eductus
2439 3093 2624 3140 autem
2646 3092 2732 3140 est
2759 3085 2810 3138 in
2846 3083 3298 3156 gazophylacium
3318 3125 3332 3148 ,
3367 3081 3484 3137 sive
3516 3089 3575 3136 ut
3603 3080 3767 3152 Sym-

473 3189 493 3222 ι
535 3172 736 3227 nebant
758 3171 1027 3227 columnae
1055 3186 1085 3225 a
1117 3171 1388 3227 columnis
1415 3171 1772 3227 inferioribus
1794 3212 1810 3240 ,
1848 3183 1903 3227 et
1933 3187 2060 3244 spa-

2171 3181 2396 3237 machus
2424 3189 2479 3235 et.
2500 3179 2642 3234 LXX
2667 3178 3089 3245 transtulerunt,
3119 3175 3382 3245 exedram,
3414 3176 3581 3232 velut
3599 3173 3772 3232 Theo-

476 3284 495 3316 ι
555 3265 688 3319 tium
741 3263 920 3320 simile
950 3271 1088 3320 erat.
1138 3263 1205 3318 Et
1234 3265 1476 3334 porticus
1501 3265 1747 3337 triplices
1781 3275 1940 3322 erant
1967 3309 1982 3333 ,
2014 3275 2070 3322 et

478 3382 497 3414 ι
545 3362 832 3418 columnas
884 3377 992 3417 non
1026 3361 1300 3418 habebant
1331 3362 1473 3418 sicut
1500 3362 1772 3419 columnae
1817 3361 1873 3419 in
1907 3371 2069 3419 exte-

479 3473 498 3506 r
547 3454 786 3510 rioribus
813 3473 824 3507 :
868 3464 1157 3526 propterea
1189 3453 1506 3510 eminebant
1535 3454 1603 3510 ab
1635 3453 1721 3510 his
1747 3471 1869 3526 qua:
1915 3466 2076 3512 erant

480 3569 500 3602 ε
547 3548 775 3606 inferius
802 3590 817 3615 ,
851 3557 905 3604 et
931 3549 983 3602 in
1014 3547 1195 3603 medio
1221 3546 1288 3602 de
1321 3555 1467 3602 terra
1499 3547 1893 3620 quinquaginta
1923 3548 2075 3604 cubi-

482 3665 501 3697 ¢
549 3653 730 3701 torum
755 3689 768 3714 ,
801 3654 858 3700 et
893 3645 1076 3700 lumen
1127 3643 1370 3700 exterius
1421 3643 1563 3700 sicut
1593 3644 1922 3700 exedrarum
1953 3645 2075 3699 atrii

483 3756 504 3790 ι
550 3738 861 3807 exterioris,
887 3751 1007 3807 qum
1030 3735 1398 3807 respiciebant
1427 3748 1620 3791 contra
1647 3735 1880 3793 exedras
1907 3736 2079 3808 Aqui-

489 3852 508 3885 ι
557 3832 747 3897 lonis,
829 3830 1171 3903 longitudine
1263 3830 1573 3887 cubitorum
1659 3833 2077 3904 quinquaginta.

489 3947 509 3981 ‹
556 3925 863 3999 Longitudo
921 3926 1064 3981 enim
1137 3923 1462 3980 exedrarum
1540 3924 1954 3995 respicientium
2026 3926 2080 3980 in

488 4042 508 4076 ι
556 4021 753 4078 atrium
803 4019 1082 4086 exterius,
1137 4027 1254 4074 erat
1307 4017 1616 4074 cubitorum
1664 4019 2080 4090 quinquaginta.

489 4141 509 4176 ι
551 4122 618 4178 Et
642 4121 759 4175 hare
779 4127 905 4174 sunt
922 4124 1118 4173 contra
1144 4114 1339 4170 faciem
1359 4129 1537 4181 suam,
1564 4129 1754 4171 omnes
1774 4115 2083 4170 cubitorum

491 4235 510 4268 ι
558 4223 777 4271 ccnlum
805 4221 863 4267 et
891 4211 1068 4266 hostia
1097 4207 1422 4266 exedrarum
1457 4208 1681 4263 istarum
1713 4207 1780 4262 ad
1801 4207 2085 4264 introitum

491 4330 511 4364 ι
558 4307 914 4372 Orientalem,
945 4315 1001 4360 ut
1027 4301 1367 4375 ingrediatur
1398 4316 1494 4370 per
1519 4299 1710 4358 eadem
1739 4300 1794 4356 in
1819 4300 1962 4358 atrio
1993 4317 2088 4356 ex-

498 4425 520 4459 ι
565 4403 795 4475 teriorij,
828 4397 1125 4457 secundum
1154 4396 1336 4452 lumen
1383 4394 1531 4464 quod
1573 4394 1777 4450 eratin
1821 4394 2090 4464 principio

501 4519 522 4554 ι
567 4493 1025 4554 deambulationis
1062 4491 1131 4547 ad
1163 4493 1422 4546 Austrum
1465 4495 1655 4542 contra
1707 4485 1993 4542 meridiem
2039 4496 2093 4541 et

2175 3277 2348 3343 dolio,
2382 3273 2752 3351 παστοφόριον,
2777 3272 2923 3344 quod
2947 3272 3000 3327 in
3018 3271 3304 3326 thalamum
3334 3270 3600 3350 vertitur;
3628 3269 3770 3342 quod

2171 3379 2294 3426 erat
2323 3376 2516 3422 contra
2550 3379 2866 3437 separatum
2896 3365 3212 3421 aedilicium.
3238 3363 3394 3433 Quod
3416 3372 3597 3419 autem
3629 3360 3773 3418 LXX

2174 3461 2433 3518 addidere
2495 3475 2594 3531 pro
2652 3459 3087 3533 gazophylacio,
3147 3456 3366 3513 exedras
3413 3457 3670 3530 quinque,
3721 3456 3774 3511 in

2177 3555 2442 3613 Ilebraico
2488 3569 2597 3610 non
2649 3555 2900 3610 habetur.
2961 3553 3118 3622 Quod
3157 3550 3614 3624 gazOphylacium
3660 3557 3778 3606 erat

2177 3659 2368 3706 contra
2398 3655 2712 3718 separatum
2746 3647 3043 3703 aedificium
3065 3689 3079 3715 ,
3111 3645 3180 3702 de
3212 3661 3320 3716 quo
3351 3660 3511 3717 supra
3537 3644 3650 3716 jam
3691 3644 3775 3700 di-

2180 3743 2382 3809 ximus,
2429 3757 2657 3798 suam.
2685 3738 3014 3809 Separatum
3066 3747 3258 3795 autem
3289 3747 3443 3807 erat,
3475 3751 3571 3794 eos
3608 3736 3781 3793 susci-

2185 3837 2339 3908 piens
2385 3837 2474 3906 qui
2523 3836 2594 3890 ab
2646 3833 2919 3905 Aquilone
2967 3832 3297 3900 veniebant,
3329 3843 3384 3889 et
3434 3839 3555 3888 erat
3594 3839 3778 3888 contra

2186 3931 2358 3986 tndem
2423 3938 2739 4001 vergentem
2789 3929 2858 3984 ad
2913 3927 3288 3998 Aquilonem,
3343 3927 3396 3982 id
3439 3937 3555 3998 est,
3604 3925 3778 3997 respi-

2186 4026 2418 4082 cientem
2451 4025 2671 4096 quidem
2699 4024 2992 4096 Aquilonis
3022 4032 3234 4093 partes,
3266 4021 3362 4076 sed
3395 4036 3503 4076 non
3535 4019 3590 4075 in
3619 4018 3783 4088 Aqui-

2188 4123 2318 4178 lone
2355 4121 2592 4192 positum
2623 4165 2636 4188 ,
2689 4127 2749 4175 ut
2796 4117 3008 4172 facilior
3038 4125 3187 4174 esset
3231 4114 3498 4172 transitus
3547 4113 3629 4169 his
3652 4154 3667 4179 ,
3696 4111 3783 4181 qui

2194 4215 2479 4287 Aquilonis
2505 4213 2705 4283 frigora
2750 4211 3180 4282 relinquebant,
3214 4224 3241 4261 a
3273 4224 3386 4278 quo
3433 4205 3789 4263 exardescuut

2194 4309 2336 4365 mala
2363 4322 2528 4377 super
2559 4315 2762 4361 terram
2793 4303 2929 4376 (Jer.
2961 4306 3028 4374 t).
3064 4303 3318 4373 Legimus
3347 4300 3401 4356 in
3433 4299 3789 4355 Numerorum

2195 4405 2367 4470 libro,
2398 4400 2573 4456 tribus
2615 4399 2730 4453 Dan
2783 4407 2832 4454 et
2887 4396 3234 4467 Nephtalim,
3270 4405 3329 4450 et
3374 4395 3514 4450 Aser
3555 4391 3790 4447 ﬁliorum

2197 4496 2341 4552 Bake
2395 4501 2451 4550 et
2481 4491 2716 4562 Zelpltae
2769 4491 3092 4546 ancillarum
3123 4488 3392 4562 jRacbelis
3440 4495 3496 4544 et
3532 4485 3648 4542 Lize
3677 4527 3693 4553 ,
3725 4484 3791 4541 ad

500 4613 520 4647 ί
567 4591 758 4647 faciem
787 4587 984 4658 reliqui
1013 4583 1225 4640 mdillcii
1247 4623 1263 4651 ,
1290 4591 1347 4638 et
1390 4580 1651 4653 separati.
1680 4577 1750 4634 Ει
1791 4577 2011 4636 exedra:
2039 4587 2092 4634 et
2121 4558 2174 4619 D
2200 4584 2487 4658 Aquilonis
2525 4558 2713 4655 plagas
2758 4592 2938 4639 castra
2991 4558 3257 4639 tenuisse.
3288 4580 3443 4636 Nunc
3485 4593 3702 4651 quoque
3739 4577 3792 4634 in

501 4707 521 4740 ι
570 4681 934 4740 deambulatio
965 4688 1155 4735 contra
1195 4674 1388 4732 faciem
1411 4688 1590 4740 suam,
1617 4672 1771 4743 juxta
1801 4685 2093 4728 mensuras

502 4797 522 4830 ι
571 4776 894 4834 exedrarum
917 4782 969 4828 et
990 4772 1132 4825 viam
1155 4768 1222 4823 ad
1246 4767 1592 4838 Aquilonem,
1619 4774 1674 4821 et
1696 4765 2094 4838 longitudinem

507 4893 526 4926 ι
558 4885 768 4935 earum,
785 4875 844 4924 et
860 4864 1200 4922 latitudinem
1223 4877 1411 4918 earum
1427 4869 1482 4918 et
1499 4860 1677 4916 omnis
1693 4859 1874 4915 exitus
1886 4875 2094 4926 carum,

509 4985 528 5019 r
576 4974 630 5022 et
675 4961 968 5027 introitus,
1019 4967 1074 5013 et
1114 4955 1404 5012 luminaria
1431 4995 1447 5022 ,
1490 4963 1544 5010 et
1593 4954 1730 5008 ostia
1771 4951 2097 5010 excdrarum

510 5082 530 5116 ι
577 5068 767 5116 contra
797 5055 1102 5121 Meridiem,
1135 5061 1190 5109 et
1231 5051 1488 5107 introitus
1538 5049 1608 5105 ab
1637 5049 1794 5104 initio
1841 5049 2100 5105 deambu-

515 5176 534 5209 ι
579 5152 715 5211 lacri
743 5149 810 5206 ad
839 5148 1108 5204 luminare
1133 5147 1310 5218 spatio
1353 5144 1588 5200 calami:
1621 5151 1679 5198 et
1709 5151 1768 5198 ut
1795 5141 1862 5198 ad
1906 5141 2100 5199 Orien-

514 5269 533 5302 ι
583 5249 692 5305 tem
721 5247 891 5302 iretur
921 5259 1016 5315 per
1045 5257 1129 5298 ea.
1163 5259 1182 5294 ι
1217 5241 1330 5296 Hoc
1350 5237 1497 5310 quod
1533 5237 1680 5296 LXX
1705 5239 2105 5295 transtulerunt

508 5343 578 5397 ad
609 5340 906 5404 Orientem,
939 5338 994 5392 in
1041 5332 1311 5390 llebraico
1354 5346 1461 5388 non
1512 5331 1780 5401 habetur,
1813 5340 1869 5387 et
1905 5346 2104 5404 super-

509 5437 680 5492 lluum
705 5447 831 5490 esse
853 5428 1201 5487 manifestum
1231 5435 1335 5483 est.
1367 5425 1654 5494 Quomodo
1679 5429 1827 5482 enim
1851 5424 2105 5482 educitur

510 5529 579 5584 ad
607 5537 816 5599 portam
841 5523 1170 5582 exteriorem
1193 5520 1261 5576 ad
1280 5519 1556 5577 Orientem
1585 5565 1599 5591 ,
1627 5533 1753 5576 cum
1799 5526 2065 5591 sequatur
2087 5559 2104 5590 ,

511 5634 692 5700 contra
742 5629 946 5693 portam
975 5615 1293 5692 Aquilonis?
1321 5615 1458 5673 Illud
1488 5614 1632 5688 quod
1656 5625 1720 5689 ,et
1750 5629 1937 5687 supra,
1970 5625 2026 5674 et
2049 5615 2104 5674 in

589 5747 615 5776 ιι
643 5734 920 5793 Rescribit
961 5733 1262 5806 Victorius,
1294 5734 1518 5806 quinque
1537 5733 1601 5789 de
1623 5734 1823 5806 reliquo
1873 5733 2099 5802 wdiﬁcio

507 5823 560 5870 et
583 5825 765 5883 prope,
794 5805 997 5874 etc.,ad
1041 5804 1552 5875 Grtccum'textum,
1593 5822 1704 5866 non
1731 5804 2090 5867 dissentiente

2202 4679 2342 4734 facie
2368 4675 2724 4748 longitudinis
2753 4675 2882 4733 ostii
2923 4675 3212 4746 Aquilonis
3237 4683 3460 4731 centum
3486 4673 3655 4730 fuisse
3702 4687 3794 4728 cu-

2201 4774 2367 4841 bitos,
2399 4784 2452 4829 et
2493 4772 2798 4828 latitudinis
2826 4772 3214 4844 quinquaginta
3249 4790 3262 4826 :
3297 4779 3358 4826 ut
3384 4785 3449 4826 ex
3488 4769 3679 4826 decem
3703 4769 3796 4826 de-

2204 4869 2378 4936 cadis,
2403 4867 2816 4939 quadrangulus
2846 4881 3112 4923 numerus
3143 4877 3306 4938 atque
3330 4863 3632 4936 perfectus,
3657 4874 3713 4921 et
3733 4879 3796 4922 ex

2207 4972 2417 5034 septem
2447 4960 2885 5017 hebdomadibus
2901 5002 2917 5027 ,
2942 4961 3033 5032 qui
3057 4959 3398 5016 remissionis
3419 4969 3502 5014 est
3520 4973 3793 5028 numerus,

2208 5063 2264 5111 et
2292 5053 2346 5110 in
2387 5051 2711 5125 principium
2739 5053 2962 5108 unionis
2983 5093 2998 5117 ,
3028 5051 3080 5107 id
3111 5061 3228 5119 est,
3257 5051 3522 5123 ogdoadis
3545 5051 3794 5122 erumpit,

2209 5145 2573 5204 sacerdotalia
2620 5145 2674 5200 in
2731 5144 2938 5214 templo
2987 5144 3085 5199 Dei
3117 5144 3293 5215 spatia
3342 5152 3796 5200 monstrareutur.

2211 5239 2462 5310 illudque
2488 5237 2630 5310 quod
2653 5238 2812 5310 511
2833 5238 2989 5308 juxta
3034 5236 3648 5308 Hebraicumjungitur,
3677 5252 3798 5292 con-

2211 5342 2294 5390 tra
2329 5333 2511 5404 viginti
2540 5331 2739 5386 cubitos
2761 5331 2881 5384 atrii
2902 5329 3166 5384 interioris
3187 5371 3202 5395 ,
3233 5344 3333 5400 pro
3361 5343 3468 5400 quo
3496 5328 3639 5384 LXX
3659 5339 3802 5385 tran-

2210 5429 2524 5497 stulerunt,
2569 5427 2826 5499 descripta
2873 5432 3020 5481 erant
3079 5423 3236 5479 sicuti
3286 5435 3451 5496 porta:
3491 5425 3614 5479 atrii
3669 5424 3799 5479 inte-

2208 5525 2391 5592 rioris,
2426 5523 2573 5580 hunc
2640 5521 2805 5578 habet
2849 5533 3112 5576 sensum:
3142 5518 3286 5590 quod
3334 5520 3630 5576 exterioris
3681 5518 3801 5574 atrii

2211 5617 2564 5677 centenarius
2593 5625 2645 5675 et
2676 5613 3175 5689 quinquagenarius
3223 5629 3487 5672 numerus
3510 5657 3526 5686 ,
3559 5613 3800 5674 eamdem

2211 5734 2264 5790 in
2291 5734 2600 5789 Comment.
2634 5731 2990 5803 Hieronymo.

2269 5805 2298 5844 ι)
2329 5804 2475 5864 Idem
2503 5804 2794 5863 introduxit
2813 5801 2884 5862 aid
2905 5801 3086 5862 Griec.
3117 5805 3378 5877 εἰσήγαγε.
