4108 6338
318 298 423 357 403

987 296 1642 357 COMMENTARIORUM
1680 299 1746 357 IN
1790 296 2230 358 EZECHIELEM
2270 299 2397 357 LIB.
2441 300 2581 357 XIII.
2624 301 2781 358 CAP.
2826 302 2985 360 XLII.

3511 303 3619 361 M0

314 417 427 472 vim
477 414 673 471 habeat
711 458 725 481 ,
759 428 920 487 quam
982 415 1290 472 vicenarius
1335 417 1460 474 atrii
1518 416 1814 473 interioris.
1867 415 1922 473 Si
1950 418 1999 478 A
2026 433 2144 481 rum
2167 456 2182 481 ,
2216 413 2569 480 subauditur,
2603 415 2908 470 ea'edrm'um
2931 457 2946 481 ,
2975 415 3092 472 sive
3130 416 3623 489 gazophylaciorum

315 510 459 567 enim
483 518 719 581 quatuor
740 507 1029 581 quinquies
1056 519 1339 580 supputes,
1372 510 1425 564 in
1450 525 1677 565 numero
1706 510 1924 568 vicena-

313 604 425 671 rio,
457 612 749 673 utrumque
781 600 1026 672 reperies
1053 600 1463 660 Testamentum
1492 622 1505 658 :
1542 614 1596 660 ut
1627 614 1679 660 et
1701 604 1813 659 Lex
1841 612 1917 660 te-

316 709 516 754 neatur
548 698 602 752 in
633 698 928 770 Evangelio
959 710 1012 756 et
1044 700 1399 770 Evangelium
1442 699 1508 754 de
1546 699 1707 770 Legis
1737 698 1923 754 radice

317 802 599 847 nascatur.
634 792 740 848 Pro
770 808 881 863 quo
908 809 1142 850 numero
1172 792 1334 860 LXX,
1365 792 1777 846 simulittue'iuem
1804 794 1922 847 atrii

314 887 621 954 interioris,
654 886 999 957 interpretati
1054 896 1220 953 sunt,
1270 886 1499 942 lorsitau
1562 884 1921 941 formidantes

315 982 654 1039 vicenarium
682 998 990 1053 numerum,
1016 984 1067 1038 in
1093 998 1199 1054 quo
1225 981 1528 1038 offeruntur
1552 981 1694 1037 Esau
1727 996 1921 1037 mune-

315 1092 376 1133 ra
404 1120 421 1144 ,
465 1076 521 1132 in
554 1077 691 1132 atrio
740 1077 988 1132 interiori
1043 1092 1267 1148 ponere.
1302 1076 1560 1147 Sequitur
1590 1094 1602 1129 :
1633 1075 1699 1130 Et
1744 1084 1924 1131 contra

315 1172 668 1245 pavimentum
700 1176 932 1227 stratum
976 1172 1152 1243 lapide
1183 1173 1307 1226 atrii
1338 1172 1607 1227 exterioris
1632 1188 1650 1225 :
1686 1171 1771 1225 ubi
1812 1180 1923 1224 erat

319 1265 590 1337 porticus,
632 1267 820 1338 juncta
873 1265 1122 1335 porticuli
1186 1264 1424 1336 triplici;
1470 1282 1571 1336 pro
1623 1279 1729 1335 quo
1779 1263 1920 1319 LXX

319 1358 763 1414 transtulerunt:
812 1358 879 1413 Et
926 1361 1056 1414 sicut
1086 1361 1344 1416 columna:
1372 1360 1492 1413 atrii
1539 1360 1803 1413 exterioris
1835 1376 1925 1429 per

316 1451 555 1506 ordinem
587 1454 768 1523 posita:
792 1494 806 1519 ,
840 1462 1019 1508 contra
1052 1454 1234 1525 [aciem
1288 1453 1579 1523 porticuum
1613 1453 1915 1521 triplicium.

315 1541 611 1613 Significat
636 1553 844 1612 autem,
868 1544 1011 1615 quod
1044 1544 1412 1617 pavimentum
1446 1545 1569 1599 atrii
1599 1545 1918 1611 exterioris,

314 1638 450 1693 vivo
479 1637 645 1694 fuerit
670 1648 905 1696 stratum
950 1639 1132 1710 lapide
1168 1658 1179 1696 :
1216 1650 1271 1695 ut
1303 1655 1403 1695 nec
1438 1640 1639 1694 :rstatis
1668 1640 1917 1711 pulvere,

315 1748 424 1789 nec
454 1733 571 1789 luto
636 1734 879 1807 hyemis,
922 1734 1267 1790 sacerdotum
1314 1733 1547 1805 vestigia
1583 1734 1915 1804 polluantur.

2026 512 2094 567 de
2119 510 2317 583 quibus
2338 526 2521 567 sermo
2552 525 2711 582 supra
2736 510 2856 566 fuit.
2891 512 3023 580 Qua:
3050 510 3437 584 gazophylacia
3467 518 3625 568 erant

2024 606 2077 661 in
2112 604 2507 675 superioribus,
2542 603 2594 658 id
2620 612 2721 669 est,
2747 604 2800 658 in
2834 604 3128 661 etenaculis
3158 603 3623 671 humiliora.th

2025 700 2306 758 ccenacula
2345 698 2592 755 ascendit
2632 699 2775 753 Elius
2818 709 2873 754 et
2913 700 3341 774 Elisreus(ch.
3376 717 3468 767 ιιι,
3526 701 3618 768 I7;

2026 810 2078 848 tv
2098 838 2111 861 ,
2151 792 2240 865 H)
2274 811 2285 847 :
2317 802 2369 847 et
2398 792 2661 847 Dominus
2690 807 2809 847 cum
2837 792 3119 862 discipulis
3147 792 3355 848 Pascha
3380 793 3623 848 facturus

2024 888 2222 961 (Marc.
2258 886 2393 959 xiv),
2417 887 2717 943 etThabita
2746 902 2868 959 qua:
2896 887 3073 944 ettide
3104 888 3347 958 Apostoli
3370 898 3424 944 et
3456 888 3626 943 virtu-

2026 994 2136 1038 tum
2166 997 2387 1038 suarum
2416 987 2616 1038 merito
2643 983 2904 1038 suscitata
2925 990 3009 1037 est
3039 984 3186 1055 (Act.
3219 984 3323 1053 ιιι).
3360 984 3466 1040 Ista
3496 990 3626 1039 sunt

2023 1077 2300 1134 caanacula
2325 1123 2339 1147 ,
2367 1077 2436 1136 de
2484 1078 2678 1148 quibus
2721 1078 2772 1131 in
2821 1077 3033 1147 psalmo
3064 1076 3329 1146 scriptum
3362 1087 3445 1131 est
3474 1093 3487 1130 :
3522 1075 3624 1145 Qui

2025 1171 2165 1242 rigat
2209 1178 2419 1225 montes
2461 1169 2531 1225 dc
2574 1169 2869 1225 cmuaculis
2912 1167 3021 1241 [ΑΙ.
3068 1166 3470 1238 superioribus]
3514 1168 3627 1225 suis

2026 1264 2199 1337 (Psal.
2226 1280 2339 1333 cut,
2372 1265 2483 1334 I5).
2515 1263 2628 1320 Nisi
2654 1264 2797 1319 enim
2822 1263 2942 1333 quis
2969 1276 3126 1319 mons
3173 1261 3336 1318 fuerit
3359 1260 3584 1317 cll‘ectus
3609 1304 3623 1330 ,

2023 1367 2079 1415 et
2106 1359 2171 1414 ad
2203 1360 2396 1416 altiora
2432 1360 2771 1426 surrexerit,
2804 1359 3012 1429 pluviis
3045 1358 3257 1413 Domini
3287 1372 3394 1413 nou
3431 1357 3628 1427 irriga-

2025 1455 2191 1522 bitur,
2223 1455 2315 1527 qui
2347 1470 2443 1527 pro
2474 1455 2797 1511 diversitate
2832 1453 3151 1509 meritorum
3181 1452 3249 1510 de
3283 1453 3460 1523 primo
3486 1496 3499 1520 ,
3536 1464 3625 1507 so-

2023 1548 2240 1614 cundo,
2276 1558 2329 1603 et
2376 1548 2539 1604 tertio
2588 1548 2850 1618 irrigatur
2898 1546 3200 1603 caenaculo.
3253 1545 3369 1617 Ipsa
3412 1558 3629 1616 quoque

2022 1643 2407 1716 gazophylacia
2429 1686 2444 1712 ,
2481 1644 2584 1699 hoc
2611 1652 2717 1711 est,
2752 1643 2996 1698 thesauri
3023 1658 3279 1713 gazarum
3310 1639 3522 1697 Domini
3567 1641 3619 1695 in

2024 1736 2403 1806 superioribus
2450 1736 2736 1791 humiliora
2784 1744 2912 1791 sunt
2964 1734 3184 1805 (Ephes.
3242 1733 3347 1806 ιιι).
3413 1734 3626 1803 Quanto

312 1825 480 1883 Unde
510 1838 563 1882 et
590 1827 853 1882 Dominus
883 1843 1216 1884 ascensurus
1242 1828 1308 1883 ad
1343 1828 1593 1895 Patrem,
1632 1828 1920 1898 Apostolo—
1953 1826 1994 1886 Β
2024 1828 2168 1884 enim
2205 1830 2324 1900 quis
2362 1830 2634 1885 excelsior
2665 1829 2850 1897 fuerit,
2889 1839 3040 1885 tanto
3069 1844 3191 1884 cum
3220 1828 3480 1901 Apostolo
3528 1828 3627 1883 ltu-

314 1938 443 1980 rum
461 1922 610 1978 lavat
636 1923 803 1995 pedes
824 1922 1000 1995 (Joan.
1033 1923 1172 1995 xut),
1199 1933 1256 1978 ut
1276 1924 1549 1979 mundatis
1575 1924 1924 1995 purgatisth

317 2014 575 2086 vestigiis
603 2016 870 2071 scandant
907 2032 1072 2088 regna
1104 2017 1366 2073 caelorum
1396 2036 1409 2073 :
1440 2027 1494 2072 et
1531 2018 1764 2087 imperat
1795 2031 1923 2087 apo-

315 2108 501 2176 stolis,
534 2119 593 2165 ut
626 2112 677 2165 in
700 2126 1098 2182 quamcumque
1131 2111 1359 2182 ingressi
1392 2110 1595 2166 fuerint
1620 2110 1919 2173 civitatem,

315 2212 373 2259 et
414 2218 524 2259 non
567 2206 910 2274 susceperint
954 2220 1083 2271 eos,
1117 2205 1399 2260 excutiant
1451 2204 1647 2274 pedum
1697 2219 1920 2259 suorum

315 2296 607 2368 pulverem
631 2295 847 2366 (Matth.
869 2314 921 2364 x;
938 2307 984 2352 et
1000 2296 1165 2353 Mare.
1187 2297 1262 2367 vt)
1285 2312 1422 2368 :quo
1436 2297 1643 2353 scilicet
1660 2296 1789 2351 nihil
1812 2314 1917 2351 mll-

316 2406 512 2446 nerum
535 2400 876 2447 terrenorum
892 2391 961 2448 ab
983 2392 1062 2447 eis
1077 2392 1219 2462 apud
1237 2406 1296 2447 se
1313 2406 1601 2447 remanere
1623 2395 1916 2461 patiantur.

312 2483 437 2541 Non
460 2486 641 2541 solum
683 2495 863 2542 autem
896 2487 1267 2556 pavimentum
1298 2495 1529 2542 stratqu
1560 2496 1677 2542 crat
1710 2486 1919 2555 lapide:

310 2577 413 2634 sed
438 2587 493 2633 et
517 2580 760 2650 porticus
788 2580 1111 2650 eratjuncta
1136 2580 1371 2657 porticui
1398 2580 1622 2650 triplici.
1649 2578 1766 2636 Una
1790 2580 1924 2635 Por-

310 2671 456 2731 ticus
488 2672 559 2728 ab
583 2671 755 2729 imbre
783 2684 835 2728 et
864 2681 1003 2728 aestu
1034 2680 1328 2744 protegens
1353 2673 1696 2739 sacerdotes,
1726 2672 1923 2743 etjun-

306 2776 397 2822 cta
444 2766 679 2838 porticui
729 2767 929 2838 triplici
972 2767 1319 2823 demonstrat
1372 2768 1696 2839 mysterium
1740 2767 1924 2823 Triui—

309 2860 469 2927 tatis,
498 2860 642 2931 quod
676 2875 798 2915 cum
836 2860 1011 2916 Patris
1045 2871 1099 2917 et
1126 2861 1272 2929 Filii,
1298 2871 1352 2917 et
1375 2862 1609 2932 Spiritus
1633 2862 1806 2917 sancti
1837 2862 1922 2917 di-

311 2956 536 3012 vidatur
559 2956 891 3023 nominibus,
920 2966 1099 3012 tamen
1126 2973 1231 3013 una
1253 2957 1357 3011 sibi
1380 2956 1663 3012 divinitate
1688 2957 1923 3027 conjun—

311 3051 488 3123 gitur.
519 3050 652 3106 Erat
680 3067 895 3123 quoque
920 3062 1047 3107 ante
1075 3052 1488 3123 gazophylacia,
1523 3053 1637 3106 sive
1664 3051 1919 3118 exedras,

312 3143 403 3199 vel
430 3142 726 3212 thalamos,
752 3144 1124 3201 deambulatio
1167 3144 1356 3200 decem
1402 3146 1711 3200 cubitorum
1740 3145 1924 3199 latitu-

2029 1920 2259 1976 militate
2290 1921 2561 1991 dejicitttr,
2595 1921 2822 1977 dicens:
2857 1920 2959 1989 Qui
2991 1936 3099 1976 nou
3145 1936 3265 1976 sum
3298 1920 3493 1990 dignus
3532 1935 3628 1975 vo-

2026 2014 2137 2070 cari
2195 2015 2520 2082 Apostolus,
2563 2015 2685 2085 quia
2765 2023 3083 2085 persecutus
3145 2029 3263 2070 sum
3320 2014 3618 2071 Ecclesium

2026 2108 2122 2166 Dei
2152 2108 2194 2182 (I
2218 2108 2336 2165 Cor.
2365 2126 2404 2178 ι,
2431 2109 2544 2181 95).
2583 2110 2758 2166 Erant
2787 2118 2968 2165 autem
3002 2110 3115 2180 ipsa
3156 2108 3541 2181 gazophylacia
3569 2108 3621 2163 iu

2025 2205 2321 2260 coauaculis
2380 2204 2711 2268 humiliora,
2762 2203 2887 2273 quia
2927 2203 3326 2273 supportabant
3380 2202 3623 2273 porticus

2026 2314 2147 2368 qua:
2175 2314 2241 2355 ex
2270 2300 2375 2354 illis
2407 2298 2721 2354 eminebant
2750 2298 2817 2354 de
2845 2298 3201 2355 inferioribus
3234 2309 3289 2355 et
3329 2298 3399 2355 de
3428 2298 3623 2356 mediis

2026 2391 2264 2447 :editicii.
2294 2391 2601 2462 Redditque
2646 2406 2837 2447 causas
2862 2408 2961 2448 cur
3003 2392 3394 2464 gazophylacia
3425 2393 3476 2446 in
3504 2407 3623 2448 eos-

2026 2484 2235 2539 naculis
2283 2485 2454 2555 posita
2483 2528 2497 2551 ,
2533 2484 2822 2541 humiliora
2876 2485 3101 2542 fuerint.
3151 2486 3289 2554 Quia
3322 2495 3619 2557 supporta-

2024 2582 2176 2649 bant,
2202 2582 2397 2652 inquit,
2420 2583 2681 2652 porticus,
2708 2584 3097 2655 qtunjibertate
3118 2584 3264 2639 aeris
3280 2583 3619 2650 fruebantur,

2026 2685 2081 2731 et
2133 2676 2448 2732 eminebant
2500 2676 2570 2731 de
2619 2676 2992 2743 inferioribus,
3041 2685 3096 2734 et
3149 2677 3215 2732 de
3269 2677 3464 2733 mediis
3494 2675 3619 2733 asdi'

2025 2768 2181 2824 ficii:
2230 2777 2291 2824 ut
2346 2762 2645 2825 secundum
2704 2771 3043 2827 cmnaculum
3102 2771 3413 2841 pavimento
3482 2770 3619 2827 info-

2025 2864 2191 2920 rioris
2240 2864 2400 2937 513
2439 2864 2634 2918 domus
2688 2874 2832 2919 esset
2885 2864 3244 2932 eminentius,
3289 2874 3343 2921 ct
3405 2865 3622 2919 tertium

2026 2959 2371 3015 cmnaculum
2398 2958 2643 3014 secundo
2673 2967 2820 3014 esset
2847 2960 3146 3027 excelsius,
3182 2969 3233 3015 et
3265 2968 3473 3029 quanto
3504 2960 3626 3029 quis

2027 3050 2094 3105 ad
2142 3053 2427 3123 superiora
2473 3052 2907 3119 conscenderet,
2944 3061 3098 3107 tanto
3149 3052 3331 3107 altiori
3379 3060 3624 3107 uteretur

2029 3146 2335 3213 caenaculo,
2369 3146 2513 3217 quod
2546 3146 2854 3201 humilitate
2884 3146 3189 3215 crescebat,
3242 3146 3458 3201 dicente
3502 3147 3623 3201 Βο-

315 3237 487 3304 diuis,
508 3236 577 3291 ad
600 3237 865 3293 interiora
890 3238 1189 3308 respiciens
1213 3239 1318 3292 via:
1341 3239 1507 3294 cubiti
1536 3238 1717 3294 unius.
1741 3237 1926 3304 Quod-
1952 3225 1996 3290 C
2031 3241 2183 3296 mino
2209 3258 2222 3295 :
2253 3240 2358 3309 Qui
2388 3242 2505 3297 vult
2537 3242 2678 3299 inter
2715 3256 2813 3296 vos
2854 3241 3029 3311 major
3050 3256 3193 3307 esse,
3244 3240 3337 3296 liat
3381 3241 3624 3295 omnium

317 3345 426 3403 que
468 3346 498 3385 a
540 3331 682 3388 LXX
730 3331 971 3387 additum
1020 3342 1146 3388 est:
1198 3332 1301 3388 Per
1331 3333 1532 3387 cubitos
1579 3331 1924 3403 longitudinis

321 3435 560 3492 centum,
594 3428 929 3498 superﬂuum
964 3438 1047 3483 est
1081 3445 1095 3483 :
1130 3428 1256 3499 quia
1289 3428 1343 3484 in
1389 3428 1657 3484 Hebraico
1689 3443 1796 3484 non
1831 3427 1926 3482 Ita-

320 3517 507 3589 betur,
536 3520 683 3590 quod
716 3533 981 3591 ponentes
1002 3564 1016 3587 ,
1045 3522 1283 3579 tulerunt
1336 3523 1388 3578 id
1419 3523 1562 3594 quod
1602 3523 1834 3579 habetur
1870 3523 1924 3578 in

323 3613 594 3681 IIebrtno,
646 3616 715 3669 ad
754 3616 1005 3670 interiora
1054 3618 1335 3688 respiciens
1366 3618 1474 3687 (via:
1526 3618 1684 3672 cubiti
1734 3619 1924 3686 unius,

325 3708 475 3780 quod
512 3724 613 3764 nos
653 3709 721 3763 de
753 3708 1020 3765 Hebraica
1051 3711 1279 3766 veritate
1312 3710 1723 3766 transtulimus.
1752 3711 1928 3781 Signi-

325 3804 458 3860 ﬁcat
493 3812 676 3860 autem
700 3846 715 3871 ,
746 3805 888 3876 quod
932 3815 1060 3861 ante
1102 3805 1248 3862 fores
1275 3806 1788 3879 gazophylaciorum
1817 3823 1932 3862 om-

327 3898 511 3966 nium,
541 3898 658 3955 sive
685 3899 1035 3967 exedrarum,
1061 3909 1116 3956 et
1144 3901 1506 3958 thalamorum
1555 3902 1720 3959 fuerit
1746 3903 1931 3958 deam-

329 3993 567 4061 bulatio,
593 3994 937 4052 latitudinem
972 3995 1178 4052 habens
1200 3998 1503 4055 cubitorum
1531 4000 1746 4063 decem,
1774 3999 1933 4071 512

331 4093 426 4164 qui
453 4101 510 4148 et
532 4094 647 4163 ipse
675 4094 946 4164 perfectus
970 4103 1057 4150 est
1084 4111 1344 4151 numerus
1362 4141 1375 4165 ,
1401 4096 1485 4151 vel
1510 4104 1734 4167 propter
1764 4097 1933 4150 Deca-

333 4186 545 4259 logum,
567 4187 652 4244 vel
686 4197 910 4259 propter
938 4189 1223 4259 Evangelii
1254 4199 1677 4245 sacramentum.
1707 4189 1762 4245 Si
1792 4189 1933 4244 enim

332 4282 409 4339 ab
439 4296 546 4338 uno
578 4297 676 4353 per
704 4281 844 4337 duos
883 4292 935 4337 et
984 4291 1094 4337 tres
1130 4283 1196 4336 ad
1225 4293 1478 4354 quartum
1508 4298 1795 4338 numerum
1843 4296 1937 4336 ve-

336 4376 507 4443 nias,
538 4374 862 4431 decenarius
907 4373 1012 4448 [AL
1061 4374 1341 4448 denarius]
1378 4375 1795 4446 Evangeliorum
1847 4391 1940 4429 nu-

337 4489 528 4531 merus
555 4472 833 4528 efficitur:
869 4472 921 4527 in
950 4470 1105 4541 cujus
1138 4471 1424 4527 latitudine
1475 4470 1828 4526 deambulant
1855 4484 1937 4524 sa-

341 4567 621 4637 cerdotes,
654 4575 783 4622 ante
810 4564 1026 4633 singula
1053 4566 1440 4638 gomphylacia
1486 4564 1835 4635 gradientes:
1869 4563 1939 4619 ita

2026 3335 2290 3391 minimus
2318 3336 2512 3410 (Marc.
2549 3354 2626 3403 tr,
2660 3337 2776 3399 54).
2809 3336 2995 3407 Neque
3029 3336 3170 3391 enim
3205 3336 3472 3391 columnis
3504 3337 3625 3389 aliis

2028 3432 2415 3500 portabantur,
2448 3432 2588 3485 sicut
2633 3432 2682 3485 in
2725 3432 2992 3485 atriorqu
3047 3429 3319 3483 columnis
3352 3428 3621 3498 legimus;

2028 3526 2128 3583 sed
2154 3525 2477 3582 eminebant
2501 3525 2569 3581 de
2601 3524 2958 3580 inferioribus
3002 3532 3057 3577 et
3086 3523 3153 3578 de
3185 3521 3382 3577 mediis
3409 3538 3437 3574 a
3484 3531 3627 3575 terra

2029 3620 2230 3677 cubitis
2276 3618 2699 3690 quinquaginta,
2738 3634 2970 3672 numero
3002 3613 3346 3671 remissionis
3387 3612 3629 3667 omnium

2030 3715 2364 3770 debitorum.
2397 3713 2526 3768 Ilrcc
2556 3722 2687 3767 sunt
2710 3720 2889 3767 autem
2920 3710 3164 3780 tristega,
3190 3709 3257 3765 de
3279 3709 3474 3778 quibus
3496 3721 3635 3776 prac-

2031 3810 2263 3878 cipitur:
2300 3808 2566 3865 Describe
2596 3823 2658 3861 ea
2686 3805 3000 3874 triplieiter,
3028 3803 3260 3859 consilio
3299 3812 3355 3858 et
3385 3801 3634 3864 scicntia,

2036 3915 2093 3959 ut
2126 3903 2465 3972 respondeas
2489 3900 2841 3955 sermonibus
2869 3896 3117 3953 veritatis
3151 3896 3237 3950 his
3279 3911 3400 3965 qum
3432 3907 3637 3965 propo—

2038 4008 2245 4054 nuntur
2275 3997 2376 4051 tibi
2410 3995 2590 4067 (Prov.
2624 4010 2761 4061 xxtt,
2794 3993 2888 4060 920,
2921 3992 3037 4061 21).
3090 3989 3355 4044 lnferiora
3388 3988 3554 4058 igitur
3583 3995 3640 4041 ct

2037 4092 2337 4153 exteriora,
2387 4088 2657 4144 columnis
2710 4085 2991 4155 indigent;
3045 4098 3166 4153 qua:
3215 4092 3395 4138 autem
3442 4078 3635 4133 altiora

2039 4193 2168 4240 sunt
2200 4193 2255 4239 et
2289 4182 2581 4247 interiora,
2614 4180 3016 4242 columnarum,
3049 4176 3099 4232 id
3135 4185 3241 4238 est,
3275 4171 3440 4228 alicui
3487 4171 3644 4226 ausi-

2042 4280 2099 4334 lii
2134 4294 2233 4334 usu
2260 4293 2368 4333 non
2399 4286 2590 4347 egent.
2617 4276 2745 4331 Post
2777 4274 2893 4328 haac
2919 4272 3154 4327 dicitur:
3184 4270 3248 4323 Et
3274 4268 3536 4339 peribolus
3556 4283 3645 4321 ex-

2041 4372 2203 4428 terior
2229 4371 2513 4426 secuudum
2539 4367 2943 4440 gazophylacia,
2980 4380 3096 4426 qua:
3118 4372 3267 4417 erant
3318 4362 3368 4415 in
3405 4360 3489 4414 via
3524 4359 3645 4413 atrii

2045 4464 2318 4519 exterioris
2352 4471 2472 4516 ante
2500 4459 2902 4534 gazOphylacia,
2933 4454 3203 4527 longitudo
3244 4456 3359 4526 ejus
3391 4452 3648 4522 quinqua-

2046 4558 2189 4628 ginta
2215 4554 2502 4610 cubitorum
2532 4570 2547 4607 :
2576 4554 2698 4623 quia
2727 4548 3001 4619 longitudo
3023 4556 3132 4601 erat
3154 4543 3648 4618 gazophylaciorum

341 4624 637 4721 dumtaxat
664 4670 721 4717 ttt
742 4676 963 4733 semper
982 4624 1331 4716 advinteriora
1360 4624 1657 4729 respiciant
1683 4660 1782 4714 via:
1803 4659 1941 4728 ejus,
1974 4624 2024 4685 D
2048 4650 2171 4705 atrii
2210 4648 2480 4704 exterioris
2521 4644 2900 4717 quinquaginta
2929 4641 3240 4706 cubitorum,
3287 4647 3351 4733 et
3378 4638 3651 4733 longitudo
3747 4712 3753 4717 _

343 4776 473 4833 qua:
511 4759 665 4816 ducit
710 4758 778 4813 ad
823 4757 1064 4814 cubitum
1097 4772 1296 4824 unum,
1339 4756 1405 4811 ad
1442 4755 1645 4810 cultum
1692 4754 1947 4810 videlicet

348 4855 513 4911 nius
543 4852 870 4918 divinitatis,
900 4851 1117 4907 dicente
1145 4850 1285 4906 Filio
1311 4849 1377 4905 ad
1406 4849 1619 4905 Patrem
1646 4867 1658 4902 :
1693 4847 1945 4903 Revelavi

346 4964 550 5009 nomen
576 4957 725 5002 tuum
748 4944 1061 5001 hominibus
1081 4944 1262 5017 (Joan.
1295 4959 1427 5009 xvu,
1452 4942 1529 5014 6).
1561 4942 1676 5012 Ipsa
1703 4940 1946 4995 estenim

350 5045 468 5111 via,
500 5043 764 5098 interiora
793 5039 1092 5110 respiciens
1116 5082 1130 5107 ,
1166 5055 1284 5109 qua:
1316 5038 1452 5094 dicit
1492 5038 1544 5093 in
1593 5035 1897 5105 Evangelio
1936 5052 1947 5087 :

354 5141 474 5212 Ego
495 5155 616 5196 sum
636 5139 748 5205 via,
770 5146 824 5193 et
852 5136 964 5192 vita
988 5175 1004 5203 ,
1033 5144 1088 5191 et
1119 5136 1320 5192 veritas
1344 5133 1523 5207 (Joan.
1551 5148 1664 5198 xxv,
1691 5131 1750 5201 6)
1779 5149 1791 5185 :
1824 5130 1950 5201 quia

352 5248 525 5292 nemo
579 5231 733 5289 venit
780 5230 848 5286 ad
888 5228 1140 5285 notitiam
1190 5226 1371 5283 Patris
1398 5272 1411 5294 ,
1456 5224 1561 5279 nisi
1599 5240 1695 5295 per
1739 5223 1953 5279 Filium.

354 5327 658 5398 Sequitur:
706 5323 770 5379 Et
813 5324 948 5378 ostia
987 5337 1164 5375 earum
1195 5319 1263 5373 ad
1291 5317 1637 5384 Aquilonem,
1684 5317 1771 5370 ubi
1810 5326 1956 5371 erant

355 5419 743 5496 gawphylacia
771 5418 825 5471 in
858 5413 1211 5488 superioribus
1239 5410 1557 5466 humiliora:
1587 5410 1711 5480 quia
1740 5424 1960 5480 suppor-

357 5518 538 5573 tabant
578 5514 811 5584 porticus
836 5527 948 5581 qua:
973 5526 1036 5564 ea:
1070 5507 1178 5563 illis
1206 5505 1501 5561 eminebant
1531 5503 1596 5558 de
1624 5502 1959 5575 inferioribus

360 5623 413 5670 et
439 5611 627 5666 mediis
656 5608 890 5678 artiﬁcii.
920 5605 1168 5673 Tristega
1194 5601 1343 5657 enim
1366 5607 1558 5667 erant,
1583 5597 1767 5670 etinon
1797 5596 1961 5653 habe—

360 5709 500 5766 bant
550 5704 839 5762 columnas
903 5700 1045 5756 sicut
1100 5704 1259 5754 erant
1314 5694 1581 5751 columna:
1637 5690 1901 5746 atriorum
1947 5707 1960 5744 :

366 5809 663 5875 propterea
690 5797 1007 5857 eminebant
1045 5796 1113 5851 tle
1140 5789 1495 5849 inferioribus
1533 5796 1588 5844 et
1617 5787 1686 5843 de
1712 5785 1909 5842 mediis
1933 5802 1965 5841 a

370 5906 515 5955 terra
541 5893 747 5954 cubitis
772 5889 1179 5965 quinquaginta.
1212 5882 1366 5955 Quod
1398 5881 1646 5956 jungitur
1675 5898 1687 5934 :
1718 5883 1850 5935 ostia
1881 5894 1970 5936 ea-

2051 4752 2173 4797 ante
2229 4742 2416 4813 faciem
2470 4738 2682 4808 templi,
2716 4746 2920 4789 centum
2971 4734 3283 4788 cubitorum.
3344 4732 3650 4799 Pcribolus,

2051 4852 2257 4892 murum
2285 4833 2563 4905 signiﬁcat
2591 4831 2683 4901 qui
2712 4840 2831 4885 erat
2869 4828 3139 4895 exterior,
3191 4838 3246 4881 et
3276 4828 3527 4898 cingebat
3559 4843 3653 4897 ga-

2054 4929 2390 5001 zophylacia
2428 4928 2481 4981 in
2525 4927 2614 4980 via
2646 4924 2770 4979 atrii
2800 4922 3121 4989 exterioris,
3152 4920 3360 4976 habens
3388 4922 3439 4975 in
3486 4920 3659 4989 longi-

2058 5024 2251 5079 tudine
2284 5018 2680 5092 quinquaginta
2710 5016 2960 5072 cubitos:
2997 5015 3066 5069 de
3108 5013 3266 5083 cujus
3307 5012 3521 5067 numeri
3574 5025 3653 5065 sa-

2056 5123 2347 5171 cramento
2377 5112 2577 5169 crebro
2605 5109 2863 5165 diximus.
2894 5107 3068 5161 Porro
3098 5103 3386 5174 longitudo
3415 5111 3546 5158 ante
3581 5101 3659 5156 fa-

2058 5184 2461 5276 ciemtempli,
2515 5216 2859 5274 nequaquam
2908 5198 3299 5271 quinquaginta
3352 5196 3658 5251 cubitorum

2061 5312 2211 5370 erat,
2236 5311 2297 5356 ut
2320 5308 2451 5356 ante
2477 5296 2870 5369 gazOphylacia
2892 5312 2908 5361 ;
2933 5294 3027 5350 sed
3063 5303 3281 5349 centum
3319 5290 3657 5346 cubitorum:

2065 5412 2121 5457 ut
2155 5409 2281 5471 post
2312 5395 2696 5454 remissionem
2728 5392 2970 5448 omnium
3003 5399 3349 5461 peccatorum
3375 5428 3388 5449 ,
3419 5385 3659 5458 perfecta

2066 5494 2297 5567 praemia
2325 5494 2377 5547 in
2421 5490 2739 5547 centenario
2788 5502 3019 5542 numero
3049 5485 3438 5556 prmstolemur
3468 5481 3661 5553 (Leuit.

2066 5588 2191 5661 xu).
2227 5588 2334 5644 Pro
2360 5587 2618 5661 peribolo,
2649 5586 2765 5643 sive
2794 5600 2965 5649 muro,
2992 5582 3138 5653 quod
3168 5577 3438 5636 chraice
3468 5577 3664 5633 dicitur

2067 5700 2244 5744 canna
2274 5683 2443 5756 (Tu),
2474 5679 2617 5737 LXX
2644 5682 2819 5735 lumen
2848 5675 3193 5748 interpretati
3220 5682 3369 5741 sunt,
3396 5672 3539 5745 quod
3566 5687 3662 5728 vo-

2069 5780 2152 5836 nit
2176 5778 2561 5843 extrinsecus,
2592 5783 2650 5831 et
2692 5772 2965 5829 illuminat
2994 5770 3183 5828 cordis
3222 5768 3398 5827 nostri
3429 5766 3657 5823 oculos:

2072 5891 2179 5933 non
2208 5873 2515 5933 sufficiente
2543 5879 2738 5929 natura
2763 5868 2937 5928 nostri
2960 5867 3203 5940 luminis,
3234 5863 3380 5940 quod
3407 5870 3660 5923 versatur
