4054 6324
503 283 602 338 ιιι

1752 279 1807 334 S.
1855 273 2126 335 EUSEBII
2169 271 2549 332 HIERONYMI
3668 276 3761 334 ΜΞ

503 404 558 459 in
588 418 774 466 sensu,
809 399 1114 472 perfectum
1141 397 1384 453 scientiae
1419 398 1625 452 habere
1650 395 1916 467 fulgorem
1938 438 1950 459 ,
1997 395 2100 450 nisi
2139 400 2173 454 .‘i
2209 395 2354 448 vesci
2388 394 2768 451 sacerdotibus
2800 396 2949 466 licet,
2982 397 3064 454 vel
3095 412 3203 453 non
3237 395 3384 460 licet,
3431 397 3563 454 etde
3593 399 3666 455 his
3691 401 3762 472 ip-

506 496 848 551 cxtrinsccus
871 508 968 563 per
1000 491 1093 546 Dei
1126 491 1359 563 gratiam
1393 490 1652 546 introeat.
1687 490 1839 558 Quod
1869 491 2100 560 primum

507 586 697 642 oculos
731 583 902 640 nostri
945 583 1132 638 cordis
1167 581 1460 650 illuminat,
1495 591 1551 636 et
1581 595 1740 634 omne
1767 581 1970 634 atrium
2003 595 2099 634 ex-

513 679 704 742 terius,
735 675 876 748 quod
910 677 1308 747 quinquaginta
1334 675 1640 729 cubitorum
1675 672 1960 728 latitudine
1985 680 2102 727 ten-

514 771 684 836 ditur,
741 769 871 826 facit
913 768 1245 824 clarescere.
1311 768 1512 823 Poswa
1564 780 1696 821 veto
1725 781 1846 820 cum
1876 765 2098 820 veneri-

514 879 634 919 mus
684 868 812 918 ante
860 863 1050 918 faciem
1108 861 1332 931 templi,
1387 860 1626 931 perfecta
1679 859 1731 914 in
1780 859 2102 915 centenario

508 975 739 1014 numero
792 958 1120 1026 recipiemus
1188 956 1429 1026 praemia.
1485 955 1615 1010 Erat
1669 963 1853 1009 autem
1915 955 2104 1009 subter

509 1052 895 1126 gazophylacia
929 1051 1185 1105 introitus
1217 1049 1285 1103 ab
1312 1049 1536 1104 Oriente
1579 1048 2000 1119 ingredientium
2049 1047 2101 1102 in

506 1161 570 1200 ea
601 1147 670 1200 de
697 1143 840 1199 atrio
885 1141 1170 1199 exteriori.
1217 1143 1448 1212 Oportet
1479 1142 1622 1196 enim
1659 1141 1754 1195 Dei
1792 1155 1891 1194 nos
1926 1139 2104 1210 possi-

513 1237 644 1293 dere
676 1237 918 1303 divitias,
951 1245 1006 1290 et
1031 1235 1098 1290 de
1121 1236 1267 1290 atrio
1295 1234 1553 1290 exteriori
1578 1232 2104 1304 subtergazophyia-

511 1331 595 1385 cia
623 1329 864 1385 Orientis
895 1329 1176 1382 introitum
1215 1326 1482 1396 reperire,
1513 1337 1568 1380 et
1613 1342 1714 1394 per
1761 1325 2101 1380 latitudinem

509 1423 770 1496 pcriholi,
822 1421 916 1493 qui
970 1422 1199 1492 respicit
1241 1421 1382 1474 viam
1428 1420 1694 1488 Orientis,
1723 1420 1910 1476 venire
1941 1417 2106 1492 51‘

511 1521 576 1573 ad
610 1517 900 1573 auliiiciutn
932 1515 1074 1587 quod
1103 1516 1308 1570 sanctis
1331 1523 1414 1570 est.
1443 1525 1782 1583 separatum,
1814 1526 1937 1568 ante
1962 1513 2103 1582 quod

511 1623 635 1669 sunt
682 1611 1092 1683 gazOpbyiacia,
1129 1619 1184 1666 et
1235 1611 1286 1664 in
1318 1612 1432 1682 ipsa
1479 1611 1565 1665 via
1599 1609 1902 1666 similitudo
1940 1625 2102 1680 gazo-

513 1707 917 1780 phylaciorum,
973 1719 1095 1773 qua:
1143 1713 1300 1758 erant
1356 1704 1408 1758 in
1459 1703 1544 1758 via
1583 1702 1899 1774 Aquilonis.
1955 1701 2106 1757 Licet

2206 487 2280 544 sis
2305 503 2443 557 quos
2466 488 2595 543 licet
2625 487 2675 543 in
2706 488 2860 544 cibos
2891 506 3130 557 sumere,
3159 504 3264 544 non
3311 489 3360 544 in
3410 491 3645 547 omnibus
3688 509 3766 549 su-

2210 589 2436 636 muntur
2464 580 2622 648 locis,
2655 598 2756 637 nec
2796 581 2863 637 ab
2891 583 3170 650 omnibus,
3207 597 3307 637 nec
3336 582 3478 638 omni
3519 594 3762 654 tempore.

2205 673 2607 746 Gamphylaeia
2641 673 2928 745 Aquilonis
2966 675 3155 731 Austri
3209 683 3338 746 puto
3369 690 3508 742 esse,
3552 692 3662 746 qua:
3690 679 3766 733 vel

2209 768 2456 824 historiae
2487 770 2812 825 contineant
2867 769 3298 842 simplicitatem,
3350 771 3436 825 vel
3490 772 3770 842 spiritualis

2207 863 2580 935 intelligentia
2608 875 2980 930 sacramenta,
3033 877 3092 922 ut
3122 882 3217 935 per
3251 865 3565 936 Aquilonem
3605 868 3770 922 venia-

2207 973 2325 1012 mus
2356 957 2420 1012 ad
2453 957 2759 1013 Meridiem.
2818 957 3003 1029 Neque
3047 961 3190 1014 enim
3235 957 3311 1015 sic
3341 959 3562 1030 legenda
3591 969 3670 1016 est
3695 959 3774 1016 iit-

2207 1060 2343 1118 tera,
2375 1064 2426 1106 et
2458 1051 2704 1107 historitc
2733 1052 3084 1110 fundamenta
3105 1053 3377 1122 jacienda,
3401 1062 3460 1106 ut
3483 1069 3584 1108 non
3604 1055 3772 1109 venia-

2205 1161 2324 1201 mus
2355 1145 2419 1199 ad
2448 1145 2724 1210 eulmina;
2753 1161 2853 1200 nec
2885 1148 2955 1200 ita
2979 1146 3350 1216 pulcherrimo
3380 1145 3608 1201 mdiiicio
3641 1155 3772 1202 tecta

2207 1239 2456 1308 ponenda
2518 1249 2574 1292 ut
2627 1254 2975 1310 nequaquam
3039 1237 3388 1296 fundamenta
3446 1239 3552 1293 sint
3596 1238 3774 1294 solida.

2207 1329 2534 1386 Sacerdotes
2565 1337 2744 1385 autem
2773 1331 2864 1401 qui
2897 1340 3192 1386 vescuntur
3220 1330 3273 1385 in
3302 1329 3564 1398 cellariis,
3595 1330 3645 1386 in
3673 1331 3780 1403 qui-

2205 1429 2306 1484 bus
2330 1429 2514 1484 multa:
2545 1428 2746 1483 divitia-
2775 1427 3154 1493 continentur,
3185 1429 3288 1500 ipsi
3323 1435 3450 1484 sunt
3474 1429 3559 1498 qui
3597 1443 3780 1499 appro-

2206 1524 2468 1592 pinquant
2499 1522 2564 1576 ad
2602 1523 2892 1578 Dominum
2917 1541 2928 1575 :
2957 1520 3027 1577 de
3054 1521 3252 1592 quibus
3277 1520 3554 1590 Scriptura
3571 1528 3782 1576 testatur

2208 1615 2406 1684 (Exod.
2437 1617 2621 1686 xxrv),
2650 1617 2795 1688 quod
2827 1615 3040 1688 Moyses
3061 1615 3572 1685 appropinquaverit
3595 1614 3657 1668 ad
3689 1612 3784 1667 Do-

2207 1710 2410 1764 minum
2430 1752 2444 1777 ,
2475 1721 2529 1766 et
2561 1711 2748 1765 caeteri
2805 1709 3071 1765 accedere
3099 1725 3204 1764 non
3236 1710 3535 1780 potuerint.
3566 1707 3619 1764 In
3662 1707 3783 1762 redi.

511 1803 654 1858 enim
713 1801 782 1855 ad
829 1797 1075 1854 Orientis
1121 1797 1506 1868 perveniamus
1555 1796 1874 1863 introitum,
1919 1805 2102 1851 tamen
2136 1795 2178 1857 Β
2211 1803 2466 1860 ncatione
2495 1804 2681 1875 templi
2716 1803 2956 1876 mystici,
2985 1811 3042 1858 et
3080 1802 3132 1856 in
3161 1800 3426 1858 Ecclesiae
3459 1811 3784 1857 sacramento

511 1891 814 1948 similitudo
860 1890 1126 1960 majorum
1162 1901 1244 1944 est
1295 1889 1347 1944 in
1382 1888 1715 1952 minoribus,
1748 1897 1805 1944 et
1836 1902 1944 1942 non
1981 1901 2105 1956 pos-

513 2003 703 2043 sumus
751 1986 817 2040 ad
860 1985 1102 2040 Orientis
1135 1984 1424 2052 pervrnire
1455 1986 1664 2048 lumen,
1698 1982 1800 2038 nisi
1833 1997 1930 2052 per
1964 1982 2102 2035 viam

512 2080 824 2151 Aquilonis,
863 2078 913 2133 id
962 2087 1068 2143 est,
1108 2091 1203 2145 per
1235 2076 1445 2130 minora
1475 2086 1528 2131 et
1561 2075 1849 2130 humiliora
1877 2073 1942 2128 ad
1993 2088 2107 2128 ma-

507 2182 628 2245 jora
674 2183 731 2230 et
772 2173 972 2228 altiora
1028 2169 1341 2226 tendamus.
1396 2170 1452 2224 lu
1505 2169 1624 2237 ipso
1652 2179 1833 2223 autem
1880 2167 2104 2222 introitu

511 2265 796 2337 longitudo
850 2271 972 2320 erat
1017 2261 1219 2318 similis
1272 2261 1600 2328 latitudinis,
1664 2261 1714 2316 id
1745 2269 1864 2327 est,
1914 2259 2104 2315 eadem

514 2375 770 2416 mensura
803 2373 900 2429 per
926 2356 1227 2428 quadrum:
1257 2357 1546 2427 omnisque
1571 2356 1855 2428 ingressus
1878 2363 1935 2410 et
1957 2353 2106 2408 simi-

514 2453 806 2518 litudines,
855 2461 912 2507 et
958 2454 1100 2510 ostia
1156 2452 1406 2509 eamdem
1467 2450 1742 2505 habebant
1794 2462 2105 2504 mensuram

513 2557 568 2604 et
597 2547 1018 2604 similitudinem
1069 2565 1232 2621 quam
1282 2545 1670 2617 gazophylacia
1703 2559 1823 2615 quat
1864 2556 2018 2599 erant
2050 2542 2105 2597 in

511 2641 596 2696 via
651 2643 986 2712 respiciente
1012 2643 1080 2697 ad
1109 2643 1394 2698 Austrum.
1439 2640 1543 2693 Per
1572 2637 1856 2694 Orientem
1906 2635 2108 2707 quippe

514 2735 805 2806 Aquilonis
853 2735 1055 2806 frigora
1129 2737 1575 2806 restinguentes,
1632 2729 1978 2802 pervenimus
2039 2727 2107 2784 ad

512 2831 801 2896 Austrum,
831 2829 888 2883 in
919 2843 1030 2899 quo
1054 2843 1289 2899 sponsus
1319 2827 1544 2883 recubat
1574 2825 1630 2879 in
1659 2821 1912 2888 meridie,
1952 2831 2006 2877 et
2051 2822 2104 2876 in

514 2923 678 2993 pleno
719 2926 974 2978 versatur
1021 2924 1252 2978 lumine.
1288 2921 1345 2977 In
1395 2918 1576 2988 capite
1629 2927 1810 2973 autem
1859 2915 2104 2986 ejusdem

512 3018 636 3084 viae,
673 3015 778 3071 hoc
804 3027 913 3082 est,
943 3015 1268 3082 Orientalis,
1305 3031 1427 3084 quia
1463 3019 1614 3083 patet
1643 3009 2104 3082 ingredientibus,

515 3108 718 3163 ostium
746 3116 852 3173 est,
881 3110 1026 3180 quod
1061 3109 1164 3163 nisi
1205 3117 1460 3178 apertum
1493 3104 1654 3160 fuerit
1702 3107 1771 3158 ab
1801 3118 1870 3160 eo
1901 3103 1989 3173 qui
2017 3103 2104 3158 di—

2211 1897 2365 1952 niulti
2400 1903 2526 1951 sunt
2549 1895 2867 1952 sacerdotes
2901 1905 2956 1950 et
2987 1895 3275 1966 apostolici
3299 1894 3401 1950 viri
3434 1893 3791 1965 quiacceduot

2208 1991 2272 2045 ad
2303 1989 2615 2057 Dominum,
2641 2002 2691 2047 et
2729 2005 2834 2046 non
2865 1991 2916 2045 in
2950 1989 3194 2061 quolibet
3217 1989 3363 2054 loco,
3395 1985 3491 2043 sed
3531 1991 3580 2041 in
3610 1997 3788 2042 sancto

2209 2093 2548 2139 sanctorum.
2583 2084 2852 2154 Quodque
2898 2082 3051 2154 juxta
3090 2081 3232 2137 LXX
3261 2080 3506 2137 dicitur:
3551 2080 3674 2135 Filii
3702 2081 3792 2134 Sa-

2209 2175 2326 2243 doc,
2363 2178 2455 2246 qui
2493 2177 2899 2247 interpretatur
2918 2181 3119 2252 justus,
3146 2177 3197 2230 in
3230 2175 3502 2232 liebraico
3551 2191 3655 2230 non
3703 2175 3794 2230 ba-

2209 2269 2390 2323 betur.
2428 2267 2526 2338 Ibi,
2562 2269 2759 2340 inquit,
2793 2270 3108 2325 sacerdotes
3131 2279 3339 2340 ponent
3367 2278 3556 2324 sancta
3591 2277 3796 2322 sancto-

2212 2377 2354 2429 rum,
2389 2369 2446 2416 et
2472 2361 2830 2429 oblationem,
2858 2359 2960 2417 hoc
2993 2371 3099 2428 est,
3143 2361 3429 2418 victimam
3482 2358 3793 2428 hoiocausti,

2211 2463 2264 2512 ct
2295 2471 2393 2525 pro
2418 2463 2667 2525 peccato,
2701 2468 2753 2511 et
2789 2471 2886 2526 pro
2911 2455 3216 2527 ignorantia
3243 2477 3254 2512 :
3289 2465 3350 2512 ut
3381 2472 3493 2513 non
3523 2455 3797 2527 solumju-

2211 2562 2275 2616 ge
2302 2545 2534 2624 oil'erant
2567 2547 2925 2615 sacriﬁcium,
2963 2547 3058 2604 sed
3099 2563 3197 2618 pro
3229 2547 3556 2603 diversitate
3598 2559 3796 2614 tempo-

2212 2655 2352 2703 rum,
2383 2641 2721 2708 ctqualitate
2765 2641 3004 2710 peccati,
3039 2651 3201 2712 atque
3235 2641 3590 2714 ignorantia},
3635 2640 3801 2696 sciant

2213 2733 2429 2802 placare
2461 2733 2778 2796 Dominum,
2811 2734 2935 2804 quia
2985 2735 3098 2804 ipse
3151 2735 3304 2789 locus
3336 2742 3566 2790 sanctus
3618 2742 3720 2800 est,
3752 2741 3800 2788 et

2211 2828 2570 2883 sacerdotalis
2600 2829 2652 2882 in
2674 2841 2739 2883 eo
2768 2828 3007 2898 dignitas
3038 2835 3439 2893 eomtnoratur,
3469 2843 3594 2897 qua:
3643 2824 3802 2897 possit

2213 2935 2405 2992 rogare
2435 2937 2532 2992 pro
2560 2922 2796 2977 caeteris.
2822 2921 3050 2988 Quando
3079 2929 3263 2976 autem
3291 2921 3700 2992 procedendum
3728 2926 3807 2975 est

2211 3015 2279 3070 ad
2311 3029 2431 3080 eos,
2484 3016 2574 3085 qui
2633 3030 2740 3070 non
2777 3023 3001 3086 pOSSltnl
3063 3013 3254 3082 templi
3287 3013 3456 3088 adyta
3506 3025 3805 3086 penetrare,

2213 3124 2312 3163 nec
2343 3108 2543 3164 divina:
2593 3109 2837 3164 scientia:
2869 3123 3064 3162 arcana
3117 3111 3497 3178 cognoscere:
3534 3105 3808 3175 egredian-

509 3203 614 3256 cit:
645 3200 758 3272 Ego
782 3220 894 3257 sum
923 3205 1110 3258 ostium
1139 3201 1318 3274 (Joan.
1349 3217 1404 3270 ι,
1431 3199 1488 3270 9)
1511 3207 1567 3254 et
1594 3199 1684 3270 qui
1710 3197 1871 3254 habet
1896 3196 2103 3256 clavem
2131 3195 2177 3260 C
2214 3217 2317 3268 tur,
2358 3207 2555 3273 inquit,
2593 3207 2737 3259 foras
2765 3203 2828 3259 ad
2861 3219 2954 3258 eos
2995 3203 3314 3258 sacerdotes
3348 3203 3404 3258 in
3437 3201 3642 3258 θιι-ὶιιιη
3675 3207 3812 3255 oue-

515 3296 708 3363 David,
743 3298 808 3353 ad
836 3299 1170 3353 vestibulum
1202 3304 1518 3352 sanctorum
1545 3294 1848 3350 virtutibus
1885 3305 2106 3363 separa-

533 3407 646 3459 um,
672 3403 724 3446 et
748 3393 892 3463 quod
921 3394 988 3447 ab
1006 3393 1280 3463 Aquilone
1295 3393 1576 3446 venientes
1592 3391 1839 3458 suscipit,
1855 3404 1960 3442 non
1983 3402 2108 3458 pos-

512 3500 702 3539 sumus
734 3487 1024 3555 pervenire
1053 3485 1190 3557 (Isa.
1225 3487 1383 3557 uti).
1430 3483 1780 3554 Superiluutn
1833 3491 1916 3538 est
1953 3483 2105 3550 juxta

511 3580 654 3635 LXX
705 3581 918 3652 singula
951 3582 1054 3636 loci
1090 3581 1248 3649 hujus
1299 3580 1463 3635 verba
1519 3579 1796 3633 disserere
1840 3592 2008 3631 :cum
2053 3583 2107 3629 et

515 3675 631 3728 haec
654 3689 776 3744 quae
805 3674 948 3728 dicta
979 3684 1128 3738 sunt,
1154 3673 1492 3728 obscuritate
1519 3687 1628 3726 non
1661 3679 1912 3735 careant,
1941 3677 1996 3723 et
2019 3667 2106 3721 illa

519 3781 642 3836 quas
699 3767 1020 3831 retieemus,
1077 3765 1275 3820 similia
1337 3780 1504 3835 prope
1545 3765 1652 3818 sint
1708 3763 1792 3818 his
1849 3776 1972 3832 quas
2028 3760 2108 3814 di-

516 3858 718 3912 ximus.

588 3950 766 4018 (Vers.
818 3951 907 4018 i5,
949 3949 1064 4022 14.)
1120 3949 1191 4003 Et
1241 3949 1374 4004 dixit
1427 3949 1494 4002 ad
1545 3963 1664 4002 me:
1717 3945 2108 4018 Cazopltylacia

519 4044 789 4108 Aquilonis
809 4085 824 4109 ,
855 4054 904 4098 et
931 4043 1309 4114 gazOpltylacia
1333 4042 1510 4096 Austri
1537 4058 1653 4112 qua’
1678 4050 1798 4094 sunt
1834 4048 1955 4093 ante
1980 4037 2109 4091 tedi-

518 4137 697 4203 ﬁcium
747 4145 1062 4208 separatum,
1112 4137 1220 4189 lucc
1251 4145 1370 4189 sunt
1416 4134 1795 4205 gazophylacia
1841 4142 2025 4186 sancta
2056 4133 2110 4184 in

514 4229 701 4299 quibus
721 4229 1316 4290 ttescutttur,sacerdotes
1345 4231 1432 4300 qui
1461 4229 1878 4300 appropinquant
1903 4227 1972 4280 ad
1993 4224 2105 4279 Do-

519 4323 714 4376 minum
738 4322 794 4376 in
824 4331 1008 4376 sancta
1039 4333 1355 4377 sanctorum.
1384 4320 1468 4374 lbi
1494 4332 1683 4389 ponent
1704 4330 1886 4374 sancta
1913 4328 2111 4374 sancto-

518 4431 654 4479 rum,
689 4423 734 4468 et
769 4415 1078 4470 oblationem
1123 4432 1216 4487 pro
1265 4425 1474 4485 peccato
1520 4425 1568 4469 et
1593 4430 1688 4485 pro
1717 4414 1935 4468 delicto:
1967 4412 2110 4467 locus

519 4509 656 4562 enim
680 4519 892 4564 sanctus
917 4521 1010 4565 est.
1042 4509 1172 4565 Cum
1204 4520 1376 4563 autem
1398 4511 1616 4581 ingressi
1656 4511 1848 4579 fuerint
1872 4510 2111 4564 sacerdo-

2213 3301 2356 3355 t'ius:
2391 3315 2728 3370 nequaquam
2759 3314 2880 3352 eum
2915 3297 2996 3352 his
3017 3297 3366 3352 vestimentis
3395 3296 3597 3368 quibus
3630 3293 3811 3348 intrin-

2212 3409 2370 3449 secus
2398 3393 2574 3448 induti
2606 3404 2786 3459 erant,
2833 3392 3045 3446 viscera
3089 3391 3350 3447 videlicet
3396 3387 3812 3458 misericordite,

2218 3495 2273 3542 et
2309 3487 2595 3540 Dotninum
2645 3485 3023 3548 Salvatorem,
3057 3484 3124 3539 de
3151 3485 3356 3555 quibus
3389 3487 3660 3557 scriptum
3704 3489 3813 3536 est:

2215 3579 2498 3634 Induimini
2519 3577 2807 3634 Dominum
2830 3579 3014 3632 .lesnm
3034 3577 3319 3632 Christum
3348 3578 3539 3646 (Rom.
3568 3592 3685 3644 xtn,
3710 3571 3814 3647 M);

2213 3686 2311 3725 nec
2369 3671 2451 3723 his
2505 3679 2724 3724 utantur
2775 3669 3152 3733 sermonibus,
3209 3670 3276 3725 de
3310 3670 3524 3740 quibus
3577 3669 3814 3739 loquitur

2213 3764 2386 3816 Deus:
2423 3763 2744 3833 Mysterium
2777 3777 2958 3816 meum
2991 3761 3118 3815 mihi
3151 3769 3207 3816 et
3235 3763 3416 3817 meis:
3453 3777 3523 3818 ne
3549 3762 3824 3816 incurrant

2215 3861 2267 3913 in
2305 3859 2433 3913 illud
2458 3860 2602 3928 quod
2626 3860 2874 3915 Salvator
2901 3859 3177 3929 prohibet,
3209 3857 3406 3913 dicens
3433 3875 3454 3913 :
3486 3857 3670 3914 Nolite
3696 3857 3821 3909 dare

2212 3961 2463 4008 sanetum
2513 3953 2775 4017 canibus,
2825 3967 2926 4008 nec
2971 3951 3272 4024 projiciatis
3321 3951 3662 4021 margaritas
3704 3955 3823 4002 ante

2215 4060 2409 4116 porcos
2432 4044 2646 4116 (Matth.
2677 4061 2770 4111 vn,
2805 4045 2886 4116 6).
2923 4045 3033 4101 Sed
3062 4053 3272 4116 ponent
3299 4046 3639 4100 vestimenta
3669 4035 3824 4115 516

2214 4155 2309 4196 sua
2359 4141 2734 4205 intrinsecus,
2787 4141 2984 4210 quibus
3017 4140 3339 4206 induuntur,
3395 4137 3626 4211 quando
3667 4133 3825 4192 mini-

2213 4247 2385 4290 strant
2409 4235 2465 4289 iu
2493 4236 2680 4305 templi
2713 4234 2925 4305 adytis;
2959 4243 3147 4287 sancta
3180 4233 3326 4288 enim
3363 4242 3523 4301 sunt,
3559 4247 3614 4287 et
3638 4231 3703 4286 ad
3733 4241 3826 4284 eos

2215 4332 2304 4398 qui
2333 4330 2628 4399 perfectam
2656 4343 2762 4385 non
2817 4328 3018 4384 habent
3048 4328 3409 4383 sanctitatem
3435 4371 3448 4394 ,
3490 4345 3606 4384 non
3635 4323 3831 4383 debent

2217 4425 2456 4495 proferri
2487 4443 2500 4478 :
2530 4424 2910 4495 accipiantque
2941 4423 3049 4478 alia
3096 4424 3457 4488 vestimenta,
3494 4433 3551 4478 et
3601 4423 3681 4477 sic
3715 4431 3832 4489 pro-

2217 4518 2411 4574 cedcnt
2436 4518 2500 4572 ad
2535 4518 2816 4585 populum.
2845 4516 2958 4580 Sic,
2991 4516 3188 4587 inquit,
3221 4515 3529 4586 loquentur
3560 4515 3628 4570 ad
3663 4527 3831 4586 popu-

519 4611 614 4670 tes,
650 4618 750 4656 non
776 4604 1099 4673 egrediantur
1123 4605 1186 4658 de
1215 4606 1407 4659 sanctis
1436 4606 1491 4658 iu
1537 4604 1732 4657 atrium
1767 4605 2014 4670 exterius,
2060 4614 2107 4659 et
2136 4599 2190 4660 Ι)
2216 4611 2352 4679 lum,
2387 4611 2662 4680 quomodo
2690 4617 2870 4678 potest
2899 4609 3094 4664 audire
3119 4610 3374 4680 populus.
3418 4609 3581 4666 Unde,
3611 4615 3664 4665 et
3687 4607 3830 4676 Apo-

519 4695 590 4748 ibi
615 4709 864 4765 reponem
895 4699 1194 4751 vestimenta
1225 4714 1318 4750 sua
1347 4699 1400 4751 iu
1429 4698 1616 4768 quibus
1649 4697 1961 4762 ministrant,
1994 4698 2112 4766 quia

517 4797 698 4842 sancta
724 4800 884 4843 sunt:
913 4791 1289 4859 vestientur-que
1317 4792 1622 4845 vestimenti;
1654 4789 1794 4858 aliis,
1826 4800 1873 4844 et
1899 4791 1972 4844 sic
1993 4805 2114 4860 pro-

521 4881 703 4936 cedeut
753 4881 822 4934 ad
849 4884 1122 4952 populum.
1178 4884 1271 4938 Vir
1306 4884 1398 4938 ille
1451 4885 1544 4954 qui
1595 4885 1792 4938 ductor
1833 4882 2113 4952 prapheta:

520 4975 646 5038 t'uit,
709 4983 998 5044 postquam
1030 4990 1152 5029 eum
1205 4975 1360 5029 duxit
1405 4976 1459 5028 in
1503 4975 1705 5028 atrium
1752 4974 2022 5041 exterius,
2058 4982 2116 5027 et

523 5066 853 5121 monstravit
905 5067 1088 5122 omnia
1119 5081 1242 5137 qua:
1273 5068 1590 5137 prasteritus
1622 5081 1808 5121 sermo
1852 5065 2112 5132 narravit,

517 5160 912 5234 gamphylacia
943 5176 1185 5230 quoque,
1229 5163 1346 5216 sive
1377 5163 1630 5226 exedras,
1665 5161 1720 5215 in
1750 5161 1949 5230 quibus
1994 5160 2114 5214 diu-

521 5257 733 5311 tissime
763 5265 1138 5310 commoratus
1169 5267 1282 5322 est,
1319 5257 1458 5310 dixit
1488 5257 1554 5310 ad
1601 5270 1726 5309 eum
1759 5273 1770 5306 :
1810 5256 1932 5309 ilice
1983 5263 2113 5308 sunt

517 5349 928 5422 gazophylaeia,
986 5351 1070 5402 vel
1105 5349 1351 5413 exedrte,
1407 5349 1744 5418 thalamique
1790 5347 1858 5402 ad
1891 5345 2114 5416 Aquilo-

519 5457 640 5496 nem
674 5452 728 5498 et
755 5444 820 5497 ad
854 5443 1141 5511 Austrum,
1169 5459 1288 5513 qua:
1319 5453 1447 5499 sunt
1475 5452 1605 5499 ante
1633 5441 1922 5496 aedilicium
1954 5455 2110 5509 sepa-

516 5541 714 5597 ratum,
749 5536 1390 5605 etappellantursancta
1417 5533 1838 5605 gazophylacia,
1891 5531 1946 5586 in
1991 5532 2108 5601 qni-

517 5624 618 5680 bus
664 5639 961 5682 vescuntur
1010 5629 1360 5693 sacerdotes,
1409 5629 1500 5698 qui
1546 5627 1989 5698 apprOpinquant
2037 5628 2104 5681 ad

519 5717 809 5774 Dominum
843 5723 1006 5796 515
1036 5726 1087 5778 in
1139 5734 1330 5780 sancta
1391 5731 1733 5778 sanctorum.
1789 5722 1864 5775 Ex
1907 5721 2107 5790 quibus

511 5810 794 5884 discimus,
821 5815 1020 5872 multas
1051 5817 1306 5874 ciborum
1330 5832 1453 5876 esse
1481 5815 1834 5872 diversitates
1853 5854 1868 5882 ,
1902 5813 2104 5886 quibus

2212 4705 2383 4759 Stolus
2425 4703 2726 4759 Corinthiis
2780 4705 3100 4774 loquebatur
3127 4705 3144 4776 (
3173 4703 3192 4758 l
3225 4704 3346 4757 Cor.
3389 4719 3424 4758 ν
3456 4704 3506 4776 ),
3541 4707 3596 4758 in
3632 4701 3832 4773 quibus

2216 4797 2542 4852 audiebatur
2577 4795 2888 4862 t'ornieatio,
2922 4809 2978 4852 et
3025 4796 3146 4850 talis
3176 4797 3507 4862 fornicatio,
3563 4811 3696 4866 quae
3739 4806 3834 4848 nec

2215 4889 2358 4944 inter
2379 4901 2578 4960 gentes
2607 4889 2858 4960 quidem:
2897 4890 3002 4944 Lac
3026 4890 3176 4945 vobis
3204 4899 3398 4960 potum
3431 4891 3593 4958 dedi,
3618 4903 3728 4944 non
3751 4895 3834 4942 es-

2215 4997 2355 5039 cam.
2386 4983 2437 5035 id
2469 4989 2573 5046 est,
2611 4981 2847 5036 Solidum
2891 4981 3108 5036 cibum:
3143 4980 3373 5036 necdum
3433 4982 3593 5037 enim
3642 4991 3836 5049 capere

2221 5075 2482 5143 poteratis
2509 5074 2556 5147 (l
2581 5075 2702 5128 Cor.
2735 5089 2814 5138 tu,
2845 5075 2922 5146 9.).
2967 5074 3047 5129 Ad
3093 5090 3231 5146 quos
3261 5091 3489 5130 rursum
3524 5075 3693 5130 dicit:
3741 5071 3832 5130 Fi-

2216 5170 2326 5224 lioli
2362 5171 2491 5234 mei,
2523 5185 2664 5240 quos
2692 5171 2884 5224 iterum
2919 5170 3184 5239 parturio,
3217 5170 3402 5224 donec
3435 5169 3707 5225 Christus
3734 5167 3839 5222 for-

2219 5269 2394 5315 metur
2423 5261 2474 5315 in
2501 5262 2660 5315 vobis
2705 5261 2860 5333 (Gal.
2894 5277 2968 5328 tv,
3001 5262 3114 5332 i9).
3167 5262 3420 5317 Parvulis
3468 5263 3624 5316 enim
3679 5268 3840 5328 atque

2215 5355 2684 5410 lactentihusnon
2727 5355 2906 5410 solum
2956 5371 3061 5410 non
3099 5355 3321 5426 prodest
3375 5353 3605 5410 solidus
3652 5353 3832 5410 cibus.

2217 5451 2315 5506 sed
2347 5451 2598 5506 interﬁcit
2648 5467 2766 5520 eos,
2817 5454 2912 5523 qui
2964 5451 3223 5522 perlecta:
3273 5451 3465 5508 {etatis
3520 5449 3842 5509 hominibus

2216 5545 2488 5615 congruit.
2541 5543 2672 5599 Illud
2705 5555 2886 5600 autem
2932 5544 3080 5616 quod
3107 5560 3138 5600 a
3165 5545 3543 5616 Septuaginta
3590 5545 3840 5600 additum

2214 5647 2326 5690 est:
2357 5635 2644 5706 Pr0pterea
2668 5653 2772 5691 non
2801 5638 3128 5710 egrediantur
3155 5639 3210 5692 iit
3233 5639 3438 5692 atrium
3479 5639 3724 5692 exterius
3753 5649 3840 5688 sa-

2212 5730 2464 5793 cerdotes,
2512 5739 2568 5784 ut
2615 5747 2820 5801 semper
2871 5731 3034 5784 sancti
3080 5730 3183 5784 sint
3227 5729 3314 5800 qui
3360 5726 3635 5795 offerunt,
3683 5727 3845 5784 obolo

2213 5831 2605 5894 praenotemus,
2633 5823 2760 5894 quia
2796 5823 2849 5878 in
2875 5821 3148 5881 Hebraico
3183 5837 3289 5880 non
3317 5819 3594 5878 habetur.
