4108 6338
307 324 414 380 413

949 325 1600 382 ΟΟΜΜΕΝΤΑῘΗΟΒΙΙΜ
1642 325 1706 383 ΙΝ
1750 325 1914 384 ILZEC

2022 327 2181 385 ELEM
2227 329 2347 385 LIB.
2394 331 2529 386 XIII.
2563 331 2720 388 CAP.
2761 331 2947 389 XLIII.

3500 319 3607 388 ιιι

377 447 559 518 (Vers.
595 447 664 500 lii
686 445 868 516 seqq.)
895 445 1126 516 Cumpte
1156 445 1460 518 complesset
1491 461 1762 500 mensuras
1807 441 1902 498 do-
1933 447 1987 510 Α
2013 445 2131 501 Ιιιιδ.
2171 445 2412 501 Prudens
2454 443 2623 501 lector
2670 457 2723 501 et
2765 447 2996 518 diligens
3051 445 3195 519 legat
3249 447 3447 503 librum
3477 445 3605 502 Jesu

307 555 420 592 mus
475 540 759 606 interioris,
800 539 981 593 eduxit
1010 555 1087 591 me
1120 556 1209 609 per
1237 540 1375 593 viam
1400 547 1569 609 portae
1595 553 1708 608 qute
1739 539 1898 610 respi-

307 634 474 688 ciebat
502 635 572 688 ad
603 635 735 688 riam
763 634 1106 702 orientalem;
1132 647 1180 689 et
1205 652 1405 690 mensus
1435 645 1507 690 est
1540 651 1651 690 eam
1684 635 1909 705 undique

307 745 400 796 per
420 729 698 783 circuitum
725 727 862 801 (sive
890 727 1285 782 similitudinem
1315 729 1496 783 domus
1521 744 1612 800 per
1639 729 1908 782 circuitum

305 822 359 874 in
391 819 602 892 ordine)
628 819 840 876 Mensas
871 830 946 874 est
973 829 1146 874 autem
1192 830 1372 875 contra
1413 829 1618 876 centum
1666 818 1909 874 Orienta-

305 913 411 968 [ειη
470 914 488 985 (
516 916 636 970 sive
681 924 728 969 et
755 917 871 969 steti
903 924 1016 984 post
1045 925 1245 988 tergora
1278 925 1441 984 porta'.
1485 915 1809 983 respicientis
1839 913 1909 966 ad

310 1006 606 1078 Orientem)
635 1009 836 1063 calamo
859 1023 1115 1064 mensura!
1138 1017 1161 1044 ἰ
1187 1025 1278 1082 per
1302 1010 1575 1063 circuitum
1602 1009 1907 1079 quingentos

305 1100 564 1165 calamos,
595 1102 648 1153 in
673 1100 873 1155 calamo
904 1117 1160 1156 mensura:
1187 1119 1274 1171 per
1297 1115 1483 1172 qyrum
1509 1100 1688 1175 [Vulg
1723 1103 1910 1155 circui-

304 1192 466 1266 tum].
499 1191 570 1246 Et
608 1210 812 1248 mensus
852 1201 925 1249 est
951 1205 1134 1249 contra
1170 1207 1376 1249 ventum
1430 1195 1701 1264 Aquilonis
1745 1197 1901 1267 quin-

303 1296 488 1359 gentos
515 1289 769 1355 calamos,
803 1289 857 1342 in
909 1289 1109 1343 calamo
1144 1305 1400 1344 mensura:
1445 1307 1534 1360 per
1571 1305 1783 1361 gyrum.
1838 1287 1909 1342 Et

303 1383 378 1434 ad
410 1392 618 1436 rentum
659 1383 954 1437 Australem
981 1398 1190 1436 mensus
1220 1392 1292 1438 cst
1321 1384 1624 1456 quingentos
1655 1382 1904 1449 calamos,

303 1477 360 1528 in
385 1474 594 1530 calamo
623 1491 880 1530 mensurae
907 1493 998 1548 per
1025 1477 1319 1529 circuitum.
1347 1475 1412 1530 Et
1438 1476 1505 1529 ad
1528 1485 1736 1532 ventum
1769 1475 1906 1529 occi-

304 1572 570 1625 dentalem
603 1585 810 1624 mensus
841 1580 914 1624 est
945 1570 1251 1641 quingentos
1301 1568 1550 1637 calamos,
1600 1569 1653 1622 in
1705 1568 1907 1622 calamo

307 1681 587 1719 meusurm.
647 1663 752 1719 Per
799 1673 1022 1736 quatuor
1075 1673 1250 1719 uentos
1304 1679 1510 1718 mensus
1556 1671 1630 1718 est
1687 1661 1894 1734 [Vulg.

303 1757 466 1812 addit
490 1756 664 1831 illud]
693 1773 904 1811 murum
935 1761 1048 1831 ejus
1087 1757 1315 1827 undique
1340 1773 1429 1826 per
1455 1756 1749 1821 circuitum,
1791 1753 1907 1807 lon-

2012 539 2180 608 Nave,
2212 549 2267 595 et
2293 539 2530 595 inveniet
2557 539 2833 611 quomodo
2863 541 2917 596 in
2946 540 3272 599 suburbanis
3299 540 3416 598 hare
3454 557 3609 598 men-

2012 649 2134 688 sura
2169 643 2439 689 servetur.
2470 632 2625 689 Unde
2651 643 2705 689 et
2730 635 2868 705 legio
2886 633 3218 704 daantonum,
3248 635 3394 694 hunc
3421 651 3610 692 nume-

2012 743 2129 780 rttm
2165 725 2322 797 elegit
2358 725 2412 780 in
2443 725 2806 782 suﬂ'ocationc
2847 743 3137 798 porcorum
3179 727 3333 802 (Luc.
3367 728 3520 802 vm),
3553 739 3610 785 ut

2011 821 2101 890 qui
2156 819 2518 874 servientibus
2547 819 2696 882 Deo,
2741 830 3016 890 prazcepto
3059 819 3273 875 Domini
3325 831 3610 892 separatus

2012 923 2123 978 est,
2163 917 2214 970 it;
2247 917 2575 971 contrariam
2605 923 2813 986 partem
2846 915 3117 970 referatur
3143 915 3206 970 ad
3243 916 3608 988 perditionem

2011 1027 2197 1066 eorum
2237 1016 2330 1082 qui
2381 1011 2546 1066 vitam
2597 1025 2753 1066 emno
2781 1009 3024 1079 dignam,
3084 1016 3140 1064 et
3182 1007 3434 1063 sordibus
3474 1024 3608 1064 con-

2010 1115 2343 1161 sectanctnr.
2365 1105 2557 1160 Omnis
2589 1111 2769 1159 autem
2807 1117 2996 1157 murus
3023 1101 3114 1172 qtti
3147 1110 3230 1157 est
3260 1101 3522 1170 exterior,
3554 1109 3613 1158 et

2011 1198 2174 1254 habet
2201 1199 2650 1268 spatiosissimam
2709 1195 3106 1268 longitudinem
3163 1203 3217 1249 et
3267 1193 3610 1252 latitudinem

2013 1310 2110 1362 per
2147 1292 2446 1364 quadrum,
2478 1289 2858 1360 apostolorum
2913 1291 3157 1343 continet
3203 1301 3488 1342 numerum
3513 1329 3526 1354 ,
3556 1281 3610 1342 id

2011 1400 2124 1453 est,
2157 1387 2443 1442 duodecim
2481 1385 2644 1458 518
2675 1383 2902 1438 millium
2934 1397 2946 1434 :
2982 1392 3041 1435 ut
3072 1380 3304 1449 singulis
3349 1379 3612 1450 apostolis

2011 1479 2264 1535 niillenns
2287 1492 2544 1532 numerus
2564 1475 2879 1546 deputetur,
2908 1481 2960 1528 et
2995 1481 3172 1528 tamen
3205 1471 3270 1528 ad
3297 1487 3610 1528 mensuram

2013 1571 2366 1644 plenitudinis
2392 1567 2596 1625 Christi
2645 1579 2699 1624 et
2732 1566 2962 1637 perfecti
2996 1565 3100 1620 viri
3129 1579 3233 1620 non
3267 1565 3470 1628 veniat,
3505 1563 3609 1620 nisi

2005 1667 2299 1737 juttgantur
2324 1663 2373 1718 ei
2404 1671 2457 1717 et
2484 1662 2771 1725 παλαιστὴ,
2791 1659 2880 1730 qui
2913 1658 3144 1714 trecenti
3178 1658 3393 1729 triginta
3413 1665 3469 1712 et
3499 1666 3609 1713 tres

2012 1761 2179 1817 cobiti
2216 1767 2370 1826 sunt,
2403 1768 2457 1812 et
2482 1757 2648 1811 cubiti
2682 1753 2839 1810 tertia
2869 1768 2992 1824 pars
3019 1772 3033 1810 :
3058 1769 3156 1824 per
3183 1769 3301 1824 quae
3323 1761 3526 1808 saucia)
3556 1757 3608 1809 et

304 1850 549 1920 gitudine
571 1851 974 1921 quingentorum
1002 1850 1312 1912 cubitorum,
1367 1858 1414 1903 et
1463 1847 1738 1902 latitudine
1759 1849 1912 1918 quin-
1944 1855 1990 1914 Β
2017 1851 2346 1908 venerabilis
2375 1849 2652 1905 Trinitatis
2682 1847 3001 1920 mysterium
3031 1845 3459 1913 demonstratur,
3487 1860 3610 1916 quas

307 1951 584 2015 uentorum
609 1943 927 2009 cubitorum,
953 1942 1266 1998 dividentem
1311 1945 1441 1998 inter
1478 1945 1830 1998 sanctuarium
1861 1952 1911 1997 et

301 2034 458 2104 vulgi
485 2035 674 2089 locum.
706 2033 1001 2090 Sciendum
1045 2033 1190 2104 quod
1232 2045 1354 2106 post
1401 2043 1618 2090 ventum
1659 2035 1909 2089 Orienta-

311 2132 424 2184 lem
453 2139 507 2185 et
536 2131 885 2200 Aquilonem,
933 2131 988 2186 in
1020 2138 1184 2185 vento
1222 2131 1461 2186 Australi
1495 2141 1546 2186 et
1576 2129 1911 2186 Occidentali

311 2222 466 2293 apud
495 2222 852 2294 Septuaginta
885 2221 1022 2278 ordo
1069 2235 1433 2294 prteposterus
1492 2223 1581 2279 sit.
1635 2223 1718 2278 Illi
1764 2223 1908 2279 enim

307 2319 556 2387 primum
610 2329 930 2388 posuerunt,
963 2315 1392 2382 Occidentalem,
1426 2318 1476 2373 id
1509 2325 1594 2374 est
1625 2334 1804 2379 mare;
1859 2326 1914 2374 et

305 2420 508 2479 postea
535 2411 842 2465 Austmlem
869 2453 884 2478 ,
927 2427 1049 2465 cum
1079 2409 1218 2481 apud
1251 2411 1509 2466 Hebraeos
1549 2412 1784 2480 primum
1813 2425 1911 2480 po-

302 2513 477 2558 natur
501 2514 698 2559 ventus
715 2503 1003 2568 Australls,
1022 2511 1072 2559 et
1105 2513 1290 2574 postea
1314 2503 1710 2559 Occidentalis.
1731 2503 1915 2571 Quod-

305 2614 418 2670 que
443 2599 721 2670 Scriptura
749 2613 893 2655 nunc
911 2599 1071 2654 dicit:
1093 2615 1313 2671 cumque
1331 2599 1627 2669 complesset
1652 2613 1915 2652 mensuras

305 2693 502 2746 domus
530 2691 689 2764 517
714 2692 1004 2757 interioris,
1024 2691 1298 2745 eduxitme
1327 2708 1420 2761 per
1453 2693 1586 2744 viam
1617 2699 1781 2757 porta:
1803 2703 1917 2761 qum

305 2787 524 2858 respicit
556 2789 622 2838 ad
645 2787 778 2839 viam
814 2784 1163 2848 Orientalem,
1196 2785 1432 2841 ostendit
1462 2794 1652 2841 cuncta
1677 2799 1795 2854 qua:
1827 2799 1917 2839 su-

310 2894 411 2945 pra
448 2878 592 2932 dicta
627 2887 788 2945 sunt,
820 2885 875 2932 et
917 2878 1256 2942 forinsecus,
1292 2885 1348 2932 et
1390 2878 1715 2932 intrinsecus
1752 2885 1805 2932 et
1863 2878 1915 2931 in

311 2970 679 3026 interioribus
710 2971 922 3039 templi,
957 2971 1060 3025 hoc
1080 2979 1184 3038 est,
1215 2972 1388 3026 sancti
1422 2981 1758 3038 sanctorum,
1796 2987 1920 3040 pro.

313 3066 436 3134 prie
467 3066 536 3120 ad
566 3065 758 3136 templi
801 3065 1090 3121 :edillclum
1128 3067 1444 3138 pertinere,
1472 3076 1525 3121 et
1562 3067 1745 3135 templi
1783 3068 1920 3121 inte-

313 3162 498 3216 rioris.
534 3159 692 3216 Unde
746 3175 890 3216 nunc
943 3162 1190 3231 sequitur
1226 3179 1239 3214 :
1271 3160 1590 3222 Eduxit_rne
1637 3175 1731 3230 per
1778 3161 1914 3214 viam

2015 1947 2182 2017 cingit
2219 1953 2272 1999 et
2313 1943 2475 1998 vallat
2535 1943 2716 1996 omnia
2743 1985 2756 2010 ,
2807 1948 2865 1996 et
2919 1940 3258 1993 habitatores
3302 1937 3487 2010 templi
3524 1935 3608 1993 sui

2016 2050 2237 2110 prmstat
2265 2037 2586 2092 tutissimos.
2611 2034 2763 2091 Unde
2795 2041 3168 2089 trecentorum
3194 2031 3498 2088 cubitorum
3521 2047 3610 2085 ar-

2015 2153 2075 2190 ra
2103 2135 2218 2191 Noe
2259 2135 2423 2188 habet
2474 2129 2891 2201 longitudinem,
2940 2135 2994 2182 et
3034 2127 3253 2197 triginta
3299 2123 3608 2180 cubitorum

2016 2227 2401 2290 altitudinem,
2453 2239 2575 2296 qua)
2642 2229 3055 2277 consummatur
3112 2219 3165 2273 in
3247 2233 3354 2274 uno
3422 2215 3611 2272 cubito

2019 2322 2170 2396 (Gen.
2227 2321 2305 2392 v).
2346 2317 2500 2388 Quod
2557 2325 2738 2372 autem
2784 2315 2855 2369 ibi
2908 2311 3182 2368 adduntur
3219 2312 3611 2382 quinquaginta

2016 2416 2181 2472 cubiti
2215 2415 2267 2469 In
2328 2411 2636 2475 latitudine,
2666 2405 3009 2463 remissionis
3036 2406 3120 2475 (ut
3163 2419 3306 2475 sa‘pe
3350 2401 3611 2472 diximus)

2017 2509 2289 2580 signiﬁcat
2317 2517 2740 2562 sacramentum.
2778 2501 2933 2558 Unde
2981 2513 3028 2555 et
3081 2497 3346 2554 Dominus
3392 2497 3613 2568 triginta

2019 2621 2282 2660 annorum
2318 2603 2468 2658 venit
2497 2599 2562 2655 ad
2593 2599 2944 2670 baptismum,
2977 2603 3033 2650 ct
3059 2595 3145 2648 hic
3189 2593 3303 2664 ipse
3349 2591 3615 2662 propheta

2020 2705 2071 2757 in
2102 2699 2372 2774 principio
2394 2693 2683 2752 voluminis
2711 2693 2792 2747 sui
2821 2707 3019 2746 annum
3054 2689 3204 2760 ponit
3236 2687 3612 2743 tricesimum:

2019 2795 2108 2866 qui
2162 2789 2606 2850 trecentesimus,
2653 2796 2705 2841 et
2754 2782 3066 2839 tricesimus
3106 2795 3385 2844 numerus,
3445 2778 3614 2834 tribus

2020 2887 2220 2942 additis
2249 2895 2303 2938 et
2335 2885 2493 2939 tertia
2519 2891 2671 2950 parte
2699 2878 3030 2946 completur.
3059 2875 3200 2930 illud
3247 2881 3426 2929 autem
3469 2869 3614 2941 qttod

2023 2999 2118 3052 per
2144 2979 2552 3049 simplicitatem
2599 2971 3090 3043 interpretationis,
3123 2971 3249 3024 dunt
3291 2983 3480 3039 parum
3533 2975 3617 3022 at-

2022 3073 2296 3130 tendimus
2325 3069 2616 3125 celeritate
2647 3063 2909 3128 dictandi,
2940 3070 2996 3120 et
3021 3063 3371 3132 Septuaginta
3417 3059 3619 3114 habent

2023 3178 2075 3221 et
2100 3175 2282 3221 nostra
2316 3162 2624 3228 translatio,
2659 3177 2864 3214 murttm
2887 3159 2998 3228 ejus
3024 3157 3249 3226 undique
3297 3172 3386 3226 per
3423 3156 3614 3208 circui-

313 3265 523 3324 portae,
570 3270 692 3325 qua:
739 3255 1068 3325 respiciebat
1129 3254 1198 3309 ad
1251 3256 1390 3309 viam
1440 3253 1809 3321 Orientalem,
1861 3245 1984 3310 etC
2021 3272 2147 3323 tum,
2177 3255 2500 3330 longitudine
2525 3256 2920 3325 quingentorum
2951 3245 3619 3314 cubitorum,etlalitudine

315 3364 543 3405 mensus
573 3359 653 3403 est
678 3365 800 3404 eam
826 3350 1064 3420 nudique
1094 3363 1187 3420 per
1219 3349 1531 3417 circuitum,
1566 3351 1679 3402 sive
1725 3347 1917 3402 simill-

317 3444 568 3498 tudinem
600 3443 814 3498 domus.
845 3443 950 3497 Per
976 3443 1118 3514 quod
1145 3443 1580 3509 demonstratur,
1607 3457 1714 3497 non
1744 3442 1915 3512 ipsam

315 3539 564 3600 domum,
594 3534 688 3589 sed
709 3532 1114 3590 similitudinem
1137 3535 1331 3588 domus
1361 3549 1484 3588 esse
1507 3549 1628 3604 quas
1649 3535 1916 3588 cernitur:

316 3629 444 3697 quia
479 3643 624 3683 nunc
655 3644 754 3698 per
783 3629 1061 3700 speculum
1093 3626 1338 3684 videmus
1364 3627 1418 3682 in
1445 3627 1732 3695 aenigmate
1759 3644 1768 3680 :
1796 3641 1916 3680 cum

317 3732 504 3775 autem
539 3720 781 3784 venerit,
821 3720 964 3788 quod
1010 3719 1317 3791 perfectum
1350 3727 1460 3786 est,
1496 3729 1623 3773 tunc
1657 3717 1802 3787 quod
1852 3733 1917 3771 ex

323 3825 483 3882 parte
524 3822 608 3868 est
659 3815 972 3870 destruetur
1000 3815 1043 3886 (Ι
1077 3813 1200 3869 Cor.
1240 3813 1378 3884 xm).
1411 3812 1563 3870 Unde
1605 3823 1659 3867 et
1704 3813 1918 3884 Moyses

319 3908 372 3961 in
404 3907 761 3963 tabernaculo
782 3951 795 3973 ,
829 3915 887 3961 et
916 3906 1174 3964 Salomon
1207 3907 1258 3960 in
1289 3906 1558 3970 aedilicio,
1588 3919 1696 3960 non
1718 3908 1918 3959 verita-

320 4010 434 4054 tem
468 3999 692 4055 tentoril
730 3999 952 4070 templi,
986 3999 1084 4054 sed
1130 3998 1545 4054 similitudinem
1585 3998 1921 4069 ﬁguramque

323 4093 572 4146 fecerunt
605 4109 616 4144 :
653 4099 709 4146 ut
738 4105 836 4162 per
861 4089 978 4146 haec
1009 4105 1130 4162 qua:
1178 4085 1388 4144 minora
1420 4100 1548 4145 sunt
1585 4099 1640 4145 et
1671 4100 1920 4157 terrena,

317 4204 380 4242 ea
407 4201 534 4258 qua:
563 4187 620 4241 in
649 4185 1000 4252 cmlestibus,
1029 4195 1085 4242 et
1113 4185 1168 4240 in
1194 4186 1459 4256 spirituali
1492 4186 1724 4241 aedilicio
1754 4196 1919 4252 sunt,

321 4281 640 4351 intelligere
669 4285 962 4349 possimus.
995 4280 1088 4335 Vir
1111 4290 1294 4336 autem
1323 4281 1414 4348 qui
1441 4281 1764 4351 prophetam
1788 4283 1922 4337 edu-

319 4385 500 4441 xerat,
537 4389 874 4446 nequaquam
903 4376 956 4429 in
985 4375 1182 4430 atrium
1215 4376 1486 4439 exterius,
1514 4375 1609 4430 sed
1641 4389 1736 4446 per
1780 4377 1920 4431 viam

323 4478 682 4539 port:u,qn:e
735 4469 1061 4539 respiciebat
1109 4469 1178 4525 ad
1228 4471 1367 4524 viam
1419 4470 1922 4543 Orientalem,prl-

323 4579 474 4617 mutu
506 4575 732 4617 mensus
761 4573 844 4617 est
874 4573 1064 4617 contra
1098 4574 1317 4618 ventum
1348 4563 1702 4630 Orientalem,
1735 4565 1788 4621 id
1815 4575 1919 4630 est,

2020 3354 2418 3424 quingentorum
2451 3347 2778 3410 cubitorum,
2812 3344 3075 3399 llclirzrus
3105 3357 3285 3396 sermo
3316 3355 3421 3394 non
3443 3339 3619 3393 couti—

2024 3455 2149 3500 ne't:
2183 3443 2278 3499 sed
2312 3441 2654 3511 simpliciter,
2687 3436 3080 3508 longitudinem
3107 3434 3620 3505 quingentorutn,et

2021 3538 2357 3594 latitudinem
2387 3537 2824 3603 quingentormn,
2860 3537 2917 3582 ιιι
2970 3527 3346 3590 subandiatur,
3378 3523 3617 3577 calamo-

2022 3647 2138 3684 rtnn
2173 3645 2187 3682 :
2220 3627 2376 3682 sicuti
2405 3633 2599 3696 quarto
2625 3637 2786 3693 supra
2821 3621 3026 3676 dictum
3051 3629 3132 3674 est
3152 3663 3166 3687 ,
3191 3617 3256 3672 ad
3282 3613 3618 3672 Urienlalem

2022 3731 2265 3788 ventum,
2287 3731 2336 3774 et
2363 3719 2428 3772 ad
2453 3716 2802 3787 Aquilonem,
2838 3723 2890 3770 et
2921 3713 2985 3766 ad
3013 3713 3266 3766 Austrum
3291 3720 3342 3765 et
3375 3710 3438 3763 ad
3469 3721 3620 3762 mare

2021 3813 2330 3886 quingentis
2358 3811 2605 3876 calamis,
2639 3823 2848 3863 murum
2899 3806 3134 3875 partium
3184 3802 3513 3873 singularum
3552 3801 3619 3856 ab

2021 3923 2088 3963 eo
2121 3907 2207 3976 qtti
2240 3903 2454 3960 tenebat
2485 3903 2751 3958 calamum
2787 3899 2950 3954 fuisse
2981 3897 3307 3952 dimensum.
3343 3895 3622 3965 Quingen-

2025 3999 2250 4054 tesitntts
2273 4006 2454 4050 autem
2486 4010 2747 4049 numerus
2777 3993 2866 4062 qui
2901 3991 3110 4046 vicinus
3152 3999 3237 4044 est
3283 3985 3621 4058 quinquage-

2027 4093 2200 4158 nario,
2235 4091 2382 4162 quod
2403 4090 2468 4144 ad
2504 4087 2882 4144 remissiOnt-m
2913 4085 3188 4157 pertineat
3231 4082 3474 4139 omnium
3499 4095 3623 4151 pec-

2025 4197 2293 4252 tatorum,
2341 4199 2446 4239 non
2497 4184 2670 4238 solum
2719 4194 2876 4235 vetns
2920 4179 3202 4249 Scriptura
3239 4174 3620 4249 (Levit.xxv),

2026 4280 2120 4336 sed
2143 4287 2200 4335 et
2238 4276 2536 4335 Salvmoris
2577 4277 2628 4330 in
2667 4275 2963 4346 Evangelia
3003 4272 3166 4327 verba
3209 4269 3623 4332 demonstrant,

2027 4373 2260 4430 dicentis
2294 4390 2306 4426 :
2341 4374 2454 4426 Duo
2501 4369 2778 4426 debitores
2809 4375 2964 4423 erant
3014 4363 3311 4420 leneratori
3354 4361 3569 4417 cuidam
3607 4373 3622 4414 :

2027 4483 2166 4523 unus
2197 4465 2429 4522 debebat
2455 4463 2710 4519 denarios
2734 4461 3088 4533 quingentos.
3119 4465 3173 4513 et
3193 4457 3336 4510 alius
3362 4454 3627 4526 quinqua-

2028 4567 2172 4635 ginta
2213 4561 2368 4630 (Luc.
2401 4575 2498 4627 vn,
2528 4557 2642 4629 Μ).
2682 4558 2745 4612 Et
2776 4569 2962 4610 murus
2985 4553 3178 4609 dividit
3203 4553 3347 4607 inter
3377 4559 3630 4604 sanctua-

319 4657 390 4712 ad
432 4657 774 4714 Orientalem
809 4657 1021 4728 plagam
1056 4657 1383 4729 quingentos
1412 4663 1654 4714 calamos
1686 4677 1782 4730 per
1820 4677 1919 4732 gy-
1949 4632 2004 4692 Ῑ)
2032 4632 2170 4712 rium
2198 4665 2252 4710 et
2282 4653 2430 4724 vulgi
2469 4653 2672 4707 locum.
2703 4649 2782 4704 Ex
2832 4661 2942 4717 quo
2992 4644 3370 4715 intelligimus,
3408 4655 3627 4696 onmem

323 4765 476 4815 rum;
506 4750 778 4815 secundo,
809 4749 876 4805 ad
907 4750 1267 4822 Aquilonem;
1301 4753 1485 4821 tertio,
1513 4751 1581 4808 ad
1626 4752 1917 4821 Austrum;

320 4852 553 4914 quarto,
579 4843 647 4897 ad
688 4858 874 4911 mare,
908 4843 964 4899 id
995 4855 1075 4900 est
1098 4887 1113 4911 ,
1149 4845 1216 4899 ad
1246 4843 1626 4910 Occidentem.
1659 4863 1758 4917 per
1791 4853 1922 4918 qna-

323 4949 448 4994 tuor
476 4939 730 4996 videlicet
759 4950 969 5005 ventos,
1002 4953 1188 4994 murus
1221 4941 1274 4994 in
1297 4940 1526 4994 circuitu
1546 4983 1559 5004 ,
1587 4949 1694 4994 tam
1722 4941 1775 4996 in
1807 4941 1924 4996 Ion-

320 5031 592 5104 gitndine,
623 5047 783 5101 quam
809 5032 862 5085 in
891 5032 1198 5099 latitudine,
1221 5015 1330 5086 hoc
1355 5041 1472 5090 est:
1499 5047 1596 5102 per
1629 5033 1918 5104 quadrum,

320 5129 416 5198 qui
445 5141 635 5181 murus
661 5126 820 5180 simul
869 5124 1102 5182 habebat
1162 5125 1274 5180 duo
1319 5125 1488 5180 millia
1523 5127 1782 5181 calamos.
1828 5125 1924 5182 Sin

323 5231 512 5277 autem
563 5221 806 5276 calamus
853 5235 948 5276 sex
1006 5220 1312 5275 cubitorum
1350 5232 1492 5285 erat,
1525 5220 1628 5275 etb
1662 5223 1928 5298 παλαιστῇ

329 5333 463 5386 uno,
497 5317 588 5388 qui
617 5318 880 5380 παλαιστή
909 5327 1063 5370 sexta
1094 5330 1221 5386 pars
1251 5316 1418 5370 cubiti
1446 5325 1548 5380 est,
1582 5315 1926 5385 perstricnum

327 5421 417 5469 est
443 5427 661 5468 murum
695 5412 1026 5466 exteriorem
1059 5409 1315 5465 habuisse
1347 5425 1441 5480 per
1464 5409 1750 5464 circuitum
1785 5411 1928 5465 cala-

325 5521 450 5562 mos
477 5505 586 5561 duo
614 5504 804 5570 millia,
835 5504 924 5574 qui
959 5503 1165 5560 iaciunt
1187 5503 1398 5559 cubitos
1427 5502 1716 5559 duodecim
1760 5503 1926 5558 millia

327 5607 608 5656 trecentos
635 5597 855 5670 triginta
881 5605 1014 5664 tres,
1045 5605 1101 5654 et
1129 5598 1390 5654 trientem
1411 5596 1480 5654 de
1508 5595 1721 5652 duobus
1751 5596 1925 5652 milli-

403 5749 427 5776 ιι
451 5737 605 5793 Delet
628 5733 902 5790 Victorius
929 5733 1167 5804 Vulgata:
1200 5733 1332 5787 edit.
1352 5746 1404 5789 et
1429 5731 1676 5788 Ileliraici
1710 5732 1915 5788 codicis

324 5810 652 5867 auctoritate
705 5808 822 5861 lucc
873 5807 1039 5861 verba
1088 5821 1178 5877 per
1229 5805 1524 5871 circuitum,
1568 5821 1689 5874 qua:
1732 5821 1795 5860 ex
1848 5819 1914 5877 co

326 5887 518 5950 etiam,
552 5884 648 5949 ait,
683 5888 899 5936 constat
923 5876 1194 5949 superﬂua
1219 5892 1360 5946 esse,
1406 5877 1549 5948 quod
1581 5877 1766 5933 statim
1817 5876 1916 5932 ad-

2029 4763 2192 4820 supra
2246 4745 2432 4815 templi
2481 4743 2933 4812 descriptionem,
2963 4738 3348 4805 Sacerdotum,
3381 4737 3472 4807 qui
3502 4741 3630 4790 sunt

2029 4845 2122 4898 ﬁlii
2152 4837 2540 4907 Sadoc,luisse
2569 4835 2889 4890 miniSIeriis
2913 4833 3240 4903 delegatum.
3269 4831 3420 4902 llune
3450 4839 3628 4884 autem

2030 4951 2267 5001 murum,
2325 4933 2416 5004 qui
2475 4937 2627 4986 tanto
2681 4931 2859 5000 spatio
2915 4926 3210 4993 dilatetur,
3261 4935 3314 4980 et
3371 4923 3628 4978 universa

2029 5034 2354 5090 circumeat.
2389 5041 2644 5098 separare
2672 5022 3038 5079 sanctuarium
3073 5029 3127 5073 et
3157 5019 3301 5088 vulgi
3338 5019 3538 5071 locum.

2105 5125 2258 5199 (Cap.
2286 5121 2470 5178 XLIII.
2498 5151 2572 5163 —-
2605 5118 2757 5174 \‘ers.
2795 5118 2817 5170 I
2851 5114 3029 5187 seqq.)
3057 5131 3076 5167 ι
3111 5113 3180 5169 Ει
3221 5111 3404 5168 eduxit
3440 5109 3629 5183 [Vulg.

2039 5238 2056 5270 ‹
2105 5215 2280 5289 duxit]
2318 5231 2402 5270 me
2444 5215 2508 5268 ad
2553 5222 2764 5283 portam
2810 5225 2930 5281 quae
2989 5205 3312 5275 reSpiciebat
3364 5205 3428 5258 ad
3469 5203 3632 5271 ,viam

2040 5332 2056 5364 t
2107 5311 2438 5367 Orientalem
2468 5316 2555 5362 :et.
2585 5321 2714 5361 ecce
2742 5303 2906 5375 gloria
2941 5301 3104 5375 519
3133 5300 3226 5354 Dei
3263 5297 3422 5352 Israel
3453 5297 3635 5368 ingre-

2041 5424 2060 5457 ‹
2109 5404 2356 5460 diebatur
2385 5417 2482 5473 per
2507 5401 2650 5454 viam
2677 5395 3010 5454 Orientalem
3035 5412 3046 5446 :
3067 5401 3123 5447 et
3147 5409 3245 5446 vos
3269 5399 3384 5445 erat
3411 5389 3636 5460 ciquasi

2037 5519 2056 5553 ι
2103 5515 2205 5554 vox
2258 5511 2519 5570 aquarum
2573 5494 2866 5548 multarum
2907 5495 3006 5544 :et
3050 5495 3194 5542 terra
3239 5483 3558 5555 splendch
3603 5499 3632 5538 a

2039 5615 2058 5645 ‹
2106 5593 2385 5661 majestate
2413 5589 2550 5659 ejus.
2576 5585 2640 5642 Et
2658 5585 2767 5641 vidi
2786 5584 3050 5639 visionem
3074 5579 3374 5636 secundum
3393 5576 3633 5650 speciem

2015 5728 2164 5783 ditur
2197 5743 2284 5791 per
2311 5741 2519 5797 gyrum.
2574 5795 2583 5798 Α
2660 5795 2669 5798 _
3045 5791 3059 5798 _
3223 5797 3230 5798 ,
3379 5789 3389 5798 .

2092 5800 2118 5837 ι’
2145 5791 2416 5854 Victorius
2437 5795 2671 5867 sequiori
2696 5807 2927 5864 genere,
2970 5791 3272 5850 παλαιστῆς
3299 5791 3454 5842 tutius
3478 5833 3491 5855 ,
3517 5801 3634 5856 qua:

2023 5873 2282 5931 παλαιστή
2301 5910 2314 5939 ,
2347 5879 2454 5925 etc.
