4108 6338
470 268 582 332 415

1721 271 1779 329 S.
1823 270 2093 330 EUSEBII
2131 267 2511 328 IIIERONYMI

3674 271 3779 330 M6

476 400 502 439 ί
544 399 709 458 quam
730 384 1229 458 videram,quando
1256 387 1406 444 venit
1437 395 1495 444 ut
1523 388 1869 461 disperderet
1888 390 2077 445 civita-
2104 388 2159 454 Α
2181 390 2333 460 quasi
2358 404 2457 444 vos:
2485 405 2740 462 aquarum
2768 387 3073 457 multarum,
3095 389 3240 462 quod
3266 402 3323 449 et
3344 394 3584 450 Joannes
3606 393 3659 448 in
3679 405 3776 446 sna

485 498 507 536 ι
553 488 665 537 tem
694 498 709 537 :
742 488 799 536 et
826 481 1039 550 species
1069 481 1370 537 secundum
1398 492 1683 554 aspectum
1728 498 1889 555 quem
1926 484 2078 539 vide-

487 591 509 628 ι
554 590 672 630 ram
694 573 849 644 juxta
876 573 1101 629 ﬂuvium
1131 573 1372 642 Chobar,
1405 585 1460 632 et
1489 576 1659 632 cecidi
1690 591 1856 647 super
1882 575 2076 631 faciem

486 686 507 721 ι
553 682 750 724 meam.
786 668 854 723 Et
884 668 1145 739 majestas
1170 668 1385 725 Domini
1426 669 1676 741 ingressa
1705 678 1789 725 est
1818 668 2077 740 templum

486 781 507 816 ι
554 778 652 835 per
676 762 819 818 viam
852 772 1024 835 portae
1047 805 1061 830 ,
1096 779 1214 834 qum
1239 763 1571 833 respiciebat
1595 764 1660 819 ad
1684 763 1983 819 Orientem.
2012 761 2082 817 Et

490 875 512 912 ι
558 856 791 913 elevavit
819 873 906 914 me
936 858 1163 928 spiritus
1187 900 1202 926 ,
1234 868 1290 914 et
1313 857 1620 913 introduxit
1658 872 1747 913 me
1790 857 1842 911 in
1880 856 2077 911 atrium

489 968 511 1003 ‹
556 950 783 1006 interius
813 970 827 1006 :
853 961 908 1007 et
931 965 1057 1006 ecce
1106 951 1314 1021 repleta
1342 961 1462 1006 erat
1508 951 1680 1022 gloria
1723 949 1934 1006 Domini
1978 949 2079 1004 do-

486 1060 508 1096 ι
555 1059 696 1100 mus.
725 1045 791 1099 Et
819 1045 1000 1101 audivi
1029 1045 1343 1115 loquentem
1378 1045 1444 1100 ad
1470 1061 1556 1101 me
1586 1046 1654 1101 de
1685 1045 1871 1100 domo.
1901 1045 1968 1100 Et
2000 1044 2082 1100 vir

487 1152 511 1190 ι
557 1136 649 1208 qui
678 1137 1031 1207 stabatjuxta
1083 1154 1192 1203 me,
1227 1138 1364 1193 dixit
1412 1138 1478 1193 ad
1511 1153 1599 1195 me
1630 1155 1642 1193 :
1670 1138 1774 1194 Fili
1819 1138 2080 1205 hominis,
2116 1136 2119 1141 ’

491 1249 514 1285 ί
561 1230 713 1287 locus
744 1232 865 1287 solii
900 1234 1026 1301 mei,
1060 1243 1113 1289 et
1144 1234 1296 1290 locus
1320 1234 1672 1304 vesﬁgiorum
1702 1233 1899 1304 pedum
1928 1249 2082 1289 meo-

494 1341 515 1376 ι
563 1339 707 1391 rum,
742 1324 833 1378 ubi
868 1322 1055 1380 habito
1088 1326 1138 1380 in
1168 1326 1348 1382 medio
1380 1327 1616 1383 ﬁliorum
1644 1328 1811 1385 Israel
1836 1328 1889 1383 in
1923 1339 2086 1384 aiter-

492 1436 514 1471 ι
560 1434 712 1474 num.
744 1418 810 1473 Et
833 1434 939 1474 non
973 1421 1221 1492 polluent
1264 1421 1406 1476 ultra
1452 1420 1649 1478 domus
1686 1421 1854 1479 Israel
1885 1437 2084 1479 nomen

494 1534 516 1568 ‹
564 1524 810 1570 sanctum
834 1531 1036 1585 meum,
1064 1517 1165 1587 ipsi
1196 1525 1249 1573 et
1284 1532 1442 1588 reges
1470 1532 1654 1574 eorum
1686 1518 1737 1573 in
1772 1518 2087 1573 fornicatio—

498 1626 520 1662 ‹
567 1609 723 1664 nibus
747 1610 968 1681 suis,jet
992 1610 1044 1665 iu
1074 1610 1248 1665 ruinis
1284 1626 1475 1682 regum
1508 1625 1760 1678 suorum,
1794 1619 1849 1666 et
1892 1610 1944 1665 iu
1986 1626 2086 1667 ex-

499 1722 522 1760 (
567 1704 731 1761 celsis
758 1724 769 1760 :
800 1706 891 1776 qui
925 1705 1171 1761 fabricati
1216 1714 1342 1761 sunt
1372 1706 1535 1761 limen
1562 1720 1716 1761 suum
1739 1704 1893 1776 juxta
1916 1705 2085 1760 limen

2178 483 2467 540 confirmat
2507 484 2871 557 Apocalypsi,
2907 486 3265 558 Septuaginta
3316 497 3616 559 posuerunt
3649 505 3661 541 :
3716 487 3782 542 Et

2178 591 2281 632 vox
2330 585 2633 633 castrorum
2681 578 2837 649 quasi
2882 594 2988 633 vox
3039 580 3436 650 geminantium
3484 580 3780 635 multorum

2182 672 2370 743 (Apoc.
2403 671 2535 743 xiv).
2561 670 2753 728 Tertio
2786 672 2838 726 in
2864 671 3135 729 liebraico
3168 672 3403 729 habetur
3440 692 3451 727 :
3486 673 3609 728 Vidi
3630 673 3780 727 visio-

2180 781 2297 819 nem
2326 766 2611 820 secundum
2653 766 2873 838 speciem
2900 783 3055 837 quam
3085 768 3338 835 videram,
3368 767 3577 837 quando
3600 768 3734 822 venit
3765 808 3781 834 ,

2184 867 2237 910 ut
2268 858 2587 928 disperderet
2613 859 2888 913 civitatem.
2928 859 3086 915 Venit
3112 871 3294 917 autem
3329 862 3420 918 ille
3442 862 3534 933 qui
3561 862 3611 915 in
3637 862 3789 931 prin-

2182 950 2325 1021 cipio
2368 950 2527 1021 hujus
2572 952 2855 1021 propheta:
2905 953 3134 1008 vestitus
3175 965 3290 1010 erat
3339 953 3522 1021 lineis,
3560 962 3615 1009 et
3640 962 3788 1009 atra-

2185 1046 2508 1101 meutarium
2560 1046 2793 1102 habebat
2844 1046 2912 1101 ad
2960 1047 3197 1116 lumbos,
3243 1064 3365 1104 cum
3414 1046 3535 1104 aliis
3559 1063 3650 1104 sex
3678 1089 3693 1114 ,
3729 1055 3790 1103 ut

2184 1139 2529 1208 disperderet
2559 1140 2858 1207 civitatem,
2894 1156 3001 1195 non
3051 1151 3109 1195 ut
3161 1150 3415 1212 ungeret,
3463 1140 3607 1213 quod
3653 1139 3790 1210 Sep-

2188 1232 2429 1302 tuaginta
2464 1232 2886 1299 transtulerunt,
2919 1234 3010 1305 qui
3057 1243 3256 1303 quarto
3284 1233 3479 1290 dixere
3510 1251 3523 1288 :
3550 1232 3617 1287 Et
3660 1234 3788 1288 visio

2185 1342 2366 1380 currus
2390 1344 2544 1399 quam
2570 1327 2827 1396 videram,
2852 1327 2997 1399 quod
3026 1327 3082 1383 in
3110 1328 3378 1385 IIebraico
3402 1344 3511 1384 non
3533 1327 3786 1383 habetur.

2188 1418 2442 1474 Dicamus
2481 1419 2718 1476 strictim
2747 1418 2817 1474 de
2849 1420 3107 1491 singulis,
3141 1432 3402 1492 quantum
3448 1418 3795 1490 explanatio-

2189 1512 2276 1567 nis
2309 1513 2509 1582 patitur
2534 1512 2868 1569 difﬁcultas:
2903 1529 2971 1570 ne
3009 1513 3139 1569 dum
3179 1514 3460 1571 Studemus
3503 1514 3787 1580 brevitati,

2188 1604 2554 1660 velamentum
2582 1621 2686 1661 non
2711 1607 2889 1662 solum
2919 1608 3117 1680 Moysi,
3152 1608 3249 1665 sed
3273 1617 3329 1663 et
3350 1609 3634 1679 propheta:
3656 1607 3795 1662 Eze-

2191 1698 2387 1754 chielis
2415 1709 2701 1756 remaneat
2730 1701 2781 1755 in
2809 1701 2987 1767 nobis,
3020 1702 3114 1771 qui
3140 1702 3393 1773 cupimus
3426 1701 3665 1757 revelata
3706 1700 3792 1756 fa-

502 1817 522 1853 ι
568 1813 782 1865 meum,
815 1808 869 1855 et
892 1809 1076 1869 postes
1108 1814 1237 1855 suos
1259 1800 1413 1870 juxta
1444 1810 1627 1870 postes
1656 1814 1849 1856 meos:
1882 1807 1940 1855 et
1971 1814 2089 1855 mu—
2119 1791 2165 1851 B
2194 1792 2279 1848 cie
2310 1794 2591 1849 veritatem
2628 1794 2845 1849 Domini
2887 1794 3248 1865 contemplari
3287 1793 3486 1866 (Exod.
3518 1809 3711 1860 xxxiv;
3749 1793 3793 1849 II

502 1909 525 1943 ‹
572 1907 667 1947 rus
698 1900 817 1948 erat
846 1892 988 1948 inter
1017 1907 1102 1949 nte
1143 1902 1199 1949 et
1233 1908 1330 1949 eos
1375 1911 1387 1947 :
1432 1901 1486 1949 et
1530 1893 1843 1964 polluerunt
1888 1907 2087 1948 nomen

503 2002 526 2038 ι
570 1994 816 2041 sanctum
843 2002 1022 2043 meum
1058 1987 1112 2041 in
1136 1986 1634 2043 abominationibus
1648 2002 1782 2058 quas
1809 1987 2086 2043 fecerunt:

502 2094 523 2130 ‹
569 2086 794 2148 propter
810 2079 952 2150 quod
981 2079 1296 2150 consumpsi
1323 2094 1418 2135 eos
1443 2079 1497 2134 in
1522 2079 1601 2135 ira
1617 2094 1757 2134 mea.
1782 2078 1936 2134 Nune
1959 2094 2091 2151 ergo

508 2187 528 2222 ι
576 2170 847 2241 repellant
895 2172 1084 2242 procul
1133 2170 1549 2227 fornicationem
1599 2186 1775 2239 suam,
1809 2180 1866 2227 et
1904 2173 2092 2228 ruinas

503 2281 523 2316 ι
570 2280 759 2335 regum
788 2280 1009 2321 suorum
1038 2281 1066 2319 a
1092 2282 1177 2321 me
1207 2283 1220 2319 :
1254 2276 1311 2322 et
1340 2265 1592 2322 habitabo
1616 2266 1668 2321 in
1695 2265 1876 2321 medio
1902 2281 2091 2323 eorum

504 2378 524 2413 ι
570 2374 808 2432 semper.
842 2360 1029 2417 LXX:
1066 2360 1131 2416 Et
1187 2361 1411 2416 adduxit
1461 2377 1548 2417 me
1597 2361 1666 2416 ad
1706 2371 1942 2431 portam,
1971 2377 2093 2431 qua:

505 2471 527 2506 ι
574 2454 900 2524 respiciebat
941 2464 1130 2511 contra
1170 2454 1522 2522 Orientem—j-
1549 2463 1604 2510 et
1629 2455 1819 2511 eduxit
1848 2470 1933 2510 me
1978 2458 1993 2511 Σ
2040 2466 2095 2512 et

507 2561 529 2597 ι
574 2558 703 2600 ecce
730 2545 903 2616 gloria
934 2546 1030 2603 Dei
1058 2546 1222 2602 Israel
1246 2547 1505 2603 veniebat
1529 2562 1628 2618 per
1654 2548 1794 2603 viam
1818 2547 2092 2603 Orientis:

505 2654 527 2690 ι
574 2648 630 2694 et
661 2652 763 2694 vox
790 2648 1092 2696 castrorum
1131 2641 1286 2711 quasi
1332 2656 1433 2696 vox
1466 2641 1859 2713 geminantium
1898 2644 2097 2699 multo—

508 2750 528 2786 ι
576 2748 695 2787 rum
734 2750 747 2786 :
780 2741 835 2789 et
866 2744 1007 2789 terra
1040 2734 1424 2804 reSpIendebat
1449 2735 1601 2805 quasi
1637 2744 1659 2771 ει
1689 2734 1869 2806 fulgur
1909 2750 1939 2789 a
1981 2737 2098 2806 glo-

505 2841 527 2877 ι
571 2824 651 2880 ria
707 2842 804 2896 per
866 2829 1177 2884 circuitum.
1239 2829 1305 2884 Et
1354 2829 1493 2884 visio
1532 2845 1693 2900 quam
1744 2830 1850 2885 vidi
1898 2846 2095 2886 secun-

505 2938 526 2972 ι
571 2920 698 2974 dum
724 2920 990 2977 visionem
1021 2937 1179 2993 quam
1205 2921 1446 2977 videram
1491 2922 1707 2990 quando
1752 2922 2097 2992 ingrediebar

507 3032 528 3066 ι
576 3024 635 3069 ιιι
662 3030 917 3086 ungerent
944 3015 1219 3070 civitatem
1242 3019 1294 3079 -ὲ
1316 3015 1381 3069 Et
1411 3014 1548 3069 visio
1573 3030 1763 3070 currus
1792 3031 1954 3087 quam
1988 3018 2095 3072 vidi

506 3125 527 3159 ‹
577 3110 592 3164 Σ
619 3109 917 3165 secundum
941 3110 1207 3165 visionem
1232 3125 1393 3180 quam
1417 3109 1660 3165 videram
1684 3126 1847 3181 super
1876 3111 2095 3167 ﬂuvium

2194 1883 2311 1940 Cor.
2338 1883 2441 1956 ιιι).
2471 1884 2654 1939 Gloria
2689 1900 2820 1956 ergo
2849 1886 2946 1942 Dei
2984 1885 3154 1942 Israel
3192 1886 3499 1957 ingreditur
3529 1901 3627 1957 per
3650 1886 3795 1941 viam

2193 1976 2552 2047 Orientalem,
2582 1994 2681 2049 per
2708 1995 2870 2050 quam
2898 1988 2956 2035 et
2980 1996 3199 2052 egressa
3226 1981 3423 2050 fuerat,
3459 1980 3674 2052 quando
3719 1982 3799 2037 ci-

2194 2074 2337 2128 vitas
2369 2073 2586 2128 Domini
2610 2073 2795 2129 furore
2819 2089 3077 2145 percussa
3103 2083 3210 2131 est.
3239 2074 3556 2146 Ingreditur
3581 2083 3796 2146 autem,

2194 2164 2362 2220 immo
2393 2165 2702 2236 regreditur
2726 2166 2793 2221 ad
2817 2182 2937 2222 eam
2970 2168 3100 2238 quia
3132 2168 3397 2239 templum
3423 2166 3640 2222 Domini
3672 2167 3801 2223 παὶ-

2198 2259 2415 2315 ﬁcatum
2443 2260 2494 2314 in
2526 2271 2713 2315 monte
2741 2270 3169 2318 monstraverat.
3191 2262 3259 2318 Et
3279 2272 3458 2318 tamen
3481 2261 3653 2317 multo
3676 2263 3800 2332 plus

2197 2362 2281 2409 est
2306 2354 2450 2425 quod
2478 2355 2530 2409 in
2560 2356 3024 2427 consequentibus
3047 2356 3250 2412 dicitur
3279 2373 3292 2411 :
3324 2356 3552 2412 Levavit
3577 2371 3666 2413 me
3689 2356 3803 2427 Spi-

2197 2448 2356 2514 ritus,
2379 2458 2435 2504 et
2460 2449 2880 2506 introduxitme
2904 2450 2957 2505 in
2985 2450 3185 2506 atrium
3229 2450 3470 2506 exterius
3520 2466 3534 2504 :
3576 2457 3633 2506 et
3675 2464 3804 2505 ecce

2196 2540 2409 2611 repleta
2434 2550 2551 2597 erat
2577 2543 2753 2613 gloria
2785 2542 3003 2598 Domini
3055 2542 3272 2599 domus.
3307 2543 3407 2598 IIic
3445 2543 3589 2597 enim
3628 2542 3803 2613 gloria

2200 2644 2405 2691 tantum
2462 2637 2557 2692 Dei
2608 2637 2777 2694 Israel
2830 2638 3178 2710 ingreditur:
3213 2638 3288 2694 ibi
3345 2647 3527 2695 autem
3557 2637 3803 2707 dicitur,

2199 2731 2346 2802 quod
2389 2731 2672 2803 plenitudo
2714 2732 2900 2805 gloriae
2940 2732 3153 2788 Domini
3208 2731 3372 2787 fuerit
3418 2732 3476 2788 in
3528 2731 3800 2802 Templo:

2202 2823 2271 2880 de
2321 2840 2425 2896 qua
2477 2835 2531 2880 et
2561 2825 2730 2881 Isaias
2767 2827 2957 2881 scribit
2984 2844 2993 2879 :
3020 2825 3143 2882 Vidi
3172 2824 3462 2881 Dominum
3509 2824 3792 2881 sedentem

2203 2935 2369 2990 super
2410 2920 2667 2975 thronum
2722 2922 3001 2978 excelsum
3049 2931 3105 2975 et
3151 2921 3422 2977 elevatum
3476 2937 3490 2975 :
3540 2928 3596 2976 et
3641 2920 3801 2990 plena

2203 3025 2325 3071 erat
2382 3014 2574 3070 domus
2635 3016 2809 3087 gloria
2866 3016 2984 3086 ejus
3048 3014 3225 3086 (Isai.
3291 3032 3379 3081 vi,
3432 3014 3539 3085 1);
3583 3014 3804 3084 quando

2202 3108 2443 3163 revelata
2510 3108 2649 3164 facie
2718 3110 2953 3180 gloriam
3028 3110 3248 3165 Domini
3318 3109 3796 3179 contemplantes,

507 3220 527 3255 ι
572 3201 833 3257 Chobar:
882 3202 1161 3273 cecidique
1220 3202 1273 3257 in
1324 3203 1513 3257 faciem
1559 3219 1757 3260 meam.
1818 3204 1884 3258 Et
1924 3205 2095 3275 gloria
2126 3190 2171 3253 C
2204 3200 2563 3258 reformamur
2604 3203 2658 3257 in
2702 3203 2991 3274 imaginem
3056 3204 3356 3260 Creatoris.
3404 3203 3520 3258 Vox
3588 3219 3805 3275 quoque

510 3314 529 3349 ‹
578 3295 793 3351 Domini
826 3297 1068 3367 ingressa
1100 3305 1184 3350 est
1212 3296 1434 3350 domum
1466 3312 1560 3365 per
1584 3297 1724 3351 viam
1756 3306 1948 3366 portaz,
1978 3313 2097 3368 qua:

509 3406 529 3441 ι
575 3388 906 3459 respiciebat
932 3388 997 3443 ad
1022 3388 1320 3446 Orientem.
1339 3389 1405 3444 Et
1427 3389 1819 3460 assumpsitme
1849 3390 2095 3460 spiritus,

508 3499 529 3533 ι
576 3488 632 3538 et
656 3481 962 3537 introduxit
988 3496 1077 3537 me
1108 3482 1159 3536 in
1183 3482 1382 3537 atrium
1414 3482 1685 3538 interius:
1716 3494 1769 3537 et
1797 3497 1924 3537 ecce
1944 3482 2096 3551 plena

511 3594 531 3630 ι
575 3576 746 3648 gloria
777 3576 991 3631 Domini
1021 3576 1233 3632 domus.
1268 3577 1478 3632 Etsteti
1501 3620 1515 3642 ,
1550 3586 1604 3633 et
1634 3592 1761 3633 ecce
1788 3593 1888 3631 vox
1911 3577 1977 3632 de
2004 3577 2103 3632 do-

509 3689 530 3724 ι
577 3686 667 3726 mo
698 3671 969 3741 loquentis
998 3670 1063 3726 ad
1098 3686 1184 3727 me
1216 3689 1227 3724 :
1258 3680 1312 3726 et
1339 3673 1421 3726 vir
1436 3672 1611 3727 stabat
1636 3671 1788 3741 juxta
1817 3687 1924 3737 me,
1946 3681 2000 3727 et
2021 3672 2102 3726 di-

510 3783 531 3818 ι
578 3765 654 3819 xit
679 3764 747 3819 ad
780 3780 905 3819 me:
936 3763 1148 3829 vidisti,
1181 3765 1254 3818 ﬁli
1296 3765 1551 3830 hominis,
1582 3764 1759 3819 locum
1806 3764 1927 3819 solii
1957 3765 2097 3833 mei,

512 3875 534 3910 ι
579 3866 634 3913 et
662 3857 836 3912 locum
865 3859 1073 3928 vestigii
1110 3858 1304 3927 pedum
1340 3873 1605 3923 meorum,
1645 3859 1697 3911 in
1731 3857 1924 3927 quibus
1948 3856 2101 3911 habi-

513 3969 534 4003 ‹
583 3949 717 4006 tabit
746 3965 945 4006 nomen
974 3967 1149 4006 meum
1180 3953 1230 4006 in
1255 3950 1434 4006 medio
1466 3949 1660 4005 domus
1688 3950 1853 4005 Israel
1884 3951 1934 4004 in
1958 3964 2103 4006 sem-

512 4061 534 4097 ι
580 4044 875 4116 piternum.
930 4044 995 4098 Et
1051 4060 1154 4099 non
1211 4042 1659 4098 contaminabunt
1719 4041 1858 4095 ultra
1908 4040 2102 4096 domus

514 4154 534 4189 ι
579 4136 744 4192 Israel
771 4151 969 4192 nomen
994 4146 1240 4192 sanctum
1268 4152 1445 4191 meum
1470 4176 1482 4199 ,
1515 4135 1618 4205 ipsi
1649 4134 1892 4190 etduces
1914 4150 2102 4189 eorum

514 4245 535 4281 ι
584 4228 640 4283 in
665 4229 1024 4285 fornicatione
1056 4244 1149 4284 sua
1181 4238 1236 4285 et
1262 4228 1317 4283 iu
1343 4227 1650 4283 homicidiis
1677 4226 1876 4283 ducum
1908 4229 1959 4282 in
1991 4244 2105 4283 mc-

514 4341 534 4379 t
580 4324 674 4379 dio
704 4325 824 4392 sui,
860 4340 982 4380 cum
1011 4324 1466 4394 ponerentlimen
1502 4338 1686 4379 meum
1739 4322 1793 4377 in
1822 4323 2103 4382 liminibus

512 4435 531 4471 ι
577 4420 728 4487 suis,
764 4426 819 4475 et
848 4427 1033 4490 postes
1080 4434 1232 4474 meos
1252 4419 1402 4488 juxta
1436 4425 1621 4488 postes
1650 4430 1802 4472 suos.
1838 4415 1908 4471 Et
1939 4417 2104 4472 dedc-

513 4529 533 4565 ι
579 4521 707 4568 runt
739 4514 1003 4584 parietem
1041 4529 1219 4570 meum
1258 4512 1420 4585 520
1452 4513 1604 4584 quasi
1630 4527 1940 4569 connexum
1963 4513 2106 4569 inter

514 4622 534 4657 ί
581 4620 670 4661 me
709 4614 763 4661 οι
788 4622 848 4663 se

512 4716 533 4752 ι
582 4712 762 4753 meum
815 4699 867 4754 in
920 4700 1298 4770 iniquitatibus
1343 4699 1459 4754 suis
1506 4714 1641 4769 quas
1691 4697 1982 4755 faciebant.
2038 4700 2108 4754 Et

516 4809 537 4845 ι
583 4793 817 4848 contrivi
850 4808 946 4850 eos
987 4795 1039 4849 in
1091 4794 1274 4850 furore
1333 4809 1458 4850 meo
1501 4803 1557 4850 et
1598 4793 1654 4848 in
1705 4794 2004 4849 occisione.
2040 4794 2109 4848 Et

514 4902 534 4938 ι
583 4876 743 4941 nunc'
766 4885 1029 4957 abjiciant
1071 4886 1487 4942 fornicationem
1520 4901 1699 4950 suam,
1730 4895 1785 4941 et
1814 4885 2106 4942 homicidia

514 4993 533 5027 ι
580 4975 781 5032 ducum
808 4992 1029 5033 suorum
1062 4992 1089 5031 a
1119 4992 1205 5033 me
1231 4996 1243 5032 :
1271 4986 1327 5032 et
1349 4976 1606 5034 habitabo
1636 4978 1688 5033 iu
1716 4977 1896 5033 medio
1918 4993 2104 5033 eorum

514 5086 534 5120 ι
581 5069 635 5125 in
674 5071 1094 5143 sempiternum.
1140 5090 1156 5123 ι
1192 5070 1432 5124 Primum
1479 5069 1545 5126 de
1591 5069 1966 5125 translationis
2013 5086 2107 5125 va-

508 5164 705 5220 rietate
730 5164 1021 5221 dicendum
1055 5171 1159 5219 est.
1179 5162 1291 5217 lioc
1312 5162 1455 5234 quod
1480 5171 1691 5234 ponunt
1713 5161 2101 5233 Septuaginta:

509 5256 580 5313 Et
615 5259 791 5313 eduxit
813 5274 921 5327 me,
954 5258 1007 5312 in
1032 5257 1298 5312 llebraico
1324 5272 1432 5311 non
1462 5255 1712 5312 habetur.
1748 5257 1803 5312 Si
1837 5256 1983 5310 cnim
2014 5256 2108 5310 ad-

510 5351 704 5409 ductus
732 5352 906 5408 fuerat
940 5352 1003 5406 ad
1037 5363 1271 5423 portum,
1303 5366 1422 5421 quae
1448 5349 1780 5422 reSpicicbat
1801 5348 2103 5417 Orientem,

508 5447 640 5518 quid
672 5461 898 5503 necesse
929 5446 1116 5502 fuitut
1145 5445 1501 5512 educeretur,
1530 5460 1656 5501 cum
1701 5444 1823 5499 ideo
1857 5442 2109 5501 inductus

508 5538 600 5607 sit,
634 5548 694 5596 ut
722 5539 938 5597 videret
970 5538 1099 5611 quid
1122 5539 1173 5594 in
1199 5550 1354 5611 porta
1391 5539 1546 5593 ﬁeret
1571 5536 1876 5593 Orientali?
1905 5537 2111 5596 Deinde

508 5634 602 5694 ubi
631 5634 873 5693 dicitur:
914 5634 1031 5693 Vox
1080 5644 1191 5692 erat
1245 5636 1321 5707 ei,
1352 5632 1495 5690 haud
1517 5630 1741 5691 dubium
1786 5631 1917 5705 quin
1968 5632 2105 5704 Dei,

586 5832 613 5861 ιι
652 5821 880 5893 Victor.,
910 5823 1083 5896 fulgor
1107 5838 1206 5897 pro
1230 5823 1430 5899 fulgur,
1460 5839 1526 5881 ex
1551 5824 1743 5901 Grmco
1762 5823 1964 5900 φέγγος.

2202 3304 2319 3350 erat
2387 3295 2507 3363 Dei,
2574 3296 2729 3367 quasi
2794 3311 2898 3351 vox
2973 3311 3235 3368 aquarum
3297 3296 3635 3361 multarum,
3688 3312 3809 3351 om-

2203 3389 2352 3445 nium
2376 3391 2534 3463 521
2568 3390 2779 3446 scilicet
2805 3390 2857 3445 in
2883 3398 2997 3446 toto
3018 3390 3151 3446 orbe
3174 3388 3517 3460 pepnlormn,
3544 3397 3605 3444 ut
3631 3388 3804 3445 Joan-

2204 3498 2299 3538 nes
2352 3483 2697 3554 Evangelista
2760 3484 3154 3554 interpretatur
3209 3482 3420 3553 (Apoc.
3477 3481 3611 3554 xiv)
3644 3499 3657 3537 :
3691 3482 3807 3539 sive

2203 3576 2358 3647 quasi
2380 3592 2486 3631 vox
2508 3585 2835 3645 castrorum,
2862 3584 2919 3631 et
2943 3577 3086 3631 sicut
3112 3590 3219 3629 vox
3246 3575 3638 3645 geminantium
3669 3575 3809 3628 mul-

2207 3678 2409 3739 torum,
2463 3678 2522 3724 ut
2560 3670 2835 3726 exercitus
2891 3670 2985 3725 Dei
3034 3676 3372 3724 sacramenta
3426 3677 3804 3740 cognosceret.

2203 3762 2360 3829 Quod
2412 3762 2726 3832 intelligens
2775 3762 2969 3831 Jacob,
3000 3762 3217 3818 vocavit
3264 3776 3461 3818 nomen
3497 3760 3642 3815 illius
3674 3760 3802 3828 loci,

2206 3865 2376 3911 castra
2423 3854 2642 3925 (Goues.
2676 3873 2821 3911 xxxn
2847 3856 2886 3928 ).
2942 3856 3019 3913 De
3049 3857 3250 3927 quibus
3281 3865 3337 3911 et
3386 3854 3515 3911 alibi
3542 3855 3807 3924 scriptum

2204 3960 2324 4008 est:
2359 3950 2566 4005 Currus
2626 3951 2722 4006 Dei
2776 3951 2963 4006 decem
3007 3950 3236 4004 millium
3286 3948 3595 4019 multiplex,
3638 3948 3808 4002 millia

2205 4042 2506 4100 lmtantium
2540 4044 2669 4116 (Ps.
2704 4060 2874 4112 van,
2912 4044 3024 4115 18).
3062 4044 3175 4100 Una
3225 4052 3404 4098 autem
3454 4059 3561 4098 vox
3606 4042 3811 4098 dicitur

2205 4150 2510 4195 castrorum
2570 4152 2626 4195 et
2684 4139 3077 4205 multitudinis,
3135 4149 3358 4210 propter
3389 4154 3554 4193 unum
3610 4138 3663 4191 in
3718 4137 3810 4191 Dei

2207 4234 2371 4293 laude
2427 4250 2783 4291 consensum.
2837 4234 3267 4305 Geminaturque
3336 4249 3441 4290 vox
3495 4234 3809 4289 canentium

2207 4326 2377 4393 Patri,
2411 4336 2466 4383 et
2494 4327 2655 4395 Filio,
2686 4338 2741 4383 et
2763 4327 2992 4399 Spiritui
3012 4337 3202 4383 sancto
3227 4344 3240 4382 :
3269 4327 3528 4395 Sanctus,
3561 4335 3810 4392 sanctus,

2209 4430 2433 4476 sanctus
2464 4420 2725 4476 Dominus
2753 4421 2899 4475 Deus
2925 4419 3192 4489 Sabaoth,
3220 4421 3380 4493 plena
3412 4428 3497 4475 est
3530 4429 3673 4476 terra
3698 4420 3816 4490 glo-

2211 4513 2293 4569 ria
2322 4513 2442 4583 ejus
2473 4512 2491 4582 (
2522 4512 2658 4568 1εαὶ.
2692 4529 2767 4583 γι,
2822 4513 2912 4585 5).
2962 4515 3262 4583 Sequitur:
3316 4514 3382 4568 Et
3430 4522 3579 4570 terra
3624 4512 3814 4583 Splen-

896 4624 909 4661 :
951 4616 1008 4663 et
1051 4609 1562 4662 contaminaverunt
1607 4621 1806 4661 nomen
1857 4614 2102 4662 sanctum
2134 4595 2182 4655 Ῑ)
2209 4607 2370 4662 debat
2396 4621 2426 4661 a
2458 4607 2746 4677 majestate
2795 4607 2913 4677 ejus
2944 4608 2964 4681 (
2994 4608 3142 4665 Psal.
3190 4607 3365 4681 xvtn).
3401 4607 3557 4676 Quod
3590 4608 3812 4679 proprie

2210 4700 2265 4756 in
2297 4700 2533 4756 adventu
2564 4699 2770 4755 Christi
2799 4700 2998 4756 factum
3047 4709 3166 4768 est;
3213 4701 3431 4773 quando
3485 4703 3538 4756 in
3590 4716 3810 4757 omnem

2211 4802 2415 4850 terram
2448 4793 2581 4849 exiit
2619 4808 2786 4848 sonus
2817 4795 3217 4865 apostolorum,
3276 4806 3331 4850 et
3365 4795 3419 4850 in
3469 4794 3605 4850 ﬁnes
3652 4794 3813 4851 orbis

2212 4895 2374 4941 terra:
2405 4887 2572 4942 verba
2602 4901 2791 4941 eorum
2823 4886 3014 4959 (Rom.
3045 4903 3179 4943 ιιι-ιιι
3206 4888 3223 4959 )
3255 4905 3268 4942 :
3295 4887 3651 4959 quotidieque
3704 4887 3812 4942 im-

2213 4982 2401 5052 pletur
2432 4981 2484 5035 in
2509 4981 2884 5050 credentibus,
2918 4991 2974 5038 et
2999 4983 3066 5038 ad
3096 4982 3397 5052 perfectum
3421 4983 3809 5053 complebitur,

2215 5074 2434 5145 quando
2464 5076 2840 5144 corruptivum
2875 5078 2977 5131 hoc
3027 5075 3809 5146 induerit'incorruptionem,

2216 5178 2270 5224 et
2342 5170 2575 5225 mortale
2648 5169 2794 5225 istud
2855 5170 3014 5227 fuerit
3073 5170 3489 5226 immortalitate
3552 5170 3813 5225 vestitum

2218 5259 2238 5333 (
2268 5260 2289 5314 Ι
2317 5259 2439 5314 Cor.
2467 5277 2540 5316 xv
2564 5262 2604 5333 ).
2635 5262 2792 5329 Quod
2824 5272 3005 5319 autem
3030 5262 3270 5318 infertur
3299 5281 3313 5318 :
3347 5260 3414 5317 Et
3434 5262 3541 5317 ridi
3568 5262 3815 5317 visionem

2216 5352 2501 5406 secundum
2526 5353 2746 5426 speciem
2773 5372 2927 5422 quam
2958 5356 3208 5424 viderant,
3238 5354 3446 5427 quando
3468 5355 3603 5409 venit
3627 5364 3683 5408 ut
3708 5352 3817 5407 dis-

2215 5446 2451 5516 perderet
2493 5448 2793 5515 civitatem;
2845 5462 2945 5519 pro
2996 5463 3102 5519 quo
3164 5447 3524 5519 Septuaginta
3576 5454 3817 5502 transtu-

2212 5539 2395 5597 lerunt
2419 5559 2431 5595 :
2458 5542 2669 5615 quando
2697 5544 2958 5615 ingressus
2983 5560 3099 5599 sum
3118 5584 3132 5610 ,
3162 5554 3216 5597 ut
3242 5560 3489 5616 ungerent
3515 5544 3811 5607 civitatem,

2211 5648 2335 5693 cum
2363 5635 2525 5709 juxta
2554 5635 2906 5712 ,Hebraicum
2953 5638 3307 5710 perspicuum
3350 5636 3630 5710 sit;juxta
3676 5634 3816 5706 Sep-
