4108 6338
272 290 379 349 M7

908 293 1569 356 COMMENTARIORUM
1611 292 1678 355 IN
1720 290 2167 354 EZECIIIELEM
2210 292 2339 354 LIB.
2382 295 2520 357 XIII.
2560 300 2717 361 CAP.
2758 300 2943 361 XLIII.

3475 300 3580 361 418

212 440 215 441 ν
269 416 516 487 tuaginta
550 417 850 489 plurimam
911 420 1307 476 obscuritatem
1340 420 1510 475 habet
1557 437 1569 473 :
1605 418 1878 491 quomodo
1905 418 1956 479 Α
1985 420 2127 473 enim
2185 433 2342 474 meas
2382 418 2609 476 offendit
2660 421 2873 477 Deum:
2908 417 3132 479 humilis
3160 417 3226 475 ad
3266 416 3585 475 misericor-

270 509 524 565 Ezcchicl
554 511 837 584 ingressus
867 514 941 569 sit
968 525 1024 570 ut
1054 523 1281 586 ungeret
1312 514 1597 570 civitatem
1625 530 1641 579 ;
1689 513 1755 568 ad
1784 528 1877 569 cu-

265 603 353 673 jus
387 604 736 676 prophetiam
783 609 1386 679 comminationemque
1430 607 1733 664 ceciderit:
1770 608 1875 664 nisi

270 694 414 753 forte
460 698 593 755 illud
639 701 911 771 dicamus,
947 702 1091 774 quod
1138 700 1418 773 correptio
1450 703 1756 771 pr0phetre,
1804 700 1877 755 sit

268 791 462 847 unctio
490 793 752 864 civitatis,
788 806 846 852 et
878 796 1063 852 unctio
1114 795 1219 851 olei
1264 795 1649 851 exsultationis
1695 809 1877 850 sacer-

267 882 496 954 dotalis,
538 896 593 942 et
621 888 780 959 regii,
823 889 968 960 quod
1018 888 1110 960 qui
1162 888 1398 944 libenter
1451 887 1784 959 receperint,
1821 896 1877 943 et

270 977 475 1035 audire
506 980 802 1050 voluerint,
837 982 1157 1039 efficiuntur
1183 983 1331 1038 uncti
1361 982 1606 1047 Domini,
1639 982 1708 1038 de
1759 980 1880 1054 qui-

268 1072 373 1127 bus
396 1072 661 1143 scriptum
707 1085 830 1131 est:
864 1076 1048 1132 Nolite
1098 1086 1318 1146 tangere
1373 1074 1619 1131 Christos
1678 1088 1873 1129 meos:

269 1176 327 1222 et
355 1168 410 1221 in
442 1167 737 1239 prophetis
762 1169 904 1226 meis
938 1170 1107 1225 nolite
1140 1170 1423 1239 malignari
1456 1167 1585 1239 (Ps.
1618 1184 1727 1236 etv,
1762 1165 1872 1239 I5).

268 1259 368 1316 Ille
395 1270 578 1317 autem
610 1272 790 1333 potest
812 1263 968 1335 juxta
1003 1277 1286 1334 anagogen
1318 1276 1523 1334 ungere
1553 1262 1832 1317 civitatem
1855 1302 1870 1327 ,

268 1356 340 1413 de
368 1373 478 1428 qua
509 1360 777 1429 scriptum
807 1368 930 1416 est:
964 1359 1218 1417 Gloriosa
1249 1359 1393 1415 dicta
1424 1369 1551 1414 sunt
1590 1358 1657 1414 de
1686 1368 1758 1424 te,
1794 1359 1875 1413 ci-

268 1449 413 1505 vitas
446 1452 541 1507 Dei
566 1451 687 1523 (Ps.
723 1469 942 1519 Lxxxvr,
972 1455 1031 1524 :2)
1058 1469 1073 1519 ;
1106 1454 1197 1524 qui
1224 1452 1359 1507 vidit
1388 1453 1654 1509 visionem
1681 1466 1875 1508 currus

272 1553 331 1600 et
378 1547 768 1617 mysteriorum
828 1547 948 1614 Dei,
1000 1562 1162 1617 quam
1215 1547 1440 1602 intuitus
1489 1557 1573 1603 est
1622 1545 1875 1601 Ezechiel

266 1652 439 1709 super
462 1639 687 1695 fluvium
712 1638 937 1711 Chobar,
968 1641 1058 1711 qui
1085 1657 1216 1695 onus
1247 1641 1548 1713 pondusque
1579 1640 1869 1712 significat.

266 1732 414 1801 Quid
471 1734 619 1789 enim
678 1737 894 1805 gravius
950 1732 1268 1789 fluminibus
1321 1734 1651 1805 Babyloniis,
1711 1749 1874 1804 super

1983 510 2127 565 diam
2158 522 2440 581 provocat.
2497 511 2597 580 Qui
2630 524 2754 584 post
2791 514 3129 584 superbiam,
3164 514 3334 569 immo
3366 530 3465 585 per
3494 528 3585 569 su-

1980 602 2249 673 perbiam,
2283 604 2533 660 fabricati
2564 617 2691 660 sunt
2719 606 2883 662 limen
2906 622 3064 663 suum
3085 606 3237 678 juxta
3263 606 3426 663 limen
3460 606 3577 676 Dei,

1979 704 2033 752 et
2055 705 2241 768 postes
2271 713 2398 754 suos
2420 697 2573 767 juxta
2609 708 2794 770 postes
2825 699 2993 756 illius.
3023 700 3261 756 Audiant
3288 699 3404 755 haec
3426 701 3581 770 juxta

1977 792 2222 849 litteram
2252 793 2589 851 mulierculas
2617 804 2859 850 oneratae
2891 795 3152 865 peccatis,
3186 811 3308 867 quae
3343 795 3580 851 circum-

1980 884 2227 942 feruntur
2254 888 2401 943 omni
2433 896 2598 944 vento
2626 886 2915 957 doctrinae,
2949 903 3164 959 semper
3198 888 3493 957 discentes,
3524 895 3581 946 et

1979 996 2273 1052 numquam
2305 982 2372 1037 ad
2401 983 2689 1040 scientiam
2710 983 2957 1040 veritatis
2983 984 3396 1055 pervenientes;
3424 1000 3580 1041 men-

1980 1082 2088 1129 tem
2111 1074 2356 1144 junctam
2388 1076 2519 1142 Deo,
2566 1092 2673 1131 non
2713 1076 3052 1133 vicinitatem
3103 1076 3493 1144 Ecclesiarum,
3524 1085 3583 1133 et

1980 1169 2371 1226 habitationem
2407 1171 2567 1245 523
2597 1172 2927 1242 proximam,
2962 1171 3059 1227 Dei
3092 1171 3146 1227 in
3192 1186 3254 1227 sc
3285 1186 3584 1242 provocare

1978 1261 2355 1328 clementiam;
2384 1265 2512 1333 quin
2537 1263 2717 1333 potius
2739 1263 3171 1335 indignationem
3196 1263 3412 1321 Domini
3435 1279 3587 1320 corn-

1978 1355 2211 1420 moveri,
2246 1355 2463 1425 quando
2496 1354 2550 1409 in
2579 1356 2915 1411 consecratis
2952 1356 3068 1411 Deo
3120 1356 3277 1422 locis,
3329 1342 3583 1427 indignus

1979 1446 2255 1504 habitator
2284 1457 2387 1504 est.
2442 1448 2713 1505 Fabricati
2769 1458 2916 1516 sunt,
2951 1450 3147 1521 inquit,
3211 1450 3374 1506 limen
3421 1466 3580 1507 suum

1974 1540 2129 1612 juxta
2161 1543 2325 1600 limen
2354 1559 2560 1611 meum,
2594 1553 2649 1599 ut
2679 1542 2812 1599 nihil
2843 1546 3137 1601 interesset
3174 1546 3316 1600 inter
3363 1561 3579 1603 sacrum
3646 1536 3651 1537 ί

1979 1644 2036 1693 et
2068 1637 2433 1707 propltanum,
2466 1648 2521 1693 et
2550 1646 2733 1708 postes
2781 1653 2909 1693 suos
2959 1638 3109 1708 juxta
3168 1650 3351 1709 lostes
3402 1654 3577 1711 meos,

1978 1741 2036 1785 ut
2062 1746 2200 1785 unus
2260 1731 2521 1785 laicorum
2582 1743 2635 1786 et
2690 1729 3036 1785 sacerdotum
3089 1741 3236 1786 esset
3296 1732 3578 1791 introitus.

268 1846 392 1902 qum
427 1831 596 1885 David
646 1831 789 1886 sedit
832 1840 887 1887 et
914 1826 1219 1887 flevitcum
1266 1829 1650 1886 recordaretur
1698 1829 1827 1885 Sion
1852 1828 1876 1883 Υ
1904 1827 1952 1888 Β
1981 1823 2135 1881 Unde
2165 1833 2220 1880 et
2259 1825 2559 1895 Apostolus
2586 1824 2718 1880 dicit
2745 1842 2757 1880 :
2792 1824 2995 1880 Probet
3023 1834 3201 1881 autem
3225 1841 3285 1883 se
3312 1826 3501 1894 homo,
3529 1833 3583 1884 et

268 1927 349 1982 De
376 1928 577 1997 quibus
622 1927 886 1997 scriptum
919 1937 1003 1982 est
1033 1945 1045 1980 :
1081 1925 1337 1982 Praeterit
1364 1927 1510 1981 enim
1555 1926 1721 1996 figura
1771 1925 1873 1980 ltu-

262 2018 358 2090 jus
392 2019 579 2074 mundi
612 2018 808 2090 (Psal.
843 2030 1089 2090 cxxxvt).
1133 2019 1393 2089 Nihilque
1419 2028 1547 2091 puto
1592 2019 1647 2073 in
1690 2019 1873 2074 saeculi

268 2114 440 2186 hujus
454 2113 783 2172 confusione
804 2130 928 2172 esse
952 2124 1302 2186 perpetuum:
1328 2115 1424 2170 sed
1450 2115 1628 2169 omnia
1654 2123 1879 2185 praeter-

270 2211 356 2266 ire
384 2220 441 2266 et
467 2209 641 2267 fluere
669 2210 733 2283 (I
766 2209 888 2267 Cor.
925 2226 1034 2277 γη,
1068 2210 1190 2282 31).
1246 2209 1378 2279 Quae
1426 2210 1517 2281 qui
1566 2209 1878 2265 considera-

269 2309 440 2374 verit,
484 2308 650 2365 cadet
693 2324 858 2380 super
910 2307 1102 2365 faciem
1153 2322 1306 2363 suam
1352 2307 1666 2379 intelligens
1716 2322 1876 2378 quam

276 2403 479 2474 procul
509 2404 581 2458 sit
622 2418 648 2457 a
708 2403 992 2473 majestate
1027 2404 1144 2467 Dei,
1176 2411 1229 2459 et
1254 2401 1438 2459 flectet
1476 2418 1648 2475 genua
1681 2401 1747 2457 ad
1780 2403 1882 2457 Pa-

276 2507 419 2554 trem
471 2498 523 2552 in
573 2498 796 2555 nomine
826 2497 955 2554 Jesu
981 2497 1205 2553 Christi.
1266 2498 1428 2571 522
1471 2498 1735 2569 Cumque,
1783 2498 1879 2565 ait,

275 2607 378 2663 ego
409 2593 772 2661 corruissem,
808 2593 1071 2664 majestas
1104 2593 1316 2647 Domini
1346 2595 1588 2665 ingressa
1635 2604 1719 2649 est
1747 2602 1884 2648 tem-

277 2685 433 2755 plum
463 2700 562 2756 per
590 2686 731 2742 viam
755 2695 951 2757 portae,
986 2702 1106 2757 qua:
1140 2685 1466 2756 respiciebat
1490 2685 1555 2741 ad
1578 2686 1881 2755 Orientem,

278 2778 579 2849 statimque
624 2794 713 2835 me
762 2779 993 2836 elevavit
1041 2780 1263 2850 spiritus
1315 2779 1477 2850 (ipse
1525 2779 1885 2850 enimjacens

281 2888 519 2943 pergere
546 2889 655 2930 non
688 2874 960 2948 valebam)
990 2916 1004 2942 ,
1037 2884 1092 2930 et
1134 2873 1435 2930 introduxit
1491 2890 1578 2930 me
1607 2875 1658 2929 in
1684 2875 1883 2930 atrium

283 2966 574 3035 interitus,
609 2968 745 3024 foris
771 2968 916 3024 enim
954 2967 1297 3034 cecideram;
1328 2977 1383 3024 et
1412 2982 1570 3035 ecce,
1602 2968 1693 3039 qui
1738 2968 1888 3039 prius

286 3076 686 3135 eonspexeram
714 3063 942 3135 gloriam
965 3062 1061 3119 Dei
1092 3062 1259 3118 Israel
1288 3062 1599 3135 vepientem
1629 3078 1724 3134 per
1745 3062 1886 3117 viam

290 3158 650 3225 Orientalem,
706 3158 817 3213 vidi
875 3158 1144 3230 repletam
1203 3157 1370 3229 gloria
1401 3157 1613 3213 Domini
1664 3156 1884 3211 domum

1980 1920 2057 1974 sic
2088 1919 2314 1975 accedat
2337 1919 2402 1973 ad
2427 1934 2629 1989 corpus
2659 1928 2713 1974 et
2755 1917 3075 1988 sanguinem
3111 1919 3330 1975 Domini
3365 1920 3424 1994 (Ι
3456 1918 3580 1976 Cor.

1981 2033 2057 2079 χι,
2101 2017 2235 2090 98).
2292 2016 2359 2071 Et
2407 2027 2462 2072 ut
2492 2017 2711 2088 gravius
2762 2017 2966 2073 faceret
3008 2016 3152 2088 quod
3204 2017 3455 2084 dicebat,
3494 2031 3583 2075 se-

1981 2120 2241 2183 quentem
2294 2111 2471 2182 jungit
2523 2110 2853 2167 versiculum
2908 2127 2921 2163 :
2978 2109 3048 2165 Et
3093 2127 3273 2165 murus
3308 2120 3419 2165 erat
3447 2112 3583 2167 inter

1983 2220 2063 2259 me
2104 2213 2150 2259 et
2179 2219 2300 2269 eos;
2353 2212 2411 2257 ut
2458 2202 2821 2258 sacerdotalia
2852 2202 3120 2259 sacrificia
3150 2213 3204 2258 et
3246 2202 3363 2260 loca
3392 2218 3582 2261 sacra-

1986 2302 2294 2349 mentorum
2325 2296 2575 2365 corporis
2620 2303 2677 2350 et
2724 2294 3004 2365 sanguinis
3054 2293 3280 2363 Christi,
3327 2294 3588 2353 brevissi-

1987 2403 2111 2444 mus
2134 2404 2320 2444 murus
2348 2388 2635 2445 divideret.
2670 2388 2740 2443 Et
2770 2389 3103 2459 polluerunt,
3138 2389 3353 2459 inquit,
3383 2405 3585 2447 nomen

1986 2491 2235 2537 sanctum
2263 2498 2466 2549 meum,
2500 2482 2551 2536 in
2588 2481 3089 2538 abominationibus
3140 2498 3275 2554 quas
3320 2485 3587 2541 fecerunt.

1987 2572 2127 2641 Quid
2164 2574 2383 2645 prodest
2416 2574 2769 2629 habitationis
2816 2575 3043 2643 vicinia,
3093 2586 3151 2632 et
3196 2577 3408 2634 medius
3449 2576 3592 2635 inter

1988 2669 2238 2725 cellulam
2292 2679 2534 2725 nostram
2567 2680 2621 2725 et
2651 2670 2827 2725 altare
2857 2669 3072 2727 Domini
3106 2671 3309 2741 paries,
3358 2686 3482 2727 cum
3530 2670 3585 2727 in

1990 2760 2077 2817 his
2104 2778 2224 2833 qua:
2252 2773 2466 2819 secreto
2496 2761 2748 2828 facimus,
2793 2770 2849 2818 et
2898 2779 3020 2834 qute
3072 2773 3229 2834 turpe
3284 2773 3371 2820 cst
3423 2763 3588 2821 etiam

1991 2853 2192 2922 dicere,
2229 2854 2637 2911 contaminetnr
2676 2865 2733 2911 et
2770 2856 3048 2926 polluatur
3100 2872 3300 2914 nomen
3334 2856 3593 2915 Domini?

1996 2946 2106 3017 Ego
2134 2946 2237 3001 huc
2268 2947 2529 3018 arbitror,
2561 2948 2703 3019 quod
2737 2963 2845 3003 non
2873 2949 3081 3020 polluat
3124 2965 3320 3005 nomen
3353 2950 3591 3019 Domini,

1995 3039 2096 3095 nisi
2128 3039 2219 3096 ille
2247 3041 2338 3111 qui
2370 3041 2520 3095 visus
2552 3050 2636 3097 est
2664 3042 2871 3097 nomini
2902 3042 3022 3114 ejus
3070 3044 3318 3115 credere,
3351 3054 3407 3102 et
3438 3045 3587 3103 illius

1996 3134 2207 3189 censeri
2229 3133 2514 3190 vocabulo.
2544 3135 2901 3207 thnomodo
2932 3136 3074 3192 tollit
3100 3139 3342 3195 membra
3368 3138 3595 3209 Christi,

292 3256 435 3326 ejus,
470 3265 527 3313 et
568 3269 757 3311 vocem
786 3254 852 3310 ad
882 3226 969 3310 me
998 3254 1067 3310 de
1094 3226 1258 3309 domo
1304 3252 1550 3309 interiori
1580 3252 1891 3322 loquentem
1920 3227 1967 3293 (ἶ
2078 3226 2214 3326 Iac“
2239 3227 2483 3326 {nefll’ra
2513 3228 2843 3326 {'_'e_r°"iCisv
3035 3230 3185 3326 ρτίμε
3216 3230 3438 3326 chris“
3476 3247 3598 3290 πθ·

293 3349 500 3404 audivi.
529 3348 661 3416 Quae
684 3347 810 3417 quid
844 3346 913 3401 sit
943 3346 1144 3410 locuta,
1200 3344 1479 3415 Scriptura
1527 3359 1635 3398 non
1686 3350 1891 3409 narrat,

291 3439 399 3495 nisi
429 3438 572 3495 forte
602 3437 734 3494 illud
782 3437 1031 3509 Apostoli
1061 3455 1075 3491 :
1111 3436 1177 3491 Et
1204 3436 1384 3491 audivi
1406 3435 1571 3491 verba
1604 3433 1894 3491 ineffabilia

294 3549 418 3605 quae
450 3547 560 3589 non
594 3532 723 3589 licet
754 3531 960 3587 homini
990 3530 1132 3602 loqui
1166 3528 1251 3603 (II
1278 3527 1397 3584 Cor.
1433 3543 1529 3591 xu,
1554 3527 1636 3599 4).
1672 3528 1764 3582 Vir
1801 3544 1896 3583 att-

294 3637 432 3696 tcm,
468 3626 667 3698 inquit,
702 3626 792 3697 qui
816 3625 994 3681 stabat
1038 3624 1189 3695 juxta
1245 3622 1587 3693 pr0pltetam,
1647 3622 1785 3677 dixit
1828 3622 1896 3678 ad

296 3735 427 3777 eum
458 3738 469 3774 :
504 3734 669 3791 quem
697 3716 988 3790 perspicue
1034 3716 1323 3771 Dominum
1378 3714 1751 3786 intelligimus.
1801 3716 1898 3771 Cui

297 3814 450 3869 enim
523 3812 617 3868 alii
659 3812 861 3883 poterit
910 3809 1208 3866 convenire
1261 3808 1403 3880 quod
1450 3810 1697 3880 sequitur
1745 3806 1899 3864 :Fili

296 3906 555 3974 hominis,
589 3904 735 3959 locus
759 3904 879 3959 solii
909 3903 1029 3967 mei,
1059 3911 1105 3957 et
1151 3901 1295 3956 locus
1336 3900 1665 3973 vestigiorum
1711 3900 1901 3971 pedum

300 4021 553 4072 meorum,
579 4004 666 4058 ubi
695 4002 868 4057 habito
896 4002 949 4057 in
980 4001 1149 4055 medio
1180 4001 1412 4071 ﬁliorum
1455 3997 1623 4055 Israel
1670 4000 1723 4054 in
1755 4007 1902 4053 (eter-

300 4115 451 4165 num,
492 4096 599 4152 nisi
628 4097 702 4153 illi
732 4095 825 4168 qui
859 4095 1066 4151 habitat
1096 4096 1149 4150 in
1178 4094 1422 4149 Ecclesia
1457 4093 1510 4148 in
1554 4092 1736 4149 medio
1766 4092 1903 4148 ﬁlio-

301 4207 427 4247 rum
462 4189 633 4246 Israel
663 4189 1005 4245 cernentium
1036 4188 1230 4255 Deum,
1278 4195 1333 4242 et
1366 4185 1574 4242 habitat
1616 4186 1668 4241 in
1712 4200 1904 4257 perpe-

302 4294 484 4351 tuum,
527 4300 635 4339 non
668 4283 966 4340 secundum
1000 4282 1261 4352 templum
1289 4279 1601 4335 Salomonis
1647 4278 1713 4333 ad
1768 4289 1906 4334 tem-

300 4378 455 4451 pus?
511 4379 576 4433 Et
625 4379 777 4434 locus
807 4377 924 4448 ejus
968 4386 1053 4432 est
1083 4375 1178 4431 ille
1203 4374 1273 4431 de
1312 4388 1421 4445 quo
1462 4373 1726 4445 scriptum
1778 4381 1899 4428 est:

305 4471 372 4526 Et
403 4470 580 4527 factus
609 4479 692 4526 est
722 4471 775 4525 in
803 4484 935 4541 pace
961 4469 1111 4525 locus
1142 4467 1262 4539 ejus
1289 4467 1308 4540 (
1336 4466 1429 4521 Ps.
1472 4483 1637 4533 Lxxv,
1667 4464 1749 4535 2),
1784 4481 1905 4537 qua:

305 4574 606 4637 exsuperat
659 4579 878 4621 omnem
935 4561 1300 4620 sensuszt
1351 4562 1502 4617 locus
1553 4558 1909 4632 vestigiorum

2000 3320 2141 3375 didit
2169 3338 2183 3376 :
2215 3321 2294 3375 sic
2324 3320 2418 3376 ille
2444 3320 2636 3391 polluit
2659 3336 2858 3377 nomen
2898 3322 3013 3389 Dei,
3042 3324 3131 3394 qui
3178 3324 3331 3395 prius
3362 3326 3601 3383 nominis

1998 3414 2116 3484 ejus
2144 3413 2305 3469 fidem
2337 3414 2659 3485 susceperit.
2693 3413 2945 3486 Alioquin
2969 3414 3242 3481 ethnicus,
3295 3427 3352 3473 et
3379 3416 3601 3475 Iudaeus

1998 3523 2119 3563 cum
2150 3507 2255 3562 sint
2289 3509 2502 3579 polluti,
2530 3516 2583 3563 et
2605 3510 2979 3576 contaminati,
3008 3510 3172 3566 immo
3199 3512 3591 3570 contaminatio

2000 3602 2115 3673 ipsa
2143 3610 2309 3673 atque
2342 3602 2590 3672 pollutio,
2628 3616 2826 3659 nomen
2876 3603 2971 3658 Dei
3013 3604 3262 3674 polluere
3314 3614 3370 3663 et
3412 3616 3603 3664 conta-

2002 3695 2211 3750 minare
2258 3710 2363 3750 non
2398 3703 2665 3765 possunt:
2700 3694 2841 3765 quod
2895 3694 2972 3749 illi
3023 3696 3293 3767 polluunt,
3340 3698 3409 3754 ad
3463 3714 3601 3771 quos

2003 3788 2241 3844 dicitur:
2290 3787 2495 3845 Nomen
2547 3804 2729 3845 meum
2784 3805 2882 3859 per
2937 3804 3039 3846 vos
3085 3790 3497 3863 blasphematur
3541 3796 3601 3851 in

2004 3882 2258 3953 gentibus
2288 3879 2478 3953 (Rom.
2513 3897 2570 3948 tt,
2612 3881 2681 3936 Ἡ·
2710 3881 2749 3951 ).
2783 3880 3013 3952 Propter
3065 3881 3162 3939 has
3208 3885 3378 3956 igitur
3414 3901 3608 3945 causas

2004 3974 2318 4045 consumpsi
2379 3989 2474 4030 eos
2519 3975 2569 4029 in
2622 3973 2698 4031 ira
2751 3991 2890 4043 mea,
2926 3978 3052 4047 quia
3102 3977 3217 4036 haec
3263 3979 3447 4039 fecere
3484 3999 3605 4055 qua:

2008 4068 2265 4124 diximus.
2297 4068 2365 4122 Et
2396 4078 2573 4124 tamen
2602 4068 2844 4125 clemens
2899 4069 3165 4128 Dominus
3219 4089 3435 4131 rursum
3479 4090 3607 4147 pro-

2008 4163 2185 4234 pheta:
2214 4162 2479 4234 praecipit,
2511 4172 2569 4219 ut
2593 4163 2783 4235 jubcat
2813 4165 2892 4220 eis
2917 4167 3108 4236 procul
3155 4183 3186 4224 a
3232 4182 3295 4225 se
3324 4185 3611 4230 removere

2010 4255 2395 4311 fornicationes
2452 4254 2733 4325 pristinas,
2768 4265 2821 4313 et
2849 4259 3033 4315 ruinas
3060 4275 3245 4332 regum
3277 4276 3500 4320 suorum
3548 4280 3614 4323 ac

2012 4348 2313 4419 principum
2346 4348 2747 4420 derelinquere,
2780 4361 2835 4407 et
2883 4352 3152 4423 repellere
3189 4370 3296 4411 non
3330 4366 3440 4413 tam
3469 4373 3500 4415 a
3530 4373 3617 4430 se,

2013 4460 2173 4517 quam
2205 4461 2234 4501 a
2277 4445 2431 4501 Deo:
2463 4453 2519 4502 et
2573 4445 2697 4502 boni
2730 4446 2913 4517 operis
2951 4448 3131 4503 statim
3188 4451 3409 4520 praemia
3464 4454 3620 4525 polli-

2016 4550 2170 4595 cetur
2198 4541 2422 4597 dicens:
2456 4540 2526 4595 Et
2554 4541 2792 4596 habitabo
2818 4543 2870 4596 in
2898 4543 3066 4597 medio
3089 4561 3291 4615 eorum,
3324 4547 3393 4604 de
3421 4565 3529 4623 quo
3558 4553 3613 4609 in

306 4632 514 4731 pedum
575 4660 740 4728 illius,
771 4657 1049 4731 Apostolis
1100 4656 1453 4714 dicentibus:
1502 4654 1808 4711 Adoremus
1855 4655 1893 4710 it

2018 4632 2314 4704 Evangelio
2353 4633 2592 4689 dicitur:
2627 4632 2835 4690 Medius
2874 4635 3009 4690 inter
3055 4652 3141 4693 vos
3182 4647 3285 4693 stat
3330 4659 3479 4714 quem
3529 4662 3619 4703 vos

308 4756 439 4813 loco
469 4754 563 4812 ubi
588 4763 858 4812 steterunt
888 4754 1055 4826 pedes
1082 4752 1202 4824 ejus
1233 4751 1252 4824 (
1276 4750 1370 4807 Ps.
1400 4767 1549 4819 xxxr,
1584 4751 1665 4818 7).
1693 4750 1761 4805 Et
1791 4750 1909 4821 pul-

310 4851 449 4907 chre
486 4849 647 4917 dixit,
678 4859 928 4906 steterunt
960 4866 978 4905 :
1024 4849 1078 4905 in
1120 4846 1372 4904 Ecclesia
1402 4845 1547 4902 enim
1575 4854 1723 4901 stant
1745 4844 1912 4917 pedes

314 4944 572 5012 Domini,
603 4945 657 5000 in
704 4958 976 5016 synagoga
1008 4941 1305 4999 'ambulant
1348 4949 1402 4996 et
1433 4946 1785 5009 praetereunt.
1842 4934 1915 4994 Ut

315 5047 502 5096 autem
557 5040 793 5095 sciamus
823 5038 927 5094 hoc
976 5036 1085 5093 dici
1117 5035 1185 5092 de
1229 5034 1495 5103 Ecclesia,
1524 5032 1811 5105 jungitur:
1845 5028 1917 5085 Et

318 5149 423 5189 non
490 5132 724 5207 polluant
788 5131 929 5185 ultra
968 5129 1152 5184 domus
1212 5124 1379 5183 Israel
1451 5142 1636 5182 nomen
1680 5132 1918 5180 sanctum

320 5243 532 5283 meum:
563 5226 707 5299 quod
737 5226 960 5297 proprie
1005 5223 1074 5279 ad
1122 5238 1217 5279 eos
1266 5220 1523 5292 pertinet,
1574 5219 1665 5290 qui
1713 5225 1920 5274 sanctae

320 5320 766 5379 conversationis
814 5319 870 5374 in
921 5315 1162 5373 Ecclesia
1192 5320 1622 5371 commorantur.
1653 5311 1757 5380 Qui
1807 5310 1919 5366 sint

320 5428 506 5473 autem
547 5416 641 5488 qui
697 5414 994 5485 polluerint
1041 5412 1190 5484 prius
1244 5423 1445 5465 nomen
1496 5415 1741 5462 sanctum
1797 5403 1915 5473 Dei,

324 5508 482 5579 ponit
512 5507 891 5564 manifestius:
920 5505 1034 5579 Ipsi
1065 5490 1110 5560 et
1141 5521 1283 5575 reges
1309 5518 1507 5571 eorum,
1544 5512 1653 5556 tam
1688 5498 1921 5571 populus

325 5616 491 5673 quam
541 5601 874 5672 sacerdotes,
908 5601 961 5657 in
995 5597 1451 5655 fornicationibus
1502 5595 1616 5651 suis
1664 5593 1861 5665 quibus
1891 5607 1921 5647 a

329 5694 449 5753 Deo
478 5694 732 5752 fornicati
758 5704 920 5752 sunt:
947 5704 1001 5751 et
1024 5694 1078 5750 in
1109 5693 1283 5750 ruinis
1335 5705 1523 5764 regum
1560 5702 1804 5754 suorum,
1833 5685 1927 5758 qui

330 5789 539 5845 frustra
597 5787 704 5845 sibi
753 5803 852 5861 per
908 5785 1245 5860 superbiam,
1301 5785 1510 5857 regium
1540 5795 1741 5838 nomen
1772 5792 1928 5835 assu-

336 5895 516 5943 munt.
571 5885 816 5959 Denique
849 5884 1093 5957 sequitur
1138 5901 1152 5939 :
1185 5881 1254 5938 Et
1281 5882 1337 5935 in
1384 5879 1615 5936 excelsis.
1650 5878 1927 5947 Arrogans

2021 4727 2230 4782 nescitis
2262 4723 2453 4797 (Joan.
2479 4741 2519 4792 ι,
2551 4724 2648 4795 26)
2675 4744 2687 4779 :
2715 4736 2770 4782 et
2814 4726 3079 4784 habitabit
3122 4746 3228 4787 non
3276 4749 3447 4803 parvo
3474 4744 3617 4796 tem-

2022 4836 2176 4893 pore,
2205 4829 2262 4875 ut
2290 4819 2341 4875 in
2382 4819 2707 4892 Synagoga;
2742 4819 2836 4877 sed
2883 4820 2938 4877 in
2991 4835 3337 4897 perpetuum,
3369 4831 3515 4902 quod
3563 4834 3619 4891 in

2022 4911 2223 4969 Christi
2250 4911 2492 4969 Ecclesia
2522 4913 2925 4985 comprobatur.

2100 5010 2120 5082 (
2139 5009 2292 5066 Vers.
2324 5008 2392 5064 IO
2419 5008 2609 5081 seqq.)
2655 5006 2737 5065 Tu
2757 5018 2951 5079 autem,
2981 5010 3062 5081 ﬁli
3094 4998 3609 5085 hominisfosten—de

2026 5106 2205 5161 domui
2231 5104 2401 5159 Israel
2420 5106 2667 5178 templum
2700 5121 2719 5161 :
2752 5113 2800 5161 et
2824 5106 3217 5177 confundantur
3260 5110 3322 5165 ab
3368 5112 3622 5186 iniquita-

2026 5201 2158 5256 tibus
2191 5198 2353 5274 52h.
2380 5201 2509 5267 suis,
2542 5210 2589 5255 et
2619 5202 2894 5257 metiantur
2921 5202 3052 5275 [AL
3082 5204 3421 5282 meditemur]
3451 5211 3620 5282 fabri-

2027 5311 2165 5364 cam,
2187 5302 2236 5349 et
2262 5294 2563 5349 erubescant
2590 5310 2655 5349 ex
2675 5294 2909 5349 omnibus
2953 5311 3067 5367 qua:
3093 5293 3341 5367 fecerunt.
3372 5297 3628 5374 Figuram

2027 5389 2213 5444 domus
2256 5395 2303 5442 et
2333 5386 2545 5458 fabrica?
2572 5389 2708 5460 ejus,
2732 5387 2902 5443 exitus
2949 5396 2998 5443 et
3028 5387 3299 5457 introitus,
3348 5400 3394 5446 et
3425 5408 3627 5451 omnem

2030 5481 2428 5553 descriptionem
2458 5483 2571 5554 ejus
2592 5526 2605 5551 ,
2655 5487 2702 5535 et
2729 5479 2968 5536 universa
2998 5492 3262 5553 praecepta
3292 5485 3406 5555 ejus
3436 5502 3457 5541 :
3499 5503 3631 5543 cun-

2030 5587 2269 5648 ctumque
2294 5576 2526 5631 ordinem
2554 5576 2575 5649 [
2604 5574 2764 5646 Vulg.
2792 5574 2946 5632 addit
2989 5575 3149 5648 ejus],
3191 5586 3240 5633 et
3285 5594 3461 5638 omnes
3494 5582 3631 5657 leges

2032 5676 2145 5746 ejus
2185 5670 2397 5725 ostende
2439 5671 2534 5739 eis,
2558 5679 2608 5725 et
2635 5668 2826 5725 scribes
2854 5670 2911 5724 in
2940 5668 3112 5726 oculis
3136 5686 3332 5743 eorum,
3371 5684 3431 5732 ut
3457 5688 3635 5736 custo-

2033 5768 2181 5823 diant
2205 5781 2379 5821 omnes
2412 5764 2802 5820 distributiones
2842 5762 3041 5837 [ναις.
3064 5764 3466 5845 descriptiones]
3496 5775 3638 5847 ejus,

2033 5876 2079 5921 et
2114 5870 2375 5937 prwceptu
2397 5859 2566 5930 illius,
2599 5869 2647 5916 et
2672 5859 2869 5932 faciant
2901 5875 2983 5917 ea.
3014 5855 3131 5918 Ista
3152 5872 3227 5919 est
3253 5863 3339 5921 lea:
3366 5866 3551 5925 domus
3584 5868 3641 5926 in
