4108 6338
501 241 609 304 619

1761 234 1819 292 S.
1862 227 2130 292 EUSEBII
2170 229 2544 290 ΠΙΕΠΟΝΫΜΙ

3699 230 3802 285 420

503 362 800 416 stnnmitate
824 357 1009 411 montis
1041 373 1058 408 :
1111 354 1301 408 Omnes
1327 352 1458 424 ﬁnes
1507 351 1697 425 [Vulg.
1735 350 1914 406 Omnis
1944 347 2100 420 ﬁnis]
2131 346 2179 408 A
2208 348 2756 418 transtulerunt,qua:
2782 359 2885 400 non
2912 351 3018 400 tam
3042 343 3108 400 ad
3139 345 3621 412 naturamdomns,
3641 357 3803 414 quam

501 455 614 526 ejus
644 452 696 506 in
727 450 966 510 circuitu,
998 447 1252 504 Sanctum
1275 456 1576 500 sanctorunt
1607 446 1702 499 erit
1739 443 1936 518 [Vulg.
1984 443 2102 514 est).

505 545 634 600 Hau:
665 553 738 598 est
766 558 884 612 ergo
933 541 1014 596 lex
1043 539 1249 595 domus.
1283 538 1427 594 LXX
1460 558 1472 595 :
1507 537 1575 592 Et
1608 549 1660 593 tu
1683 579 1696 604 ,
1730 537 1810 610 [ili
1839 537 2062 592 hominis
2091 577 2106 601 ,

507 637 715 693 ostende
755 635 934 689 domui
984 632 1153 688 Israel
1181 634 1410 698 domum,
1446 643 1491 688 et
1528 633 1795 690 cessabunt
1828 649 1858 686 a
1889 631 2108 704 peccatis

503 733 634 796 suis,
667 737 714 782 et
744 728 990 783 uisionem
1023 730 1158 801 ejus,
1203 737 1249 781 et
1275 725 1667 800 dispositionem
1699 724 1886 778 illius:
1932 733 1980 780 et
2009 722 2109 794 ipsi

510 822 834 878 sustinebunt
879 830 1189 875 tormentum
1219 837 1371 874 suum
1405 836 1500 892 pro
1547 816 1782 872 omnibus
1822 831 1936 885 qurc
1979 817 2111 887 fece-

508 925 648 970 runt.
704 913 773 968 Et
801 914 1054 969 describes
1083 914 1290 968 domum
1317 925 1362 967 et
1406 910 1839 985 praeparationem
1885 910 2020 980 ejus,
2066 918 2111 962 et

510 1009 680 1064 exitus
710 1017 864 1080 atque
890 1006 1136 1060 introitus
1161 1007 1297 1078 ejus,
1334 1013 1378 1057 et
1406 1003 1746 1057 substantiam
1779 988 1892 1072 ejus
1921 1011 1970 1053 et
1998 1017 2110 1052 om—

509 1103 597 1156 nia
617 1110 872 1174 prazcepta
902 1101 1066 1166 illius,
1107 1111 1156 1156 et
1197 1098 1372 1152 omnia
1410 1097 1639 1170 legitima
1679 1098 1813 1167 ejus,
1861 1105 1905 1149 et
1939 1110 2112 1148 omnes

511 1195 644 1266 leges
673 1199 786 1268 ejus
818 1194 1042 1248 ostendet
1071 1192 1176 1248 illis
1205 1234 1218 1257 ,
1252 1199 1298 1246 et
1320 1191 1578 1246 describes
1609 1207 1785 1244 coram
1809 1190 1880 1242 eis
1904 1205 1922 1242 :
1949 1198 1996 1242 et
2024 1206 2112 1242 cu—

507 1288 732 1342 stodient
755 1302 928 1341 omnes
949 1284 1354 1358 justiﬁcationes
1397 1294 1444 1338 et
1473 1284 1646 1338 omnia
1690 1291 1950 1357 prtecepta
1976 1298 2110 1348 mea,

510 1389 557 1437 et
582 1381 771 1452 facient
797 1397 880 1448 ea,
912 1390 956 1433 et
983 1378 1382 1451 descriptionem
1406 1377 1590 1432 domus
1612 1378 1664 1432 in
1687 1378 1872 1432 vertice
1904 1377 2111 1440 montis,

515 1491 690 1530 omnes
720 1474 924 1529 termini
955 1474 1064 1545 ejus
1092 1474 1143 1527 in
1171 1473 1392 1528 circuitu
1424 1473 1620 1526 Sancta
1641 1483 1942 1527 sanctorum
1972 1480 2112 1526 sunt.

515 1568 632 1625 Ista
661 1579 734 1624 est
764 1569 847 1622 lex
871 1567 1076 1622 domus.
1110 1567 1227 1624 Non
1263 1567 1414 1640 parvi
1437 1569 1618 1638 operis
1643 1578 1746 1635 est,
1777 1567 1920 1640 quod
1948 1567 2117 1621 oculis

514 1663 699 1718 carnis
724 1703 739 1728 ,
777 1662 862 1716 vel
902 1671 1082 1716 mente
1121 1662 1480 1732 conspexeris
1505 1660 1850 1716 audientibus
1890 1659 2118 1716 demon-

2211 439 2276 492 ad
2308 437 2698 508 supellectilem
2725 438 2959 508 pertinet
2991 447 3152 508 atque
3183 437 3422 495 divitias.
3459 437 3526 492 Et
3555 437 3803 493 universa

2211 542 2497 601 praecepta,
2525 539 2887 602 cunctumque
2909 530 3182 596 ordinem,
3209 540 3261 584 et
3284 546 3471 586 omnes
3496 529 3642 602 leges
3671 542 3806 586 tetu-

2213 625 2284 700 pli
2313 626 2568 682 ostendes
2600 627 2702 692 eis,
2733 625 2825 698 qui
2858 635 3209 696 portaverant
3241 635 3573 680 tormentum
3604 625 3804 697 iniqui-

2214 727 2381 774 tatum
2433 735 2677 787 suarum,
2723 727 2778 776 et
2827 729 3202 786 cessaverunt,
3258 719 3375 776 sive
3420 718 3630 776 contusi
3685 730 3813 776 sunt

2213 828 2377 884 super
2407 815 2487 868 his
2517 830 2639 884 qua:
2659 824 2784 870 ante
2812 824 3118 887 gesserant.
3157 813 3358 870 Idcirco
3380 823 3559 872 autem
3586 814 3814 876 ostende

2215 911 2261 964 ei
2287 919 2310 974 ,'
2336 919 2392 962 ut
2435 909 2741 964 custodiant
2787 909 2968 964 ontnia
3008 924 3130 980 quae
3173 919 3436 979 pl'tlttcjtla
3478 919 3625 966 sunt.
3668 907 3812 964 Nihil

2216 1002 2360 1055 enim
2405 1003 2622 1070 prodest
2664 1001 2804 1058 scire
2841 1001 3265 1072 descriptionem
3303 1001 3497 1058 domus
3527 1010 3584 1058 et
3623 1019 3813 1058 otnnes

2215 1094 2624 1150 distributiones
2655 1095 2794 1166 ejus,
2834 1095 2902 1152 de
2929 1096 3125 1166 quibus
3157 1096 3416 1166 scriptum
3445 1106 3528 1154 est
3563 1114 3576 1151 :
3631 1095 3815 1152 Multae

2217 1190 2516 1246 mansiones
2546 1191 2688 1263 apud
2718 1189 2926 1246 Patrem
2955 1207 3122 1248 meum
3150 1189 3338 1261 (Joan.
3368 1206 3479 1260 xw,
3503 1191 3584 1262 2).
3619 1191 3686 1248 Et
3718 1193 3817 1250 ite-

2220 1299 2381 1338 rum:
2418 1285 2614 1338 Statuit
2657 1285 2904 1340 terminos
2946 1285 3174 1357 gentium
3217 1285 3506 1342 secundum
3547 1303 3817 1342 numerum

2219 1378 2450 1450 ﬁliorum
2492 1377 2681 1448 Israel,
2733 1380 2852 1436 sive
2897 1380 3201 1454 angelorum
3252 1379 3345 1436 Dei
3390 1379 3572 1451 (Deut.
3620 1381 3814 1453 sun),

2222 1471 2325 1532 nisi
2359 1473 2552 1528 ieceris
2574 1488 2695 1546 qua:
2721 1485 2987 1546 pra-cepta
3020 1483 3164 1530 sunt.
3202 1474 3404 1530 Domus
3429 1485 3609 1532 autem
3642 1484 3700 1531 et
3731 1476 3820 1530 lex

2220 1566 2464 1622 omnium
2497 1576 2887 1636 [trtl‘CCplttl'llm
2937 1565 3056 1634 Dei,
3086 1577 3138 1622 et
3170 1566 3296 1624 urbs
3338 1583 3457 1638 quae
3498 1567 3553 1622 in
3585 1567 3819 1640 stunnii-

2224 1667 2331 1716 tate
2363 1660 2561 1716 montis
2605 1672 2684 1715 est
2711 1661 3022 1724 constituta,
3059 1660 3144 1716 illa
3176 1659 3443 1716 credenda
3475 1669 3579 1728 est,
3624 1661 3692 1717 de
3713 1677 3820 1732 qua

516 1765 718 1821 strare,
753 1765 812 1810 ut
839 1765 892 1810 et
920 1755 1020 1825 ipsi
1052 1764 1230 1810 tecum
1266 1755 1472 1809 vidisse
1502 1753 1806 1810 videantur.
1839 1754 2103 1820 Quamoh
2147 1750 2196 1814 B
2224 1755 2480 1825 scriptum
2505 1764 2618 1810 est:
2651 1754 2772 1809 Non
2803 1764 2967 1826 potest
3009 1755 3189 1812 civitas
3211 1755 3458 1812 abscondi
3485 1773 3639 1828 super
3667 1773 3819 1814 mon-

518 1864 635 1903 rem
668 1845 860 1903 scribit
900 1856 955 1900 et
985 1846 1286 1915 Josephus,
1319 1861 1416 1901 eos
1454 1849 1543 1917 qui
1585 1846 1651 1900 ad
1707 1846 2120 1902 describendam

521 1949 723 1994 terram
754 1940 907 1994 missi
938 1949 1063 1994 sunt
1095 1939 1162 1993 ab
1192 1947 1216 1975 α
1249 1937 1376 1993 Jesn
1411 1939 1522 1992 lilio
1551 1939 1718 2005 Nave,
1755 1938 1920 1993 fuisse
1947 1941 2123 2012 γεομὲ-

522 2053 672 2109 τρας,
729 2041 783 2088 et
814 2041 984 2087 artem
1020 2047 1140 2102 quae
1192 2046 1337 2086 nunc
1391 2030 1844 2102 philosophorum
1907 2030 2126 2102 propria

520 2135 625 2194 est,
655 2125 912 2181 habuisse
939 2124 1288 2180 Geomelrite.
1320 2125 1508 2180 Donzui
1536 2123 1698 2195 igitur
1719 2123 1904 2190 Israel,
1935 2139 2123 2178 eorum

523 2220 611 2292 qui
641 2220 826 2274 animo
858 2220 1204 2292 conspiciunt
1235 2217 1432 2280 Deum,
1457 2218 1754 2273 ostenditur
1784 2217 2000 2282 donius,
2024 2217 2126 2271 hoc

522 2324 609 2370 est
652 2315 909 2383 templum
955 2314 1096 2383 quod
1144 2313 1395 2370 Ezechiel
1443 2311 1606 2368 situm
1658 2311 1710 2366 in
1757 2319 1942 2365 monte
1995 2324 2127 2365 con-

523 2409 724 2477 Spexit,
750 2417 937 2464 etnon
954 2408 1128 2463 solum
1153 2407 1205 2462 in
1231 2415 1436 2472 monte,
1459 2407 1554 2462 sed
1578 2408 1720 2462 sicut
1745 2421 1885 2461 nunc
1903 2404 2123 2470 dicitur,

522 2501 579 2558 in
609 2504 924 2559 summitate
948 2502 1185 2558 montis:
1223 2517 1388 2576 quam
1443 2517 1788 2572 nequaquam
1837 2501 1984 2555 illam
2032 2515 2128 2572 pu-

529 2608 728 2667 temus,
759 2616 880 2672 quae
907 2617 934 2654 a
962 2600 1254 2658 Salomone
1309 2608 1618 2655 constructa
1653 2608 1903 2652 narratur
1933 2595 1985 2650 in
2019 2595 2127 2650 [te-

525 2711 653 2768 gunt
681 2705 732 2750 et
763 2694 819 2749 in
869 2693 1326 2762 Paralipomenon
1368 2692 1540 2748 libris.
1590 2690 1683 2748 llla
1714 2690 1856 2747 enim
1906 2691 2129 2745 alterius

525 2788 734 2843 ordinis
762 2797 924 2858 atque
967 2801 1236 2842 mensurae
1265 2798 1369 2852 est,
1413 2795 1468 2841 et
1512 2783 1565 2838 in
1615 2784 1841 2856 singulis
1879 2798 2128 2852 magnum

529 2881 736 2937 habens
787 2881 1209 2937 diversitatem:
1265 2891 1580 2950 tantumque
1631 2877 1857 2933 interior
1906 2875 2130 2948 templo,

530 2977 673 3050 quod
709 2993 852 3033 nunc
885 2975 1193 3033 ostenditur
1224 2975 1519 3042 Ezechieli,
1549 2983 1606 3028 ut
1657 2989 1762 3028 non
1793 2972 1967 3028 solum
2019 2972 2134 3026 cul-

529 3079 677 3126 tores
705 3070 848 3144 ejus,
877 3081 932 3125 et
963 3069 1178 3135 :editui;
1213 3069 1308 3125 sed
1340 3078 1396 3124 et
1425 3069 1539 3138 ipse
1568 3056 1860 3124 laibricator
1886 3066 2000 3136 ejus
2032 3064 2132 3122 Sa-

2229 1858 2326 1902 tem
2351 1849 2520 1918 posita
2539 1846 2756 1920 (Matth.
2787 1863 2824 1917 l,
2862 1848 2972 1920 l4).
2995 1849 3056 1906 Et
3079 1867 3090 1903 :
3117 1848 3376 1904 Fluminis
3399 1851 3617 1920 impetus
3645 1849 3825 1921 laetifi-

2228 1950 2309 1995 cat
2341 1943 2596 1998 civitatem
2625 1941 2722 1996 Dei
2753 1941 2871 2014 (Ps.
2907 1958 3035 2008 ην,
3065 1941 3155 2014 4);
3186 1959 3306 2015 qua:
3338 1943 3623 2013 perspicue
3653 1945 3826 2000 reler-

2231 2046 2319 2090 tur
2359 2037 2422 2089 ad
2475 2035 2799 2100 Εοιιεείειιιι,
2835 2045 2888 2090 et
2919 2036 3025 2092 sita
3067 2045 3147 2091 est
3197 2036 3247 2092 in
3281 2052 3346 2092 eo
3391 2045 3595 2106 monte,
3639 2039 3730 2107 qui
3773 2038 3825 2096 itt

2230 2131 2430 2186 vertice
2478 2131 2719 2186 omnium
2772 2132 3034 2190 montium
3065 2143 3168 2196 est,
3203 2145 3257 2186 et
3303 2150 3328 2182 η
3376 2147 3483 2204 quo
3514 2132 3830 2190 vulneratus

2228 2234 2312 2280 est
2340 2225 2592 2296 princeps
2622 2224 2748 2296 Tyri
2773 2241 2785 2278 :
2818 2239 3120 2295 omnesque
3150 2226 3284 2288 lines
3313 2235 3366 2282 et
3387 2226 3600 2282 termini
3633 2225 3830 2282 domus

2230 2313 2410 2386 hujus,
2444 2326 2628 2370 sancta
2655 2325 2967 2370 sanctorum
3003 2325 3147 2370 sunt.
3179 2314 3232 2370 In
3264 2315 3349 2371 illa
3382 2314 3568 2386 domo,
3589 2315 3693 2372 hoc
3719 2325 3826 2384 est,

2232 2407 2284 2464 in
2321 2408 2671 2463 tabernaculo
2709 2408 2849 2480 quod
2897 2407 3190 2464 fabricatus
3241 2418 3326 2464 est
3367 2409 3602 2482 Moyses,
3655 2419 3709 2464 et
3774 2409 3828 2466 in

2234 2504 2433 2574 templo
2462 2504 2604 2573 quod
2637 2519 2666 2558 a
2694 2503 2990 2559 Salomone
3021 2513 3394 2558 constructum
3427 2512 3532 2568 est,
3569 2504 3829 2559 interiora

2233 2609 2462 2668 tantum,
2518 2597 2607 2654 ulti
2639 2607 2799 2654 erant
2828 2598 2991 2672 526
3034 2598 3353 2666 Cherubim,
3407 2607 3461 2653 et
3501 2597 3826 2670 propitiato-

2234 2694 2394 2760 riuin,
2439 2702 2493 2747 et
2546 2707 2670 2746 arca
2727 2691 3058 2757 testamenti,
3093 2702 3144 2746 et
3195 2706 3382 2747 mensa
3434 2690 3826 2762 thymiamatis,

2233 2785 2643 2858 appellabantur
2670 2797 2857 2840 sancta
2889 2792 3218 2840 sanctorum.
3239 2783 3295 2840 ln
3331 2785 3430 2840 hac
3456 2794 3635 2840 autem
3663 2783 3830 2838 domo

2235 2895 2355 2949 qua:
2409 2887 2746 2933 monstratur
2802 2877 3094 2944 Ezecliieli,
3144 2886 3198 2933 et
3251 2893 3370 2949 qua:
3424 2878 3476 2934 in
3517 2877 3832 2934 summitate

2236 2973 2435 3028 montis
2486 2983 2571 3028 est
2617 2973 2932 3038 constituta,
2991 2989 3181 3030 omnes
3230 2960 3448 3028 termini
3505 2973 3622 3044 ejus
3672 2988 3831 3042 repu-

2237 3079 2421 3122 tantur
2473 3068 2524 3122 in
2581 3075 2766 3122 sancta
2823 3077 3153 3122 sanctorum.
3214 3067 3476 3140 Quodque
3545 3066 3826 3124 infertur:

529 3164 717 3220 lomon
739 3139 1076 3236 peccaverit,
1110 3171 1164 3217 et
1199 3160 1491 3217 offenderit
1530 3159 1722 3224 Deum,
1766 3160 1897 3216 licet
1945 3169 2129 3228 posma
2157 3139 2204 3209 (ἶ
2242 3160 2367 3216 "rec
2405 3170 2476 3215 est
2523 3160 2607 3215 tea:
2649 3162 2855 3226 domus,
2891 3161 2974 3215 vel
3025 3159 3092 3215 ad
3135 3139 3404 3231 praeterita
3455 3160 3708 3230 pertinet,
3763 3157 3830 3214 de

531 3261 705 3332 egerit
731 3259 1132 3330 paenitentiam,
1169 3256 1415 3314 scribens
1463 3254 1776 3320 Proverbia,
1831 3254 1883 3308 in
1934 3253 2132 3324 quibus

529 3357 606 3410 ait
635 3374 644 3411 :
677 3353 981 3410 Novissime
1013 3369 1117 3422 ego
1149 3352 1233 3423 egi
1287 3348 1688 3424 ptenitentiam,
1740 3356 1794 3404 et
1827 3345 2043 3418 respexi
2073 3358 2130 3401 ut

529 3449 792 3520 eligerem
846 3446 1188 3518 disciplinam
1222 3442 1420 3517 (Prov.
1468 3440 1734 3515 xxxv,:t).
1790 3440 1895 3496 lita
1949 3452 2131 3495 autem

527 3559 649 3614 qua:
700 3540 997 3608 Ezecliicli,
1047 3551 1101 3596 et
1179 3556 1274 3610 per
1332 3535 1680 3593 Ezechielem
1729 3535 1911 3588 domui
1967 3533 2132 3588 Israel

529 3635 880 3700 ostenditur,
935 3634 1058 3688 talis
1109 3643 1189 3688 est
1249 3650 1261 3686 :
1311 3641 1370 3686 ut
1415 3631 1506 3702 qui
1550 3646 1667 3686 eam
1729 3627 1890 3702 525
1952 3638 2133 3682 mente

535 3727 928 3798 conspexerit,
981 3733 1163 3782 cesset
1219 3727 1286 3778 ab
1337 3725 1716 3796 iniquitatibus
1783 3725 1897 3779 suis
1946 3741 1958 3776 :
2024 3739 2131 3778 non

531 3821 879 3892 quihusdam,
918 3819 1016 3874 sed
1049 3817 1336 3874 omnibus:
1367 3817 1478 3873 sive
1515 3828 1571 3872 ut
1625 3818 1675 3872 in
1710 3816 1972 3874 llebraico
2005 3830 2136 3872 con-

533 3916 763 3980 tinetur,
793 3912 1168 3980 conlundaturl
1203 3920 1258 3965 ct
1310 3911 1573 3966 sustineat
1615 3919 1942 3966 tormentum
1975 3924 2132 3964 suum

537 4022 636 4077 pro
678 4005 930 4062 omnibus
956 4020 1075 4076 quae
1135 4003 1347 4060 fecerit.
1381 4003 1627 4060 Sustinet
1658 4014 1835 4059 autem
1893 4013 2136 4059 tormen-

536 4109 649 4156 tum
699 4100 1038 4172 iniquitatum
1079 4115 1321 4164 suarum,
1386 4099 1473 4170 qui
1535 4110 1716 4154 cessat
1769 4100 2038 4169 praeterita
2069 4100 2138 4154 la-

537 4209 662 4250 cere
710 4202 958 4264 peccata:
1019 4193 1353 4263 multumque
1380 4191 1600 4261 prodest
1639 4193 1709 4258 ei,
1738 4193 1828 4263 qui
1852 4202 1976 4246 ante
2007 4207 2133 4262 pee-

533 4287 762 4354 caverit,
800 4284 984 4341 videre
1021 4285 1239 4340 domum
1287 4284 1405 4350 Dei,
1443 4294 1496 4338 et
1543 4286 1720 4340 omnis
1765 4283 1986 4340 fabrica:
2019 4285 2136 4355 ejus

536 4397 698 4438 nosse
728 4380 1021 4445 rationem;
1048 4387 1106 4434 ut
1134 4395 1362 4450 peccare
1384 4378 1638 4448 desistat,
1670 4386 1723 4433 et
1755 4377 1964 4432 habens
1993 4377 2137 4434 illius

536 4474 868 4531 desiderium
887 4519 901 4542 ,

974 4474 1117 4528 dicat
1161 4473 1228 4528 ad
1273 4472 1560 4528 Dominum
1612 4489 1624 4526 :
1683 4469 1930 4539 Domine,
1972 4471 2136 4526 dilexi

539 4567 772 4621 decorem
799 4567 981 4622 domus
1011 4576 1113 4622 tua'
1137 4583 1154 4621 :
1185 4574 1234 4620 et
1264 4567 1434 4621 locum
1463 4565 1796 4620 habitationis
1825 4566 2006 4638 gloriae
2033 4575 2136 4622 tua:
2163 4549 2216 4612 D

541 4659 660 4732 (Ps.
687 4675 813 4726 xxv,
842 4660 917 4729 8).
954 4661 1019 4714 Et
1047 4660 1240 4715 iterum
1266 4675 1278 4712 :
1321 4657 1496 4714 Unum
1525 4660 1676 4730 petivi
1707 4675 1738 4711 a
1770 4657 2015 4728 Domino,
2040 4658 2134 4712 hoc

539 4755 799 4824 requiram
828 4769 844 4806 :
884 4763 940 4808 ut
960 4752 1237 4808 inhabitem
1262 4753 1318 4808 in
1344 4756 1498 4808 domo
1528 4751 1740 4807 Domini
1771 4752 2007 4806 omnibus
2029 4753 2135 4807 die-

543 4847 633 4901 bus
677 4848 790 4903 rita:
818 4863 940 4902 mete
974 4845 1090 4919 (Ps.
1142 4863 1288 4912 xxvt,
1313 4846 1396 4919 4),
1429 4863 1551 4902 cum
1589 4861 1809 4917 empero
1852 4847 2038 4902 vivere
2083 4856 2138 4902 et

541 4955 663 4995 esse
686 4955 807 4995 cum
835 4938 1074 5005 Christo,
1100 4940 1186 5010 qui
1210 4947 1294 4994 est
1321 4939 1426 4993 vita
1455 4938 1813 4996 credentium.
1840 4938 2133 5010 Sequitur:

539 5031 728 5086 Exitus
765 5037 880 5105 ejus
928 5040 974 5086 et
1022 5032 1285 5099 introitus,
1325 5031 1668 5098 subauditur,
1703 5031 1908 5086 domus.
1945 5031 2132 5087 Exitus

540 5136 723 5184 autem
754 5143 941 5183 eorum
972 5126 1063 5197 qui
1091 5125 1441 5198 egrediuntur
1473 5124 1539 5180 ad
1570 5140 1664 5180 eos
1692 5124 1781 5196 qui
1818 5123 1949 5181 loris
1983 5134 2128 5193 sunt,

540 5231 596 5279 et
626 5223 877 5280 introitus
911 5237 1099 5278 eorum
1131 5222 1220 5292 qui
1255 5238 1350 5292 per
1377 5219 1761 5292 magistrorum
1790 5221 2132 5292 disciplinam

541 5319 608 5374 ad
651 5319 911 5376 interiora
947 5324 1251 5388 penetrant.
1287 5316 1354 5372 Et
1391 5333 1644 5382 omnem,
1681 5317 1896 5388 inquit,
1931 5317 2137 5374 descri-

542 5415 785 5484 ptionem
809 5414 924 5485 ejus
945 5456 958 5481 ,
993 5414 1107 5466 sive
1140 5411 1497 5466 substantiam
1529 5412 1668 5482 ejus,
1703 5420 1756 5465 ut
1784 5410 2135 5482 Septuaginta

616 5592 641 5618 ἰ
686 5582 763 5635 Ad
796 5587 1000 5635 terram
1029 5577 1215 5645 utique
1239 5571 1479 5645 Iericho,
1514 5567 1928 5645 non_Sanctam,
1961 5576 2015 5622 ut
2041 5567 2130 5645 alii

542 5661 758 5717 notant,
791 5637 1245 5723 describendam;
1279 5644 1332 5699 hi
1363 5637 1512 5700 enim
1542 5640 1804 5723 abloyse,
1835 5653 1943 5722 non
1974 5654 2003 5692 a
2047 5637 2135 5723 ξο-

544 5709 644 5781 sue
671 5709 1049 5794 exploratores
1096 5709 1244 5794 missi
1279 5726 1425 5794 sunt,
1453 5729 1486 5772 e
1515 5709 2020 5794 quibusunusjpse
2039 5709 2137 5794 .10-

547 5809 646 5854 sue
675 5781 792 5850 l'ui't.
832 5793 990 5850 Nam.
1037 5806 1153 5848 ιιη.
1190 5788 1297 5848 Sed
1329 5781 1501 5862 neque
1531 5781 1596 5843 eo
1628 5783 1684 5840 in
1715 5783 1837 5842 loco
1871 5781 2138 5858 Josepltus

2237 3254 2432 3324 quibus
2458 3253 2571 3324 jam
2597 3251 2800 3309 dictum
2835 3263 2940 3320 est,
2969 3253 3053 3310 vel
3092 3252 3160 3308 ad
3205 3269 3265 3310 ea
3298 3269 3417 3326 qua:
3448 3252 3672 3310 dicenda
3705 3260 3833 3310 sunt

2237 3355 2442 3420 postea.

2311 3441 2492 3514 (Vers.
2547 3443 2611 3498 l3
2651 3441 2828 3514 seqq.)
2878 3460 2896 3493 ι
2947 3441 3067 3498 Ista:
3097 3457 3365 3498 mensura:
3407 3442 3594 3500 altaris
3641 3441 3694 3496 in
3738 3456 3832 3498 cu—

2243 3553 2261 3587 (
2311 3535 2422 3590 bito
2469 3536 2753 3592 verissimo
2797 3536 2887 3608 qui
2930 3537 3164 3593 habebat
3211 3537 3450 3592 cubitum
3491 3546 3546 3592 et
3593 3535 3831 3607 palmum

2244 3652 2262 3685 ι
2308 3634 2436 3707 (sive
2481 3634 2786 3702 παὶαιστήν)
2833 3634 2885 3688 in
2917 3634 3036 3688 sinu
3069 3633 3186 3704 ejus
3215 3645 3330 3690 erat
3361 3633 3611 3690 cubitus:
3658 3642 3713 3688 et
3739 3649 3832 3690 cu-

2245 3746 2262 3779 r
2311 3727 2452 3782 bitus
2483 3728 2532 3782 in
2575 3725 2857 3782 latitudine
2901 3745 2912 3780 :
2945 3737 2996 3782 ct
3027 3726 3270 3782 deﬁnitio
3303 3725 3487 3798 [i'ulg.
3519 3725 3663 3781 addit
3689 3725 3832 3798 ejus]

2246 3839 2264 3872 ι
2313 3835 2483 3888 Usque
2537 3821 2604 3874 ab
2657 3820 2855 3874 labium
2903 3819 3021 3891 ejus
3075 3819 3126 3874 in
3181 3819 3410 3876 circuitu
3457 3819 3622 3892 palmi
3669 3818 3835 3874 unius

2251 3935 2268 3968 ι
2317 3914 2503 3988 (Vulg.
2539 3915 2752 3987 palmus
2782 3913 2970 3986 unus].
3008 3915 3131 3970 Haec
3153 3929 3366 3986 quoque
3410 3922 3526 3970 erat
3565 3912 3709 3970 fossa
3755 3912 3835 3968 al-

2246 4027 2264 4058 (
2316 4011 2469 4064 taris.
2519 4007 2584 4061 Et
2618 4007 2684 4063 de
2721 4007 2839 4062 sinu
2868 4016 3026 4063 terrae
3056 4023 3229 4079 usque
3270 4007 3337 4062 ad
3371 4006 3710 4078 crepidinem
3738 4023 3833 4062 no-

2247 4121 2265 4153 s
2315 4101 2589 4155 vissimam
2635 4101 2742 4156 duo
2777 4100 2968 4168 cubiti,
3003 4111 3058 4158 et
3097 4102 3324 4158 latitudo
3353 4102 3522 4157 cubiti
3558 4100 3741 4168 unius,
3781 4109 3837 4156 ct

2248 4213 2265 4245 ‹
2313 4210 2339 4247 a
2371 4193 2649 4264 crepidine
2679 4194 2874 4248 minori
2906 4210 3076 4268 usque
3108 4194 3175 4248 ad
3202 4194 3538 4266 crepidinem
3571 4194 3832 4266 majorem

2248 4306 2264 4339 ‹
2313 4297 2544 4359 quatuor
2567 4287 2752 4351 cubiti,
2772 4296 2824 4342 et
2854 4286 3080 4344 latitudo
3109 4287 3266 4344 unius
3291 4287 3480 4344 cubiti.
3512 4286 3632 4357 ipse
3651 4297 3834 4342 autem

2248 4401 2267 4434 ‹
2315 4383 2448 4438 ariel
2521 4393 2752 4454 quatuor
2813 4381 3162 4446 cubitorum,
3231 4390 3286 4437 et
3341 4382 3407 4436 ab
3473 4380 3608 4436 ariel
3665 4395 3837 4450 usque

2247 4495 2265 4528 ς
2314 4490 2526 4530 sursum
2583 4475 2766 4548 |Vulg.
2795 4474 2862 4530 ad
2891 4474 3137 4550 sursum]
3196 4490 3399 4532 cornua
3455 4483 3703 4545 quatuor.
3766 4473 3838 4530 Et

2251 4585 2268 4619 ι
2317 4582 2376 4620 ar
2397 4567 2444 4622 el
2467 4567 2750 4624 duodecim
2773 4568 3079 4624 cubitorum
3106 4568 3158 4622 in
3188 4566 3541 4640 longitudine,
3575 4582 3671 4637 per
3695 4565 3833 4622 duo-

2249 4678 2266 4711 ‹
2315 4658 2494 4714 decim
2540 4660 2752 4716 cubitus
2786 4659 3086 4715 latitudinis
3121 4704 3136 4730 ,
3189 4659 3614 4733 quadrangulum
3643 4657 3834 4733 [Vulg].

2250 4772 2267 4804 ‹
2316 4750 2825 4824 quadrangolatum]
2846 4752 3015 4824 aequis
3044 4751 3321 4808 lateribus.
3353 4751 3417 4806 Et
3448 4751 3670 4822 crepido
3700 4766 3836 4824 qua—

2250 4868 2266 4900 ι
2317 4845 2614 4901 tuordecim
2663 4846 2967 4901 cubitorum
3023 4845 3394 4918 longitudinis,
3440 4862 3535 4917 per
3577 4853 3837 4916 quatuor—

2249 4959 2267 4994 ς
2315 4939 2487 4994 decim
2538 4936 2564 4974 ι’
2621 4937 2918 4992 latitudinis
2968 4939 3019 4993 in
3075 4949 3304 5008 quatuor
3351 4938 3559 5010 angulis
3604 4937 3744 5008 ejus,
3778 4946 3836 4992 et

2246 5055 2263 5087 ε
2309 5050 2507 5090 corona
2557 5033 2608 5087 in
2653 5031 2887 5088 circuitu
2921 5032 3064 5088 illius
3094 5032 3303 5088 dimidii
3345 5034 3535 5104 cubiti,
3579 5043 3634 5090 et
3679 5033 3834 5089 sinus

2245 5150 2263 5183 ι
2312 5129 2428 5200 ejus
2468 5125 2626 5183 unius
2669 5125 2836 5183 cubiti
2884 5142 2978 5196 per
3027 5125 3338 5182 circuitum.
3391 5125 3602 5182 Gradus
3648 5134 3831 5181 autem

2245 5243 2264 5276 ι
2311 5223 2428 5292 ejus
2479 5221 2620 5277 versi
2654 5219 2719 5274 ad
2748 5219 3043 5276 Orientem.
3083 5219 3230 5276 LXX
3265 5238 3277 5274 :
3329 5220 3394 5275 Et
3428 5220 3548 5276 haec
3580 5234 3836 5275 mensura

2247 5336 2264 5369 ι
2313 5315 2497 5372 altaris
2539 5314 2592 5369 in
2642 5311 2828 5368 cubito
2874 5313 3114 5384 perfecto
3165 5313 3381 5368 cubitus
3424 5323 3478 5370 et
3518 5313 3835 5380 παλαιστῆς.

2249 5429 2267 5462 ‹
2314 5412 2465 5465 sinus
2499 5409 2640 5464 illius
2669 5407 2900 5463 altitudo
2939 5422 3033 5480 per
3063 5407 3352 5463 circuitum
3386 5417 3442 5464 et
3472 5405 3688 5464 cubitus
3712 5405 3839 5462 lati-

2244 5565 2532 5635 Antiquitt.
2556 5563 2652 5619 lib.
2686 5581 2739 5628 v,
2773 5576 2894 5630 cap.
2951 5562 3003 5629 l,
3037 5575 3151 5635 eos,
3184 5577 3320 5634 quos
3370 5562 3537 5619 Josue
3585 5559 3835 5628 miserat,

2241 5633 2590 5719 geometrica:
2620 5636 2757 5719 artis
2784 5635 2986 5719 peritos
3018 5633 3210 5690 tradit.
3494 5707 3536 5719 Η

2249 5704 2270 5711 ’
2317 5708 2344 5748 b
2379 5705 2819 5776 Victor.supplet
2845 5705 2933 5761 hic
2958 5720 3173 5780 quoque
3207 5722 3398 5766 vocem
3421 5707 3618 5763 cubitos
3647 5721 3713 5763 ex
3736 5704 3843 5762 He-

2249 5783 2397 5839 bl‘tl‘O
2425 5791 2478 5837 et
2513 5779 2757 5850 Vulgata.
