4108 6338
305 203 387 260 lii
898 192 1546 253 COMMENTARIORUM
1586 192 1650 250 IN
1693 187 2132 250 EZECIIIEI.EM
2173 189 2304 248 LIB.
2345 190 2483 247 XIII.
2525 189 2678 248 CAP.
2724 187 2906 247 XLIII.
3449 186 3554 244 429.

309 339 324 372 ι
365 313 569 372 tudinis:
599 312 820 384 etgisus
843 327 939 385 per
961 314 1164 370 labium
1198 315 1317 385 ejus
1344 315 1396 368 in
1423 313 1662 369 circuitu
1689 311 1855 383 palmi
1885 312 1938 372 Α
1967 308 2108 364 riora
2144 317 2322 362 autem
2353 317 2408 362 et
2447 307 2513 362 ad
2543 307 2908 378 crepidinem,
2941 306 3056 360 sive
3107 302 3548 376 prOpitiatorium

310 430 324 463 ι
361 405 517 462 unius.
571 404 634 458 Et
685 403 802 460 haec
855 415 940 462 est
985 406 1172 462 altaris
1216 404 1448 480 altitudo
1497 421 1525 460 a
1584 403 1854 476 profundo
1960 401 2350 472 pervenientia,
2378 400 2521 474 quod
2555 400 2861 455 Theodotio
2888 401 3003 470 ipso
3034 397 3302 468 llebra'tcu
3335 395 3556 449 uotnine

304 498 539 555 «exordii
591 498 638 552 in
693 499 815 554 sinu
884 499 1004 570 ejus
1061 514 1234 572 usque
1292 499 1356 554 ad
1416 498 1850 572 propitiatoriunt
1956 498 2256 568 appellavit
2286 507 2307 535 ε
2344 512 2513 551 ΑΖΔΙίΔ
2546 494 2761 567 (mw),
2811 493 2970 549 unius
2999 493 3167 549 cubili
3202 491 3402 546 habent
3435 489 3559 544 lati-

306 615 320 647 ι
359 606 610 662 tnagnum,
642 589 784 662 quod
816 602 931 647 erat
959 591 1146 647 subter
1177 591 1487 646 cubitorum
1513 591 1764 657 duorum,
1799 598 1852 644 et
1959 591 2222 657 tudinem,
2271 597 2327 645 ut
2357 589 2532 646 dualis
2564 603 2819 643 numerus
2851 597 3093 644 transeat
3123 586 3186 641 ad
3221 584 3554 650 solitarium;

301 706 317 739 ι
359 684 563 739 latitudo
605 683 794 740 cubiti.
846 685 908 738 Et
941 701 966 737 a
1011 685 1391 757 propitiatorio
1439 682 1646 740 minori
1686 699 1853 754 usque
1957 696 2011 742 et
2040 685 2243 741 honuni
2278 685 2612 755 nuptiarum,
2651 683 2794 755 quod
2847 681 3069 738 inferius
3109 693 3210 748 est,
3247 681 3311 735 ad
3340 679 3559 736 unionis

300 798 314 830 ί
351 777 408 832 ad
442 776 870 848 propitiatoriunt
917 778 1086 849 majus
1127 779 1292 834 cubiti
1341 787 1576 854 quatuor
1615 797 1628 831 :
1678 788 1731 832 et
1781 778 1855 831 la-
1959 780 2237 851 perveniat
2266 779 2679 836 beatitudinem.
2708 777 2871 850 528
2892 777 3154 848 Quodque
3183 776 3461 848 sequitur:
3490 773 3558 828 Et

296 891 310 925 t
348 869 507 926 titudo
544 870 711 925 cubili
755 880 808 926 ct
852 871 983 928 ariel
1017 873 1325 930 cubitorum
1367 883 1602 946 quatuor
1638 891 1652 929 :
1693 883 1746 928 et
1786 871 1854 927 ab
1957 890 1988 926 α
2015 874 2274 946 crepidine
2297 874 2485 928 minori
2517 890 2675 946 usque
2697 874 2766 928 ad
2792 871 3106 944 crepidinem
3129 874 3398 944 majorem,
3431 887 3559 942 qua-

293 984 309 1018 t
348 964 468 1018 ariel
493 979 664 1034 usque
695 964 760 1018 ad
795 965 1075 1036 superiora
1110 983 1374 1022 cornuum
1405 967 1639 1021 cubitus.
1671 966 1852 1038 Ipsum
1956 976 2075 1020 tuor
2115 967 2428 1036 cubitorum,
2464 975 2510 1020 et
2551 964 2772 1019 latitudo
2804 964 2955 1018 unius
3003 961 3181 1028 cubili,
3232 977 3328 1034 pro
3358 977 3464 1032 quo
3505 960 3558 1014 in

291 1076 307 1108 ί
344 1067 511 1110 autem
558 1055 694 1111 ariel
735 1056 1021 1114 duodecim
1071 1059 1285 1116 cubitos
1326 1059 1558 1115 habebat
1598 1060 1649 1116 in
1685 1060 1856 1130 longl-
1958 1059 2306 1130 Septuaginta
2352 1059 2586 1130 positum
2622 1067 2750 1113 est:
2790 1053 2856 1112 Et
2901 1073 2932 1110 a
2978 1055 3348 1127 prapitiatorio
3375 1053 3563 1107 minori

290 1173 306 1206 ι
344 1153 546 1210 tudine:
581 1161 636 1209 et
664 1153 949 1210 duodecim
981 1157 1194 1211 cubitos
1228 1156 1279 1211 in
1303 1155 1592 1212 latitudine
1621 1167 1854 1230 quatuor
1957 1170 2120 1224 usque
2175 1153 2244 1206 ad
2301 1151 2719 1225 propitiatorium
2776 1153 2982 1222 majus;
3035 1157 3090 1204 et
3143 1144 3449 1209 Theodotio
3506 1147 3559 1202 in

291 1267 306 1300 ι
343 1245 656 1324 angulorum
689 1263 787 1320 per
815 1249 1055 1320 singulas
1088 1259 1272 1322 partes
1310 1249 1429 1322 ejus
1463 1267 1475 1302 :
1507 1259 1563 1305 et
1591 1250 1851 1326 propitia-
1957 1257 2187 1324 utroque
2233 1265 2404 1304 szsna
2457 1247 2758 1311 I-r.tltSl.l.llil,
2813 1245 2947 1301 illud
2994 1253 3079 1301 est
3123 1242 3560 1314 intelligendmn,

289 1358 304 1391 ‹
344 1341 523 1395 torium
554 1341 968 1412 qualum-decim
999 1342 1308 1400 cubitorum
1342 1342 1711 1408 in,latiludine
1755 1359 1853 1414 per
1957 1341 2102 1413 quod
2155 1341 2588 1414 propitiatorium
2656 1341 2859 1405 minus,
2917 1337 3056 1406 lapis
3106 1338 3176 1391 sit
3229 1335 3445 1392 excisus
3496 1333 3563 1389 de

287 1451 302 1484 ε
339 1443 560 1504 quatuor
593 1443 772 1504 partes
814 1435 972 1504 ejus:
1012 1444 1062 1490 et
1103 1435 1250 1506 gisus
1281 1435 1396 1508 ejus
1425 1451 1521 1510 per
1564 1435 1851 1492 circuitum
1957 1443 2144 1492 monte
2188 1436 2311 1492 sine
2353 1435 2621 1502 manibus,
2666 1445 2722 1490 et
2755 1433 3189 1504 propitiatorium
3219 1430 3413 1502 majus,
3449 1431 3563 1500 ipse

287 1544 301 1577 t
338 1540 527 1598 gyrans
577 1525 711 1580 lllud
768 1527 996 1583 dimidio
1045 1531 1267 1584 cubito:
1328 1540 1380 1584 et
1433 1530 1692 1585 circuitus
1736 1529 1853 1600 ejus
1960 1528 2097 1604 lapis
2125 1530 2411 1602 quicrevit
2440 1530 2491 1583 in
2516 1536 2756 1584 montem
2787 1543 3062 1598 magnum,
3097 1535 3151 1580 et
3179 1524 3419 1594 implevit
3445 1523 3564 1576 titti-

285 1617 544 1672 «cubito:
596 1633 694 1689 per
716 1634 909 1691 gyrum
939 1630 992 1675 et
1021 1621 1221 1691 gradus
1255 1621 1372 1692 ejus
1400 1623 1758 1691 respicientes
1788 1621 1854 1676 ad
1960 1638 2177 1677 vorsum
2237 1623 2425 1676 orbem
2492 1620 2672 1698 (Dan.
2736 1619 2841 1690 ll).
2915 1619 3047 1675 Sive
3115 1618 3266 1689 juxta
3334 1616 3563 1672 altermn

284 1729 298 1761 ι
336 1711 623 1767 Orientem.
661 1711 927 1785 Scriptum
973 1724 1044 1769 est
1075 1733 1090 1770 :
1136 1715 1402 1788 Abysutm
1436 1726 1490 1770 et
1529 1715 1852 1786 sapientiam
1888 1731 1936 1792 Β
1965 1732 2210 1782 sensum,
2240 1715 2678 1788 propitiatorinm
2703 1715 2884 1770 minus
2903 1724 3009 1780 est,
3036 1709 3566 1785 quandoexinanivit

282 1821 296 1855 α
334 1803 441 1873 quis
482 1805 835 1882 investigabit
885 1805 1056 1879 (Eccl.
1095 1824 1130 1874 ι,
1164 1807 1256 1880 2)?
1305 1809 1406 1862 Et:
1437 1808 1482 1864 Ο
1531 1807 1852 1878 profundum
1963 1826 2023 1867 se
2051 1810 2276 1867 formam
2299 1811 2442 1866 servi
2466 1809 2770 1879 aceipiens(
2796 1807 3028 1882 Philipp.
3055 1805 3146 1877 It),
3173 1815 3225 1860 ct
3253 1804 3566 1876 propitiato—

281 1917 295 1949 t
335 1899 606 1968 Sapientiae
642 1911 697 1956 et
741 1903 984 1958 scientiae
1021 1905 1110 1958 Dei
1162 1903 1336 1975 (Rom.
1375 1922 1446 1972 xu,
1483 1905 1610 1976 53):
1651 1925 1666 1956 ι
1702 1906 1855 1976 cujus
1961 1909 2103 1958 rium
2121 1904 2543 1976 majus,quando
2562 1899 3563 1977 recepitgloriam,quatnbabuitapud

275 1993 362 2047 alta
390 1991 758 2064 profunditas,
803 1997 1001 2068 etquis
1033 1997 1275 2054 inveniet
1317 1998 1473 2054 eam?
1513 1998 1737 2054 Multum
1772 2007 1856 2053 est
1961 1998 2180 2053 Patrem
2213 2007 2505 2066 antequam
2552 1997 2782 2051 mundus
2816 1995 2968 2050 lieret
3001 1991 3186 2066 (Joan.
3225 1991 3374 2063 xvn).
3411 1991 3567 2045 Prius

273 2085 309 2139 si
329 2085 657 2142 voluerimus
681 2088 941 2158 templum
966 2088 1421 2146 Salomonishuic
1443 2091 1666 2160 templo,
1693 2088 1853 2163 527
1961 2093 2104 2146 enim
2135 2092 2335 2166 Christi
2368 2089 2654 2144 humiliora
2687 2089 3094 2158 cognosciums,
3129 2095 3182 2141 et
3213 2087 3290 2140 sic
3321 2084 3387 2139 ad
3420 2083 3560 2138 divi-

273 2188 314 2232 et
362 2193 544 2234 omnes
603 2191 787 2251 partes
837 2181 954 2256 ejus
1007 2192 1062 2237 ct
1117 2183 1464 2238 tabernacula
1510 2197 1847 2254 comparare.
1963 2186 2145 2241 uitatis
2172 2185 2288 2255 ejus
2317 2183 2660 2239 altitudinem
2689 2182 3343 2253 pervenimus:ettamen
3363 2177 3564 2233 utrius-

272 2271 404 2338 Quod
433 2273 558 2344 quia
613 2272 1002 2330 difﬁcillimum
1034 2287 1138 2342 est,
1194 2277 1412 2332 interim
1450 2279 1501 2332 in
1535 2277 1855 2350 praesentia-
1960 2296 2064 2348 que
2117 2286 2327 2332 natura:
2359 2275 2820 2348 propitiatorium,
2855 2275 2957 2330 hoc
2987 2283 3090 2342 est,
3141 2272 3370 2328 minoris
3401 2281 3564 2342 atque

272 2379 372 2418 rum
401 2365 598 2431 altare,
621 2367 764 2437 quod
785 2367 1056 2424 Ezechieli
1089 2377 1367 2425 ostensum
1399 2370 1677 2430 est.altarl
1709 2370 1852 2440 quod
1961 2372 2210 2442 majoris,
2269 2371 2336 2427 ad
2389 2372 2548 2427 unius
2601 2370 2792 2426 altaris
2849 2369 3082 2440 pertinet
3141 2377 3564 2423 Sacramenttun.

271 2456 314 2510 in
365 2456 550 2513 Exodo
610 2457 866 2530 legimus,
924 2476 989 2517 ex
1045 2474 1200 2532 parte
1253 2463 1465 2520 modica
1513 2464 1853 2519 conferamus
1961 2466 2108 2520 Inter
2137 2464 2248 2520 duo
2276 2471 2456 2518 autem
2494 2462 2902 2532 propitiatorio,
2952 2463 3132 2516 minus
3179 2470 3341 2532 atque
3371 2458 3567 2530 majus,

273 2546 447 2619 (Exod.
511 2554 772 2622 xxxviii).
813 2553 890 2608 lbi
945 2554 1118 2610 altare
1165 2557 1404 2626 quinque
1449 2555 1758 2612 cubitorum
1799 2557 1854 2611 in
1961 2565 2196 2628 quatuor
2235 2566 2393 2611 erant
2439 2558 2644 2622 cubita,
2677 2562 2912 2624 qmttuor
2957 2553 3141 2616 mundi
3189 2553 3461 2609 elementa
3497 2553 3569 2606 si-

271 2641 597 2713 laugitudine
623 2655 680 2700 et
727 2647 966 2716 quinque
1011 2647 1315 2703 cubitorum
1350 2649 1400 2704 in
1449 2647 1753 2714 latitudine,
1801 2647 1854 2703 id
1961 2651 2210 2722 gnantia,
2242 2668 2360 2721 qua:
2391 2659 2447 2705 et
2473 2651 2587 2721 ipsa
2616 2652 2936 2720 perveniunt
2961 2649 3025 2703 ad
3059 2650 3220 2704 unius
3252 2648 3418 2704 cubili
3449 2647 3570 2702 alti-

272 2747 360 2802 est,
389 2737 850 2809 quadrangulum,
883 2751 940 2796 et
965 2740 1124 2796 trium
1154 2742 1463 2798 cubitorum
1499 2745 1549 2798 in
1574 2743 1858 2798 altitudine
1966 2747 2230 2802 tudinem.
2261 2745 2326 2800 Et
2361 2743 2464 2800 hoc
2481 2743 3036 2799 animadvertendum
3066 2742 3207 2814 quod
3241 2743 3292 2796 in
3317 2755 3569 2796 mensura

271 2829 618 2888 describitur:
658 2833 745 2889 hic
775 2851 904 2891 vero
938 2836 1204 2892 recedens
1235 2852 1262 2890 a
1310 2837 1562 2893 sensibus
1592 2838 1854 2908 quinque,
1963 2839 2152 2896 altaris
2198 2840 2406 2912 primus
2437 2838 2651 2894 cubitus
2693 2839 2745 2893 in
2780 2837 3066 2892 latitudine
3100 2836 3232 2892 nulli
3257 2835 3569 2906 copulatur,

274 2926 421 2980 tendit
459 2928 525 2982 ad
566 2929 852 2996 unionem,
907 2931 960 2985 In
1008 2949 1110 3000 qua
1153 2932 1369 2988 cubitus
1413 2933 1708 3003 perfectus,
1742 2933 1858 2988 sive
1964 2935 2060 2991 sed
2090 2949 2186 2990 sua
2216 2934 2423 2989 unione
2469 2930 2745 3004 perfectus
2787 2940 2912 2986 est:
2946 2929 3219 2986 secundus
3248 2937 3426 2983 autem
3453 2928 3576 2983 lati-

274 3019 576 3075 verissimus
631 3023 871 3091 ponitur,
920 3024 1005 3078 cui
1058 3024 1305 3096 jungitur
1363 3025 1592 3096 palmus,
1646 3025 1698 3080 id
1751 3033 1854 3093 est,
1967 3028 2172 3086 tudinis
2216 3028 2456 3093 cubitus,
2493 3037 2616 3097 post
2659 3026 2796 3081 duos
2841 3026 3058 3082 cubitos
3086 3025 3285 3080 crescit
3325 3024 3392 3079 ad
3425 3038 3574 3080 sum-

274 3111 535 3180 παλαιστὴ,
573 3121 807 3184 sextam,
832 3125 890 3170 ut
921 3132 1084 3186 supra
1109 3118 1368 3189 diximus,
1402 3118 1611 3174 habens
1645 3129 1857 3190 partem
1889 3136 1938 3201 ρ
1968 3138 2138 3187 mum,
2172 3130 2226 3177 ct
2255 3121 2448 3176 tertius
2475 3119 2711 3188 cubitus,
2757 3130 2881 3192 post
2907 3117 3354 3190 propitiatorium
3397 3118 3575 3172 minus

274 3204 439 3260 cubiti.
495 3207 558 3262 In
597 3209 724 3262 sitm
774 3220 951 3266 autem
984 3211 1127 3281 ejus,
1182 3212 1284 3268 hoc
1332 3223 1437 3280 est,
1489 3214 1697 3278 altaris,
1743 3223 1862 3269 erat
1970 3227 2022 3273 et
2055 3216 2232 3288 majus
2265 3232 2361 3288 per
2387 3224 2619 3286 quatuor
2653 3215 2920 3270 elementa
2963 3211 3028 3268 ad
3063 3213 3222 3268 unius
3249 3211 3416 3267 cubiti
3461 3228 3576 3284 my-

277 3297 485 3366 cubitus,
550 3301 649 3370 qui
699 3302 906 3358 scilicet
954 3320 1014 3358 ea
1066 3321 1187 3375 quae
1235 3305 1359 3376 igne
1402 3308 1861 3362 consumebantur
1969 3303 2197 3364 sterium
2230 3308 2516 3375 tendit;et
2542 3321 2681 3362 unus
2711 3318 2762 3362 et
2796 3308 2958 3373 alter,
2983 3315 3037 3362 et
3065 3307 3254 3362 tertius
3287 3302 3573 3360 cubitusin

275 3393 614 3462 suscipiebat,
651 3403 707 3450 et
759 3394 811 3450 in
856 3397 1144 3453 latitudine
1175 3400 1292 3470 ejus
1322 3401 1459 3454 alius
1501 3399 1760 3455 cubitus:
1800 3409 1861 3455 ut
1971 3403 2142 3457 altare
2197 3401 2438 3470 Domini,
2489 3415 2830 3472 nequaquam
2890 3399 3118 3469 primus,
3173 3397 3468 3462 secundus,
3521 3404 3578 3452 et

276 3481 539 3553 inlerioret,
581 3485 684 3542 hoc
710 3501 814 3556 eSI,
865 3502 1095 3559 secreta,
1127 3501 1181 3547 et
1226 3493 1402 3561 spatia
1434 3493 1620 3547 altaris
1650 3510 1770 3564 qua:
1805 3495 1856 3548 in
1972 3497 2194 3562 tertius;
2223 3495 2318 3552 sed
2349 3511 2486 3550 unus
2528 3506 2580 3551 et
2609 3510 2768 3562 unus,
2797 3501 2852 3548 et
2873 3511 3012 3548 unus
3037 3507 3162 3548 esse
3189 3491 3418 3547 dicatur.
3455 3491 3574 3561 Ipse

275 3573 541 3634 latitudine
610 3579 1095 3648 demonstrantur,
1147 3600 1258 3640 uno
1310 3586 1495 3641 cubito
1550 3587 1856 3642 lluireutur.
1970 3601 2148 3646 autem
2197 3589 2333 3644 ariel
2372 3597 2606 3659 quatuor
2650 3587 2959 3643 cubitorum
3010 3596 3167 3655 erat,
3219 3594 3274 3642 et
3322 3585 3391 3640 ab
3435 3584 3570 3640 ariel

277 3669 407 3737 Quod
431 3687 621 3730 autem
664 3679 906 3747 sequitur
937 3695 949 3732 :
985 3677 1052 3734 Et
1083 3678 1331 3750 'de/initio
1358 3699 1517 3746 usque
1556 3683 1624 3736 ad
1663 3681 1861 3738 labium
1973 3700 2145 3756 usque
2191 3698 2405 3739 sursum
2439 3697 2645 3738 cornua
2677 3687 2912 3751 quatuor
2953 3694 2967 3735 :
3000 3681 3114 3734 sive
3147 3685 3205 3732 ut
3244 3677 3300 3733 in
3348 3679 3576 3748 Septua—

275 3766 391 3834 ejtts,
422 3782 518 3832 pro
554 3783 666 3838 quo
693 3769 910 3840 Aquila,
943 3771 1306 3844 Symmachus
1337 3787 1392 3829 et
1423 3775 1723 3831 'l‘heodotio
1765 3791 1862 3844 po—
1970 3778 2119 3849 ginta
2153 3778 2352 3833 dicitur
2379 3819 2392 3844 ,
2425 3775 2494 3830 ab
2524 3773 2658 3828 ariel
2685 3788 2856 3845 usque
2889 3771 2956 3828 ad
3001 3771 3285 3842 superiora
3309 3784 3573 3826 cornumn

277 3869 482 3914 suerunt
530 3863 835 3929 terminum,
885 3865 1239 3936 Septuaginta
1293 3885 1506 3923 rursum
1554 3869 1724 3942 gisnm
1779 3872 1860 3924 in-
1970 3871 2193 3928 cubitus
2224 3883 2386 3925 unus.
2418 3868 2562 3922 Aricl
2589 3852 2812 3940 (ἕω-πθ)
2839 3873 2898 3920 ut
2921 3863 3166 3936 plerique
3195 3865 3467 3919 :estimant
3497 3865 3568 3920 ln-

279 3955 542 4021 terpretati
573 3965 720 4010 sunt.
755 3957 920 4028 Cujus
954 3959 1130 4029 verbi,
1159 3970 1185 3998 ελ
1214 3973 1269 4016 ut
1293 3966 1548 4032 anlejam
1578 3963 1714 4033 dixi,
1751 3982 1859 4020 non
1971 3972 2325 4036 terpretatur,
2368 3961 2462 4016 tua:
2503 3977 2616 4015 mea
2657 3956 2823 4013 Dens.
2881 3959 2956 4014 De
2982 3973 3089 4028 quo
3117 3965 3172 4012 et
3200 3957 3251 4011 in
3288 3957 3416 4011 Isaia
3444 3971 3577 4027 pro-

278 4057 476 4112 possum
501 4047 649 4104 seire
680 4053 982 4118 rationem;
1017 4069 1118 4110 nec
1157 4055 1313 4126 cujus
1350 4057 1546 4129 lingum
1577 4059 1649 4113 sit
1675 4059 1863 4115 dicere
1975 4059 2174 4130 pheta,
2216 4058 2308 4113 ubi
2355 4055 2622 4126 scriptum
2673 4064 2756 4110 est
2793 4067 2808 4110 :
2852 4052 2944 4108 Vae
2995 4051 3116 4119 tibi,
3167 4051 3358 4106 cit-itas
3403 4048 3573 4120 Arlel,

277 4138 640 4196 confidenter:
687 4143 789 4197 nisi
826 4144 926 4200 hoc
957 4147 1256 4205 admonere
1287 4150 1566 4218 lcetorem,
1602 4154 1744 4223 quod
1772 4154 1860 4208 ubi
1971 4171 2136 4226 quam
2187 4151 2511 4225 expugnavit
2567 4150 2734 4207 David
2764 4195 2778 4222 ,
2839 4151 2955 4206 sive
3007 4147 3402 4215 circumdedit,
3455 4148 3575 4218 ple-

278 4244 402 4286 nunc
429 4235 790 4304 deﬁnitionem
823 4239 1215 4310 interpretatus
1239 4259 1357 4298 sum
1383 4242 1586 4315 bsupra
1616 4261 1864 4300 coronant
1976 4250 2100 4302 nius
2153 4245 2386 4301 diximus
2440 4243 2594 4318 (lsai.
2641 4258 2788 4311 xm,
2822 4242 2902 4313 2).
2960 4241 3027 4298 Ut
3071 4253 3251 4296 autem
3293 4257 3393 4312 ego
3431 4241 3579 4295 arbi-

279 4327 655 4383 transtnlerim.
688 4327 934 4403 llludque
976 4334 1216 4391 breviter
1259 4336 1684 4404 demonstratur,
1717 4337 1862 4411 quod
1977 4354 2128 4410 tror,
2188 4343 2268 4396 leo
2328 4339 2413 4396 vel
2477 4340 2622 4411 fortis
2668 4337 2778 4406 Dei
2816 4355 2834 4392 :
2881 4335 3023 4408 quod
3082 4351 3277 4391 nomen
3339 4334 3580 4390 refertur

277 4415 321 4468 in
348 4421 579 4476 circuitu
627 4422 796 4492 ipsius
823 4426 1034 4494 altaris,
1062 4428 1114 4482 id
1142 4437 1246 4494 est,
1278 4430 1329 4484 in
1360 4432 1719 4502 margine,.et
1756 4435 1866 4487 eir—
1975 4435 2197 4505 proprie
2228 4433 2293 4487 ad
2337 4433 2539 4504 altare,
2583 4431 2638 4486 in
2685 4447 2791 4500 quo
2841 4431 2928 4484 vel
2972 4429 3294 4484 illuminatio
3340 4427 3433 4483 Dei
3472 4439 3578 4497 est,

278 4510 387 4565 culo
431 4517 737 4584 rependunt
788 4518 948 4574 fuerit
996 4521 1220 4589 labium,
1277 4535 1331 4578 et
1375 4527 1525 4595 quasi
1559 4541 1761 4582 corona
1808 4528 1864 4582 in
1895 4543 1948 4604 Ι)
1973 4527 2062 4582 vel
2104 4528 2188 4580 leo
2215 4535 2268 4579 et
2308 4523 2568 4578 fortitudo
2594 4523 2733 4592 ejus.
2783 4521 3002 4577 dicente
3041 4519 3210 4576 Jacob
3247 4521 3312 4575 ad
3348 4520 3576 4581 Judam:

279 4606 486 4662 modum
536 4609 656 4673 lilii,
693 4612 896 4668 habens
947 4615 997 4668 in
1041 4625 1262 4687 aspectu
1293 4618 1580 4687 plurimam
1611 4630 1865 4676 vcnusta-
1979 4619 2210 4677 Catulus
2237 4618 2588 4682 leonisJuda,
2617 4617 2680 4670 ad
2709 4616 2967 4686 prtedam,
3000 4615 3076 4670 Illi
3100 4617 3196 4679 mi,
3234 4616 3528 4682 ascendistl
3566 4635 3579 4670 :

280 4705 393 4753 lem.
441 4702 582 4770 Qua:
619 4703 874 4774 deﬁnitio,
914 4708 1031 4764 sive
1059 4710 1198 4781 ginis
1243 4725 1339 4781 per
1368 4714 1651 4769 circuitum
1703 4715 1864 4783 palmi
1984 4712 2332 4784 requiescens
2357 4709 2654 4766 accnbuisti
2679 4717 2740 4764 ut
2780 4709 2882 4776 leo,
2911 4719 2966 4764 et
2989 4711 3140 4780 quasi
3165 4709 3329 4784 529
3369 4709 3538 4765 lemna
3564 4751 3578 4778 ,

282 4793 449 4863 unius,
479 4799 624 4854 sive
650 4801 944 4866 παλαιστῆς
973 4805 1259 4863 latitudine
1303 4809 1642 4864 tendebatur.
1685 4809 1865 4867 Fovea
1983 4809 2110 4877 quis
2135 4803 2420 4860 suscitabit
2460 4820 2580 4858 eum
2613 4802 2632 4876 (
2659 4802 2790 4858 Gen.
2819 4818 2972 4871 thx,
3005 4803 3060 4874 9)
3091 4803 3114 4856 ?
3142 4801 3460 4859 Cubitorum
3483 4820 3583 4860 au-

281 4898 446 4945 autem
478 4893 694 4962 altaris,
723 4897 843 4952 sive
871 4897 1196 4967 profundum
1241 4910 1296 4956 et
1327 4901 1580 4970 altitudo,
1615 4919 1714 4976 pro
1759 4922 1866 4976 qua
1992 4913 2102 4957 tem
2131 4909 2364 4971 quatuor
2393 4910 2506 4968 est,
2533 4909 2587 4954 et
2614 4913 2815 4953 cornua
2847 4897 3010 4953 habet
3032 4907 3264 4968 quatuor
3293 4915 3306 4964 ;
3339 4898 3453 4955 slve
3493 4914 3584 4955 su-

281 4980 326 5036 in
355 4983 624 5042 Hebraieo
653 4991 874 5061 ponitur
902 5007 1002 5048 en
1027 4992 1138 5066 (ιλ)
1158 5035 1172 5057 ,
1225 4995 1292 5050 de
1340 5001 1461 5051 sinu
1495 5007 1652 5052 terra:
1696 5014 1872 5071 usque
1991 4995 2209 5066 periura
2241 5003 2473 5066 quatuor
2503 5007 2765 5049 cornuum
2792 5033 2808 5058 ,
2852 5007 2960 5048 uno
2987 4990 3172 5046 cubito
3198 4989 3493 5057 liniuntur;
3526 4999 3584 5047 ut

283 5074 696 5149 aderepidiucm
731 5085 1104 5152 novissimam,
1133 5087 1216 5142 vel
1247 5105 1415 5158 usque
1445 5091 1512 5144 ad
1546 5094 1866 5160 propitiato-
1991 5089 2408 5158 Evangeliurum
2443 5102 2695 5142 mensura
2728 5096 2782 5142 et
2805 5088 2856 5140 in
2891 5093 3060 5140 totmn
3102 5084 3289 5140 orbem
3321 5084 3584 5141 fortitudo

284 5169 408 5226 rium
433 5175 750 5238 maximum.
782 5177 994 5235 duobus
1015 5181 1214 5236 cubitis
1243 5192 1378 5252 erat,
1413 5193 1466 5238 et
1489 5183 1723 5240 latitudo
1749 5185 1871 5256 ejus
1986 5185 2323 5250 discurrens,
2375 5182 2474 5237 sub
2504 5179 2894 5235 illuminatione
2939 5179 3058 5246 Dei,
3083 5189 3137 5234 et
3167 5179 3342 5234 leonis
3375 5179 3582 5258 fortitu-

283 5266 437 5322 cubiti
470 5270 653 5328 unius.
691 5271 948 5330 lnferiora
988 5275 1134 5331 enim
1179 5286 1233 5331 et
1265 5276 1558 5346 profunda,
1609 5285 1666 5333 et
1708 5289 1871 5334 terra:
1986 5277 2119 5332 dine
2145 5276 2574 5339 demonstretur,
2611 5273 2675 5328 ad
2705 5287 2978 5342 unumque
3003 5271 3240 5327 cubitum
3275 5270 3592 5341 perveniant

283 5359 623 5432 cohaerentia,
660 5364 806 5420 duali
836 5383 1079 5433 numero,
1115 5371 1207 5437 qui
1245 5380 1298 5424 et
1331 5369 1382 5424 in
1419 5370 1711 5426 immundis
1748 5372 1868 5426 :tni-
1989 5370 2190 5426 divina:
2219 5369 2600 5425 confessionis.
2641 5367 2705 5422 Et
2733 5375 2789 5420 ut
2821 5365 3076 5436 paulatim
3117 5363 3422 5420 obscuritas
3447 5379 3592 5434 pne-

287 5454 510 5512 malibus
535 5461 742 5531 positus
775 5471 876 5529 est,
907 5463 1255 5520 continentur
1296 5463 1506 5537 (Cenes.
1547 5467 1678 5537 vn)_‘:
1709 5483 1876 5537 supe-
1990 5465 2165 5520 sentis
2197 5464 2300 5520 loci
2327 5461 2671 5520 manifestior
2704 5464 2814 5528 liat,
2851 5460 3096 5530 sequitur
3131 5474 3144 5512 :
3199 5456 3262 5512 Et
3295 5458 3436 5512 Ariel
3462 5459 3594 5514 dno-

350 5582 376 5652 ξ
407 5577 606 5652 Ileeole
639 5595 759 5644 qua:
791 5582 954 5652 patth
978 5583 1228 5650 superius
1251 5594 1576 5637 annotamus
1611 5581 1868 5638 eol.4‘.i7.
1995 5579 2266 5652 "itionem,
2293 5587 2483 5652 postea
2497 5578 2660 5652 vertit
2683 5589 2952 5652 comitant.

351 5644 378 5682 δ
407 5647 574 5704 Immo
599 5653 762 5723 infra,
792 5644 969 5722 inquit
999 5644 1231 5720 Victam;
1277 5664 1364 5710 est
1388 5655 1531 5710 enim
1565 5655 1726 5726 paulo
1753 5665 1879 5727 post
2077 5663 2098 5692 ο
2131 5644 2312 5718 Alias,
2338 5667 2511 5706 ama.
2542 5647 2717 5706 Graec.
2746 5644 3159 5716 Theodotienis,
3193 5647 3382 5722 ἀζαρά.

287 5738 372 5793 ubi
399 5743 618 5800 verbum
651 5746 825 5818 ipsum
857 5745 1187 5804 llebraicum
1231 5728 1412 5818 n‘rm,
1446 5745 1594 5824 quod
1623 5745 1712 5804 hic
1741 5746 1880 5818 deli‘
