4108 6338
493 267 601 325 ιεδ

648 324 675 345 δ
1745 270 1805 328 S.
1848 268 2116 329 EUSEBII
2157 269 2538 331 IlIERONYMI

3689 273 3800 333 ιρι

494 386 661 443 decim
690 389 980 443 cubitorum
1012 388 1063 442 in
1093 388 1451 461 longitudine,
1484 406 1574 464 per
1604 392 1875 449 duodecim
1898 394 2097 449 cubitos
2124 399 2172 459 Α
2204 398 2340 451 ritus
2364 396 2560 463 sancti,
2596 395 2648 450 in
2674 409 2781 467 quo
2811 408 2935 451 vera
2970 393 3123 450 nobis
3153 396 3311 450 datur
3339 392 3672 465 prOpitiatio.
3727 392 3801 448 Et

494 483 804 552 latitudinis,
835 486 1252 558 quadrangulum
1279 487 1442 558 aequis
1464 488 1725 543 lauribus.
1759 488 1910 557 Quod
1935 504 2094 544 nemo

493 577 708 633 dubitat
736 577 801 633 ad
832 578 1125 634 duodecim
1161 578 1337 635 tribus
1367 581 1669 653 pertinere,
1702 598 1821 652 qua:
1853 583 1903 636 in
1935 581 2096 637 Joan-

493 674 578 728 nis
627 674 955 747 Apncalypsi
1004 674 1220 747 scriptae
1268 684 1430 742 sunt,
1490 685 1546 732 et
1598 676 1663 730 ad
1704 676 2093 747 Apostolorum

492 783 798 837 numerum,
842 768 913 825 de
961 768 1119 839 cujus
1169 777 1518 825 sacramento
1561 784 1728 837 supra
1772 769 1978 825 dixisse
2010 785 2095 825 me

494 863 718 918 memini
750 864 938 933 (Apoc.
965 861 1083 935 vn).
1115 862 1220 919 Per
1247 873 1478 935 quatuor
1516 872 1695 919 autem
1742 863 1909 919 latera
1939 880 2098 918 mun-

494 954 572 1023 di,
607 954 843 1010 duodeni
889 956 1057 1011 cubiti
1084 956 1245 1011 simul
1287 956 1529 1013 efficiunt
1567 955 1928 1027 quadraginta
1972 966 2097 1011 octo

494 1048 710 1105 cubitos
757 1049 1177 1105 saccrdotalium
1206 1050 1511 1116 civitatum,
1560 1060 1619 1105 ttt
1647 1048 1767 1106 istis
1792 1049 1945 1122 quasi
1976 1049 2099 1104 fun-

495 1141 766 1201 damentis
798 1146 853 1200 in
885 1154 999 1201 toto
1030 1145 1161 1202 orbe
1187 1145 1395 1214 divisis,
1429 1146 1685 1201 Ecclesia:
1717 1144 1980 1201 fortitudo
2008 1160 2100 1199 so-

496 1236 718 1294 lidetur.
775 1235 946 1293 Porro
992 1239 1221 1310 crepido,
1255 1255 1353 1311 pro
1393 1255 1497 1311 qua
1528 1238 1880 1311 Septuaginta
1913 1239 2095 1309 propi-

498 1332 767 1389 tiatorium
793 1375 806 1398 ,
842 1333 1145 1389 Theodotio
1182 1344 1241 1389 ut
1282 1349 1445 1405 supra
1477 1351 1687 1400 azana;
1736 1332 2100 1405 Symmachus

499 1426 832 1508 περιδρομὴν,
863 1428 965 1485 hoc
1006 1437 1088 1484 est
1117 1430 1392 1484 circuitum
1419 1428 1756 1499 interpretati
1789 1435 1939 1495 sunt,
1968 1440 2103 1497 qua-

504 1522 808 1578 tuordecim
836 1522 1145 1577 cubitorum
1179 1530 1299 1578 erat
1329 1521 1681 1593 longitudinis
1715 1536 1812 1592 per
1840 1528 2102 1591 quatuor-

502 1614 675 1669 dccim
706 1613 1036 1680 latitudinis,
1068 1616 1119 1670 in
1150 1625 1384 1685 quatuor
1411 1613 1624 1685 angulis
1655 1613 1794 1683 ejus,
1821 1621 1874 1667 et
1900 1624 2100 1667 corona
2144 1674 2151 1683 ο

499 1707 555 1764 in
580 1710 810 1765 circuitu
836 1708 953 1780 ejus
981 1708 1193 1764 dimidii
1236 1708 1402 1764 cubiti
1429 1725 1442 1774 ;
1497 1723 1595 1779 pro
1624 1723 1728 1778 qua
1756 1721 1968 1762 rursum
2001 1705 2099 1761 Sc-

2199 489 2527 544 utdicamus
2558 490 2796 559 apertius
2827 530 2843 556 ,
2894 498 3182 561 propterea
3229 487 3490 558 graduum
3541 500 3798 541 numerus

2199 582 2437 637 incertus
2487 582 2852 653 relinquitur,
2898 592 2957 637 ut
3003 590 3443 653 quantacumque
3495 579 3676 635 studio
3729 578 3798 634 ad

2197 678 2391 730 altiora
2422 676 2685 733 scandere
2715 676 3074 748 potuerimus,
3108 676 3160 731 in
3194 674 3544 730 inferioribus
3572 686 3673 727 nos
3695 688 3797 743 pu-

2198 780 2377 826 temus
2427 770 2751 839 collocatos,
2810 781 2860 827 et
2918 770 3221 842 cogitemus
3271 768 3399 825 illud
3446 750 3795 825 Psalmisuc":

2199 863 2355 920 Ibunt
2383 865 2449 920 de
2480 866 2679 921 virtute
2704 865 2756 920 in
2787 865 3039 921 virtutem
3072 864 3189 938 (Ps.
3224 880 3456 932 Lxsxut,
3488 863 3565 933 8).

2272 958 2449 1030 (Vers.
2485 960 2553 1015 18
2580 960 2763 1031 seqq.)
2792 958 2861 1013 Et
2889 960 3018 1015 dixit
3047 960 3115 1013 ad
3140 976 3217 1014 me
3241 976 3257 1012 :
3291 958 3400 1014 Fili
3421 957 3665 1027 hominis,
3691 956 3802 1012 lucc

2199 1049 2324 1105 dicit
2353 1050 2606 1106 Dominus
2650 1050 2792 1107 Deus
2833 1069 2849 1105 :
2885 1051 2956 1106 Hi
2984 1062 3101 1107 sunt
3129 1054 3259 1106 ritus
3303 1053 3485 1107 altaris
3511 1093 3525 1118 ,
3580 1052 3633 1104 in
3675 1066 3806 1121 qua-

2200 1162 2413 1218 cumque
2441 1146 2526 1200 die
2554 1148 2708 1218 fuerit
2746 1145 3079 1218 fabricatum,
3126 1154 3181 1201 ut
3212 1145 3459 1213 offeratur
3489 1160 3642 1216 super
3669 1139 3807 1198 illud

2201 1238 2581 1307 holocaustum,
2616 1249 2661 1295 et
2691 1238 2986 1307 effundatur
3014 1240 3241 1312 sanguis.
3290 1238 3353 1291 Et
3386 1237 3531 1292 dabis
3568 1237 3806 1293 sacerdo-

2200 1333 2356 1399 tibus,
2390 1332 2584 1387 Levitis
2610 1334 2698 1404 qui
2727 1341 2847 1387 sunt
2870 1334 2932 1386 de
2960 1333 3151 1387 semine
3182 1330 3356 1388 Sadoc
3382 1375 3397 1399 ,
3440 1332 3528 1403 qui
3553 1330 3817 1405 accedunt,

2199 1427 2267 1481 ad
2295 1444 2395 1494 me,
2427 1429 2497 1481 ait
2545 1425 2799 1482 Dominus
2830 1425 2972 1482 Deus
3004 1443 3020 1479 :
3053 1436 3108 1481 ut
3158 1425 3378 1494 offerant
3424 1426 3551 1480 mihi
3592 1424 3809 1478 uitulum

2201 1520 2264 1574 de
2294 1530 2529 1575 armento
2558 1538 2652 1592 pro
2683 1530 2914 1591 peccato.
2944 1520 3013 1574 Et
3039 1537 3270 1575 assumes
3292 1521 3355 1574 de
3386 1520 3638 1593 sanguine
3666 1521 3806 1592 ejus,

2202 1631 2359 1686 pones
2387 1632 2542 1687 super
2567 1623 2789 1686 quatuor
2814 1631 3007 1669 cornua
3033 1614 3214 1687 (Vulg.
3239 1615 3383 1668 addit
3406 1612 3563 1687 ejus],
3586 1622 3629 1667 ct
3653 1628 3811 1681 super

2201 1719 2424 1778 quatuor
2468 1708 2689 1782 angulos
2738 1710 3038 1779 crepidinis,
3087 1718 3132 1764 et
3164 1726 3320 1782 super
3359 1725 3601 1763 coronam
3627 1709 3680 1761 in
3708 1707 3813 1761 circ

502 1803 781 1876 ptuaginta
812 1805 979 1878 gisum
1011 1804 1351 1875 interpretati
1375 1813 1523 1871 sunt,
1551 1813 1604 1860 ct
1629 1804 1793 1870 sinus,
1815 1805 1927 1858 sive
1944 1803 2096 1872 juxta
2129 1796 2176 1857 B
2204 1803 2345 1856 cuitu
2378 1820 2395 1856 :
2422 1811 2467 1855 et
2496 1803 2768 1858 mundabis
2795 1802 2929 1857 illud
2956 1815 3002 1856 ct
3028 1804 3280 1875 expiabis.
3314 1802 3383 1857 Et
3412 1802 3562 1858 tolles
3592 1800 3810 1855 vitulum

501 1897 887 1968 Symmachum
910 1898 1285 1953 consummatio
1312 1896 1430 1968 ejus
1455 1906 1616 1968 atque
1637 1896 1905 1969 perfectio,
1934 1894 2101 1950 cubiti

501 1990 661 2045 unius
706 2005 803 2062 per
840 1990 1127 2047 circuitum
1157 2033 1171 2057 ,
1206 1991 1337 2046 illud
1369 1990 1606 2046 latenter
1634 1989 1915 2058 ostendit,
1956 1988 2100 2061 quod

504 2086 765 2146 Dominus
795 2098 1003 2156 noster,
1036 2090 1126 2161 qui
1159 2105 1284 2145 vero
1309 2088 1746 2161 pr0pitiatorium
1773 2086 1973 2141 dicitur
1994 2100 2103 2139 non

503 2183 680 2237 solum
729 2198 826 2252 pro
857 2184 1097 2255 peccatis
1128 2181 1333 2237 nostris
1358 2224 1373 2248 ,
1421 2180 1518 2237 sed
1567 2196 1666 2252 pro
1698 2180 1845 2235 omni
1878 2178 2101 2246 mundo,

504 2291 603 2345 per
629 2276 1039 2347 quatuordecim
1079 2276 1461 2347 generationes
1491 2275 1705 2331 venerit
1733 2274 1801 2330 ab
1829 2273 2101 2328 Abraham

505 2384 681 2440 usque
712 2368 780 2425 ad
814 2369 1018 2436 David;
1071 2380 1126 2425 et
1152 2384 1366 2425 rursum
1399 2385 1497 2439 per
1525 2369 1657 2423 alias
1691 2366 2102 2439 quatuordecim

505 2479 677 2536 usque
700 2463 766 2518 ad
796 2464 1163 2535 captivitatem
1193 2464 1469 2520 Jecttoniae
1489 2506 1504 2532 ,
1533 2472 1588 2519 et
1618 2462 1862 2533 ejusdem
1891 2463 2103 2518 numeri

504 2567 851 2614 sacramento
878 2558 946 2613 ad
976 2567 1190 2613 terrena
1215 2556 1564 2633 descenderit
1590 2574 1603 2609 :
1632 2564 1691 2611 ut
1720 2555 1773 2610 in
1806 2556 1960 2611 tertia
1990 2576 2107 2611 τεσ-

504 2649 929 2729 σὰρακαιδεκάδι,
958 2659 1014 2708 et
1043 2650 1213 2706 divini
1245 2650 1457 2706 numeri
1492 2649 1601 2723 (Al.
1632 2648 1896 2721 muneris)
1924 2663 2107 2705 sacra-

503 2757 691 2804 mento
740 2747 977 2802 salvaret
1016 2754 1250 2817 quatuor
1295 2738 1523 2816 angulos
1552 2744 1777 2811 mundi,
1811 2742 1879 2799 de
1907 2743 2105 2814 quibus

505 2843 768 2914 scriptum
800 2852 884 2898 est
911 2859 924 2897 :
959 2840 1116 2896 Multi
1146 2841 1215 2896 ab
1259 2839 1487 2896 Oriente
1514 2848 1569 2896 et
1590 2838 1908 2904 Occidente,
1941 2845 1997 2893 et
2037 2836 2106 2891 ab

504 2935 775 3007 Aquilone
820 2943 876 2990 et
913 2933 1140 2991 Meridie
1188 2933 1443 3001 venient,
1492 2941 1548 2989 et
1594 2932 1936 2989 accubabunt
1980 2946 2103 2987 cum

506 3030 814 3096 Abraham,
867 3039 922 3086 et
973 3029 1156 3096 Isaac,
1202 3039 1258 3085 et
1301 3027 1471 3085 Jacob
1512 3028 1564 3083 in
1618 3043 1785 3099 regno
1838 3027 2101 3084 caelorum

506 3124 723 3200 (Matth.
756 3140 869 3195 vm,
902 3122 1016 3195 11).
1064 3121 1325 3194 Quodque
1355 3122 1624 3193 sequitur,
1659 3131 1707 3176 et
1736 3136 1957 3188 corona,
1991 3120 2105 3175 sive

2204 1901 2292 1972 qui
2321 1900 2522 1955 oblatus
2550 1902 2707 1968 fuerit
2740 1918 2834 1974 pro
2865 1909 3099 1971 peccato,
3157 1908 3205 1952 et
3254 1897 3516 1951 combures
3562 1896 3712 1950 illum
3755 1895 3810 1949 in

2202 2002 2442 2068 separato
2473 1995 2583 2050 loco
2611 1995 2793 2050 domus
2824 2003 2969 2049 extra
2998 1993 3367 2047 sanctuarium.
3421 1990 3491 2045 Et
3538 1992 3591 2044 in
3622 1989 3707 2044 die
3733 2005 3813 2043 se-

2203 2091 2373 2144 cunda
2403 2089 2586 2158 olferes
2616 2090 2817 2145 hircum
2849 2106 3126 2161 caprarum
3156 2087 3545 2143 immaculatum
3569 2102 3662 2158 pro
3692 2099 3815 2154 pec-

2206 2194 2338 2247 cato.
2392 2195 2437 2239 et
2489 2186 2762 2258 expiabunt
2801 2184 2964 2240 altare
3008 2185 3137 2239 sicut
3165 2185 3500 2255 expiavcrunt
3539 2183 3593 2235 in
3630 2181 3810 2235 vitulo.

2206 2279 2351 2335 LXX
2388 2298 2400 2333 :
2432 2282 2591 2355 531
2624 2280 2694 2335 Et
2727 2282 2857 2336 dixit
2888 2282 2953 2334 ad
2976 2297 3056 2334 me
3094 2297 3110 2333 :
3143 2276 3253 2333 Fili
3285 2279 3526 2347 hominis,
3551 2275 3661 2331 lucc
3687 2275 3825 2341 dicit

2207 2373 2462 2430 Dominus
2493 2375 2627 2431 Deus
2662 2393 2680 2432 :
2711 2376 2843 2432 Ha’c
2870 2386 2986 2431 sunt
3029 2383 3286 2446 prtecepta
3307 2373 3489 2428 altaris
3513 2373 3565 2425 iu
3597 2371 3681 2425 die
3709 2386 3816 2441 qua

2207 2470 2405 2539 factum
2437 2471 2626 2541 fuerit,
2672 2482 2727 2526 ut
2770 2470 3061 2537 offerantur
3086 2486 3241 2543 super
3270 2486 3329 2524 eo
3360 2468 3809 2533 ltolocautomata,

2207 2569 2253 2614 et
2282 2560 2582 2628 eﬂ'undatur
2614 2579 2770 2632 super
2798 2545 2941 2617 illud.
2961 2564 3195 2636 sanguis.
3239 2561 3307 2615 Et
3339 2561 3484 2615 dabis
3517 2558 3818 2616 Sacerdoti-

2209 2656 2301 2710 bus
2344 2655 2532 2712 Levitis
2562 2658 2650 2728 qui
2677 2667 2796 2712 sunt
2824 2674 2889 2712 ex
2933 2658 3124 2712 semine
3155 2656 3369 2713 Sadduc
3389 2698 3404 2723 ,
3452 2665 3500 2711 et
3531 2655 3813 2728 appropin-

2207 2757 2368 2817 quant
2393 2748 2461 2802 ad
2504 2765 2601 2816 me,
2644 2751 2766 2804 dicit
2810 2749 3065 2805 Dominus
3098 2749 3257 2817 Deus,
3291 2758 3343 2803 ut
3368 2749 3657 2805 ministrent
3688 2747 3816 2802 mihi

2206 2841 2423 2895 uitulum
2460 2843 2525 2896 de
2553 2843 2709 2898 bobus
2750 2861 2842 2915 pro
2874 2853 3080 2915 peccato
3114 2860 3130 2897 :
3173 2854 3220 2899 et
3262 2842 3442 2899 tollent
3471 2844 3534 2898 de
3563 2843 3817 2915 sanguine

2208 2937 2343 3007 ejus,
2377 2944 2423 2988 el
2465 2946 2655 3007 ponent
2691 2953 2845 3009 super
2870 2946 3096 3007 quatuor
3133 2954 3326 2991 cornua
3351 2937 3554 3001 altaris,
3581 2943 3631 2991 et
3661 2949 3817 3007 super

2210 3027 2368 3082 basim
2395 3032 2508 3102 ejus
2542 3031 2593 3083 in
2617 3031 2858 3097 circuitu,
2883 3039 2929 3086 et
2953 3032 3269 3086 mundabunt
3287 3041 3331 3085 et
3356 3031 3634 3100 expiabunt
3653 3029 3811 3084 illud.

2212 3117 2278 3174 Et
2310 3120 2490 3176 tollent
2520 3124 2737 3179 vitulum
2768 3140 2863 3195 pro
2892 3133 3100 3195 peccato
3127 3168 3141 3193 ,
3186 3134 3233 3179 et
3266 3124 3589 3179 comburetur
3616 3123 3669 3177 in
3700 3121 3814 3177 loco

503 3219 647 3292 gisus
686 3234 776 3290 per
801 3218 1076 3273 circuitum
1104 3218 1213 3289 ejus
1236 3260 1253 3284 ,
1284 3216 1447 3291 530
1475 3214 1794 3271 subauditur
1838 3214 2103 3286 propitia-
2134 3200 2178 3265 C
2212 3223 2451 3286 separato
2482 3214 2667 3272 domus
2693 3226 2839 3271 extra
2880 3228 3078 3272 sancta.
3133 3216 3200 3272 Et
3247 3218 3330 3271 die
3373 3217 3599 3272 secunda
3634 3216 3815 3271 tollent

505 3314 653 3380 torii,
703 3311 938 3368 habebat
983 3311 1263 3366 dimidium
1314 3311 1581 3379 cubitum,
1635 3321 1690 3366 et
1737 3310 1888 3365 sinus
1936 3307 2105 3380 ipsius

505 3406 888 3478 propitiatorii,
912 3406 1027 3462 sive
1044 3406 1445 3462 consummatio
1463 3412 1625 3476 atque
1641 3403 1922 3475 perfectio,
1942 3417 2105 3475 quam

505 3503 866 3576 Symmachus
907 3503 1292 3572 interpretatus
1341 3509 1423 3556 est
1471 3498 1816 3574 περιδρομὴν,
1868 3496 2107 3553 habebat

507 3614 673 3655 unum
702 3598 983 3666 cubitum,
1018 3596 1149 3651 illud
1193 3594 1464 3667 significat
1511 3594 1664 3665 quod
1691 3603 1747 3649 et
1790 3600 2105 3664 peccatores

505 3702 562 3749 et
585 3692 719 3764 justi
749 3690 963 3747 Domini
996 3688 1381 3760 propitiatione
1408 3686 1705 3755 salventur,
1737 3686 1952 3742 dicente
1974 3698 2106 3754 apo—

508 3784 649 3841 stolo
697 3783 869 3839 Paulo
918 3780 1327 3839 :Reconciliati
1358 3794 1546 3836 sumus
1576 3779 1690 3835 Deo
1740 3780 1794 3835 in
1842 3778 2106 3850 sanguine

509 3874 634 3932 Filii
658 3876 779 3948 ejus
811 3875 986 3948 (Rom.
1017 3890 1069 3943 ν,
1106 3872 1215 3948 10).
1268 3874 1337 3931 Et
1380 3873 1448 3930 de
1475 3873 1854 3945 peccatoribus
1884 3872 2105 3937 dicitur,

507 3970 652 4043 quod
682 3968 891 4026 dimidii
922 3968 1092 4025 cubiti
1133 3983 1446 4025 mensuram
1497 3966 1735 4023 habeant
1785 3982 1882 4038 per
1906 3963 2105 4022 circui-

509 4074 668 4133 tum;
709 4065 800 4138 qui
832 4072 1011 4120 tamen
1052 4064 1331 4119 salvantur
1379 4061 1755 4118 misericordia
1804 4059 2101 4127 Creatoris,

502 4157 657 4231 juxta
684 4158 816 4215 illud
840 4158 983 4230 quod
1019 4158 1073 4213 in
1102 4156 1323 4212 Psalmo
1350 4155 1614 4226 scriptum
1644 4163 1728 4211 est
1755 4172 1769 4209 :
1820 4153 1925 4211 Pro
1951 4152 2105 4210 nihili

509 4256 688 4312 salvos
719 4254 883 4311 facies
911 4268 1005 4310 eos
1035 4251 1155 4324 (Ps.
1181 4267 1268 4319 ιν,
1293 4250 1372 4323 8).
1400 4250 1475 4306 De
1499 4249 1661 4320 justis
1695 4267 1709 4304 :
1734 4250 1878 4321 quod
1909 4250 1961 4305 in
1999 4263 2107 4305 uno

503 4351 783 4407 salventur
813 4364 1043 4406 numero
1065 4344 1317 4404 solitario
1346 4354 1507 4416 atque
1530 4343 1789 4417 perfecto,
1811 4353 1865 4400 et
1889 4344 2108 4400 imiten-

506 4454 595 4501 tur
635 4459 798 4499 unam
857 4442 1199 4499 divinitatem
1228 4482 1243 4507 ,
1292 4438 1513 4495 dicente
1555 4438 1746 4494 eodem
1794 4438 2103 4509 Apostolo:

507 4534 650 4595 Deus
695 4546 812 4594 erat
861 4537 913 4592 in
970 4535 1212 4603 Christo,
1261 4534 1525 4590 mundum
1586 4533 1947 4590 reconcilians
2001 4533 2106 4589 sibi

507 4631 576 4706 (Il
603 4630 724 4687 Cor.
758 4648 812 4697 v,
849 4630 960 4701 19).
987 4629 1143 4699 Quod
1175 4639 1354 4685 autem
1385 4628 1438 4684 in
1470 4628 1576 4685 fine
1607 4628 1767 4700 hujus
1806 4629 2102 4686 testimonii

507 4726 747 4799 ponitur,
779 4734 827 4781 et
855 4726 1046 4799 gradus
1074 4726 1186 4798 ejus
1216 4726 1342 4779 versi
1364 4723 1433 4777 ad
1466 4722 1747 4792 Orientem,
1777 4725 1977 4795 gradus
2004 4724 2104 4780 hu-

502 4821 591 4894 jus
620 4820 983 4894 propitiatorii
1017 4828 1042 4856 α
1072 4819 1159 4875 vel
1189 4818 1377 4889 viginti
1420 4825 1656 4888 quatuor
1699 4816 1850 4873 libris
1900 4816 2104 4874 veteris

503 4916 857 4976 lnstrumenti
886 4915 1086 4973 debent
1124 4912 1299 4984 accipi
1346 4931 1360 4968 :
1410 4913 1503 4982 qui
1551 4911 1821 4968 habebant
1863 4910 2104 4968 citharas

508 5014 563 5070 in
593 5012 919 5086 Apocalypsi
950 5009 1179 5067 Joannis
1210 5008 1362 5081 (Cap.
1393 5006 1471 5080 v),
1518 5016 1572 5064 et
1620 5022 1852 5064 coronas
1880 5007 1933 5063 in
1963 5007 2106 5078 capi-

506 5106 649 5163 tibus
677 5106 791 5161 suis
823 5122 837 5160 :
870 5104 959 5161 vel
985 5109 1388 5179 sacramentum
1421 5099 1603 5156 Patris
1648 5110 1704 5156 et
1732 5099 1854 5156 Filii
1894 5108 1950 5157 et
1978 5100 2103 5172 Spi-

500 5249 510 5275 ’
576 5258 602 5287 ι
653 5246 808 5303 Hunc
852 5259 1069 5318 quoque
1115 5241 1327 5306 locum,
1375 5255 1535 5318 quem
1589 5239 2014 5318 vitiatum__olim
2067 5254 2096 5293 a

505 5319 688 5379 sciolis
711 5311 913 5374 criticis
931 5311 1142 5388 opinor,
1161 5321 1383 5388 praestat
1406 5314 1743 5388 immutatum
1768 5311 2097 5388 relinquere,

506 5391 722 5467 quando
749 5390 936 5467 nullas
956 5381 1089 5443 mss.
1119 5381 1334 5467 codices
1365 5383 1660 5467 suppetias
1709 5381 1907 5467 ferunt.
1927 5381 1939 5383 ’
1964 5384 2098 5437 Nam

547 5464 650 5520 uod
684 5462 815 5533 legit
840 5460 1114 5523 Rabanus,
1146 5456 1470 5533 septuaginta
1511 5465 1731 5533 quatuor
1763 5454 1968 5533 libros.
1998 5493 2011 5507 .
2040 5493 2055 5508 .
2083 5494 2096 5507 .

547 5483 650 5520 UOH
685 5483 815 5533 leg“
842 5483 1114 5523 “altanus,
1146 5483 1470 5527 wptuugtusu
1511 5483 1720 5526 quatuor
1763 5483 1918 5507 uuwo
1952 5492 1968 5508 .
1998 5493 2011 5507 .
2040 5493 2055 5508 .
2083 5494 2096 5507 .

507 5483 743 5593 debemus
764 5534 1017 5606 accipere,
1039 5545 1139 5606 nec
1162 5530 1294 5584 satis
1317 5527 1667 5606 restituendas
1685 5525 1902 5606 lectioni
1920 5525 2096 5595 juvat,

508 5619 565 5667 et
599 5606 851 5677 graviore
872 5597 1060 5677 :cubat
1096 5602 1148 5656 in
1188 5598 1408 5677 mendo.
1456 5598 1650 5677 Liquet
1674 5610 1805 5651 vero
1836 5597 2099 5677 Hieron)?

505 5668 653 5737 mum
686 5675 995 5732 senioribus
1034 5672 1387 5744 Apocalypsis
1422 5668 1609 5740 viginti
1638 5677 1870 5744 quatuor
1899 5668 2100 5744 veteris

503 5750 851 5811 lnstrumenti
890 5747 1057 5802 libros
1086 5740 1399 5808 'conlerre;
1449 5740 1906 5813 quemadmodum
1930 5749 2008 5813 ret
2044 5740 2099 5797 in

503 5824 728 5897 prologo
758 5818 882 5877 libri
902 5818 1055 5874 Ezra‘.
1077 5816 1445 5885 Necmiseqne,
1469 5811 1570 5882 ait,
1592 5829 1707 5885 qua:
1726 5830 1830 5871 non
1849 5811 2103 5870 habentur

2210 3308 2386 3363 haedos
2427 3310 2555 3364 duos
2582 3312 2644 3363 de
2671 3312 2840 3384 capris
2866 3312 3223 3367 immaculatos
3254 3329 3349 3383 pro
3374 3320 3602 3384 peccato,
3652 3319 3699 3365 et
3724 3327 3816 3366 ea:-

2208 3401 2421 3473 piabunt
2468 3403 2635 3458 altare
2671 3404 2801 3458 sicut
2828 3406 3165 3477 expiaverunt
3206 3406 3260 3459 in
3291 3404 3472 3461 vitulo.
3516 3406 3815 3476 Postquam

2212 3499 2487 3567 prophetae
2520 3498 2841 3554 monstravit
2869 3498 3063 3564 altare,
3114 3508 3169 3554 et
3209 3499 3448 3555 cubitum
3481 3499 3625 3570 ejus,
3657 3498 3817 3553 cubi-

2211 3599 2399 3662 tosque
2428 3592 2599 3657 duos;
2630 3601 2685 3647 et
2717 3608 2933 3648 rursum
2958 3592 3198 3648 cubitum
3230 3602 3286 3648 et
3314 3602 3547 3663 quatuor
3574 3590 3811 3658 cubitos,

2208 3695 2261 3741 ct
2317 3687 2479 3742 tertio
2528 3687 2771 3743 cubitum
2799 3732 2814 3758 ,
2862 3687 3147 3744 duodecim
3195 3703 3409 3759 quoque
3452 3687 3661 3743 cubitos
3717 3702 3815 3755 per

2207 3778 2347 3835 alios
2395 3779 2708 3849 duodecim,
2757 3790 2812 3837 et
2851 3789 3081 3852 quatuor
3130 3782 3320 3837 altaris
3360 3796 3608 3837 cornua:
3660 3780 3815 3837 Ariel

2208 3892 2423 3949 quoque
2452 3877 2741 3934 duodecim
2772 3879 3100 3949 cubitorum,
3135 3894 3231 3950 per
3258 3878 3547 3936 duodecim
3572 3877 3810 3944 cubitos,

2209 3981 2263 4027 ct
2293 3972 2649 4043 crepidinem,
2678 3972 2787 4030 hoc
2812 3982 2913 4040 est,
2950 3972 3382 4046 propitiatorium
3401 3972 3810 4045 quatuordecim

2208 4064 2556 4133 cubitorum,
2614 4082 2711 4137 per
2759 4067 3170 4139 quatuordecim
3214 4067 3426 4123 cubitos
3478 4084 3491 4119 :
3550 4082 3810 4123 coronam

2208 4174 2422 4230 quoque
2464 4159 2631 4226 illius,
2664 4169 2718 4217 et
2744 4160 2925 4217 sinum
2967 4159 3194 4217 dimidio
3219 4161 3404 4217 cubito
3429 4160 3458 4200 ι)
3490 4170 3545 4217 et
3577 4177 3684 4217 uno
3718 4176 3814 4217 cu—

2211 4252 2323 4308 bito
2352 4268 2449 4325 per
2494 4253 2786 4309 circuitum
2839 4272 2850 4308 :
2897 4253 3202 4325 gradusque
3234 4252 3300 4309 ad
3328 4253 3641 4322 Orientem,
3675 4267 3812 4325 quo-

2210 4361 2330 4400 rum
2356 4344 2599 4403 incertus
2620 4358 2708 4402 est
2738 4362 3020 4413 numerus,
3055 4348 3265 4403 locutus
3294 4357 3379 4403 est
3403 4347 3508 4417 vir,
3534 4347 3689 4418 cujus
3718 4362 3815 4402 ca-

2210 4441 2387 4496 lamus
2412 4450 2469 4496 et
2491 4440 2763 4496 funiculus
2789 4450 2909 4496 erat
2941 4440 2995 4495 in
3025 4456 3208 4509 manu,
3237 4450 3293 4496 et
3322 4440 3480 4497 docet
3510 4455 3631 4496 eum
3668 4455 3808 4509 quo-

2210 4533 2393 4602 modo,
2429 4533 2616 4589 altaris
2644 4548 2811 4605 opere
2844 4533 3106 4602 perfecto,
3158 4534 3328 4590 altare
3376 4533 3568 4590 debeat
3596 4531 3809 4603 capiari

2209 4640 2264 4684 et
2294 4628 2625 4684 consecrari.
2656 4628 3009 4699 Primumque
3036 4627 3261 4685 offertur
3291 4628 3529 4696 victima,
3564 4644 3621 4684 et
3648 4627 3810 4684 datur

2208 4721 2585 4779 sacerdotibus
2612 4721 2679 4778 de
2706 4737 2907 4794 genere
2936 4722 3086 4791 Levi,
3109 4723 3203 4794 qui
3230 4732 3357 4779 sunt
3381 4723 3449 4780 de
3475 4723 3683 4779 semine
3707 4722 3811 4777 Sa-

2210 4818 2325 4883 doc,
2353 4832 2513 4889 quem
2541 4833 2638 4873 cur
2660 4817 3017 4888 Septuaginta
3051 4817 3264 4873 Sadduc
3294 4818 3574 4873 nominent
3601 4861 3616 4887 ,
3665 4816 3810 4872 scire

2211 4926 2316 4965 non
2347 4910 2526 4965 valeo.
2573 4909 2748 4966 Sadoc
2777 4918 2955 4965 autem
2987 4908 3379 4979 interpretatur
3393 4912 3569 4982 justus
3602 4925 3621 4964 :
3645 4908 3810 4965 offer-

2210 5012 2402 5076 turque
2443 5004 2596 5075 juxta
2627 5003 2977 5075 Septuaginta
3013 5012 3069 5061 et
3095 5003 3526 5061 Theodotionem
3569 5004 3808 5071 vitulus;

2204 5099 2354 5171 juxta
2379 5098 2767 5172 Symmachum
2797 5108 3001 5168 taurus,
3029 5098 3122 5171 qui
3142 5099 3407 5155 Ilebraice
3425 5098 3804 5155 diciturnam.

2204 5239 2344 5311 apud
2390 5237 2677 5311 Hebraeos,
2709 5254 2811 5311 nec;
2834 5239 2898 5311 de
2931 5239 3112 5311 viginti
3155 5248 3374 5310 quatuor
3402 5240 3606 5295 senibus
3663 5245 3801 5304 sunt,

2206 5308 2388 5380 procul
2408 5309 2735 5381 abiicienda.
2780 5308 2888 5366 Sed
2919 5309 3045 5380 quid
3076 5308 3230 5381 teque
3274 5322 3357 5367 est
3397 5312 3704 5375 dissonum,
3745 5319 3809 5364 ut

2205 5383 2373 5455 libros
2403 5380 2606 5455 habere
2632 5381 2893 5446 citharas,
2922 5391 2976 5437 ct
2999 5380 3229 5437 coronas
3268 5383 3319 5439 in
3349 5381 3761 5455 capitibussuis
3781 5381 3807 5435 ἲ

2204 5452 2437 5524 Omnino
2467 5453 2628 5523 igitur
2651 5467 2841 5509 senum
2872 5455 3164 5524 ingerenda
3192 5464 3275 5509 est
3304 5452 3534 5518 mentio,
3576 5452 3642 5508 ad
3668 5467 3807 5520 quos

2204 5526 2305 5580 ista
2336 5523 2678 5598 referantur;
2713 5523 2964 5598 quodque
2996 5525 3157 5598 habet
3178 5526 3455 5590 Rabanus,
3479 5524 3809 5598 septuaginta

2204 5605 2447 5665 quatuor,
2482 5595 2701 5669 legerim
2731 5611 2876 5649 senes
2901 5596 3083 5669 _viginti
3111 5609 3364 5667 quatuor:
3388 5595 3550 5669 atque
3574 5598 3646 5650 ita
3666 5611 3809 5669 icon-

2199 5669 2327 5739 jicio
2348 5667 2779 5741 (restituendum,
2834 5666 2909 5720 vel
2939 5684 3080 5722 senes
3124 5670 3303 5741 viginti
3331 5666 3551 5739 quatuor
3575 5669 3629 5725 in
3658 5667 3807 5723 libris

2204 5737 2381 5795 ueteris
2414 5737 2774 5801 Instrumenti,
2800 5749 2907 5794 etc.

2277 5811 2304 5851 ι)
2335 5811 2469 5868 Cod.
2490 5810 2665 5867 Vatic.
2698 5824 2856 5869 voces
2879 5819 2927 5867 et
2957 5826 3059 5867 uno
3084 5813 3254 5869 cubito
3285 5814 3513 5885 ignorat.
