4108 6338
318 228 425 288 ηδ

969 235 1619 297 COMMENTARIORUM
1658 238 1724 297 IN
1754 237 2194 297 EZECHIELEH
2235 242 2365 300 LIB.
2408 246 2543 315 XIII,
2586 247 2736 307 CAP.
2778 249 2963 311 XLIII.

3446 290 3483 317 ιι
3508 256 3615 317 ιῖϐ

318 350 557 411 Vitulum
608 367 790 417 autem
838 362 932 433 qui
978 378 1076 434 pro
1122 364 1278 421 nobis
1330 364 1640 422 immolatus
1683 374 1807 432 est,
1858 375 1910 422 et

2028 374 2120 433 est,
2146 370 2374 425 αἰπόλιον
2400 370 2550 441 quasi
2581 369 2896 440 αἱποπόλιον,
2922 372 3191 445 siquidem
3222 371 3392 440 αἴτιος,
3445 380 3611 433 excel-

314 447 484 541 multa
510 448 910 523 Scripturarum
941 456 1079 525 loca,
1112 467 1166 513 et
1194 459 1487 530 praecipuae
1508 459 1764 515 Barnabas
1787 458 1913 529 Epi-
2013 476 2148 527 sum,
2180 462 2353 519 πόλιον
2381 460 2546 535 [Mss
2579 464 2810 538 πολεῖν],
2845 471 3281 524 conversationem
3320 470 3607 541 significat.

314 539 475 609 stola,
509 558 631 614 quae
654 544 888 604 habetur
919 549 1067 607 inter
1096 551 1392 622 scripturas
1422 552 1780 625 apocryphas,
1817 568 1914 609 no-

314 634 511 689 minat.
544 636 613 691 Et
629 636 813 695 hircus
830 655 1112 713 caprarum
1130 644 1368 701 secundo
1384 644 1609 700 olIertur
1623 645 1732 701 die.
1760 643 1913 701 Unde

314 736 370 784 et
398 727 605 787 Pascha
634 732 829 792 facturi
858 750 1144 795 assumunt
1174 739 1243 796 de
1288 756 1453 812 grege
1480 757 1679 813 agnum
1708 749 1765 797 et
1803 739 1916 797 hm-

312 819 464 891 dnm,
496 835 553 881 et
571 829 661 899 qui
688 829 925 901 primum
954 832 1156 903 pascha
1177 834 1357 892 facere
1385 850 1491 891 non
1522 844 1830 906 potuerunt,
1859 837 1913 892 in

312 920 560 977 secundo
589 937 781 981 mense
804 924 1010 983 faciunt
1049 945 1064 982 :
1108 944 1341 999 quorum
1384 929 1617 986 alterum
1647 929 1712 985 ad
1738 929 1916 1001 justos

313 1014 578 1082 pertinet,
609 1017 839 1075 alterum
867 1020 936 1077 ad
967 1022 1317 1093 poenitentes.
1345 1022 1441 1081 Sin
1480 1032 1660 1080 autem
1689 1023 1917 1095 Septua-

311 1106 463 1177 ginta
503 1109 662 1167 nobis
704 1112 1084 1185 interpretatio
1133 1117 1310 1188 placet
1357 1118 1446 1189 qui
1493 1117 1801 1174 dixerunt:
1834 1118 1919 1173 die

312 1208 488 1256 autem
513 1205 735 1261 secundo
769 1206 951 1263 tollent
993 1210 1167 1265 hcedos
1204 1210 1335 1265 duos
1362 1211 1717 1266 immaculatos
1757 1210 1918 1285 532

313 1308 412 1361 pro
451 1304 684 1365 peccato,
719 1298 896 1355 audax
928 1301 1145 1371 quidem
1193 1313 1277 1358 est
1308 1303 1450 1373 quod
1482 1302 1677 1359 dicturi
1707 1318 1918 1373 sumus,

310 1386 411 1442 sed
446 1396 630 1446 tamen
651 1390 882 1448 aliorum
906 1393 1225 1465 simpliciter
1247 1395 1500 1465 ponenda
1524 1396 1792 1452 sententia
1815 1403 1919 1461 est,

312 1481 408 1552 qui
447 1484 601 1540 aiunt
629 1485 767 1544 duos
795 1486 983 1545 haedos
1030 1489 1408 1546 immaculatos
1452 1499 1574 1561 post
1616 1489 1921 1561 passionem

311 1575 532 1632 Domini
564 1578 776 1637 oblatos
804 1596 927 1639 esse
957 1582 1024 1638 ad
1053 1583 1225 1639 altare
1256 1582 1469 1640 Domini
1498 1626 1514 1652 ,
1567 1583 1831 1640 Iacobum
1869 1594 1926 1639 et

311 1671 656 1747 Stephanum
690 1696 703 1732 :
732 1695 962 1751 quorum
993 1681 1135 1737 alter
1163 1680 1232 1737 de
1259 1681 1633 1751 apostolorum
1674 1695 1922 1749 numero,

2015 554 2188 612 Porro
2216 555 2389 612 altare
2411 554 2614 613 Christi
2645 560 2897 629 expiatur
2937 563 3221 634 sanguine,
3249 571 3310 618 ut
3338 565 3612 622 orationes

2016 658 2328 703 sanctorum
2359 648 2576 706 mundae
2602 662 2888 722 permeent
2927 654 2993 709 ad
3023 655 3214 711 Deum.
3257 654 3371 711 Hoc
3397 672 3616 729 quoque

2018 741 2336 809 notandum,
2394 743 2539 815 quod
2587 745 2742 815 juxta
2791 746 3114 803 Hebraicum
3165 750 3279 820 ipse
3331 751 3611 821 Ezechiel,

2017 835 2170 907 quasi
2212 836 2469 893 sacerdos
2505 838 2731 895 vitulum
2777 838 2998 911 jubetur
3026 856 3339 911 assumere,
3371 851 3425 899 et
3455 842 3616 900 holo-

2018 936 2267 986 caustum
2292 929 2494 997 facere,
2524 940 2579 987 et
2608 931 2923 1003 sanguinem
2949 932 3065 1003 ejus
3098 933 3153 989 in
3175 933 3400 991 circuitu
3428 951 3617 1006 asper-

2020 1038 2172 1095 gere,
2204 1033 2311 1079 tam
2344 1024 2535 1081 altaris
2562 1040 2722 1096 quam
2771 1028 3090 1098 angulorum
3122 1036 3177 1084 et
3214 1043 3433 1085 corona:
3458 1071 3473 1095 ,
3504 1030 3621 1086 sive

2022 1116 2186 1172 basis.
2239 1116 2587 1190 Septuaginta
2634 1129 2813 1175 autem
2842 1118 3169 1190 interpretes
3200 1120 3338 1175 alios
3365 1121 3621 1178 sacerdo-

2024 1218 2107 1267 tes
2134 1210 2237 1267 hoc
2282 1210 2461 1267 facere
2489 1212 2900 1281 demonstrant,
2932 1213 3000 1268 de
3028 1212 3225 1284 quibus
3255 1212 3459 1269 dictum
3489 1224 3571 1269 est
3605 1233 3619 1269 :

2024 1304 2185 1360 Dabis
2213 1307 2563 1362 sacerdotibus
2590 1306 2800 1377 Levitis,
2829 1309 2918 1379 qui
2957 1318 3076 1363 sunt
3105 1325 3169 1363 ea:
3203 1310 3396 1364 semine
3426 1308 3621 1378 Sadoc,

2022 1399 2111 1469 qui
2135 1400 2386 1454 accedunt
2414 1399 2484 1455 ad
2514 1417 2611 1455 me.

2098 1491 2279 1566 (Vers.
2310 1493 2382 1549 25
2411 1493 2592 1565 seqq.)
2648 1513 2667 1546 ι
2703 1492 2950 1565 Cumque
2994 1496 3355 1565 compleveris
3400 1498 3629 1569 expians

1978 1646 1987 1655 ,
2033 1606 2051 1640 ι
2084 1588 2237 1658 illud,
2269 1589 2469 1645 oﬂ‘eres
2497 1589 2728 1645 vitulum
2758 1589 2825 1646 de
2846 1600 3094 1647 armento
3118 1590 3545 1661 immaculatum,
3573 1601 3631 1649 ct

2034 1702 2055 1737 ι
2083 1683 2306 1740 arietem
2352 1684 2419 1740 de
2446 1700 2611 1757 grege
2640 1686 3072 1743 immaculatum.
3104 1687 3171 1743 Et
3204 1686 3401 1745 oﬂ‘eres
3444 1703 3540 1744 eos
3571 1688 3628 1744 in

310 1769 456 1826 alter
482 1770 552 1826 de
581 1782 791 1843 septem
820 1773 1014 1830 electis
1047 1775 1100 1829 in
1135 1774 1495 1831 ministerium
1523 1773 1739 1830 Domini
1766 1775 1920 1845 prin-
1950 1780 2000 1841 B
2032 1794 2051 1831 ‹
2082 1785 2379 1848 conspectu
2406 1777 2641 1846 Domini,
2671 1786 2727 1833 et
2755 1779 2974 1835 mittent
3004 1780 3318 1837 sacerdotes
3339 1797 3502 1853 super
3532 1795 3629 1837 eos

310 1878 452 1935 ceps
477 1864 576 1921 fuit
595 1865 798 1940 (Actor.
834 1870 989 1940 χιιι).
1020 1869 1128 1927 Istc
1158 1878 1243 1925 est
1267 1869 1501 1926 Jacobus
1528 1872 1620 1942 qui
1655 1870 1918 1925 transfor-

312 1969 523 2016 matum
553 1960 893 2019 Salvatorem
909 1962 1045 2020 vidit
1069 1966 1121 2019 in
1151 1963 1679 2037 monte(lbid.,vtt),
1711 1965 1801 2035 qui
1830 1981 1913 2020 reo

315 2062 633 2127 surgentem
665 2057 834 2113 tiliam
879 2059 1291 2132 archisynagogi
1320 2074 1441 2115 cum
1473 2059 1705 2114 Domino
1732 2057 1922 2114 Petro-

317 2164 429 2220 que
455 2157 511 2206 et
530 2150 741 2207 Joanne
760 2150 988 2207 intuitus
1017 2162 1099 2208 est
1130 2150 1349 2224 (Matth.
1379 2152 1533 2223 xvn),
1567 2151 1661 2222 qui
1691 2151 1742 2205 in
1771 2160 1920 2206 cata-

308 2242 449 2316 Iogo
472 2244 846 2315 apostolorum
873 2291 886 2315 ,
943 2245 997 2301 in
1044 2262 1152 2317 quo
1198 2246 1322 2301 bina
1351 2245 1648 2317 junguntur
1676 2246 1919 2312 nomina,

319 2341 475 2410 prior
498 2338 669 2396 fratre
695 2341 918 2411 ponitur
949 2339 1145 2413 (Marc.
1176 2357 1229 2396 ιχ
1255 2340 1295 2413 ).
1324 2339 1480 2397 Hunc
1505 2339 1786 2395 interfecit
1820 2338 1925 2395 lle-

318 2434 749 2509 rodesUfatth.
780 2437 911 2509 ιι),
965 2445 1020 2492 et
1065 2436 1218 2507 quasi
1259 2434 1472 2491 hmdum
1514 2432 1922 2489 immaculatum

321 2536 448 2597 post
464 2527 777 2599 passionem
806 2527 1107 2585 Salvatoris
1148 2528 1201 2584 in
1229 2527 1319 2584 die
1350 2526 1653 2583 immolavit
1682 2524 1924 2582 secunda

318 2619 520 2696 (Marc.
550 2620 656 2694 ιιι).
713 2620 1051 2694 Stephanum
1081 2636 1297 2693 quoque
1334 2619 1530 2695 (cujus
1558 2619 1842 2691 sapientia:
1871 2626 1928 2675 et

317 2714 589 2771 doctrinas
621 2714 806 2771 nullus
834 2724 1045 2787 poterat
1078 2713 1334 2770 resistere
1358 2713 1559 2785 (Actor.
1591 2711 1727 2784 xlv),
1760 2720 1815 2768 et
1832 2710 1925 2783 qui

316 2815 561 2865 stantem
600 2808 735 2865 vidit
778 2807 981 2865 Filium
1023 2807 1091 2864 ad
1141 2808 1421 2864 dexteram
1454 2805 1667 2873 Patris,
1705 2815 1762 2862 et
1791 2803 1929 2862 dixit

319 2901 464 2972 (Act.
495 2918 607 2971 xlv,
644 2903 700 2974 7)
737 2920 751 2958 :
778 2900 1004 2958 Domine
1031 2900 1162 2957 Iesu
1183 2944 1197 2968 ,
1230 2901 1432 2972 suscipe
1462 2901 1700 2973 spiritum
1726 2897 1927 2971 meum)

321 2994 599 3068 lapidibus
626 2998 861 3055 obruere
886 2997 1083 3055 Judaei.
1126 2996 1197 3053 Et
1221 2995 1492 3069 quomodo
1524 2995 1785 3067 quosdam
1809 3008 1928 3051 cre-

324 3087 574 3146 dentium
598 3090 870 3162 primitias
891 3089 1112 3147 Achaize
1141 3097 1201 3147 et
1243 3088 1388 3145 Asiae
1420 3087 1713 3160 Apostolus
1751 3086 1928 3143 nomi-

2029 1891 2049 1927 ‹
2089 1874 2208 1940 sal;
2243 1881 2296 1928 et
2318 1873 2547 1930 otierent
2569 1887 2667 1931 eos
2698 1874 3075 1930 holocaustum
3122 1874 3374 1932 Domino.
3406 1874 3627 1945 Septem

2030 1984 2049 2018 ι
2082 1965 2272 2022 diebus
2296 1965 2461 2023 facies
2490 1966 2701 2022 hircum
2733 1983 2832 2037 pro
2868 1975 3092 2038 peccato
3120 1966 3386 2038 quotidie,
3413 1975 3469 2023 ct
3489 1969 3633 2023 vitu—

2030 2080 2049 2115 ι
2084 2061 2196 2117 lum
2219 2060 2290 2117 de
2317 2072 2567 2117 armento
2621 2071 2677 2117 et
2721 2062 2948 2117 arietem
2981 2061 3049 2117 de
3094 2060 3385 2131 pecoribus
3429 2060 3625 2116 imma-

2028 2175 2048 2209 ι
2086 2158 2295 2214 culatos
2340 2157 2589 2214 oﬁ'erent.
2616 2157 2835 2228 Septem
2879 2157 3075 2212 diebus
3102 2155 3400 2227 expiabunt
3436 2156 3630 2223 altare,

2031 2269 2052 2304 ι
2080 2262 2135 2307 et
2176 2250 2520 2306 mundabunt
2563 2250 2732 2306 illud:
2786 2260 2842 2307 et
2894 2250 3197 2322 implebunt
3243 2265 3459 2305 manum
3491 2249 3631 2321 ejus.

2030 2361 2051 2397 ι
2088 2343 2334 2415 Expletis
2380 2342 2573 2400 diebus
2604 2344 2658 2399 in
2708 2343 2795 2399 die
2826 2351 3020 2398 octavo
3052 2352 3109 2398 et
3143 2345 3282 2399 ultra
3301 2342 3502 2398 facient
3529 2344 3632 2399 Sa-

2032 2455 2051 2490 ι
2081 2436 2335 2494 cerdotes
2381 2452 2547 2507 super
2598 2435 2774 2492 altare
2820 2435 3136 2491 holocausta
3162 2442 3342 2491 vestra
3369 2478 3381 2502 ,
3409 2444 3460 2491 et
3513 2450 3635 2506 quae

2033 2550 2053 2585 ι
2084 2547 2183 2603 pro
2213 2546 2345 2602 pace
2375 2530 2635 2597 offerunt,
2660 2538 2715 2585 et
2745 2530 2986 2601 placatus
3011 2545 3109 2585 ero
3139 2528 3317 2596 vobis,
3356 2530 3431 2583 ait
3454 2528 3642 2583 Domi‘

2031 2645 2051 2679 ι
2084 2642 2185 2682 nus
2203 2626 2371 2683 Deus.
2398 2624 2574 2681 LXX:
2602 2625 2670 2681 Et
2707 2639 2831 2680 cum
2854 2624 3220 2694 compleveris
3242 2621 3636 2694 expiationem,

2032 2738 2052 2773 ι
2092 2719 2321 2775 oﬂ‘ercnt
2350 2718 2580 2774 vitulum
2627 2718 2696 2775 de
2740 2717 2913 2774 bobus
2944 2717 3375 2784 immaculatum,
3419 2717 3641 2775 etarie-

2033 2831 2053 2866 ι
2084 2822 2190 2869 tem
2213 2812 2281 2869 de
2311 2812 2503 2869 ovibus
2528 2811 2958 2879 immaculatum,
2985 2820 3040 2867 et
3064 2809 3301 2867 oil'eretis
3326 2825 3511 2867 coram
3532 2809 3641 2866 Do-

2033 2924 2053 2961 ι
2082 2907 2254 2975 ωἱηο,
2300 2914 2356 2962 et
2380 2914 2673 2978 aspergent
2696 2904 3007 2961 sacerdotes
3029 2921 3200 2977 super
3221 2920 3283 2961 ea
3315 2905 3396 2961 sal
3422 2923 3435 2971 ;
3470 2914 3525 2961 et
3555 2902 3638 2960 of-

2034 3018 2055 3053 c
2083 2999 2340 3056 ferentea
2367 2998 2687 3055 holocausta
2718 2998 2973 3054 Domino.
3002 2998 3225 3069 Septem
3249 2998 3445 3054 diebus
3469 2998 3638 3053 facies

2034 3110 2055 3145 ι
2091 3091 2311 3148 haedum
2346 3105 2444 3160 pro
2473 3100 2700 3162 peccato
2721 3088 2983 3162 quotidie,
3007 3098 3064 3146 et
3084 3089 3315 3146 vitulum
3346 3106 3411 3145 ex
3439 3089 3636 3157 bobus,

321 3193 418 3240 nat
448 3200 463 3238 :
490 3184 573 3240 sic
596 3194 654 3240 et
679 3185 767 3241 isti
790 3184 1049 3256 primitiae
1067 3182 1220 3239 fuere
1244 3192 1545 3254 martyrum
1574 3180 1618 3253 (ι
1641 3179 1762 3236 Cor.
1783 3176 1919 3250 xw),
1950 3176 1997 3242 C
2031 3202 2053 3239 ι
2081 3195 2137 3241 et
2164 3184 2396 3242 arietem
2429 3184 2497 3241 de
2546 3184 2738 3241 ovibus
2757 3184 3164 3241 immaculatum
3194 3184 3394 3240 facient
3429 3192 3636 3253 septem

322 3290 464 3350 quos
490 3274 696 3333 Christi
723 3286 909 3349 postea
938 3276 1210 3333 confessio
1235 3275 1542 3333 coronavit.
1584 3275 1651 3330 Et
1681 3274 1786 3329 hoc
1828 3287 1925 3329 no-

323 3369 552 3427 tandum
580 3371 725 3442 quod
755 3370 957 3428 vitulus
985 3378 1128 3428 totus
1170 3369 1400 3427 oﬂertur
1439 3369 1493 3425 in
1525 3367 1922 3434 holocaustum,

323 3473 381 3520 et
402 3464 714 3523 crassitudo
744 3466 991 3537 corporis
1015 3467 1135 3537 ejus
1173 3463 1355 3522 divino
1399 3465 1520 3536 igne
1559 3461 1923 3520 consumitur.

325 3555 445 3611 Etsi
472 3558 611 3613 enim
642 3574 948 3614 noveramus
975 3556 1235 3614 Christum
1268 3567 1294 3597 ⁸
1339 3556 1624 3614 secundum
1668 3570 1875 3611 carnem
1906 3569 1927 3610 :

323 3650 420 3706 sed
444 3654 564 3724 jam
604 3668 739 3708 nunc
761 3669 865 3709 non
894 3654 1128 3709 novimus
1156 3669 1271 3708 eum
1292 3652 1573 3709 secundum
1595 3667 1802 3707 carnem
1831 3650 1851 3723 (
1879 3649 1927 3707 II

325 3743 452 3801 Cor.
476 3765 533 3816 v,
556 3746 670 3819 16).
697 3748 934 3805 Jacobus
950 3757 1133 3807 autem
1160 3758 1214 3805 et
1232 3748 1542 3820 Stephanus
1571 3748 1662 3820 qui
1686 3746 1926 3805 secunda

324 3839 419 3898 die
464 3841 633 3899 oblati
680 3854 829 3912 sunt,
874 3844 998 3902 sive
1047 3844 1255 3911 hircus,
1306 3844 1395 3916 qui
1420 3845 1570 3915 juxta
1599 3842 1925 3900 Hebraicum

323 3944 584 3992 narratur
633 3936 869 4006 oblatus,
910 3936 1140 3993 oﬂ‘ertur
1177 3934 1396 4008 quidem
1448 3936 1503 3991 in
1543 3935 1785 4003 victima,
1829 3932 1928 3991 sed

326 4026 709 4085 holocaustum
757 4029 1062 4102 praesentire
1112 4029 1330 4086 Domini
1378 4037 1708 4086 reservatur.
1772 4026 1925 4096 Quod

324 4129 515 4179 autem
543 4123 753 4180 tollitur
777 4125 1020 4197 sanguis,
1048 4122 1119 4181 de
1146 4138 1254 4195 quo
1285 4122 1527 4194 loquitur
1561 4122 1752 4180 Petrus
1782 4139 1795 4176 :
1828 4122 1933 4178 Re-

325 4213 527 4286 dempti
565 4214 596 4255 ιι
620 4232 798 4273 sumus
825 4217 890 4272 de
916 4233 1051 4273 vana
1077 4225 1251 4273 nostra
1289 4217 1672 4272 conversatione
1706 4224 1931 4286 paterna:

328 4309 629 4365 traditionis
670 4311 895 4380 pretioso
939 4310 1189 4383 sanguine
1234 4309 1432 4367 Christi
1477 4308 1539 4382 (Ι
1568 4307 1712 4365 Petr.
1746 4307 1847 4382 1);
1878 4318 1933 4366 et

326 4400 531 4460 Paulus
561 4405 844 4476 apostolus
869 4406 1031 4463 docet
1058 4423 1072 4461 :
1106 4404 1283 4461 Pretio
1302 4404 1556 4476 redempti
1582 4404 1702 4460 estis
1734 4403 1780 4475 (I
1808 4399 1929 4459 Cor.

328 4511 429 4565 vn,
455 4498 593 4571 25);
626 4500 755 4556 etin
782 4499 889 4556 alio
915 4500 1039 4556 loco
1072 4516 1087 4554 :
1137 4498 1332 4555 Pacem
1371 4499 1565 4572 faciens
1602 4515 1694 4569 per
1724 4498 1935 4570 sangui-

2034 3296 2055 3331 σ
2083 3278 2299 3336 diebus.
2327 3278 2395 3333 Et
2439 3278 2738 3350 expiabunt
2764 3278 2960 3346 altare,
2997 3286 3050 3335 et
3096 3276 3437 3333 mundabunt
3476 3276 3636 3345 illud,

2034 3390 2053 3424 ι
2084 3380 2141 3427 et
2200 3370 2502 3442 implebunt
2553 3386 2752 3427 manus
2801 3385 3027 3438 eorum,
3069 3380 3123 3426 et
3179 3368 3639 3425 consummabunt

2032 3481 2054 3518 ι
2083 3463 2220 3521 dies.
2246 3463 2314 3519 Et
2333 3463 2439 3543 erit
2465 3478 2497 3519 a
2520 3461 2610 3519 die
2640 3469 2836 3519 octavo
2862 3472 2917 3519 et
2939 3462 3103 3530 ultra,
3145 3460 3343 3519 facient
3381 3460 3629 3517 sacerdo-

2033 3570 2054 3609 ι
2089 3565 2170 3611 tes
2210 3570 2375 3627 super
2421 3555 2595 3611 altare
2642 3553 2959 3611 holocausta
2984 3562 3185 3624 vestra,
3235 3563 3292 3612 et
3313 3569 3413 3625 pro
3457 3554 3637 3611 salute

2033 3665 2055 3704 ι
2092 3657 2292 3718 vestra,
2339 3657 2396 3706 et
2438 3649 2733 3721 suscipiam
2767 3663 2885 3717 vos,
2928 3646 3060 3704 dicit
3098 3647 3357 3705 Dominus
3402 3646 3567 3703 Deus.
3609 3665 3629 3699 ι

2027 3742 2321 3815 Postquam
2345 3744 2519 3800 altare
2548 3751 2603 3799 et
2631 3758 2905 3800 mensurae
2933 3742 3054 3813 ejus
3099 3742 3154 3798 in
3188 3741 3389 3798 montis
3423 3740 3636 3796 vertice

2027 3838 2420 3897 demonstrata:
2448 3850 2619 3909 sunt;
2670 3854 3004 3911 rursumque
3043 3836 3308 3909 expiatio,
3356 3846 3414 3893 et
3439 3850 3638 3892 conse-

2028 3933 2203 3989 cratio
2234 3931 2382 3990 illius
2396 3932 2679 4007 propheta:
2708 3942 2930 3990 ostensa
2955 3940 3061 4001 est,
3085 3947 3182 4004 per
3202 3945 3370 3987 unum
3400 3930 3634 3986 vitulum

2030 4025 2439 4083 immaculatum
2470 4035 2526 4084 et
2554 4026 2793 4092 hircum,
2836 4024 2955 4083 sive
2987 4024 3127 4081 duos
3156 4021 3369 4090 haedos,
3399 4037 3634 4092 quorum

2030 4122 2264 4192 primum
2293 4119 2363 4177 ad
2392 4119 2692 4177 Dominum
2726 4117 3092 4186 Salvatorem,
3117 4116 3227 4171 duo
3256 4113 3537 4185 sequentia
3567 4110 3635 4167 ad

2030 4212 2311 4284 apostolos
2348 4212 2742 4286 ministrosque
2790 4210 3105 4279 retulimus,
3152 4224 3224 4265 ne
3251 4209 3307 4263 in
3349 4221 3637 4264 consecra-

2033 4308 2183 4366 tione
2211 4308 2474 4380 spiritalis
2495 4307 2688 4365 altaris
2709 4315 2767 4363 et
2792 4306 3016 4378 proprie
3045 4303 3115 4361 ad
3144 4301 3446 4358 Ecclesium
3470 4300 3640 4371 perti-

2034 4400 2233 4469 nentis,
2277 4398 2441 4475 535
2466 4401 2556 4457 lex
2604 4408 2662 4457 et
2710 4397 2989 4470 propheta:
3037 4394 3356 4451 viderentur
3402 4392 3635 4461 exclusi,

2035 4502 2327 4564 propterea
2374 4500 2697 4549 consecrato
2751 4490 2934 4558 altari,
2988 4487 3196 4544 vitulus
3249 4486 3636 4543 immaculatus

330 4608 451 4647 nem
472 4593 641 4647 crucis
664 4608 791 4662 suae,
822 4594 925 4648 sive
952 4594 1009 4648 in
1042 4601 1203 4662 terra,
1225 4595 1331 4649 sive
1344 4608 1498 4666 super
1523 4592 1676 4648 caelos
1703 4590 1927 4665 (Coloss.
1956 4576 2008 4636 Ι)
2034 4587 2333 4645 assumitur
2363 4597 2419 4644 et
2447 4588 2618 4654 aries,
2646 4596 2703 4643 et
2728 4582 2959 4641 oﬂ‘ertur
2981 4583 3035 4638 iu
3059 4588 3355 4653 conspectu
3386 4578 3636 4646 Domini;

328 4698 370 4752 ι,
404 4684 479 4739 20
499 4683 547 4756 ),
582 4685 713 4741 illud
753 4685 1060 4757 signiﬁcat,
1108 4686 1256 4759 quod
1302 4687 1564 4758 sanguine
1612 4685 1931 4752 Salvatoris,

330 4786 570 4849 quatuor
593 4792 805 4835 cornua
832 4779 1194 4852 puriﬁcentur
1236 4770 1449 4847 altaris,
1482 4779 1536 4835 id
1565 4788 1668 4847 est,
1702 4787 1935 4850 quatuor

332 4870 525 4926 mundi
575 4870 750 4942 plagae
802 4890 814 4925 :
869 4871 1282 4944 aspergiturque
1318 4886 1518 4929 corona
1546 4871 1929 4943 propitiatorii,

332 4966 453 5023 sive
481 4965 643 5023 bases
670 4980 771 5037 per
797 4966 1111 5036 circuitum,
1148 4975 1206 5022 ut
1230 4965 1484 5022 universa
1513 4973 1807 5037 purgentur
1833 5008 1846 5031 ,
1881 4974 1935 5021 et

333 5058 494 5115 ﬁrma
542 5059 613 5118 sit
644 5061 975 5133 propitiatio.
1025 5060 1324 5132 Propterea
1367 5068 1549 5117 autem
1596 5059 1653 5115 in
1700 5057 1937 5116 secunda

335 5151 448 5222 die,
479 5154 568 5209 vel
594 5152 702 5209 duo
735 5153 898 5222 lnedi,
927 5154 996 5210 de
1024 5154 1223 5227 quibus
1248 5168 1412 5226 supra
1443 5152 1700 5219 diximus,
1724 5153 1812 5209 vel
1839 5152 1939 5208 hir-

2036 4690 2092 4738 et
2114 4681 2207 4737 filii
2230 4680 2429 4749 Sadoc,
2455 4683 2559 4736 hoc
2580 4687 2685 4748 est,
2705 4677 2980 4750 justorum
3006 4676 3324 4733 sacerdotes
3344 4681 3638 4746 aspergunt

2035 4790 2205 4847 super
2218 4775 2395 4847 capita
2414 4788 2606 4831 eorum
2624 4773 2727 4841 sal,
2761 4762 2819 4828 ut
2844 4780 2900 4828 et
2924 4772 3033 4828 Lex
3058 4780 3113 4826 et
3136 4769 3423 4841 Propheta:
3440 4781 3639 4840 sapore

2038 4870 2322 4945 Evangelii
2370 4870 2717 4927 condiantur.
2769 4866 2883 4924 Nec
2932 4865 3104 4922 ullum
3163 4875 3250 4921 est
3302 4861 3639 4920 sacriﬁcium

2040 4967 2237 5040 (juxta
2264 4963 2399 5035 legis
2421 4960 2716 5033 imperium
2744 4969 2799 5017 et
2826 4957 3334 5030 interpretationem
3366 4951 3642 5024 Apostoli,

2039 5058 2131 5130 qui
2157 5057 2235 5112 ait
2257 5054 2396 5129 (σοι.
2427 5068 2506 5121 tv,
2540 5052 2597 5126 6)
2626 5071 2639 5108 :
2671 5051 2867 5109 Sermo
2898 5062 3079 5107 vester
3108 5048 3183 5106 sit
3221 5048 3337 5105 sale
3361 5045 3639 5116 conditus)

2039 5150 2187 5224 quod
2235 5148 2350 5207 sale
2377 5157 2585 5205 careat.
2623 5146 2927 5218 Utrumque
2978 5153 3159 5201 autem
3208 5142 3435 5200 oﬁertur
3487 5139 3645 5196 bolo-

334 5258 437 5301 cus
462 5245 800 5314 assumitur;
850 5245 976 5319 quia
1019 5247 1221 5303 animal
1266 5256 1351 5303 est
1379 5261 1596 5318 semper
1620 5245 1689 5302 ad
1723 5246 1938 5303 excelsa
2042 5252 2289 5301 caustum
2328 5240 2581 5311 Domino,
2613 5249 2673 5296 ut
2717 5254 2917 5312 corpus
2975 5239 3192 5311 pinguis
3221 5238 3437 5304 litterae,
3495 5235 3644 5307 quod

333 5337 628 5408 festinans,
656 5350 713 5397 et
737 5339 871 5396 nihil
901 5341 1127 5411 periculi
1154 5340 1427 5399 sustinens
1472 5341 1527 5398 in
1557 5341 1717 5415 533
1750 5340 1942 5411 praeci-
2042 5338 2379 5410 signiﬁcatur
2430 5336 2487 5392 in
2532 5333 2698 5407 Lege,
2759 5346 2816 5392 et
2846 5332 3154 5405 prophetia:
3190 5331 3465 5397 nubilum,
3519 5330 3646 5401 igne

333 5431 513 5505 pitiis,
546 5442 602 5488 et
648 5434 723 5489 ibi
755 5434 959 5491 invenit
999 5436 1143 5491 viam
1167 5478 1184 5505 ,
1217 5436 1308 5492 ubi
1334 5436 1547 5493 caeteris
1573 5434 1943 5491 animantibus
2046 5429 2299 5499 Domini,
2357 5430 2464 5485 hoc
2508 5437 2593 5483 est
2624 5469 2641 5496 ,
2696 5425 2909 5498 Spiritu
2950 5435 3140 5483 sancto
3169 5470 3186 5496 ,
3243 5424 3312 5482 de
3362 5438 3472 5495 quo
3516 5421 3653 5480 dicit

336 5524 600 5583 interitus
639 5537 743 5583 est.
795 5526 949 5585 Unde
992 5537 1047 5585 et
1075 5528 1269 5586 Graeco
1289 5544 1542 5587 sermone
1571 5543 1857 5601 caprarum
1890 5538 1946 5584 et
2047 5524 2273 5591 Paulus,
2302 5521 2509 5595 Spiritu
2527 5521 2781 5594 ferventes
2824 5520 3003 5593 (Rom.
3039 5533 3138 5590 xu,
3168 5517 3279 5587 11),
3311 5518 3365 5572 in
3390 5512 3650 5589 Spiritua-

336 5620 620 5680 hircorum
662 5638 834 5695 grex,
865 5624 1177 5681 sublimium
1203 5625 1546 5683 conversatio
1571 5621 1804 5693 dicitur,
1838 5620 1943 5679 hoc
2048 5619 2157 5678 lem
2206 5626 2262 5675 et
2310 5628 2526 5676 tenuem
2590 5615 2950 5672 substantiam
3017 5621 3429 5672 convertantur.
3486 5609 3653 5667 Volu-

420 5808 524 5866 ‘In
536 5805 1001 5867 cod.vatic.verba
1016 5810 1298 5866 secundum
1310 5823 1519 5866 carnem
1536 5807 1937 5866 desiderantur.
2120 5801 2148 5841 δ
2180 5801 2452 5860 Victorius
2475 5802 2597 5858 estis
2629 5810 2683 5858 et
2708 5809 2879 5859 vestra
2919 5800 2984 5860 ad
3012 5800 3262 5860 Graecum
3293 5811 3523 5861 textum.

803 5904 1078 5966 Ρηιιοι..
1121 5903 1324 5969 XXV.

3062 5893 3138 5956 ιιι
