4108 6338
476 265 577 326 ιῦί

1730 259 1790 317 S.
1833 251 2104 317 EUSEBll
2146 251 2529 316 HIERONYMI

3674 253 3781 317 ιδι

480 381 700 439 lucerna
733 382 921 438 lucens
946 381 1001 436 in
1031 379 1197 437 domo
1213 378 1391 453 (Joan.
1428 392 1481 447 v,
1516 377 1629 452 55).
1658 377 1954 449 Postquam
1975 391 2073 431 au-
2097 373 2153 435 Α
2174 373 2369 431 audire
2396 372 2533 447 (Jer.
2562 390 2640 444 νι,
2673 374 2792 450 10).
2816 376 2887 435 Et
2926 378 2981 435 in
3015 377 3202 438 Exodo
3222 379 3436 437 locutus
3456 383 3545 435 est
3562 376 3774 449 Moyses

480 485 593 532 tem
624 474 773 530 venit
801 472 885 530 sol
925 472 1175 545 justitiac,
1201 472 1439 530 lucernae
1470 472 1652 529 lumen
1692 470 2074 528 absconditum

480 578 605 636 est,
649 568 866 624 dicente
912 567 1033 638 ipso
1084 566 1349 639 propheta
1400 575 1562 639 atque
1606 565 1885 637 Baptista:
1919 564 2073 621 lllum

476 669 695 734 oportet
739 675 1007 731 crescere,
1043 676 1131 718 me
1183 669 1363 719 autem
1418 660 1587 717 minui
1618 659 1800 734 (Joan.
1838 676 1918 728 ιιι,
1952 658 2070 731 50).

475 755 689 814 Cecidit
741 765 920 812 autem
951 756 1003 812 in
1058 756 1249 814 faciem
1304 772 1455 812 suam
1509 758 1795 827 propheta,
1831 769 1900 810 ne
1942 754 2073 810 dum

478 849 602 919 plus
622 863 854 905 cernere
870 851 1019 921 cupit
1043 866 1204 922 quam
1231 858 1413 923 potest
1438 849 1673 905 humana
1697 847 1962 919 fragilitas
1987 848 2072 903 in-

471 942 635 1009 tueri,
655 942 819 999 etiam
849 943 1024 1013 ipsum
1062 942 1347 999 oculorum
1380 943 1560 999 lumen
1588 941 1885 998 amitteret».
1919 939 2074 997 Unde

473 1035 792 1092 familiarius
817 1052 938 1092 eum
968 1044 1130 1093 vocat
1156 1036 1432 1102 Dominus,
1458 1034 1629 1091 filium
1649 1034 1887 1090 hominis
1904 1051 1918 1102 ;
1935 1050 2073 1106 pra:—

470 1130 706 1202 cipitque
731 1139 790 1185 ut
816 1142 979 1201 ponat
1004 1147 1100 1188 cor
1119 1145 1301 1200 suum,
1326 1140 1380 1188 et
1410 1130 1594 1187 videat
1614 1130 1811 1198 oculis,
1845 1138 1900 1187 et
1927 1130 2072 1187 auri-

472 1224 573 1281 bus
593 1223 1051 1280 audiat.Primum
1076 1225 1221 1280 enim
1246 1224 1315 1280 ad
1341 1223 1753 1297 intelligendum
1766 1222 1910 1295 quod
1937 1221 2071 1278 dici-

471 1329 561 1376 tur
582 1320 911 1392 aperiendus
936 1330 1019 1376 est
1036 1321 1279 1385 animus;
1295 1321 1555 1387 secundo,
1570 1320 1752 1391 cordis
1766 1320 2070 1392 intelligen-

467 1415 596 1472 dum
628 1417 801 1472 oculis
833 1457 849 1484 ,
879 1416 948 1473 de
972 1416 1169 1487 quibus
1199 1416 1399 1473 dicitur
1423 1415 1488 1472 ad
1539 1416 1812 1473 Abraham
1863 1435 1875 1471 :
1919 1416 2067 1471 Leva

467 1510 655 1568 oculos
674 1520 820 1578 tuos,
841 1520 898 1568 et
922 1510 1046 1566 vide
1071 1510 1258 1567 stellas
1280 1511 1402 1567 caeli
1423 1510 1578 1583 (Gen.
1603 1526 1691 1579 xv,
1738 1511 1769 1567 5
1792 1507 1812 1583 )
1837 1526 1851 1578 ;
1883 1510 2063 1574 tertio,

465 1603 552 1660 his
578 1605 802 1661 auribus
827 1604 1180 1672 audiendum,
1212 1604 1283 1661 de
1305 1605 1500 1675 quibus
1535 1604 1785 1661 Salvator
1813 1604 1889 1658 ait
1923 1620 1936 1658 :
1964 1602 2066 1670 Qui

466 1696 628 1754 habet
653 1712 815 1753 aures
844 1696 1124 1766 audiendi,
1145 1698 1330 1752 audiat
1368 1697 1523 1770 (Luc.
1557 1714 1672 1765 vm,
1703 1696 1760 1769 8)
1786 1713 1801 1764 ;
1848 1703 1906 1751 ut
1937 1711 2066 1769 pos-

2181 466 2235 521 in
2277 477 2576 540 conspectu
2611 469 2831 527 Domini
2871 472 3059 532 dicens
3090 493 3101 528 :
3137 474 3284 532 Ecce
3311 474 3407 530 filii
3456 472 3626 530 Israel
3669 486 3775 527 non

2176 558 2473 617 audierunt
2504 576 2592 617 me
2617 578 2633 630 ;
2665 571 2721 619 et
2748 564 3026 635 quomodo
3051 565 3240 622 audiet
3258 581 3347 622 me
3382 563 3640 621 Pharao?
3665 563 3777 634 Ego

2175 661 2356 709 autem
2391 668 2511 711 sum
2540 655 2679 711 tardi
2725 659 3001 715 sermonis
3030 659 3228 732 (Exod.
3263 676 3337 726 vr,
3364 659 3479 731 12),
3522 672 3622 730 pro
3664 670 3775 728 quo

2174 746 2540 821 Septuaginta
2595 750 2831 808 dixere:
2866 755 2965 828 ἐγὼ
2989 753 3044 812 δὲ
3073 752 3257 828 ἄλογός
3276 757 3422 828 εἱμις
3466 752 3612 824 quod
3656 766 3775 808 me--

2175 839 2283 895 lius
2338 842 2576 899 habetur
2632 844 2687 899 in
2737 843 3015 901 Hebraeo:
3057 846 3173 918 Ego
3218 854 3399 903 autem
3457 844 3618 920 541
3685 843 3773 899 in-

2174 932 2534 989 circumcisus
2600 950 2721 991 sum
2796 937 2989 1009 labiis,
3034 938 3438 1012 interrogemus
3486 953 3603 1007 eos,
3673 937 3775 992 im-

2175 1044 2267 1085 mo
2314 1044 2582 1101 cogamus
2632 1031 3030 1089 circumcidere
3073 1048 3273 1101 aures,
3324 1041 3384 1091 et
3415 1032 3558 1088 labia
3614 1030 3775 1088 dese-

2173 1138 2334 1190 care,
2397 1132 2459 1179 ut
2511 1123 2856 1196 Scripturam
2903 1126 3131 1197 implere
3184 1125 3492 1183 videantur.
3544 1124 3641 1183 Sin
3679 1139 3775 1180 au-

2173 1227 2282 1273 tem
2317 1216 2586 1288 coeperint
2618 1218 3095 1276 circumcisionem
3140 1220 3358 1276 aurium
3396 1218 3768 1290 interpretari,

2171 1310 2396 1382 quando
2427 1309 2565 1367 nihil
2594 1320 2753 1383 turpe
2786 1322 2844 1368 et
2881 1312 3231 1371 inhonestum
3273 1312 3470 1370 audire
3497 1327 3600 1368 nos
3627 1311 3771 1383 pati-

2170 1419 2315 1472 mur,
2363 1414 2417 1460 et
2466 1405 2951 1462 circumcisionem
2998 1406 3312 1473 labiorum,
3365 1406 3588 1477 quando
3633 1404 3771 1460 nihil

2170 1499 2431 1555 indecens
2478 1498 2759 1571 loquimur
2792 1516 2807 1555 :
2852 1499 3100 1557 dicamus
3129 1501 3232 1567 eis,
3263 1500 3511 1557 eamdem
3553 1497 3773 1568 exposi-

2150 1590 2378 1653 tionem
2411 1590 2576 1647 etiam
2611 1592 2665 1648 in
2693 1591 2863 1649 corde
2900 1603 2957 1649 et
2993 1594 3049 1649 in
3077 1608 3245 1649 carne
3273 1606 3502 1648 servare
3526 1591 3766 1647 debetis.

2168 1684 2280 1740 Cor
2322 1686 2773 1743 circumcidimus
2819 1686 3044 1743 cultello
3096 1688 3225 1754 Dei,
3276 1694 3334 1743 et
3386 1684 3635 1742 aufertur
3697 1683 3768 1741 de

462 1788 535 1843 sit
557 1798 779 1844 cunctas
805 1789 993 1860 templi
1015 1790 1361 1846 ceremonias
1393 1797 1447 1845 et
1472 1789 1709 1861 legitima
1740 1788 1861 1859 ejus
1907 1789 2057 1845 intel-

2168 1777 2337 1834 corde
2361 1789 2551 1834 n05tro
2576 1778 2933 1851 praeputium,
2949 1780 3168 1851 quando
3191 1789 3377 1851 turpes
3407 1778 3767 1851 cogitationes

461 1880 653 1951 ligere,
681 1891 740 1937 et
764 1882 832 1936 ad
854 1891 1156 1937 extremum
1182 1896 1385 1953 ponere
1413 1898 1508 1937 cor
1540 1898 1697 1937 suum
1725 1881 1778 1938 in
1802 1882 1903 1938 viis
1927 1891 2065 1938 tem-

457 1978 565 2049 pli;
598 1979 724 2048 quia
764 1978 966 2035 diversi
994 1978 1061 2034 ad
1094 1988 1120 2016 α
1152 1978 1324 2034 Deum
1355 1977 1611 2035 introitus
1636 1986 1779 2034 sunt.
1813 1977 1941 2034 Sive
1964 1993 2064 2049 per

456 2073 574 2129 vias
601 2072 813 2144 templi,
831 2074 1269 2130 ceremoniarum
1293 2073 1543 2130 ordinem
1558 2073 1848 2145 significat,
1874 2083 1929 2129 et
1949 2074 2064 2130 exi-

464 2176 553 2224 tus
579 2168 893 2225 sanctuarii.
925 2169 1253 2225 Protemium
1284 2168 1446 2241 igitur
1485 2181 1599 2236 est,
1629 2179 1685 2225 et
1730 2167 1893 2241 55.0
1916 2184 2059 2240 prte-

457 2264 675 2335 paratio
708 2263 1008 2335 prophette,
1033 2262 1101 2318 ad
1130 2262 1482 2335 intelligenda
1507 2278 1627 2334 qua:
1680 2273 1868 2334 postea
1896 2277 2061 2335 super

460 2345 650 2427 templi
680 2356 875 2413 ordine
893 2357 1209 2428 cogniturus
1222 2368 1327 2414 est.
1350 2356 1536 2413 Ethoc
1563 2356 1883 2424 notandum,
1913 2356 2060 2429 quod

458 2450 518 2507 in
551 2450 738 2506 mundi
764 2450 924 2522 hujus
958 2451 1111 2523 plaga
1151 2451 1245 2523 qui
1277 2452 1332 2506 in
1359 2450 1596 2522 maligno
1630 2451 1839 2522 positus
1871 2462 1975 2520 est,
2007 2461 2062 2510 et

456 2542 515 2600 in
546 2542 835 2615 Aquilonis
884 2543 1089 2616 frigore
1118 2544 1471 2615 constitutus,
1517 2544 1759 2603 caelestis
1786 2544 1945 2602 nobis
1969 2560 2060 2604 ce-

453 2638 821 2693 remoniarum
844 2637 980 2692 ordo
1007 2647 1358 2694 monstratur.
1881 2632 1887 2639 ’
1932 2630 1959 2638 ”
2015 2627 2049 2640 ”

532 2732 621 2804 (V.
646 2732 679 2789 6
702 2730 885 2803 seqq.)
908 2729 977 2785 Et
1003 2732 1137 2788 dices
1154 2734 1223 2787 ad
1242 2744 1631 2806 exasperantem
1652 2751 1732 2790 me
1748 2736 1954 2791 domum
1976 2737 2060 2792 ls—

458 2826 615 2894 rael;
638 2826 767 2883 Haec
794 2826 917 2881 dicit
940 2826 1192 2882 Dominus
1227 2826 1367 2883 Deus
1398 2844 1417 2883 :
1436 2830 1700 2901 sufﬁciant
1720 2830 1861 2886 vobis
1889 2832 2061 2886 omnia

459 2921 653 2976 scelera
665 2930 851 2985 vestra,
868 2921 1050 2975 domus
1065 2918 1256 2987 Israel,
1275 2937 1332 2975 eo
1353 2921 1489 2992 quod
1514 2922 1760 2977 inducitis
1782 2922 1922 2992 ﬁlios
1933 2924 2060 2977 alie-

464 3031 557 3070 nos
586 3014 725 3087 (sive
746 3013 1082 3087 alienigenas)
1107 3014 1493 3069 incircumcisos
1524 2998 1678 3069 corde
1707 3024 1756 3069 et
1782 3015 2059 3070 incircum-

459 3110 592 3165 cisos
654 3124 831 3173 carne,
870 3116 927 3161 ut
952 3108 1055 3164 sint
1084 3109 1139 3161 in
1186 3107 1486 3161 sanctuario
1535 3123 1668 3175 meo,
1717 3115 1765 3163 et
1819 3110 2059 3180 polluant

2170 1887 2516 1944 nequaquam
2554 1882 2762 1929 exeunt
2799 1874 2867 1930 de
2911 1873 3079 1930 corde
3118 1883 3329 1945 nostro,
3364 1889 3467 1930 nec
3504 1873 3575 1929 de
3606 1871 3767 1928 nobis

2166 1966 2402 2024 dicitur:
2426 1967 2824 2041 lmpinguatum
2856 1978 2939 2027 est
2964 1986 3063 2026 cor
3093 1971 3283 2042 populi
3318 1969 3501 2042 hujus,
3534 1978 3591 2026 et
3619 1969 3767 2025 auri-

2166 2060 2270 2117 bus
2316 2061 2433 2117 suis
2477 2062 2717 2134 graviter
2758 2064 3053 2121 audierunt
3101 2064 3321 2138 (Actor.
3382 2080 3575 2130 xxvm,
3624 2061 3763 2134 27).

2167 2157 2315 2231 Ergo
2345 2167 2401 2214 et
2426 2173 2557 2215 caro
2584 2159 2837 2217 similiter
2865 2160 3308 2227 circumciditur,
3333 2170 3391 2216 ut
3420 2174 3764 2230 nequaquam

2164 2254 2431 2312 faciamus
2464 2264 2682 2313 terrena
2712 2272 2902 2328 opera,
2935 2272 3058 2328 qua:
3082 2272 3184 2329 pro
3211 2257 3544 2313 necessitate
3567 2270 3766 2326 corpo-

2164 2350 2244 2405 ris
2273 2350 2458 2406 facere
2482 2349 2886 2421 compellimur,
2935 2350 3120 2407 cibum
3160 2364 3379 2421 capere,
3408 2358 3465 2406 et
3494 2358 3682 2421 potum
3709 2355 3766 2405 et

2166 2457 2440 2515 somnum,
2469 2453 2529 2501 et
2556 2445 2635 2500 uti
2663 2445 2910 2500 vestibus
2937 2463 2949 2500 :
2985 2461 3112 2517 qua:
3138 2454 3267 2502 tunc
3294 2444 3759 2512 circumcidimus,

2165 2540 2210 2597 si
2240 2555 2348 2597 non
2376 2539 2445 2595 ad
2475 2538 2705 2597 delicias
2727 2583 2743 2610 ,
2784 2550 2841 2597 et
2868 2540 2933 2596 ad
2968 2540 3266 2608 luxuriam,
3291 2549 3351 2598 et
3374 2540 3446 2596 ad
3477 2538 3761 2605 inertiam,

2165 2636 2261 2692 sed
2293 2635 2361 2692 ad
2392 2636 2776 2692 necessitatem
2811 2646 3020 2693 natura:
3060 2646 3116 2694 et
3156 2638 3408 2709 corporis
3452 2636 3612 2693 istius
3633 2650 3763 2691 sus-

2167 2730 2508 2785 tentaculum
2540 2739 2739 2788 cuncta
2774 2730 3066 2787 faciamus.
3094 2731 3198 2800 Qui
3252 2731 3392 2787 bibit
3420 2731 3610 2788 vinum
3639 2745 3764 2786 mo-

2163 2822 2348 2879 dicum
2384 2833 2612 2895 propter
2653 2826 3004 2882 stomachum
3032 2834 3091 2882 et
3119 2825 3440 2898 frequentes
3466 2825 3760 2881 infirmita-

2166 2925 2279 2985 tes,
2327 2927 2381 2974 et
2423 2918 2540 2975 odit
2569 2919 2930 2988 ebrietatem,
2965 2919 3314 2976 circumcidit
3342 2934 3573 2976 carnem
3602 2928 3758 2975 suam

2164 3011 2210 3083 (l
2241 3010 2377 3067 Tim.
2407 3013 2487 3085 v).
2520 3012 2621 3081 Qui
2654 3013 2856 3071 dormit
2883 3022 3148 3086 quantum
3172 3022 3367 3069 natura
3396 3014 3627 3085 patitur,
3656 3028 3759 3069 au-

2164 3104 2277 3165 diet
2305 3123 2334 3160 a
2362 3104 2658 3162 Salomone
2692 3125 2704 3162 :
2752 3106 2812 3164 Si
2843 3107 3088 3177 sederis,
3136 3108 3341 3180 absque
3371 3108 3571 3163 timore
3610 3107 3756 3163 eris:

457 3207 669 3259 domum
694 3218 879 3272 meam,
908 3211 956 3256 et
982 3200 1180 3269 offertis
1230 3218 1388 3273 panes
1416 3218 1571 3269 meos,
1605 3202 1813 3273 adipem
1855 3213 1901 3257 et
1930 3220 2056 3258 san-
2086 3181 2132 3246 (ἶ
2161 3199 2221 3256 Si
2271 3199 2598 3269 dormieris,
2651 3201 2894 3258 suaviter
2945 3201 3220 3270 dormies,
3277 3212 3333 3258 et
3382 3216 3490 3258 non
3543 3199 3761 3258 timebis

454 3297 685 3368 guinem,
709 3305 756 3350 ct
787 3295 1095 3350 dissolvistis
1134 3294 1272 3366 (sive
1304 3293 1628 3367 prwteristis)
1652 3304 1861 3367 pactum
1889 3313 2059 3352 meum

456 3390 512 3444 in
539 3388 772 3445 omnibus
798 3387 1077 3444 sceleribus
1099 3388 1305 3454 uestris;
1336 3396 1382 3441 et
1411 3404 1513 3442 non
1533 3388 1776 3443 servastis
1802 3398 2060 3461 pracepta

455 3482 740 3537 sanctuarii
808 3481 907 3535 mei
969 3490 1018 3535 et
1063 3479 1307 3551 posuistis
1362 3480 1600 3534 custodes
1649 3481 2058 3536 obseruationum

462 3591 695 3631 mearum
717 3572 1083 3645 innsanctuario
1102 3587 1218 3627 meo
1246 3571 1637 3643 nobismetipsis.
1655 3571 1883 3639 Quando
1905 3573 2054 3643 dicit,

456 3668 897 3725 sufflciantvobis
921 3666 1107 3723 omnia
1132 3666 1360 3735 scelera,
1380 3666 1814 3739 siveiniquitates
1837 3676 2054 3736 vestrae,

458 3763 527 3817 ad
558 3762 800 3832 priorum
857 3767 1203 3829 peccatorum
1256 3758 1508 3814 hortatur
1540 3759 1938 3829 paenitentiam,
1988 3775 2057 3816 ne

459 3867 753 3925 augeamus
783 3859 1002 3922 peccata
1025 3850 1284 3922 peccatis,
1302 3862 1355 3907 et
1372 3850 1656 3908 materiam
1696 3852 1877 3909 futuro
1900 3867 2057 3924 pare-

464 3961 587 4003 mus
615 3944 871 4002 incendio
905 3962 921 4012 ;
961 3944 1061 4001 sed
1090 3945 1376 4001 audiamus
1405 3944 1539 4002 illud
1578 3946 1726 4017 quod
1747 3944 1919 4003 Isaias
1970 3947 2054 4002 lo-

456 4040 671 4110 quitur:
705 4038 794 4093 Va:
823 4036 910 4094 his
940 4038 1032 4107 qui
1080 4037 1365 4093 attrahunt
1387 4047 1610 4108 peccata
1640 4038 1781 4094 sicut
1813 4037 2057 4096 funiculo

452 4133 641 4204 longo,
675 4141 731 4187 et
758 4135 899 4186 sicut
942 4130 1073 4201 jugo
1100 4131 1351 4201 corrigiae
1372 4131 1525 4186 vituli
1554 4131 1871 4202 iniquitates
1893 4129 2053 4202 (Isai.

453 4245 509 4293 v,
547 4228 661 4299 18).
694 4226 1052 4298 Primumque
1075 4236 1359 4296 peccatum
1389 4234 1497 4293 est,
1526 4224 1668 4297 quod
1700 4225 1964 4282 inducunt
1992 4225 2058 4281 fi-

454 4323 560 4378 lios
581 4321 814 4389 alienos,
846 4321 963 4377 sive
983 4321 1326 4392 alienigenas
1348 4319 1763 4377 incircumcisos
1788 4320 1975 4392 corde,
1999 4330 2056 4379 et

451 4417 866 4473 incircumcisos
915 4430 1101 4483 carne,
1134 4427 1192 4470 ut
1240 4414 1349 4471 sint
1390 4417 1443 4471 in
1493 4417 1808 4490 sanctuario
1852 4415 1973 4486 Dei,
1996 4426 2053 4473 et

452 4515 699 4586 polluant
720 4513 942 4569 domum
973 4510 1093 4568 Dei.
1125 4510 1396 4568 Modicum
1425 4511 1571 4568 enim
1602 4512 1934 4567 fermentum
1968 4520 2051 4567 to-

2163 3311 2425 3367 pavorem
2468 3297 2951 3367 supervenientem
2997 3297 3097 3353 tibi
3139 3316 3153 3354 :
3189 3312 3366 3368 neque
3391 3297 3628 3369 impetus
3656 3297 3761 3353 im-

2163 3390 2380 3462 piorum
2407 3391 2864 3462 supervenientes
2892 3389 3092 3465 (Prov.
3126 3407 3207 3460 tu,
3239 3390 3312 3446 24
3335 3389 3375 3463 ).
3407 3391 3475 3447 Et
3504 3391 3597 3463 qui
3624 3390 3761 3462 fugit

2160 3483 2606 3553 fornicationem,
2628 3493 2685 3541 et
2711 3484 2871 3541 uxori
2897 3485 3146 3543 debitum
3178 3485 3359 3542 reddit
3382 3495 3669 3543 revertens
3688 3483 3758 3541 ad

2160 3575 2214 3631 id
2244 3577 2419 3646 ipsum
2449 3592 2518 3633 ne
2544 3585 2722 3633 tentet
2749 3593 2875 3635 eum
2907 3578 3141 3636 Satanas
3169 3578 3189 3651 (
3211 3577 3230 3633 l
3253 3577 3374 3637 Cor.
3404 3577 3543 3649 vn),
3575 3578 3760 3634 audiet

2160 3682 2283 3725 cum
2338 3668 2539 3740 populo
2586 3669 2761 3726 Israel
2791 3687 2806 3725 τ
2843 3668 2912 3727 In
2943 3671 3040 3726 hac
3085 3671 3170 3727 die
3196 3670 3389 3726 abstuli
3419 3670 3756 3743 opprobrium

2161 3758 2387 3832 Afgypti
2415 3777 2448 3814 a
2474 3760 2637 3816 vobis.
2673 3761 2928 3820 Vestibus
2951 3778 3168 3835 quoque
3196 3772 3401 3834 utetur,
3428 3779 3553 3836 qua:
3580 3763 3754 3836 frigus

2159 3854 2452 3925 repellant;
2485 3872 2597 3912 non
2623 3871 2746 3928 qua:
2773 3859 3047 3915 tenuitate
3076 3858 3184 3928 sui,
3217 3872 3454 3931 corpora
3479 3858 3628 3916 nuda
3657 3857 3756 3916 de-

2163 3957 2498 4005 monstrent.
2550 3952 2843 4008 Attenuata
2889 3952 3117 4024 jejuniis
3155 3968 3286 4011 caro
3330 3961 3387 4010 et
3431 3951 3755 4010 circumcisa

2158 4042 2498 4100 continentia
2534 4042 2672 4111 (los.
2704 4044 2783 4115 v),
2813 4044 2950 4117 fugit
2977 4047 3338 4119 opprobrium
3370 4045 3754 4119 Egyptiorum

2157 4136 2251 4207 qui
2296 4146 2425 4193 sunt
2470 4138 2681 4210 magnis
2732 4139 3026 4207 carnibus,
3071 4150 3125 4197 et
3169 4141 3301 4197 illud
3346 4148 3531 4212 potest
3568 4140 3756 4199 dicere

2158 4228 2302 4300 quod
2332 4229 2388 4285 in
2420 4230 2699 4302 plerisque
2724 4232 2879 4303 juxta
2907 4232 3206 4291 editionem
3238 4233 3603 4307 Septuaginta
3629 4234 3758 4307 legi-

2156 4321 2589 4391 tur:Quomodo
2618 4325 2904 4383 contabuit
2924 4341 3054 4383 caro
3085 4344 3228 4395 mea,
3252 4328 3307 4384 in
3340 4338 3484 4385 terra
3507 4329 3749 4397 deserta,

2155 4417 2335 4487 invia,
2383 4426 2439 4475 et
2485 4420 2771 4491 inaquosa,
2806 4421 2889 4477 sic
2919 4422 2971 4477 in
3004 4430 3195 4480 sancto
3215 4424 3442 4495 apparui
3473 4424 3569 4481 tibi
3607 4425 3629 4498 (
3654 4423 3749 4481 Ps.

2156 4524 2289 4577 Lm,
2322 4510 2425 4582 3).
2466 4511 2525 4569 Si
2573 4512 2792 4583 quando
2838 4528 2971 4586 ergo
3014 4514 3355 4588 alienigenas
3400 4516 3754 4576 introducere

455 4580 565 4662 tam
593 4620 827 4662 massam
846 4602 1348 4676 corrumpit(lCor.
1378 4619 1433 4673 v,
1459 4602 1535 4676 6);
1567 4611 1623 4661 et
1643 4604 1696 4659 in
1726 4603 2048 4675 quibusdam
2078 4580 2128 4642 θ
2155 4580 2497 4663 voluerimus
2526 4580 2603 4663 ini
2626 4610 2890 4681 templum
2903 4580 3015 4668 'Dei
3035 4653 3051 4680 ,
3096 4580 3558 4669 circumcidamus
3588 4627 3752 4670 aures

452 4699 858 4772 exemplaribus
886 4697 1056 4755 fertur
1070 4697 1489 4755 Proverbiorum
1505 4697 1604 4754 :Ne
1617 4697 1929 4755 introducas
1943 4699 2046 4756 im-

452 4794 600 4866 pium
631 4793 686 4850 in
707 4791 1581 4863 tabernaculajustorumllrgent
1605 4808 1703 4847 nos
1721 4791 1776 4847 in
1804 4795 1909 4848 hoc
1928 4792 2047 4849 loco

450 4889 623 4946 Judaei
646 4899 703 4946 et
730 4888 1023 4956 Ebionitte,
1049 4887 1140 4957 qui
1171 4886 1647 4943 circumcisionem
1678 4887 1859 4943 carnis
1898 4886 2045 4944 acci-

448 4983 603 5055 piunt
621 4999 631 5035 :
649 4979 925 5054 quomodo
939 4994 1232 5051 possumus
1247 4988 1567 5050 praesentem
1581 4979 1759 5037 locum
1772 4994 2046 5050 exponere

451 5077 865 5135 incircumcisos
897 5074 1062 5130 corde
1084 5084 1139 5131 et
1162 5074 1579 5133 incircumcisos
1597 5077 1795 5132 carne?
1822 5091 1930 5146 quo
1961 5075 2045 5132 vi-

444 5174 643 5231 delicet
657 5180 777 5244 post
789 5169 1121 5241 spiritualem
1135 5168 1734 5240 intelligentiam,etiam
1749 5169 1928 5226 carnis
1940 5170 2046 5225 cir-

443 5265 829 5326 cumcisionem
870 5263 1147 5333 suscipere
1196 5262 1510 5323 debeamus.
1542 5264 1650 5321 Sed
1690 5263 1783 5336 qui
1813 5263 2042 5336 legimus

441 5363 670 5420 Paulum
699 5362 971 5420 dicentem
990 5358 1302 5416 :Contestor
1320 5368 1500 5415 autem
1528 5376 1746 5417 omnem
1762 5360 2040 5417 hominem

440 5457 533 5530 qui
565 5454 1001 5513 circumciditur:
1019 5453 1277 5524 quoniam
1294 5454 1339 5509 si
1363 5454 1856 5523 circumcidamini,
1872 5453 2036 5511 Chri-

436 5560 557 5607 stus
584 5550 742 5606 vobis
770 5549 908 5605 nihil
929 5547 1174 5621 proderit
1219 5545 1362 5620 (Gal.
1388 5564 1454 5615 v,
1496 5544 1577 5618 2).
1620 5548 1689 5603 Et
1717 5548 1855 5604 illud
1884 5550 2035 5609 Jere.

438 5643 563 5700 mia:
592 5660 606 5698 :
636 5645 777 5701 Ecce
796 5643 1194 5701 incircumcisa:
1215 5657 1377 5700 aures
1406 5653 1627 5709 vestrae,
1652 5651 1709 5699 et
1726 5641 1756 5683 ι)
1783 5644 2036 5703 noluistis

508 5771 536 5800 ⁸
556 5760 734 5818 Antea
760 5770 879 5817 erat
897 5760 967 5815 ad
991 5777 1128 5817 eum.

2153 4720 2375 4771 eorum,
2405 4713 2463 4760 et
2490 4704 2655 4774 labia,
2688 4714 2743 4761 et
2768 4720 2885 4776 cor,
2919 4715 2977 4763 et
3005 4721 3222 4765 omnem
3253 4722 3496 4778 carnem,
3529 4709 3749 4765 oculos-

2152 4814 2283 4872 que,
2309 4808 2526 4871 gustum
2556 4807 2613 4856 et
2636 4799 2952 4870 odoratum,
2977 4811 3038 4857 ut
3069 4803 3252 4858 omnia
3275 4817 3398 4859 cum
3422 4802 3521 4859 Dei
3546 4801 3748 4858 timore

2152 4900 2207 4949 et
2250 4895 2465 4950 ratione
2513 4892 2801 4951 faciamus.
2852 4894 3100 4953 Audiant
3140 4896 3247 4952 hoc
3290 4897 3535 4969 episcOpi
3583 4902 3746 4965 atque

2151 4988 2459 5061 presbyteri
2488 4998 2542 5044 et
2585 4988 2767 5045 omnis
2791 4989 2929 5046 ordo
2958 4991 3385 5057 ecclesiasticus,
3420 4997 3481 5044 ut
3510 5003 3622 5046 non
3652 4989 3742 5044 in-

2147 5082 2353 5137 ducant
2382 5081 2529 5137 lllios
2562 5082 2771 5141 alienos
2800 5084 3215 5141 incircumcisos
3241 5083 3440 5152 corde,
3475 5091 3531 5138 et
3567 5080 3740 5138 incir-

2146 5178 2420 5234 cumcisos
2446 5191 2633 5248 carne,
2667 5194 2737 5236 ne
2766 5180 2880 5236 sint
2912 5178 3076 5251 542
3107 5178 3161 5233 in
3190 5176 3503 5232 sanctuario
3532 5174 3653 5240 Dei,
3684 5183 3740 5232 et

2144 5270 2393 5341 polluant
2420 5269 2643 5327 domum
2671 5271 2812 5343 ejus.
2841 5270 2899 5325 Si
2930 5270 3079 5327 enim
3109 5268 3217 5325 hoc
3269 5267 3527 5335 fecerint,
3576 5275 3740 5339 apta-

2145 5362 2292 5419 bitur
2342 5362 2456 5421 illis
2500 5364 2645 5436 quod
2695 5364 2948 5437 sequitur
2982 5381 2995 5418 :
3039 5363 3110 5418 Et
3152 5361 3354 5432 offertis
3385 5378 3546 5434 panes
3573 5379 3737 5433 meos,

2143 5469 2315 5527 panes
2340 5456 2605 5514 videlicet
2634 5457 3029 5530 propositionis
3060 5457 3112 5512 in
3142 5451 3360 5514 cunctis
3388 5456 3655 5514 Ecclesiis
3683 5465 3740 5513 et

2144 5549 2278 5606 orbe
2326 5558 2624 5619 terrarum,
2672 5550 2740 5606 de
2790 5564 2898 5605 uno
2940 5564 3084 5621 pane
3137 5548 3496 5622 pullulantes,
3543 5556 3601 5606 et
3627 5563 3735 5605 non

2142 5641 2324 5700 solum
2372 5660 2572 5715 panes,
2617 5642 2713 5701 sed
2750 5641 2966 5715 adipem
2992 5658 3216 5717 quoque
3240 5641 3311 5701 de
3339 5658 3448 5717 quo
3470 5640 3735 5715 scriptum

510 5832 536 5872 ι)
577 5831 763 5889 Maluit
785 5832 953 5901 Vict.,
1002 5841 1051 5888 et
1096 5848 1201 5888 non
1225 5840 1442 5904 possunt
1468 5832 1674 5905 audire,
1699 5833 1850 5906 juxta
1880 5845 2158 5912 receptam
2182 5838 2494 5899 lectionem.
