4108 6338
368 294 480 357 435

1008 290 1663 350 COMMENTARIORUM
1706 290 1772 347 IN
1812 287 2257 346 EZECIIIELEM
2296 287 2425 345 LIB.
2470 287 2611 354 XIII,
2651 288 2804 346 CAP.
2850 288 3036 347 XLIV.

3569 290 3677 351 434

365 416 487 467 est:
515 408 594 465 Ex
618 407 783 479 adipe
805 406 1071 464 frumenti
1097 408 1365 464 saturavit
1389 422 1485 466 eos
1512 404 1634 480 (Ps.
1662 422 1827 475 ωαχ,
1856 401 1971 476 17),
2005 402 2055 464 Α
2082 406 2243 474 portis
2269 401 2476 471 domus,
2503 412 2553 458 et
2577 405 2799 460 ministri
2820 405 3025 462 domus.
3048 406 3149 462 Isti
3169 406 3508 463 immolabant
3532 406 3681 463 holo-

370 514 430 562 et
470 505 795 576 sanguinem
836 503 927 573 qui
972 504 1024 559 in
1068 502 1273 560 Christi
1316 503 1573 573 passione
1612 502 1821 557 etlusus
1864 507 1971 554 est.

370 598 805 671 Legendumque
840 598 912 654 ita
932 642 946 667 ,
986 606 1043 654 et
1067 598 1146 655 sic
1178 597 1428 653 lectionis
1457 596 1597 652 ordo
1624 594 1971 651 reddendus:

368 692 514 751 Cum
547 693 691 749 ﬁlios
720 693 1061 764 alienigenas
1092 692 1517 749 incircumcisos
1549 689 1719 747 corde
1754 696 1812 744 et
1848 703 1974 744 cor-

369 803 513 861 pore
557 786 833 844 inducatis
861 788 916 844 in
946 788 1326 844 sanctuarium
1354 802 1569 855 meum,
1620 794 1674 841 et
1717 784 1976 856 polluatis

370 878 599 937 domum
639 894 852 947 meam,
896 878 1114 935 audetis
1155 877 1360 934 otl‘erre
1396 892 1566 949 panes
1596 885 1652 933 et
1677 876 1895 946 adipem
1921 881 1975 930 et

369 972 741 1045 sanguinem,
774 972 1006 1045 mystica
1040 980 1406 1040 sacramenta,
1440 978 1496 1026 et
1525 984 1632 1026 non
1674 967 1976 1040 intelligitis

369 1065 523 1139 quod
559 1066 872 1135 solveritis,
906 1074 963 1122 et
990 1066 1369 1137 praetergressi
1400 1065 1520 1120 sitis
1547 1072 1761 1136 pactum
1793 1077 1974 1119 meum

368 1162 426 1217 in
466 1162 724 1218 omnibus
761 1161 1064 1219 sceleribus
1108 1170 1165 1217 et
1211 1161 1578 1232 impietatibus
1623 1159 1863 1229 vestris,
1918 1169 1976 1216 et

370 1270 484 1312 non
533 1257 894 1314 servaveritis
934 1266 1209 1327 praecepta
1254 1255 1553 1312 sanctuarii
1604 1255 1749 1322 mei,
1800 1268 1977 1326 neque

370 1347 674 1420 posueritis
707 1348 963 1406 custodes
991 1350 1430 1407 ceremoniarum
1468 1363 1714 1406 mearum
1759 1349 1813 1404 in
1850 1363 1979 1404 san-

370 1442 588 1499 ctuario
617 1458 763 1500 meo.
793 1443 988 1501 Omnis
1014 1451 1194 1501 autem
1223 1443 1490 1502 adversus
1513 1459 1615 1501 eos
1640 1451 1726 1500 est
1751 1442 1977 1501 commi-

372 1539 552 1605 natio,
581 1539 677 1609 qui
704 1553 811 1596 non
842 1539 1134 1597 audierunt
1159 1541 1479 1611 Apostolum
1509 1550 1972 1613 prmmonentem:

372 1632 567 1688 Manus
592 1633 703 1689 cito
729 1634 941 1690 nemini
977 1634 1309 1705 imposueris
1340 1653 1355 1690 :
1397 1649 1577 1707 neque
1605 1633 1979 1691 eommuniees

371 1726 618 1795 peccatis
646 1726 843 1786 alienis
874 1727 919 1801 (I
944 1728 1085 1783 Tim.
1112 1744 1167 1795 v,
1194 1727 1310 1801 22).
1343 1728 1439 1785 Vel
1472 1738 1624 1785 certe
1662 1730 1741 1786 sic
1769 1729 1975 1785 intelli—

2084 505 2267 552 causta
2294 505 2343 553 et
2370 498 2605 552 victimas
2627 499 2841 570 papula,
2864 508 2911 555 et
2941 502 3027 556 isti
3050 500 3261 556 stabunt
3287 510 3408 557 ante
3426 502 3677 576 populum

2082 602 2137 649 ut
2162 595 2455 649 ministrent
2480 594 2576 648 eis.
2606 591 2713 648 Pro
2744 598 2804 649 eo
2826 595 2965 667 quod
2990 597 3417 651 ministraverunt
3445 597 3520 652 eis
3557 605 3679 651 ante

2081 688 2264 760 faciem
2303 686 2568 742 idolorum
2595 702 2844 755 suorum,
2873 697 2921 740 et
2951 688 3145 759 factum
3180 697 3254 744 est
3282 689 3461 744 domui
3505 687 3680 744 Israel

2079 778 2134 835 in
2149 785 2455 833 tormentum
2476 778 2762 850 iniquitatis
2776 794 2795 832 :
2810 789 3080 847 propterea
3103 779 3264 835 levavi
3284 797 3495 836 manum
3510 798 3678 836 meam

2080 888 2235 944 super
2264 889 2378 937 eos,
2405 872 2529 926 dicit
2553 871 2803 926 Dominus
2830 870 2988 938 Deus,
3006 882 3053 926 et
3074 874 3326 943 accipient
3352 873 3680 946 iniquitatem

2081 982 2228 1021 suam
2250 982 2267 1020 :
2289 974 2335 1020 et
2361 982 2463 1021 non
2486 964 2728 1021 accedent
2756 966 2825 1020 ad
2846 982 2945 1036 me,
2976 973 3034 1019 ut
3057 966 3347 1022 sacerdotio
3376 969 3665 1040 fungantur

2080 1058 2209 1114 mihi
2250 1075 2269 1114 :
2305 1076 2464 1131 neque
2506 1068 2564 1114 ut
2605 1060 2830 1132 offerant
2884 1060 2951 1114 ad
2991 1061 3165 1115 omnia
3213 1069 3391 1116 sancta
3436 1061 3670 1132 ﬁliorum

2081 1150 2288 1209 Israel:
2306 1170 2396 1208 nec
2415 1154 2484 1208 ad
2502 1162 2687 1209 sancta
2712 1161 3008 1208 sanctorum
3030 1169 3264 1208 meorum
3285 1168 3305 1208 :
3323 1165 3370 1208 et
3394 1155 3671 1227 suscipient

2081 1250 2421 1323 ignominiam
2459 1266 2608 1306 suam
2649 1250 2703 1304 in
2735 1266 2943 1318 errore,
2986 1265 3088 1322 quo
3125 1260 3453 1305 erraverunt.
3486 1248 3551 1304 Et
3582 1266 3673 1320 po-

2082 1355 2202 1401 nent
2235 1362 2321 1401 eos
2349 1354 2405 1400 ut
2440 1353 2639 1402 servent
2679 1344 2941 1400 custodias
2980 1343 3164 1399 domus
3200 1344 3259 1397 in
3300 1343 3477 1397 omnia
3518 1343 3676 1415 opera

2082 1440 2195 1510 ejus
2235 1455 2253 1493 :
2292 1447 2343 1493 et
2373 1439 2425 1493 in
2470 1438 2711 1493 universa
2749 1451 2866 1509 qua:
2892 1441 3126 1508 fecerunt
3156 1436 3211 1489 in
3255 1450 3337 1489 ea.
3371 1432 3679 1489 Sacerdotes

2081 1531 2272 1587 Levitte
2311 1532 2409 1601 lilii
2437 1529 2683 1598 Sadduc,
2731 1530 2821 1601 qui
2859 1529 3223 1584 custodierunt
3253 1528 3517 1583 custodias
3555 1545 3679 1583 san-

2081 1635 2282 1681 ctorum
2319 1640 2550 1679 meorum
2576 1640 2693 1680 cum
2721 1633 2919 1679 erraret
2960 1624 3143 1679 domus
3186 1621 3358 1677 Israel
3397 1639 3431 1677 a
3458 1638 3557 1689 me,
3589 1623 3677 1678 isti

2081 1721 2325 1776 accedent
2345 1720 2413 1774 ad
2440 1736 2520 1774 me
2548 1728 2606 1774 ut
2630 1720 2924 1774 ministrent
2953 1720 3100 1789 mihi,
3130 1729 3178 1773 et
3204 1718 3412 1773 stabunt
3439 1725 3560 1773 ante
3590 1721 3675 1790 fa-

369 1818 616 1889 gendum
662 1835 677 1874 :
722 1820 1063 1877 Dissolvistis
1113 1831 1330 1892 pactum
1380 1837 1560 1879 meum
1610 1823 1666 1879 in
1718 1823 1971 1880 omnibus
1999 1813 2050 1876 Β
2078 1817 2206 1871 ciem
2243 1831 2409 1870 meam
2447 1825 2505 1870 ut
2539 1817 2766 1887 afferant
2792 1815 2923 1868 mihi
2944 1814 3194 1880 hastiam,
3224 1814 3431 1884 adipem
3474 1822 3524 1868 et
3551 1829 3677 1867 san-

368 1914 682 1971 sceleribus
720 1917 952 1984 vestris,
995 1926 1051 1972 et
1091 1932 1198 1973 non
1238 1918 1502 1975 servastis
1544 1927 1815 1989 praecepta
1847 1934 1973 1973 san-

369 2010 573 2065 ctuarii
604 2011 733 2078 mei,
762 2019 819 2068 et
845 2010 1060 2068 audetis
1089 2012 1341 2084 indignos
1370 2013 1688 2085 alienosque
1712 2013 1971 2070 custodes

370 2116 579 2175 ponere
600 2102 656 2158 in
681 2102 1071 2161 observatione
1096 2106 1392 2162 sanctuarii
1410 2107 1517 2162 mei
1533 2105 1970 2177 vobismetipsis,

371 2206 433 2254 ut
456 2198 840 2269 subaudiatur,
869 2216 978 2258 non
1009 2202 1164 2258 mihi.
1200 2202 1270 2258 Et
1298 2212 1384 2259 est
1409 2218 1604 2260 sensus
1632 2220 1647 2259 ι
1686 2202 1788 2273 Qui
1817 2204 1973 2259 vobis

370 2293 429 2349 in
470 2295 779 2352 carnalibus
824 2297 1071 2353 serviant
1109 2312 1174 2353 ac
1205 2298 1518 2354 ministrent
1550 2316 1563 2353 :
1596 2307 1651 2355 et
1686 2298 1758 2355 ob
1785 2305 1972 2355 vestra

370 2386 664 2459 refrigeria
695 2404 876 2447 meum
906 2390 1156 2461 polluant
1183 2392 1579 2449 sanctuarium.

447 2480 632 2552 (Vers.
670 2481 725 2549 9,
760 2481 945 2554 seqq.)
971 2481 1104 2538 ch
1129 2485 1254 2539 dicit
1288 2483 1542 2540 Dominus
1566 2483 1715 2541 Deus
1736 2501 1755 2540 :
1786 2484 1970 2542 Omnis

369 2572 673 2645 alienigena
693 2574 1089 2632 incircumcisus
1106 2578 1284 2643 corde,
1304 2586 1353 2631 et
1374 2577 1772 2634 incircumcisus
1793 2596 1968 2647 carne,

368 2682 481 2722 non
508 2667 831 2737 ingredietur
861 2671 1214 2725 sanctuarium
1245 2687 1415 2726 meum
1438 2689 1457 2727 :
1479 2672 1644 2727 omnis
1667 2672 1810 2742 [ilius
1841 2673 1971 2727 alie-

368 2775 495 2826 nus,
524 2761 611 2828 qui
644 2769 719 2815 est
752 2762 806 2815 in
845 2762 1018 2818 medio
1058 2763 1292 2831 ﬁliorum
1319 2762 1513 2820 Israel.
1549 2765 1658 2822 Sed
1688 2774 1736 2820 et
1779 2767 1969 2823 Levitae

366 2854 465 2923 qui
493 2850 647 2925 longe
674 2854 994 2909 recesserunt
1022 2874 1054 2911 a
1080 2873 1161 2910 me
1190 2858 1242 2912 in
1281 2874 1457 2913 errore
1485 2859 1719 2929 ﬁliorum
1761 2858 1966 2927 Israel,

366 2953 426 3000 et
452 2953 759 3001 erraverunt
782 2964 815 3001 a
841 2963 922 3003 me
945 2958 1059 3021 post
1089 2950 1233 3005 idola
1260 2968 1381 3016 sua,
1409 2953 1687 3021 portabunt
1712 2954 1967 3025 iniquita—

367 3047 477 3093 tem
501 3055 683 3106 suam,
710 3042 800 3113 qui
829 3051 977 3097 erant
1011 3043 1065 3096 in
1098 3042 1281 3116 [Vulg.
1320 3056 1367 3100 et
1405 3055 1742 3115 portaverant
1771 3047 1970 3119 iniqui-

366 3138 531 3186 tatem
568 3148 720 3187 suam
739 3174 757 3200 ,
787 3143 941 3189 erunt
965 3134 1045 3203 in,
1070 3134 1219 3208 etc.]
1245 3139 1548 3193 sanctuario
1572 3155 1683 3194 meo
1714 3140 1895 3194 teditui
1917 3148 1966 3195 et

2080 1910 2318 1981 guinem,
2370 1908 2496 1963 dicit
2543 1906 2797 1963 Dominus
2848 1906 3004 1963 Deus.
3048 1906 3149 1964 Isti
3204 1907 3561 1980 ingredientur
3614 1908 3669 1961 in

2075 2010 2255 2057 sancta
2304 2017 2443 2067 mea,
2493 2010 2541 2056 et
2565 2002 2650 2055 isti
2687 2001 2928 2055 accedent
2973 2002 3041 2055 ad
3086 2016 3316 2056 mensam
3361 2015 3560 2065 meam,
3609 2007 3667 2053 ut

2076 2097 2363 2151 ministrent
2411 2096 2574 2163 mihi,
2623 2107 2672 2151 et
2702 2097 2965 2151 observent
2999 2095 3263 2151 custodias
3303 2110 3463 2150 meas.
3499 2092 3665 2149 Juxta

2076 2199 2365 2261 utramque
2390 2190 2683 2248 editionem
2714 2192 2869 2260 posui
2904 2190 3294 2257 testimonium,
3326 2197 3389 2245 ut
3414 2204 3480 2245 ex
3511 2202 3666 2243 com-

2078 2286 2362 2357 paratione
2389 2301 2575 2341 earum
2605 2283 2735 2357 quid
2768 2284 2913 2341 LXX
2956 2284 3252 2351 senserint,
3284 2283 3412 2355 quid
3448 2282 3673 2338 llebrai-

2074 2396 2197 2435 cum
2229 2388 2444 2447 teneat,
2473 2380 2617 2434 scire
2639 2378 2939 2434 valeamus.
2972 2376 3333 2449 Septuaginta
3371 2376 3477 2432 hoc
3505 2375 3673 2445 signi—

2075 2474 2263 2541 ﬁcant,
2287 2472 2430 2545 quod
2457 2471 2778 2544 alienigenae
2808 2471 3173 2527 incircumcisi
3205 2470 3392 2538 corde,
3422 2476 3479 2525 et
3504 2484 3669 2525 carne

2075 2573 2167 2645 qui
2209 2570 2454 2626 habitant
2502 2568 2555 2622 in
2603 2565 2783 2623 medio
2830 2566 3065 2621 liliorum
3095 2564 3283 2634 Israel,
3318 2562 3529 2634 ingredi
3559 2578 3665 2619 non

2075 2665 2313 2722 debeant
2353 2660 2722 2718 sanctuarium
2748 2658 2845 2715 Dei
2876 2676 2890 2713 :
2920 2658 3123 2714 Levitee
3165 2666 3371 2726 autem,
3411 2656 3515 2712 hoc
3561 2665 3668 2722 est,

2072 2753 2433 2812 sacerdotalis
2461 2752 2678 2824 gradus,
2706 2753 2797 2823 qui
2826 2751 2986 2822 longe
3011 2757 3360 2805 recesserunt
3383 2764 3412 2804 a
3438 2749 3667 2805 Domino

2074 2851 2131 2907 in
2161 2865 2348 2906 errore
2392 2847 2623 2903 ﬁliorum
2662 2844 2865 2910 Israel,
2907 2852 2963 2899 et
2990 2852 3315 2900 erraverunt
3355 2852 3480 2914 post
3520 2842 3665 2898 idola

2074 2956 2192 3010 sua,
2225 2949 2511 3011 postquam
2544 2935 2851 3006 receperint
2891 2934 3228 3005 iniquitatem
3283 2950 3437 2990 suam
3459 2978 3474 3002 ,
3521 2943 3667 2991 stent

2073 3035 2131 3090 in
2154 3034 2462 3090 sanctuario
2490 3030 2704 3087 Domini
2727 3028 2911 3085 aeditui
2932 3038 2987 3085 et
3007 3028 3298 3099 ianitores,
3326 3029 3667 3102 ministrique

2072 3130 2289 3198 domus,
2318 3138 2375 3185 et
2398 3137 2635 3184 mactent
2678 3127 2993 3186 holocausta
3025 3126 3191 3200 5M
3217 3134 3274 3183 et
3296 3126 3543 3183 victimas
3570 3143 3669 3199 ρο-

356 3224 623 3296 janitores
652 3235 922 3295 portarum
951 3227 1155 3297 domus,
1187 3203 1239 3283 et
1268 3231 1493 3285 ministri
1523 3231 1738 3298 domus;
1768 3232 1970 3303 ipsique
1994 3203 2041 3266 (ἶ
2076 3224 2186 3294 puli
2228 3241 2242 3278 :
2287 3232 2342 3279 et
2369 3222 2457 3278 isti
2485 3223 2593 3279 sint
2623 3223 2677 3277 in
2710 3231 3003 3293 conspectu
3043 3236 3233 3277 eorum
3265 3230 3325 3277 ut
3355 3220 3670 3278 ministrent

364 3315 667 3370 mactabant
698 3317 1003 3373 holocausta
1023 3329 1071 3373 et
1101 3320 1333 3375 victimas
1362 3322 1565 3390 paputi,
1590 3332 1640 3377 et
1667 3322 1739 3377 ibi
1760 3324 1967 3377 stabant

364 3415 492 3460 ante
523 3422 641 3472 eos,
676 3418 730 3461 ut
760 3410 1116 3467 ministrarent
1138 3428 1234 3482 pro
1274 3412 1402 3468 illis.
1434 3412 1544 3468 Pro
1572 3430 1632 3471 eo
1655 3431 1801 3486 ergo,
1828 3416 1968 3486 quod

365 3498 799 3555 ministraverunt
861 3518 959 3572 pro
1017 3503 1089 3557 eis
1136 3502 1427 3577 in[Vulg.
1486 3506 1585 3578 ipsi
1628 3507 1961 3575 mactabunt,

364 3590 579 3645 stabunt
611 3592 668 3646 in
697 3599 983 3666 conspectu
1019 3612 1228 3666 eorum,
1265 3606 1321 3652 ut
1352 3598 1644 3653 ministrent
1685 3600 1757 3654 eis
1783 3615 1880 3670 pro
1907 3617 1967 3655 eo

363 3682 509 3755 quod
537 3684 956 3742 ministraverunt
980 3689 1087 3742 ittis
1122 3690 1199 3757 in,
1231 3689 1362 3763 etc.]
1382 3702 1659 3762 conspectu
1699 3692 1967 3748 idolorum

360 3791 605 3841 suorum,
637 3786 685 3830 et
726 3779 854 3849 facti
891 3789 1011 3835 sunt
1054 3782 1229 3836 domui
1266 3781 1439 3838 Israel
1485 3786 1540 3839 in
1590 3783 1967 3852 oﬂ‘endiculum

362 3866 659 3939 iniquitatis
702 3886 722 3924 :
764 3871 960 3926 idcirco
1005 3874 1165 3928 levavi
1208 3892 1416 3931 manum
1454 3893 1620 3932 meum
1659 3895 1816 3948 super
1855 3895 1965 3945 eos,

362 3959 494 4015 dicit
524 3960 784 4019 Dominus
810 3962 974 4034 Deus,
1006 3975 1054 4020 et
1089 3977 1424 4034 portaverunt
1451 3968 1631 4043 [ναις.
1663 3970 1964 4045 portabunt]

361 4053 694 4125 iniquitatem
717 4074 888 4113 suam.
923 4056 989 4111 Et
1019 4076 1123 4114 non
1149 4062 1641 4133 apprOpinquabunt
1668 4064 1737 4117 ad
1766 4080 1875 4131 me,
1906 4075 1961 4119 ut

364 4150 668 4207 sacerdotio
700 4156 987 4225 fungantur
1011 4155 1138 4208 mihi
1174 4172 1193 4209 :
1233 4172 1391 4227 neque
1416 4157 1658 4212 accedent
1704 4157 1773 4210 ad
1818 4174 1967 4213 omne

362 4251 727 4305 sanctuarium
749 4268 919 4306 meum
941 4254 1100 4324 juxta
1135 4264 1315 4309 sancta
1342 4266 1681 4310 sanctorum:
1712 4255 1807 4311 sed
1840 4272 1961 4329 por-

364 4344 548 4399 tabunt
572 4348 931 4417 confusionem
959 4363 1107 4400 suam
1135 4354 1182 4401 ct
1208 4347 1403 4402 scelera
1438 4364 1535 4401 sua
1556 4365 1671 4419 qua:
1699 4350 1958 4419 fecerunt.

364 4434 438 4489 Et
469 4436 606 4491 dabo
635 4452 720 4492 eos
732 4439 991 4512 janitores
1021 4439 1207 4493 domus
1242 4440 1296 4493 in
1327 4440 1469 4493 omni
1504 4440 1797 4494 ministerio
1823 4441 1962 4510 ejus,

365 4526 534 4602 543
566 4538 614 4582 et
645 4530 917 4599 universis,
957 4548 1074 4603 qua:
1105 4532 1235 4601 [inut
1272 4530 1454 4603 [ναις.
1487 4532 1637 4606 ﬁent]
1666 4533 1720 4587 in
1749 4550 1829 4588 ea.
1865 4532 1968 4590 Sa-

2069 3320 2153 3375 eis
2196 3316 2340 3389 quod
2370 3316 2801 3373 ministraverint
2830 3317 2938 3371 illis
2969 3317 3020 3371 i'n
3056 3323 3353 3386 conspectu
3384 3315 3658 3372 idolorum

2067 3425 2322 3478 suorum,
2372 3419 2427 3465 et
2472 3408 2599 3466 facti
2642 3418 2769 3464 sunt
2813 3409 2999 3464 domui
3040 3407 3205 3465 Israel
3238 3410 3292 3463 in
3326 3415 3658 3466 tormentum

2070 3506 2397 3578 iniquitatis:
2424 3513 2480 3561 et
2509 3505 2713 3561 idcirco
2742 3521 2964 3561 manum
2998 3504 3211 3560 levasse
3236 3518 3296 3559 se
3321 3503 3455 3560 dicit
3485 3517 3655 3574 super

2068 3616 2166 3657 eos
2195 3600 2454 3656 Dominus
2484 3600 2629 3655 Deus
2674 3617 2686 3653 :
2731 3608 2791 3653 ut
2840 3613 2947 3654 non
2998 3597 3260 3654 accedant
3304 3598 3371 3653 ad
3417 3613 3577 3667 eum,
3609 3607 3667 3655 et

2068 3692 2375 3749 sacerdmio
2392 3690 2687 3763 fungantur
2716 3692 2814 3756 illi,
2840 3707 3016 3763 neque
3040 3691 3271 3747 olferant
3294 3692 3370 3748 illi
3394 3693 3447 3747 in
3471 3700 3664 3748 sancta

2069 3795 2406 3851 sanctorum,
2438 3794 2762 3856 portentque
2792 3785 3144 3856 ignominiam
3187 3800 3342 3840 suam
3388 3785 3442 3841 in
3470 3800 3663 3841 errore

2068 3897 2178 3953 quo
2223 3890 2589 3936 erraverunt:
2626 3892 2687 3936 ut
2727 3882 2940 3938 scilicet
2987 3888 3259 3951 ponantur
3304 3882 3359 3935 in
3405 3880 3667 3937 observa-

2072 3973 2220 4030 tione
2264 3974 2636 4029 custodiarum
2685 3974 2879 4029 domus
2910 3975 2961 4028 in
2992 3975 3175 4030 omnia
3222 3990 3389 4045 opera
3429 3974 3570 4045 ejus,
3605 3986 3663 4031 et

2072 4069 2126 4124 in
2174 4067 2428 4124 universa
2478 4084 2599 4139 quzr
2648 4069 2782 4124 [lunt
2833 4069 2886 4124 in
2939 4070 3126 4126 domo.
3173 4070 3329 4139 Quod
3369 4071 3413 4126 si
3445 4072 3518 4126 ita
3547 4080 3665 4139 est,

2071 4163 2348 4235 quomodo
2375 4171 2519 4219 stare
2546 4164 2769 4234 poterit,
2800 4173 2858 4220 ut
2886 4163 3093 4220 Levita:
3122 4166 3213 4237 qui
3241 4165 3402 4238 longe
3427 4180 3671 4223 recesse-

2072 4263 2203 4310 runt
2227 4269 2258 4309 a
2288 4255 2399 4311 Deo
2430 4255 2481 4309 in
2512 4269 2703 4311 errore
2735 4254 2970 4312 liliorum
3018 4255 3218 4327 Israel,
3266 4269 3320 4313 et
3350 4269 3672 4315 erraverunt

2073 4349 2143 4404 ab
2169 4365 2237 4405 eo
2267 4358 2392 4420 post
2434 4349 2577 4405 idola
2626 4365 2756 4417 sua,
2806 4350 2910 4422 ipsi
2963 4351 3278 4408 ministrent
3324 4352 3381 4408 in
3412 4354 3576 4409 domo
3616 4363 3674 4410 et

2073 4450 2313 4499 mactant
2342 4442 2662 4500 holocausta
2692 4453 2750 4501 et
2779 4445 3031 4501 victimas
3063 4446 3272 4516 pepuli,
3303 4455 3361 4502 et
3390 4448 3493 4518 ipsi
3520 4456 3669 4505 stent

2074 4534 2129 4590 in
2157 4544 2455 4606 conspectu
2485 4551 2705 4604 eorum,
2756 4544 2819 4591 ut
2848 4537 3159 4594 ministrent
3188 4539 3308 4595 eis?
3339 4538 3482 4607 Quid
3523 4542 3669 4598 enim

365 4597 605 4676 cer—ttat”
633 4631 807 4678 autem
835 4597 1024 4679 Levita:
1069 4597 1169 4694 ﬁlii
1213 4597 1428 4695 Sadoc:
1468 4597 1560 4697 qui
1610 4597 1968 4681 custodierunt
1995 4597 2051 4661 D
2074 4597 2310 4698 amplius
2336 4627 2525 4684 tacturi
2553 4636 2681 4683 sunt
2708 4628 3027 4685 sacerdotes
3056 4631 3151 4686 lilii
3188 4597 3399 4700 Sadoe,
3442 4634 3535 4705 qui
3578 4648 3673 4689 cu—

366 4715 691 4769 ceremonias
727 4716 1017 4771 sanctuarii
1046 4716 1168 4783 mei,
1195 4733 1314 4771 cum
1341 4726 1575 4772 errarent
1603 4716 1704 4786 ﬁlii
1735 4715 1908 4772 Israel
1938 4734 1971 4773 a

365 4821 474 4873 me,
505 4807 605 4879 ipsi
634 4806 878 4863 accedent
904 4807 973 4861 ad
1004 4823 1103 4872 me,
1142 4818 1200 4861 ut
1239 4808 1533 4863 ministrent
1562 4807 1694 4862 mihi
1732 4823 1750 4861 :
1782 4818 1832 4862 et
1862 4818 1971 4863 sta—

368 4899 500 4955 bunt
543 4901 600 4955 in
646 4910 927 4972 conspectu
962 4916 1110 4967 meo,
1149 4912 1206 4955 ut
1244 4900 1469 4969 offerant
1505 4900 1634 4955 mihi
1670 4900 1879 4971 adipem
1921 4912 1969 4957 et

364 5000 681 5073 sanguinem
702 5042 718 5067 ,
767 5001 843 5055 ait
871 5000 1128 5056 Dominus
1155 4998 1321 5056 Deus.
1354 4999 1470 5073 Ipsi
1524 4998 1881 5071 ingredientur
1917 5000 1972 5055 in

364 5094 733 5149 sanctuarium
754 5110 922 5150 meum
939 5109 957 5149 :
972 5104 1021 5148 et
1040 5094 1138 5165 ipsi
1163 5093 1407 5148 accedent
1432 5092 1503 5147 ad
1527 5108 1760 5148 mensam
1778 5108 1967 5160 meam,

365 5200 425 5245 ut
470 5190 769 5245 ministrent
811 5189 968 5257 mihi,
999 5198 1048 5243 et
1093 5190 1386 5243 custodiant
1436 5187 1759 5243 ceremonias
1801 5203 1966 5244 meas.

367 5282 521 5342 LXX
552 5301 572 5340 :
613 5283 909 5357 Propterea
945 5284 1058 5340 haec
1090 5284 1215 5338 dicit
1256 5282 1515 5338 Dominus
1542 5299 1560 5336 :
1597 5282 1781 5339 Omnis
1828 5283 1969 5353 ﬁlius

368 5379 671 5451 alienigena
692 5377 1088 5432 incircumcisus
1115 5377 1294 5443 corde,
1312 5386 1358 5432 et
1376 5377 1765 5432 incircumcisus
1787 5394 1969 5445 carne,

368 5487 477 5527 non
498 5470 823 5541 ingredietur
849 5471 903 5524 in
928 5479 1113 5525 sancta
1136 5487 1254 5537 mea
1282 5471 1337 5525 in
1361 5470 1596 5525 omnibus
1619 5470 1744 5541 ﬁliis
1775 5471 1969 5526 alicui-

372 5580 626 5636 genarum
655 5565 746 5633 qui
773 5572 895 5618 sunt
920 5565 973 5618 in
1012 5563 1181 5619 medio
1207 5564 1390 5619 domus
1422 5562 1622 5633 Israel,
1654 5565 1745 5619 sed
1781 5574 1830 5619 et
1869 5563 1973 5621 Le-

371 5659 496 5714 vita:
518 5659 607 5728 qui
637 5658 793 5730 longe
818 5668 1141 5714 recesserunt
1175 5676 1207 5713 a
1235 5675 1315 5714 me
1350 5675 1467 5714 cum
1506 5669 1703 5714 erraret
1741 5658 1913 5716 Israel
1942 5677 1975 5715 a

374 5767 457 5807 me
499 5758 613 5825 post
664 5752 1004 5824 cogitationes
1051 5768 1205 5818 suas,
1253 5761 1301 5807 et
1348 5753 1603 5826 accipient
1650 5753 1977 5824 iniquitatem

374 5862 553 5912 suam,
579 5853 628 5900 et
651 5854 801 5900 erunt
836 5845 888 5898 in
912 5846 1107 5901 sanctis
1133 5846 1262 5902 meis
1287 5847 1662 5915 ministrantes,
1696 5847 1897 5903 ostiarii
1922 5848 1975 5902 in

2075 4721 2380 4777 etodierunt
2427 4722 2774 4778 ceremonias
2822 4725 3124 4780 sanctuarii
3169 4726 3311 4794 Dei,
3364 4726 3433 4785 de
3474 4729 3673 4800 quibus

2075 4814 2207 4870 dicit
2232 4832 2244 4868 :
2281 4813 2396 4886 Ipsi
2424 4816 2663 4870 accedent
2693 4816 2762 4869 ad
2791 4833 2871 4871 me
2892 4827 2951 4870 ut
2982 4819 3273 4875 ministrent
3300 4822 3458 4888 mihi,
3485 4833 3533 4877 et
3560 4832 3672 4878 sta-

2076 4906 2200 4962 bunt
2230 4907 2285 4962 in
2313 4915 2593 4979 conspectu
2634 4922 2748 4961 meo
2768 4948 2782 4975 ,
2816 4916 2872 4961 ut
2916 4908 3139 4976 offerant
3180 4912 3312 4967 mihi
3349 4913 3587 4983 adipem,
3618 4923 3675 4971 et

2078 4998 2330 5069 reliqua?
2378 4997 2705 5054 Hebraicum
2765 5010 2944 5054 autem
2996 5000 3141 5058 hunc
3198 5003 3363 5061 habet
3411 5020 3668 5063 sensum:

2077 5090 2271 5148 Omnis
2298 5090 2599 5163 alienigena
2630 5092 3044 5149 incircumcisus
3069 5094 3237 5151 corde
3265 5106 3320 5153 et
3348 5112 3543 5163 carne.
3559 5114 3669 5155 non

2080 5184 2417 5257 ingredietur
2462 5185 2832 5243 sanetuarium
2876 5202 3095 5255 meum,
3150 5188 3277 5246 licet
3318 5206 3441 5246 cum
3473 5192 3674 5264 populo

2076 5277 2243 5336 Israel
2272 5292 2397 5335 esse
2423 5278 2699 5336 videatur.
2730 5278 2938 5337 Levita
2965 5289 3170 5347 autem,
3216 5282 3321 5338 hoc
3350 5292 3456 5353 est,
3491 5298 3676 5341 sacer-

2080 5370 2283 5429 dotalis
2309 5371 2535 5443 gradus,
2561 5372 2656 5444 qui
2682 5373 2847 5446 longe
2868 5385 3222 5433 recesserunt
3245 5393 3276 5431 a
3296 5392 3386 5434 me
3407 5377 3463 5433 in
3488 5394 3678 5439 errore

2082 5465 2321 5521 ﬁliorum
2348 5463 2536 5533 Israel,
2568 5474 2629 5523 et
2656 5468 2828 5524 secuti
2874 5478 3001 5525 sunt
3028 5467 3205 5536 idola,
3236 5469 3536 5545 portabunt
3577 5474 3681 5530 ini-

2080 5563 2348 5636 quitatem
2395 5576 2550 5618 suam
2570 5603 2587 5631 ,
2633 5577 2701 5619 eo
2728 5563 2875 5634 quod
2903 5563 3105 5619 fuerint
3129 5562 3183 5620 in
3213 5565 3528 5623 sanctuario
3554 5583 3682 5626 meo

2082 5657 2461 5714 ministrantes
2504 5657 2558 5712 in
2590 5656 2771 5713 ofﬁcio
2798 5652 3080 5729 portarum
3109 5657 3329 5730 domus,
3361 5670 3417 5717 et
3446 5662 3679 5721 ministri

2082 5750 2226 5824 ejus.
2252 5750 2359 5822 Ipsi
2393 5751 2538 5809 enim
2574 5750 2881 5808 offerebant
2906 5751 3321 5826 holocaustum,
3353 5764 3411 5815 et
3433 5757 3682 5817 victimas

2085 5846 2298 5917 populi,
2328 5854 2385 5901 et
2412 5845 2515 5917 ipsi
2545 5846 2766 5905 stabant
2791 5845 2845 5902 in
2874 5859 3166 5921 conspectu
3196 5864 3410 5921 eorum,
3440 5860 3501 5912 ut
3526 5852 3691 5910 mini-
