4108 6338
444 241 548 299 459

1692 239 1751 297 S.
1792 238 2063 298 EUSEBII
2106 238 2485 299 HIERONYMI

3632 246 3743 305 MO

441 362 617 417 stolus
647 359 887 432 loquitur
923 376 936 414 :
961 356 1153 413 Mulier
1179 356 1341 415 debet
1361 355 1607 415 velamen
1638 358 1844 415 habere
1875 374 2040 430 super
2066 368 2120 432 Α
2144 366 2268 415 sunt
2296 357 2454 435 (Mat.
2490 375 2543 423 x,
2575 358 2689 431 30).
2717 358 2868 416 Illius
2896 360 3111 433 capitis,
3140 360 3208 418 de
3229 374 3337 432 quo
3358 361 3411 418 in
3435 358 3743 420 Ecclesias-

446 464 632 526 caput,
667 463 893 524 propter
914 452 1158 525 angelos.
1190 451 1247 509 Si
1270 451 1415 508 enim
1443 468 1551 509 non
1586 453 1795 508 velatur
1822 454 2037 521 mulier,

446 548 813 607 attondeatur.
842 546 934 603 Sin
956 554 1162 615 autem,
1188 557 1342 617 turpe
1366 555 1452 602 est
1481 546 1691 602 mulieri
1718 545 1931 603 tonderi
1950 555 2043 602 aut

446 643 588 709 radi,
616 640 915 712 Operiatur.
947 640 1045 695 Vir
1067 641 1212 697 enim
1255 656 1360 695 non
1404 640 1567 696 debet
1608 639 1823 711 operire
1853 648 2039 711 caput,

443 753 565 794 cum
623 737 693 790 sit
752 736 927 807 imago
974 744 1030 790 et
1057 735 1229 807 gloria
1257 734 1615 790 Dei:mulier
1659 742 1837 791 autem
1867 734 2040 806 gloria

446 830 547 885 viri
596 836 679 886 est
711 828 788 900 (ll
828 826 951 884 Cor.
996 844 1072 899 ιιι,
1111 826 1232 901 10).
1262 828 1320 885 Si
1358 828 1503 884 enim
1546 828 1791 884 virorum
1820 836 1905 883 est
1931 842 2041 884 non

445 923 663 997 operire
712 930 893 993 caput,
928 922 1143 977 videtur
1186 937 1311 977 esse
1353 920 1719 989 contrarium,
1765 920 2041 991 quomodo

446 1031 591 1071 nunc
632 1015 950 1070 sacerdotes
976 1014 1153 1085 capita
1178 1014 1350 1080 vittis,
1380 1013 1466 1069 vel
1493 1012 1679 1068 cidare
1707 1006 1925 1083 operire
1947 1012 2041 1081 ju-

441 1114 694 1169 beantur.
728 1111 838 1169 Sed
886 1112 930 1165 si
974 1110 1217 1183 legamus
1258 1108 1595 1181 diligentius,
1650 1125 1716 1165 ex
1766 1109 2041 1179 prioribus

441 1210 727 1264 solventur
781 1208 1091 1278 praesentia.
1124 1206 1299 1277 Supra
1349 1206 1494 1263 enim
1537 1205 1739 1261 dicitur
1770 1224 1783 1260 :
1816 1204 2040 1272 Quando

446 1305 741 1359 ministrant
785 1305 839 1357 in
880 1304 1041 1373 portis
1082 1303 1205 1356 atrii
1242 1302 1505 1357 interioris
1532 1312 1578 1356 et
1618 1302 1950 1357 intrinsecus.
1984 1300 2041 1356 Si

444 1398 592 1453 enim
628 1394 1003 1467 ingrediamur
1031 1394 1099 1450 ad
1128 1403 1314 1451 sancta
1347 1402 1405 1451 et
1425 1404 1636 1450 stemus
1665 1394 1716 1448 in
1744 1402 2039 1464 conspectu

442 1488 683 1555 Domini,
715 1490 891 1560 capita
936 1497 1125 1545 nostra
1160 1489 1381 1563 operire
1417 1488 1682 1544 debemus
1714 1505 1727 1542 :
1756 1488 1893 1557 Quia
1932 1504 2039 1544 non

439 1583 829 1654 justiiicabitur
857 1584 909 1638 in
931 1591 1226 1654 conspectu
1262 1581 1474 1637 Domini
1502 1582 1679 1637 omnis
1700 1582 1891 1637 vivens
1918 1581 2037 1654 (Ps.

443 1693 608 1743 chn,
641 1676 721 1747 Ξ).
767 1678 867 1731 Et:
915 1676 1000 1732 Ab
1045 1676 1269 1731 infantia
1317 1691 1415 1731 cor
1450 1674 1691 1731 hominis
1732 1675 2039 1745 appositum

438 1777 526 1825 est
552 1771 619 1823 ad
655 1769 940 1824 malitiam.
975 1767 1221 1840 Denique
1252 1776 1308 1824 et
1338 1767 1689 1823 feminalibus
1712 1768 2043 1823 intrinsecus

442 1864 670 1928 utimur,
702 1878 770 1915 ne
802 1862 907 1917 ulla
959 1862 1009 1915 in
1039 1868 1336 1932 conspectu
1368 1859 1465 1915 Dei
1499 1859 1727 1932 pollutae
1755 1860 2043 1916 conscien-

441 1956 533 2013 tia:
575 1965 630 2011 et
669 1956 852 2027 operis
901 1954 1159 2029 nuptialis
1211 1965 1471 2025 appareat
1510 1954 1812 2025 turpitudo.
1836 1953 2044 2024 Quibus

437 2049 787 2107 feminalibus
818 2048 1031 2120 accingi
1060 2048 1177 2103 vult
1207 2047 1459 2105 Salvator
1480 2048 1777 2118 apostolos,
1811 2047 2002 2102 dicens
2028 2064 2041 2100 :

437 2144 562 2201 Sint
581 2144 751 2202 lumbi
774 2144 940 2199 vestri
969 2141 1219 2205 accincti.
1241 2153 1293 2198 et
1319 2142 1558 2199 lucernae
1582 2142 1842 2199 ardentes
1857 2143 1908 2196 in
1924 2157 2041 2197 ma-

441 2237 605 2293 nibus
634 2237 831 2293 vestris
861 2235 1014 2309 (Luc.
1048 2251 1165 2303 xttt,
1192 2235 1309 2307 '55).
1344 2234 1414 2291 Et
1446 2234 1743 2306 Apostolus
1771 2233 2048 2290 credenti-

440 2330 547 2388 bus
577 2330 740 2404 55o
771 2330 1042 2400 loquitur:
1068 2327 1222 2385 State
1255 2343 1387 2400 ergo
1418 2328 1888 2384 accinctilumbos
1917 2343 2043 2384 ves-

444 2434 560 2479 tros
592 2426 644 2479 in
678 2424 910 2480 veritate
942 2422 1163 2496 (Ephes.
1198 2438 1271 2489 vt,
1305 2422 1382 2495 1).
1415 2421 1482 2477 Ει
1506 2422 1813 2478 imitatores
1840 2421 2046 2477 Christi

442 2519 670 2576 audiunt;
699 2518 855 2585 illud,
885 2517 1029 2589 quod
1056 2520 1124 2573 de
1147 2531 1213 2573 eo
1234 2518 1496 2589 scriptum
1528 2526 1612 2572 est
1644 2536 1658 2572 :
1695 2515 1814 2572 Erit
1838 2516 2045 2587 iustitia

448 2612 729 2667 accinctus
768 2610 1005 2679 lumbos,
1043 2618 1100 2667 et
1155 2610 1394 2666 veritate
1447 2610 1821 2667 circumdatus
1873 2611 2048 2666 latera

442 2700 585 2777 (Isa.
618 2718 695 2773 xt,
721 2703 801 2774 5).
834 2702 903 2757 Et
934 2702 1033 2757 hac
1076 2702 1190 2772 ipsa
1215 2717 1375 2769 zona,
1402 2700 1496 2771 qui
1525 2711 1745 2758 sanctus
1771 2711 1857 2757 est
1885 2709 1941 2757 et
1977 2701 2046 2756 ad

440 2799 703 2855 virtutum
750 2798 968 2854 culmen
1011 2797 1341 2864 ascenderit,
1378 2811 1724 2868 nequaquam
1770 2795 2044 2853 violenter

440 2893 760 2962 a'stringitur
787 2909 800 2947 :
834 2907 902 2976 ne
934 2892 1141 2946 invitus
1172 2889 1374 2945 bonum
1402 2888 1756 2945 continentiae
1786 2888 2049 2945 observa.

443 3005 505 3046 re
528 2989 804 3056 videatur,
832 2996 888 3043 et
937 2987 989 3041 in
1024 2985 1226 3043 sudore
1257 2985 1438 3040 vultus
1475 2984 1560 3040 sui
1611 2983 1907 3040 comedere
1948 2998 2045 3055 pa-

443 3099 591 3149 nem,
625 3082 719 3138 sed
751 3090 1079 3153 praeceptum
1111 3080 1323 3136 Domini
1348 3079 1525 3135 facere
1551 3079 1853 3134 voluntate.
1880 3078 2046 3133 Deni-

448 3194 555 3249 que
596 3177 815 3249 quando
846 3176 994 3231 foras
1021 3176 1353 3245 egredietur,
1382 3183 1438 3230 et
1466 3175 1665 3230 miscet
1711 3187 1770 3227 se
1816 3172 2040 3243 populo,
2069 3174 2115 3238 C

441 3277 799 3334 sacerdotalia
830 3276 1154 3331 vestimenta
1206 3273 1429 3344 deponit
1452 3273 1504 3327 in
1535 3271 1948 3344 gazophylacio,
1991 3269 2043 3326 in

440 3386 550 3443 quo
570 3369 862 3426 dominicae
887 3368 1093 3423 divitia:
1125 3374 1524 3422 conservantur
1552 3382 1565 3419 :
1594 3374 1650 3419 et
1674 3364 1797 3419 aliis
1818 3372 2046 3418 utuntur

442 3464 687 3520 vestibus
746 3461 1096 3529 sacerdotes,
1160 3461 1376 3530 aliaque
1422 3459 1676 3516 doctrina
1719 3459 1785 3515 ad
1850 3459 2045 3528 vulgus

442 3560 703 3632 ignobile,
732 3574 797 3613 ne
829 3556 1208 3613 sanctiﬁcetur
1239 3556 1471 3627 populus
1514 3556 1568 3611 in
1624 3554 1783 3611 stolis
1824 3571 2038 3612 eorum.

440 3650 618 3708 Grave
665 3661 750 3706 est
794 3648 1134 3704 multitudini
1187 3662 1329 3704 onus
1362 3648 1498 3704 ultra
1550 3649 1695 3704 vires
1742 3649 2040 3718 suscipere,

440 3743 662 3799 dicente
713 3740 1325 3811 SalomonezLaquens
1365 3749 1451 3795 est
1498 3740 1623 3807 viri,
1649 3740 1759 3796 cito
1802 3741 1929 3812 quid
1974 3742 2044 3800 de

440 3835 555 3892 suis
587 3833 929 3890 sanctificare
961 3852 973 3887 :
1007 3847 1129 3888 cum
1163 3833 1307 3888 enim
1360 3842 1543 3888 votum
1586 3832 1780 3890 fecerit
1813 3878 1827 3902 ,
1861 3848 2047 3891 surre-

440 3930 525 4001 pit
550 3927 874 3999 ptnnitentia
910 3925 1095 3999 (Prov.
1128 3942 1219 3991 xx,
1242 3926 1334 3994 ΞΒ,
1364 3943 1466 3982 sec.
1495 3925 1687 3999 LXX).
1728 3928 1966 3997 Denique
1988 3936 2047 3984 et

439 4021 684 4080 Nazaraei
727 4029 922 4092 sponte
966 4035 1026 4075 se
1067 4018 1340 4075 offerunt:
1372 4029 1428 4075 et
1466 4020 1800 4091 quicumque
1837 4020 2043 4091 aliquid

438 4113 674 4178 voverit,
708 4121 764 4169 et
816 4127 923 4167 non
965 4111 1302 4182 impleverit,
1335 4112 1444 4166 voti
1493 4127 1621 4167 reus
1669 4121 1772 4167 est.
1802 4112 1957 4168 Unde
1988 4121 2045 4168 et

440 4205 510 4262 de
538 4204 719 4260 viduis
751 4205 950 4261 dicitur
983 4204 1156 4260 :Cum
1179 4204 1466 4260 luxuriatae
1488 4203 1716 4272 fuerint,
1741 4206 1794 4261 in
1824 4204 2044 4261 Christo

441 4302 651 4357 nubere
706 4300 941 4355 volunt:
985 4300 1252 4356 habentes
1298 4298 1724 4365 damnationem,
1762 4300 1889 4372 quia
1934 4302 2046 4371 pri-

441 4410 589 4450 mam
624 4393 785 4449 fidem
811 4393 1019 4447 irritam
1049 4391 1292 4448 fecerunt
1322 4391 1375 4464 (Ι
1407 4390 1543 4445 Tim.
1577 4408 1631 4461 ν,
1662 4393 1752 4458 11,
1788 4392 1903 4465 12).
1932 4392 2046 4449 Με-

440 4485 551 4541 lius
580 4493 661 4539 est
692 4486 838 4540 enim
884 4500 988 4538 non
1036 4485 1375 4554 promittere,
1407 4498 1568 4553 quam
1614 4485 1941 4555 promittere
1989 4493 2045 4541 et

2149 460 2200 508 te
2226 453 2489 522 scriptum
2511 461 2597 511 est
2629 469 2643 507 :
2674 442 2953 526 Sapientis
2982 454 3123 511 oculi
3146 455 3198 511 in
3228 455 3408 525 capite
3429 455 3547 527 ejus
3568 456 3741 528 (Eccl.

2145 562 2205 613 ιι,
2239 545 2349 619 14).
2382 546 2559 617 Caput
2585 556 2765 605 autem
2795 549 2895 605 viri
2922 548 3180 607 Christus
3218 560 3327 619 est,
3355 550 3499 624 quod
3547 567 3744 624 pecca-

2148 648 2232 693 tor
2258 638 2542 694 conculcat
2572 649 2626 694 et
2656 640 2910 712 despicit,
2941 652 2995 698 et
3027 653 3082 696 ut
3113 643 3182 697 ita
3220 644 3429 715 loquar,
3464 643 3608 701 radit
3640 660 3742 702 no-

2145 731 2355 794 vacula,
2390 740 2445 786 et
2489 731 2671 787 aufert
2712 734 2830 804 ejus
2874 735 3359 805 pulchritudinem.
3390 736 3544 807 Quod
3576 749 3630 794 et
3647 738 3747 795 filii

2145 829 2376 883 Ammon
2423 828 2669 884 fecerunt
2711 829 2796 885 his
2850 847 2988 902 quas
3046 832 3213 887 David
3268 831 3476 903 legatos
3522 833 3748 890 miserat

2145 921 2223 993 (ll
2247 921 2377 995 Reg.
2402 922 2480 996 x).
2513 924 2610 980 Sin
2646 934 2832 981 autem
2869 926 3005 998 legis
3041 926 3418 998 praevaricatio
3451 927 3748 985 inltonorat

2146 1020 2339 1090 Deum,
2374 1030 2774 1092 consequenter
2800 1022 2897 1094 qui
2943 1022 3078 1093 legis
3120 1032 3389 1094 praecepta
3434 1031 3745 1090 conservat,

2144 1113 2377 1171 honorat
2405 1116 2565 1190 551
2592 1132 2714 1173 eum
2733 1133 2747 1171 :
2767 1125 2826 1173 ut
2857 1118 3148 1189 impleatur
3167 1117 3312 1189 quod
3343 1118 3613 1189 scriptum
3639 1126 3746 1174 est:

2144 1209 2219 1267 Ut
2243 1225 2435 1265 omnes
2456 1211 2817 1267 bonorificent
2844 1211 3040 1267 Filium
3082 1214 3225 1269 sicut
3253 1212 3621 1269 honorificam
3643 1211 3750 1269 Pa-

2144 1314 2282 1361 trem
2322 1304 2507 1376 (Joan.
2539 1320 2596 1372 v,
2628 1305 2737 1375 15).
2774 1306 2945 1361 Porro
2974 1305 3119 1377 quod
3149 1305 3394 1376 sequitur
3427 1322 3439 1360 :
3468 1305 3540 1362 Ut
3568 1305 3747 1362 omnis

2144 1397 2401 1477 sacerdos
2429 1398 2645 1469 quando
2670 1398 3021 1469 ingressurus
3052 1410 3139 1455 εει
3164 1398 3361 1454 atrium
3393 1398 3644 1468 interius,
3667 1397 3752 1453 vi-

2144 1508 2272 1547 num
2305 1506 2417 1547 non
2450 1492 2619 1558 bibat,
2646 1492 2997 1565 perspicuum
3039 1501 3144 1557 cst,
3178 1492 3229 1547 in
3269 1492 3536 1548 ebrietate
3583 1500 3640 1548 et
3674 1491 3751 1548 si-

2144 1599 2270 1641 cera
2301 1592 2500 1640 statum
2535 1584 2735 1640 mentis
2757 1585 2927 1640 everti
2963 1594 3057 1641 :et
3080 1599 3186 1639 non
3216 1589 3375 1653 plene
3401 1599 3501 1640 nos
3531 1598 3744 1655 sapere,

2147 1674 2368 1746 quando
2396 1675 2509 1729 vini
2539 1674 2792 1731 satietate
2814 1674 2933 1748 [ΑΙ.
2968 1676 3095 1732 vino
3126 1684 3182 1732 et
3219 1674 3511 1749 satietate]
3533 1675 3749 1732 animus

2073 1775 2122 1835 Β
2148 1776 2463 1839 occupatur.
2498 1768 2747 1825 Ebrietas
2774 1778 2956 1825 autem
2988 1783 3096 1824 non
3130 1769 3305 1825 solum
3337 1769 3387 1824 in
3418 1770 3642 1841 potione
3663 1768 3751 1825 vi-

2147 1860 2223 1922 ni,
2254 1861 2351 1917 sed
2396 1860 2448 1915 in
2492 1860 2743 1916 omnibus
2789 1862 2955 1917 rebus
3002 1862 3333 1931 ostenditur,
3372 1862 3576 1934 quibus
3606 1872 3665 1919 et
3695 1862 3752 1919 in

2146 1955 2520 2010 contractibus
2545 1967 2597 2011 et
2638 1956 2690 2009 in
2735 1957 2973 2027 negotiis
3008 1956 3218 2025 saeculi,
3243 1970 3297 2013 et
3326 1957 3542 2014 damnis
3580 1970 3644 2014 ac
3668 1956 3753 2014 lu-

2146 2048 2274 2118 cris,
2308 2063 2496 2104 amore
2524 2058 2579 2104 et
2606 2049 2735 2105 odio
2782 2064 2937 2106 mens
2981 2052 3284 2108 inebriatur
3326 2062 3383 2109 et
3424 2051 3674 2121 ﬂuctuat,
3695 2061 3752 2110 et

2148 2152 2348 2198 statum
2381 2158 2538 2197 suum
2572 2151 2761 2199 tenere
2804 2159 2913 2200 non
2946 2154 3148 2215 potest.
3179 2146 3245 2202 Et
3271 2146 3397 2218 quia
3423 2146 3601 2218 fragili
3622 2161 3750 2205 car-

2151 2248 2218 2289 ne
2240 2233 2669 2301 circumdamur,
2698 2244 2752 2291 et
2776 2235 3023 2307 cogimur
3052 2251 3152 2307 pro
3183 2239 3333 2293 victu
3363 2246 3528 2310 atque
3549 2239 3751 2296 vestitu

2149 2338 2205 2383 et
2234 2329 2585 2393 necessariis,
2619 2344 2738 2400 qure
2768 2330 2835 2384 ad
2864 2344 3065 2401 corpus
3111 2331 3405 2402 pertinent,
3440 2332 3627 2404 aliqua
3668 2333 3751 2388 fa-

2149 2436 2297 2490 cere,
2330 2437 2449 2491 qum
2482 2420 2665 2478 facere
2699 2436 2805 2478 non
2835 2422 3124 2489 debemus,
3157 2424 3356 2480 saltem
3396 2423 3501 2479 hoc
3532 2439 3562 2480 a
3592 2424 3754 2482 nobis

2150 2514 2406 2584 exigitur,
2432 2523 2490 2570 ut
2510 2515 2728 2586 quando
2760 2519 2813 2569 in
2839 2532 2940 2571 nos
2966 2516 3319 2582 revertimur,
3347 2523 3403 2572 et
3421 2518 3627 2573 scimus
3652 2532 3753 2573 cur

2151 2608 2261 2662 nati
2294 2623 2505 2675 sumus,
2538 2619 2592 2663 et
2621 2609 2885 2665 interiora
2915 2617 3079 2681 atque
3100 2609 3259 2681 adyta
3292 2609 3479 2680 templi
3510 2609 3751 2681 ingredi-

2152 2717 2294 2768 mur,
2318 2700 2643 2757 recedamus
2668 2717 2697 2757 a
2720 2701 2866 2757 vitiis
2889 2703 3095 2772 saeculi,
3112 2712 3254 2759 etne
3281 2703 3504 2760 minima
3531 2704 3750 2776 quidem

2150 2802 2375 2865 peccata
2400 2793 2684 2850 faciamus.
2706 2795 2808 2851 Per
2830 2811 2953 2866 quae
2976 2796 3288 2853 ostenditur
3317 2805 3374 2853 et
3399 2812 3630 2869 peccare
3652 2812 3753 2855 nos

2150 2903 2250 2958 pro
2293 2888 2712 2944 necessitatibus
2741 2890 2925 2945 carnis
2966 2900 3186 2961 peccata
3217 2892 3360 2959 levia
3393 2910 3405 2947 :
3436 2901 3493 2948 et
3532 2907 3751 2949 rursum

2148 2994 2271 3036 esse
2319 2990 2532 3051 tempus
2570 2980 2789 3053 quando
2836 2974 3033 3038 atrium
3084 2983 3457 3054 ingredientes
3500 2985 3749 3055 interius,

2148 3077 2217 3132 ab
2248 3077 2395 3133 omni
2417 3078 2688 3134 ebrietate
2722 3078 2911 3133 mundi
2932 3087 3095 3148 atque
3118 3078 3280 3134 alieni
3314 3094 3436 3136 esse
3463 3079 3749 3137 debemus.

2223 3171 2402 3245 (Vers.
2433 3172 2503 3227 2‘2
2525 3172 2708 3243 seqq.)
2741 3171 2969 3226 Viduam
3000 3182 3048 3227 et
3080 3173 3409 3241 repudiatam
3440 3173 3584 3244 (sive
3613 3175 3748 3247 ejec-

2150 3261 2278 3335 tam)
2296 3280 2399 3318 non
2423 3264 2675 3335 accipient
2697 3280 2909 3330 uxores,
2931 3264 3022 3318 sed
3035 3265 3285 3335 virginem
3304 3264 3485 3338 [Vulg.
3501 3264 3747 3340 virgines]

2149 3358 2213 3412 de
2240 3360 2434 3413 semine
2458 3358 2643 3413 domus
2672 3356 2863 3413 Israel.
2888 3358 2997 3413 Sed
3023 3370 3069 3413 et
3109 3359 3322 3413 viduam
3350 3374 3470 3431 qua:
3492 3359 3650 3427 fuerit
3678 3360 3753 3414 vi-

2147 3453 2251 3508 dua
2283 3470 2315 3507 a
2345 3452 2632 3520 sacerdote,
2666 3455 2923 3526 accipient
2953 3470 2971 3508 :
3004 3464 3051 3509 et
3097 3455 3352 3528 populum
3394 3472 3567 3511 meum
3597 3456 3751 3512 doce-

2147 3548 2272 3603 bunt
2300 3549 2426 3621 quid
2444 3550 2510 3603 sit
2548 3549 2683 3603 inter
2707 3558 2941 3603 sanctum
2981 3560 3028 3604 et
3053 3551 3328 3619 pollutum,
3357 3559 3405 3605 et
3428 3551 3565 3606 inter
3590 3566 3747 3607 mun-

2147 3643 2272 3698 dum
2293 3653 2339 3697 et
2361 3644 2689 3697 immundum
2720 3644 2986 3698 ostendent
3006 3644 3102 3700 eis.
3136 3643 3202 3699 Et
3222 3661 3343 3699 cum
3371 3645 3526 3716 fuerit
3553 3655 3753 3700 contro-

2148 3736 2314 3789 versia
2341 3734 2423 3806 (ut
2450 3734 2503 3789 in
2535 3734 2681 3790 LXX
2716 3735 2965 3790 additum
2997 3744 3103 3805 est,
3136 3737 3664 3810 sanguinis)stabunt
3692 3738 3748 3793 in

2137 3827 2357 3900 judiciis
2411 3827 2558 3893 meis,
2584 3836 2633 3881 et
2657 3828 2973 3901 judicabuut
3019 3828 3155 3902 leges
3198 3845 3359 3897 meas,
3391 3838 3438 3884 et
3487 3838 3748 3903 prwcepta

2149 3916 2311 3992 [Vulg
2340 3918 2492 3973 addit
2519 3917 2652 3992 mea]
2674 3922 2727 3973 in
2755 3920 2993 3974 omnibus
3010 3922 3558 3978 solemuitatibusmeis
3570 3932 3744 3979 custo-

2147 4013 2308 4067 dient.
2333 4011 2525 4069 Omnis
2545 4012 2636 4069 hic
2660 4014 2811 4068 locus
2830 4024 3096 4085 praecepta
3111 4016 3354 4070 continet
3375 4015 3743 4084 sacerdotum,

2148 4107 2241 4179 qui
2271 4116 2394 4178 post
2418 4107 2585 4163 multa
2610 4123 2731 4178 quae
2758 4122 2924 4179 supra
2970 4110 3341 4177 exuosuimus,
3366 4110 3631 4179 jubentur
3671 4113 3750 4167 vi-

2146 4199 2334 4266 duam,
2350 4202 2775 4271 etrepudiatam,
2795 4203 2915 4258 sive
2933 4202 3188 4272 ejectam,
3212 4218 3318 4261 non
3341 4205 3594 4277 accipere
3610 4220 3750 4265 uxo-

2147 4292 2437 4349 res.Vidua
2455 4303 2509 4349 et
2528 4295 2809 4366 repudiata
2821 4304 2904 4351 est
2917 4310 3210 4368 synagoga,
3228 4296 3280 4352 id
3299 4309 3382 4354 est
3399 4300 3750 4370 congregatio

2146 4384 2482 4447 Iudaeorum.
2510 4402 2630 4457 quae
2660 4387 2945 4443 Dominum
2977 4404 3084 4443 non
3123 4390 3353 4460 recepit.
3383 4390 3539 4447 Unde
3571 4392 3744 4461 ejecta

2148 4486 2299 4534 recte
2324 4477 2544 4543 dicitur,
2569 4480 2688 4537 sive
2722 4479 2881 4535 vidua
2930 4497 3228 4555 synagoga.
3260 4484 3449 4554 Ejecta
3478 4500 3607 4542 vero
3632 4484 3749 4541 hae-

442 4592 557 4635 non
583 4576 784 4632 facere.
812 4575 966 4631 Anna
997 4575 1198 4632 obtulit
1240 4576 1569 4641 Samueletn,
1607 4577 1699 4648 qui
1743 4577 1797 4632 in
1837 4588 2045 4634 aeterna
2076 4574 2123 4634 ι)
2151 4572 2445 4628 reticorum
2476 4572 2809 4645 frequentia,
2832 4575 2924 4646 qui
2950 4576 3207 4633 exierunt
3228 4593 3258 4633 a
3281 4578 3461 4644 nobis,
3485 4581 3613 4649 quia
3638 4596 3746 4637 non

445 4671 737 4728 sanctitate
782 4668 1176 4741 permansit(l
1206 4669 1337 4741 Reg.
1380 4670 1443 4741 t).
1495 4679 1554 4726 et
1604 4668 1800 4726 Manue
1847 4671 2047 4728 obtulit

443 4763 677 4822 Samson
710 4762 903 4829 filium,
933 4764 1027 4818 sed
1058 4763 1552 4819 sanctificationem
1574 4764 1900 4835 capillorum
1924 4764 2043 4837 ejus

443 4857 635 4913 Dalilrc
656 4856 825 4912 libido
857 4854 1313 4927 turpavit(Judic.
1340 4854 1480 4928 xm).
1511 4855 1757 4928 Denique
1785 4857 2045 4914 Dominus

444 4948 673 5005 recessit
704 4948 772 5004 ab
799 4964 884 5015 eo,
915 4956 972 5004 et
998 4948 1243 5004 caecitate
1279 4947 1571 5003 damnatus
1600 4958 1708 5017 est,
1751 4948 1857 5003 nisi
1898 4950 2043 5019 quod

441 5050 630 5113 postea
651 5040 1023 5096 crescentibus
1044 5039 1278 5110 capillis,
1299 5039 1587 5109 pristinum
1613 5040 1779 5095 robur
1801 5041 2036 5113 accepit,

440 5144 499 5193 et
528 5136 581 5190 in
612 5144 739 5207 typo
765 5132 971 5188 Christi
1002 5131 1172 5187 multo
1207 5131 1393 5202 plures
1428 5132 1853 5204 alienigenarum
1890 5149 2042 5189 mor-

440 5239 569 5288 tuus
596 5245 759 5303 quam
790 5230 945 5284 vivus
982 5226 1203 5283 occidit.
1234 5225 1365 5283 Vult
1404 5235 1583 5284 autem
1634 5227 1903 5284 Dominus
1948 5242 2040 5283 sa-

441 5324 697 5382 cerdotes
726 5336 854 5378 suos
884 5320 1107 5392 capillos
1134 5319 1579 5377 sanctificationis
1610 5321 1813 5379 habere
1844 5336 2038 5393 perpe-

441 5427 588 5486 tuos,
616 5426 672 5475 et
701 5414 904 5487 operiri
943 5414 1125 5487 capita
1152 5428 1366 5486 eorum,
1394 5430 1503 5470 non
1547 5413 1731 5486 aliquo
1762 5414 2044 5471 extrinse-

442 5525 541 5569 cus
575 5509 903 5575 velamento,
928 5506 1025 5564 sed
1066 5520 1164 5563 sua
1193 5507 1539 5579 naturalique
1566 5506 1813 5574 caesarie,
1835 5520 1945 5564 non
1973 5506 2042 5564 ad

442 5610 697 5660 ornatum
728 5610 891 5675 atque
914 5600 1208 5669 luxuriam,
1241 5599 1339 5658 sed
1376 5600 1443 5657 ad
1479 5600 1847 5657 honestatem.
1880 5598 2041 5658 Unde

439 5704 497 5753 et
522 5696 701 5766 capilli
728 5696 922 5769 capitis
947 5696 1317 5767 apostolorum
1354 5694 1627 5752 numerati
1664 5704 1810 5762 sunt,
1826 5694 2045 5751 dicente

440 5789 727 5848 Salvatore
784 5808 795 5845 :
844 5789 1024 5847 Vestri
1064 5798 1244 5846 autem
1303 5789 1483 5861 capilli
1520 5788 1713 5859 capitis
1771 5788 2039 5845 numerati

2148 4675 2304 4720 erant
2329 4680 2399 4721 ex
2431 4666 2609 4721 nobis.
2642 4666 2751 4722 Sed
2774 4668 3064 4739 virginem,
3096 4668 3296 4741 inquit,
3322 4671 3392 4727 de
3412 4673 3624 4730 semine
3651 4673 3751 4730 do-

2148 4772 2269 4813 mus
2295 4757 2483 4825 Israel,
2514 4774 2635 4828 quae
2676 4758 2879 4814 nutrita
2912 4769 2998 4817 est
3029 4761 3083 4817 in
3115 4762 3284 4818 domo
3314 4762 3434 4833 Dei,
3463 4763 3517 4818 in
3546 4764 3665 4836 lege
3694 4774 3747 4822 et

2147 4850 2451 4923 prophetis,
2469 4851 2536 4908 de
2565 4868 2669 4923 qua
2698 4860 2754 4908 et
2769 4852 3065 4924 Apostolus
3082 4856 3329 4927 loquitur
3354 4874 3371 4912 :
3396 4856 3534 4912 Volo
3554 4873 3745 4916 omnes

2147 4960 2245 5001 vos
2268 4947 2532 5017 virginem
2556 4957 2804 5003 sanctam
2827 4948 3089 5006 exhibere
3110 4950 3329 5006 Christo
3344 4949 3544 5022 (lICor.
3567 4952 3741 5026 :13).

2145 5035 2257 5095 Ista
2282 5051 2368 5095 est
2392 5039 2546 5111 virgo
2573 5038 2644 5096 de
2676 5056 2783 5111 qua
2823 5049 2879 5097 et
2926 5042 3054 5098 alibi
3097 5042 3233 5098 dicit
3265 5059 3450 5100 sermo
3476 5046 3698 5103 divinus
3728 5067 3742 5103 :

2149 5130 2286 5186 Ama
2319 5132 2486 5199 illam,
2514 5140 2569 5188 et
2597 5133 2837 5190 servabit
2866 5142 2919 5190 te
2944 5150 2959 5189 :
2990 5135 3275 5191 circumda
3302 5135 3464 5210 552
3489 5138 3665 5207 illam,
3691 5149 3748 5197 et

2147 5225 2410 5283 exaltabit
2435 5237 2487 5283 te
2515 5245 2530 5286 :
2564 5225 2773 5282 honora
2802 5243 2946 5293 eam,
2981 5235 3041 5282 ut
3086 5237 3138 5284 te
3183 5228 3529 5299 amplexetur
3559 5231 3744 5306 (Prov.

2146 5333 2221 5389 Iv,
2250 5318 2330 5392 8).
2360 5320 2494 5389 Quae
2525 5320 2594 5376 sit
2614 5329 2794 5376 autem
2820 5320 2969 5391 virgo
2991 5336 3114 5391 qua:
3139 5322 3371 5378 amanda
3393 5323 3488 5394 sit,
3511 5334 3569 5382 et
3588 5343 3745 5385 suum

2143 5414 2421 5471 custodiat
2461 5425 2785 5484 amatorem,
2814 5415 2955 5472 sciet
2982 5416 3078 5488 qui
3127 5417 3262 5474 illud
3317 5418 3516 5492 legerit
3548 5440 3561 5477 :
3596 5422 3745 5480 Hanc

2144 5510 2312 5568 dilexi
2345 5520 2401 5568 et
2433 5511 2658 5583 (ιιιωείιί
2694 5511 2765 5567 ab
2803 5511 3177 5570 adolescentia
3228 5528 3373 5583 mea,
3408 5524 3464 5571 et
3518 5517 3743 5588 quaesivi

2143 5618 2402 5675 sponsam
2446 5604 2651 5662 ducere
2699 5605 2862 5672 mihi,
2905 5612 2961 5661 et
2999 5614 3212 5661 amator
3250 5605 3325 5662 fui
3371 5607 3586 5666 decoris
3624 5611 3743 5680 ejus

2144 5695 2389 5770 (Sapien.
2412 5711 2533 5763 vm,
2554 5696 2635 5769 2).
2652 5696 2725 5752 Et
2750 5697 2944 5753 iterum
2971 5714 2985 5751 :
3009 5696 3081 5751 Et
3105 5697 3351 5754 omnium
3365 5698 3631 5759 Dominus
3651 5703 3739 5759 di-

2142 5789 2274 5847 lexit
2306 5806 2447 5848 eam.
2479 5790 2595 5847 Non
2630 5790 2809 5847 solum
2860 5799 3039 5848 autem
3086 5793 3381 5866 virginem,
3411 5794 3507 5853 sed
3562 5806 3615 5854 et
3653 5801 3739 5854 vi-
