4108 6338
313 302 422 358 441

957 298 1610 359 COMMENTARIORUM
1649 300 1715 359 IN
1756 300 2200 359 EZECHIELEM
2246 302 2372 360 LID.
2418 302 2557 373 Xlll,
2601 302 2755 360 CAP.
2800 302 2983 360 XLIV.

3508 301 3616 360 ιιι

310 414 483 475 (luam
502 414 702 473 debent
732 416 1049 474 sacerdotes
1071 416 1297 485 ducere,
1322 432 1443 490 qua:
1471 427 1652 476 tamen
1685 418 1910 476 alterius
1938 444 1988 506 Α
2014 419 2315 492 Evangelio
2352 422 2617 493 scriptum
2660 431 2745 477 est
2779 440 2792 477 :
2823 421 3154 479 Sacerdotes
3184 421 3237 478 in
3262 421 3462 493 templo
3490 422 3619 477 sab-

308 509 624 568 sacerdotis
673 526 810 566 uxor
852 510 1046 578 fuerit;
1099 512 1383 568 scientiam
1436 511 1712 580 videlicet,
1747 529 1910 585 quam

309 602 458 660 alius
492 604 586 661 Dei
612 604 791 661 cultor
820 606 1113 663 invenerit.
1142 605 1330 677 Neque
1352 608 1496 663 enim
1526 623 1663 664 nova
1699 616 1907 664 tantum

306 698 562 754 contenti
592 698 861 756 debemus
900 714 1023 757 esse
1044 699 1315 767 doctrina,
1345 701 1439 756 sed
1472 710 1527 758 et
1556 712 1793 758 veterem
1817 717 1911 759 cx-

304 792 523 861 colere,
544 802 601 850 et
627 805 818 851 nostro
836 799 1068 867 jungere
1092 798 1400 863 comitatui,
1416 798 1460 852 si
1481 808 1658 854 tamen
1689 798 1739 853 in
1758 814 1910 854 sacro

304 886 462 943 cultu
494 886 660 943 fuerit
690 889 926 946 erudita.
957 889 1271 947 Sacerdotis
1314 907 1530 963 quoque
1558 892 1795 948 ofﬁciunt
1827 903 1911 949 est

302 978 513 1037 docere
529 981 785 1052 populum
808 982 934 1053 quid
959 982 1102 1039 inter
1122 994 1367 1040 sanctum
1387 995 1441 1040 et
1466 985 1750 1055 pollutum,
1768 986 1910 1042 inter

301 1076 573 1131 mundum
592 1084 647 1132 et
667 1076 1002 1133 immundum
1027 1077 1118 1140 sit;
1145 1087 1205 1133 ut
1224 1080 1370 1149 prius
1383 1078 1684 1135 referamus
1696 1079 1761 1135 ad
1779 1079 1910 1151 dog-

302 1176 478 1238 mata,
494 1168 794 1225 secundum
818 1169 886 1225 ad
900 1184 1064 1240 opera
1077 1186 1200 1242 qua:
1224 1187 1318 1242 per
1333 1186 1554 1228 carnem
1569 1172 1903 1230 efficiuntur.

303 1259 521 1317 Delicta
556 1261 701 1317 enim
749 1262 873 1334 quis
920 1263 1181 1335 intelligit
1215 1263 1331 1337 (Ps.
1367 1280 1481 1333 vnt,
1516 1265 1652 1336 15)?
1680 1266 1744 1319 Et
1780 1281 1905 1321 cum

299 1350 474 1408 fuerit
503 1356 879 1411 controversia
908 1355 977 1411 de
1010 1358 1156 1412 anuli
1190 1372 1271 1425 re,
1301 1357 1417 1413 sive
1443 1366 1504 1413 ut
1551 1358 1904 1431 Septuaginta

302 1449 1046 1524 transtulerant,sanguinis,
1079 1452 1188 1509 hoc
1232 1462 1317 1509 est
1354 1454 1499 1525 quod
1557 1454 1625 1510 ad
1678 1455 1906 1511 mortale

298 1545 543 1615 pertinet
561 1544 792 1613 crimen,
817 1547 1040 1602 stabunt
1070 1547 1382 1604 sacerdotes
1412 1548 1464 1603 in
1489 1548 1712 1619 judieiis
1736 1548 1898 1614 meis,

298 1644 362 1692 ut
389 1650 501 1693 non
543 1636 792 1708 judicent
832 1639 1130 1696 secundum
1179 1640 1590 1707 ltonorem,nec
1636 1640 1905 1711 accipiant

297 1745 597 1802 personam
629 1734 904 1804 pauperis,
928 1736 1046 1791 sive
1070 1734 1252 1789 divitis
1285 1735 1338 1790 in
1369 1735 1613 1804 judicio:
1640 1735 1736 1791 sed
1760 1743 1902 1790 stent

2015 513 2197 569 batum
2248 514 2476 580 violant,
2517 525 2567 571 et
2601 516 2805 585 absque
2835 516 2991 585 culpa
3020 525 3147 572 sunt
3172 516 3352 591 (Matt.
3382 532 3475 586 xu,
3508 514 3566 588 5)
3600 534 3615 572 :

2016 624 2123 666 non
2156 609 2437 665 sabbatum
2490 608 2608 675 Dei,
2639 610 2732 665 sed
2764 609 3050 665 sabbatum
3084 611 3300 677 litterae,
3326 609 3614 665 sabbatum

2011 700 2353 769 Judazornm,
2386 704 2531 772 quod
2584 710 2732 757 recte
2782 702 2986 758 violant
3027 705 3123 773 qui
3153 714 3279 759 sunt
3306 718 3480 775 genus
3507 700 3618 757 elc-

2013 806 2181 864 ctum,
2238 796 2447 867 regale,
2504 797 2868 852 sacerdotale.
2930 797 3099 853 Porro
3139 798 3423 854 sabbatum
3469 796 3614 868 quod

2012 891 2408 948 sanctificatum
2438 902 2541 959 est,
2575 892 2709 948 illud
2737 892 3140 966 intelligamus,
3176 896 3317 967 quod
3368 906 3425 949 et
3469 895 3616 966 Apo-

2012 985 2187 1041 stolus
2217 987 2400 1053 docet,
2434 987 2688 1043 relictum
2712 1002 2835 1043 esse
2865 988 3065 1059 popqu
3100 987 3217 1057 Dei,
3244 988 3311 1043 de
3335 1004 3439 1058 quo
3469 987 3611 1044 dici-

2011 1089 2097 1136 tur
2128 1099 2142 1135 :
2175 1082 2229 1137 Si
2258 1082 2536 1138 intrabunt
2566 1083 2618 1137 in
2645 1083 2890 1153 requiem
2923 1098 3099 1138 meam
3145 1081 3261 1152 (Ps.
3296 1099 3443 1155 χειν,
3474 1081 3564 1154 ll)
3598 1101 3609 1139 :

2008 1173 2152 1244 quod
2208 1175 2473 1231 llebraice
2518 1173 2545 1213 δ
2587 1175 2852 1230 sabbatum
2911 1176 3243 1231 nominatur.
3302 1174 3617 1231 Sanctificat

2007 1277 2193 1323 autem
2224 1268 2509 1322 sabbatum
2541 1268 2657 1337 Dei,
2711 1269 2803 1339 qui
2844 1284 2951 1324 non
2985 1277 3167 1339 portat
3219 1283 3355 1323 onus
3410 1270 3614 1337 peccati

2008 1360 2061 1416 in
2093 1361 2343 1428 sabbato,
2370 1376 2471 1418 nec
2500 1362 2628 1418 dicit
2660 1380 2673 1417 :
2707 1363 2859 1418 Sicut
2886 1379 3024 1420 onus
3044 1379 3209 1435 grave
3230 1371 3467 1436 gravata:
3488 1372 3615 1418 sunt

2006 1468 2172 1525 super
2204 1471 2289 1511 me
2319 1454 2439 1529 (Ps.
2488 1473 2693 1524 xxxvtt,
2727 1455 2805 1530 5).
2840 1458 2941 1526 Qui
2966 1459 3089 1513 talis
3120 1468 3224 1525 est,
3257 1473 3366 1513 non
3409 1456 3616 1529 colligit

2006 1546 2149 1617 ligna
2203 1548 2252 1602 in
2311 1548 2574 1616 sabbato;
2636 1564 2741 1606 nec
2799 1550 3201 1621 superzediflcat
3256 1550 3611 1605 fundamento

2004 1640 2133 1699 Jesu
2164 1642 2393 1709 Christi,
2427 1644 2587 1715 ligna,
2619 1644 2825 1711 fenum,
2858 1645 3113 1716 stipulam
3144 1644 3187 1716 (l
3218 1642 3338 1701 Cor.
3371 1643 3484 1717 tu):
3513 1659 3612 1699 nec

2003 1739 2254 1794 accendit
2282 1740 2459 1809 ignem
2511 1739 2605 1808 qui
2635 1740 2882 1795 inutilem
2921 1740 3534 1808 consumatmateriam,
3558 1747 3616 1796 et

297 1823 355 1880 in
380 1824 608 1896 judiciis
651 1826 778 1892 Dei,
807 1834 863 1882 et
896 1827 1256 1884 recordentur
1295 1828 1442 1884 illius
1484 1828 1679 1899 psalmi
1711 1846 1724 1884 :
1759 1830 1900 1884 Dens
1932 1840 1979 1901 Β
2004 1832 2092 1887 die
2122 1832 2333 1888 sabbati
2387 1834 2439 1887 in
2471 1848 2578 1888 uno
2612 1842 2897 1903 permanet
2937 1834 3059 1889 loco
3093 1852 3107 1889 :
3140 1849 3243 1890 nec
3281 1832 3430 1889 foras
3455 1848 3613 1904 egre-

297 1916 455 1973 stetit
501 1917 555 1973 in
607 1934 883 1992 synagoga
924 1920 1179 1988 deorum,
1212 1924 1265 1978 in
1308 1922 1487 1979 medio
1539 1934 1719 1978 autem
1770 1922 1900 1979 deos

298 2008 572 2081 dijudicat
600 2011 721 2086 (Ps.
754 2030 937 2081 Lxxst,
973 2015 1049 2088 l),
1078 2014 1211 2072 deos
1252 2016 1538 2086 appellans
1576 2016 1666 2085 qui
1699 2015 1901 2072 habent

294 2102 581 2178 iudicandi
610 2105 681 2163 de
726 2107 1041 2165 hominibus
1070 2118 1396 2182 potestatem
1432 2130 1444 2166 :
1471 2112 1560 2182 qui
1587 2112 1642 2167 in
1684 2127 1790 2182 quo
1814 2111 1901 2181 ju-

296 2196 448 2255 dicio
466 2198 857 2271 judicaverint,
879 2202 1223 2273 judicabitur
1250 2203 1318 2259 de
1347 2205 1430 2260 eis
1459 2204 1615 2278 (Mat.
1646 2204 1765 2274 vn).
1798 2204 1901 2260 Le-

301 2307 425 2365 ges,
458 2294 658 2366 inquit,
692 2313 843 2353 meas
873 2308 927 2354 et
968 2310 1236 2371 prmeepta
1287 2315 1404 2356 mea
1438 2301 1490 2354 in
1522 2300 1777 2356 omnibus
1806 2314 1898 2355 so-

308 2387 689 2445 lemnitatibus
757 2393 895 2448 meis
938 2393 1267 2461 custodient,
1305 2404 1360 2448 ιιι
1414 2394 1587 2448 sciant
1624 2394 1898 2466 quomodo

296 2481 464 2538 nobis
489 2481 740 2540 Christus
768 2483 975 2542 Pascha
1008 2486 1078 2541 sit
1108 2486 1447 2553 immolatus;
1481 2485 1753 2558 quomodo
1777 2501 1901 2556 sep-

296 2582 413 2632 tem
467 2575 842 2635 hebdomadas
895 2580 1124 2652 implere
1175 2580 1469 2637 debeamus
1506 2580 1687 2652 gaudii
1733 2590 1899 2651 atque

292 2666 525 2735 lzetitiaa,
549 2680 605 2728 et
622 2672 913 2730 humiliare
926 2674 1136 2729 animas
1155 2682 1368 2729 nostras
1397 2676 1448 2729 in
1472 2674 1708 2745 jejunio;
1735 2674 1891 2731 cian—

296 2777 599 2835 goremque
628 2766 881 2821 tubarum
914 2766 1220 2838 intelligere
1247 2776 1303 2824 et
1334 2768 1690 2838 scenOpegias
1730 2768 1895 2838 spirio

295 2860 501 2926 tuales,
530 2859 585 2915 in
607 2860 806 2931 quibus
836 2861 1068 2917 dicimus
1101 2878 1114 2917 :
1144 2861 1366 2918 Advena
1396 2877 1515 2917 sum
1541 2876 1643 2933 ego
1669 2870 1723 2917 et
1750 2876 1899 2931 pere-

295 2953 490 3026 grinus
515 2952 659 3009 sicut
687 2969 877 3011 omnes
905 2964 1089 3026 patres
1119 2956 1223 3010 mei
1253 2954 1371 3026 (Ps.
1396 2970 1621 3021 xxxvttt,
1658 2956 1770 3021 15).
1805 2952 1897 3008 liae

297 3054 430 3102 sunt
460 3060 602 3103 verae
631 3047 1002 3103 solemnitates
1024 3047 1141 3113 Dei,
1166 3064 1299 3119 quas
1328 3047 1753 3118 consequentius
1775 3046 1896 3117 quis

296 3137 730 3198 Pentateuchum
770 3141 1047 3199 disserens
1082 3141 1551 3213 interpretabitur.
1580 3140 1754 3196 Prima
1787 3139 1897 3195 vir-

2006 1925 2172 1995 ditur,
2208 1925 2304 1983 sed
2337 1926 2490 1997 quasi
2523 1928 2773 1981 columna
2809 1927 2860 1982 in
2895 1928 3096 1999 templo
3128 1926 3223 1982 Dei
3250 1926 3463 1998 positus
3488 1940 3613 1996 per-

2007 2027 2212 2083 manet,
2273 2034 2439 2087 super
2467 2033 2577 2088 quo
2606 2018 2851 2074 Jonnnes
2894 2018 3087 2075 scribit
3127 2019 3180 2074 in
3236 2017 3559 2091 Apocalypsi
3596 2035 3607 2070 :

2003 2109 2108 2178 Qui
2139 2110 2353 2178 vicerit,
2383 2109 2583 2165 faciam
2626 2111 2776 2166 illum
2803 2111 3111 2167 columnam
3154 2112 3205 2166 ia
3264 2112 3464 2181 templo
3512 2111 3609 2168 Dei

2004 2203 2136 2267 mei,
2166 2210 2224 2257 et
2252 2202 2400 2257 foras
2424 2219 2533 2258 non
2565 2203 2877 2274 egredietur
2904 2206 3137 2275 amplius
3167 2204 3351 2278 (Apoc.
3385 2220 3463 2273 ιιι,
3488 2205 3604 2275 12).

2004 2293 2269 2366 Quodque
2321 2297 2567 2367 sequitur
2600 2315 2611 2351 :
2647 2297 2713 2352 Et
2741 2297 2808 2352 ad
2840 2306 3112 2352 mortuum
3164 2296 3442 2353 hominem
3497 2314 3603 2353 non

2005 2388 2413 2460 ingredientur,
2459 2407 2525 2447 ne
2571 2392 2929 2462 polluantur:
2976 2392 3202 2463 proprie
3250 2390 3609 2448 sacerdotalis

2004 2485 2167 2542 officii
2197 2495 2299 2552 est,
2333 2486 2621 2542 morticina
2641 2504 2747 2543 non
2775 2497 3022 2559 tangere,
3044 2498 3099 2542 ut
3120 2488 3210 2558 qui
3240 2502 3342 2560 pro
3370 2487 3607 2543 aliorum

2002 2580 2151 2635 vitiis
2181 2579 2534 2652 deprecatur,
2568 2580 2684 2652 ipse
2705 2580 2770 2634 ad
2803 2581 2977 2637 altare
3005 2580 3236 2636 mundus
3256 2580 3503 2637 accedat.
3528 2579 3607 2637 De

2003 2674 2198 2746 quibus
2247 2674 2477 2729 mortuis
2523 2683 2578 2730 et
2616 2674 2870 2731 Salvator
2900 2673 3147 2745 loquitur
3178 2674 3231 2728 in
3263 2672 3559 2744 Evangelio
3593 2691 3607 2729 :

2005 2765 2228 2823 Dimitte
2283 2775 2532 2821 mortuos
2562 2780 2619 2820 ut
2670 2760 2939 2837 sepeliant
2994 2774 3238 2821 mortuos
3280 2764 3443 2840 554
3480 2782 3608 2821 suos

2006 2859 2223 2933 (Matth.
2259 2876 2372 2926 vnt,
2395 2860 2512 2931 2‘2).
2536 2862 2624 2916 isti
2645 2860 3087 2916 contaminantur
3111 2860 3164 2915 in
3189 2871 3342 2932 patre
3366 2870 3609 2926 mortuo,

2001 2953 2222 3026 quando
2260 2954 2579 3026 relinquunt
2605 2953 2927 3010 Creatorem
2961 2970 3117 3008 suum
3173 2971 3187 3008 :
3248 2962 3304 3009 et
3345 2953 3398 3008 in
3435 2962 3609 3009 matre

2001 3038 2242 3119 mortua,
2280 3048 2349 3105 de
2382 3049 2626 3105 Ecclesia
2661 3047 2984 3104 recedentes
3012 3064 3025 3103 :
3070 3047 3125 3103 in
3157 3046 3272 3103 filio
3304 3062 3520 3121 quoque
3552 3057 3607 3102 et

2003 3141 2133 3211 filia,
2167 3143 2309 3215 quod
2336 3141 2485 3197 aliud
2517 3142 2585 3197 ad
2612 3141 2994 3215 cogitationes,
3022 3140 3171 3197 aliud
3202 3140 3266 3195 ad
3300 3156 3463 3211 Opera
3484 3156 3609 3211 per-

300 3240 387 3289 tus
414 3243 500 3290 est
537 3234 868 3301 sacerdotis,
900 3251 1006 3290 non
1034 3243 1239 3291 tantum
1269 3235 1468 3292 docere
1496 3250 1615 3306 qua:
1659 3233 1893 3299 not-erit,
1926 3245 1970 3308 ο
2003 3236 2161 3303 tinet,
2193 3235 2335 3307 quod
2364 3234 2759 3306 signiﬁcantius
2781 3235 2973 3291 Graece
3000 3235 3201 3290 dicitur
3229 3238 3294 3291 τὰ
3316 3238 3476 3295 νοητὰ
3522 3238 3605 3291 καὶ

296 3329 396 3384 sed
424 3343 620 3385 omnes
658 3330 751 3386 Dei
781 3330 1108 3386 festivitates
1148 3330 1448 3397 custodire,
1480 3339 1537 3384 ut
1568 3330 1739 3401 possit
1769 3328 1894 3383 aliis

295 3423 655 3480 custodienda
690 3426 987 3496 principch
1009 3442 1130 3498 qua:
1160 3434 1216 3482 et
1236 3427 1354 3499 ipse
1377 3425 1770 3482 observaverit.
1799 3422 1896 3480 Sa-

294 3516 585 3574 cerdotum
608 3527 791 3575 autem
813 3518 1055 3575 officium
1079 3534 1201 3576 esse
1223 3519 1361 3590 legis
1389 3519 1594 3575 habere
1624 3517 1893 3583 notitiam,

292 3610 433 3666 etin
463 3612 735 3668 Malachia
778 3613 1063 3682 discimus,
1092 3615 1183 3685 qui
1226 3615 1302 3670 ait
1334 3632 1345 3669 :
1377 3613 1541 3669 Labia
1595 3610 1896 3668 sacerdotis

293 3703 614 3760 custodierit
634 3705 1013 3777 scientiam,et
1039 3707 1210 3776 legem
1243 3707 1520 3775 requirent
1536 3721 1601 3761 ex
1629 3719 1723 3760 ore
1744 3703 1893 3774 ejus:

293 3796 425 3868 quia
444 3796 674 3870 angelus
706 3797 918 3854 Domini
943 3800 1278 3855 exercituum
1292 3808 1375 3856 est
1403 3799 1563 3872 (Mal.
1584 3814 1642 3860 ιι.
1669 3797 1747 3869 7).

368 3888 642 3961 (Vers.25
654 3890 833 3962 seqq.)
854 3890 922 3946 Et
946 3891 1158 3946 sabbata
1174 3908 1287 3947 mea
1311 3878 1731 3962 sanctiﬁcabunt,
1760 3900 1808 3946 et
1828 3890 1897 3945 ad

292 3980 458 4055 553
486 3993 750 4038 mortuum
768 3984 1031 4039 hominem
1057 4002 1161 4039 non
1182 3986 1554 4057 ingredientur,
1570 4002 1633 4040 ne
1652 3986 1897 4059 polluan-

296 4086 384 4132 tur
415 4077 540 4148 (pro
587 4092 695 4149 quo
745 4077 1096 4150 Septuaginta
1143 4077 1579 4147 transtulerunt,
1641 4088 1684 4133 et
1740 4096 1897 4151 super

293 4170 526 4225 animum
552 4170 776 4225 hominis
804 4188 909 4225 non
958 4171 1310 4244 ingrediantur
1329 4213 1345 4238 ,
1404 4187 1465 4223 ne
1509 4169 1849 4240 polluantur)
1877 4186 1895 4225 :

292 4262 399 4318 nisi
421 4264 493 4317 ad
519 4273 737 4335 patrem,
770 4263 966 4334 inquit,
1022 4274 1071 4319 et
1126 4274 1361 4327 matrem,
1411 4264 1579 4334 ﬁlium
1620 4272 1665 4318 et
1705 4264 1890 4332 ﬁliam,

294 4358 509 4428 fratrem
536 4365 585 4411 et
612 4372 838 4412 sororem
866 4372 981 4427 qna:
1008 4358 1178 4412 virum
1220 4374 1321 4411 non
1354 4356 1554 4424 habuit,
1592 4365 1615 4393 ιι
1644 4355 1895 4411 contami-

291 4454 579 4507 nalmntur.
607 4451 677 4506 Et
710 4462 981 4527 postquam
1010 4455 1162 4525 fuerit
1193 4453 1493 4520 mundatus,
1550 4462 1742 4526 septem
1786 4451 1893 4506 dies

293 4544 710 4600 numerabantur
738 4546 816 4612 ei,
842 4556 888 4600 et
914 4547 966 4600 in
986 4545 1073 4601 die
1100 4546 1338 4601 introitus
1362 4547 1444 4600 sui
1470 4547 1523 4599 in
1540 4546 1894 4599 sanctuarium

1998 3328 2237 3387 αἰσθητά.
2279 3327 2531 3383 Fratrem
2564 3343 2783 3398 quoque
2829 3339 2881 3382 et
2930 3342 3171 3382 sororem
3202 3372 3215 3396 ,
3273 3328 3361 3398 qui
3407 3326 3602 3382 eodem

1998 3430 2223 3478 renatus
2254 3431 2338 3479 est
2376 3422 2595 3493 spiritu,
2627 3423 2671 3477 si
2706 3422 2977 3491 putaverit
3008 3430 3305 3489 mortuum,
3330 3422 3603 3476 contami-

2001 3526 2163 3571 natur
2188 3516 2241 3570 in
2274 3531 2341 3572 eo
2376 3534 2388 3569 :
2422 3517 2495 3571 ita
2526 3515 2807 3571 dumtaxat
2842 3517 2885 3569 si
2918 3531 3080 3571 soror
3107 3516 3257 3586 virgo
3293 3532 3607 3587 permanse-

1999 3612 2093 3678 rit,
2127 3626 2227 3666 nec
2256 3610 2421 3667 ullius
2452 3611 2552 3666 viri
2607 3611 2771 3667 fuerit
2826 3613 3092 3667 maculata
3156 3613 3469 3685 complexu.
3526 3613 3604 3667 Ex

1998 3704 2193 3776 quibus
2225 3703 2581 3776 intelligimus
2638 3704 2977 3776 privilegium
3016 3706 3305 3775 virginale,
3339 3704 3480 3778 quod
3514 3721 3607 3760 Cll-

1992 3798 2219 3869 juslibet
2244 3799 2341 3853 viri
2373 3810 2687 3867 contactus,
2715 3798 3010 3869 perfectam
3044 3799 3253 3854 auferat
3288 3800 3605 3871 puritatem.

1999 3908 2121 3963 quae
2144 3905 2326 3947 utrum
2367 3900 2536 3958 recte,
2572 3906 2857 3961 perperam
2892 3908 2958 3946 ne
3000 3891 3142 3947 dicta
3197 3895 3329 3957 sint,
3378 3892 3607 3946 lectoris

1999 3985 2230 4039 arbitrio
2251 3983 2641 4055 relinquamus.
2676 3984 2892 4039 Natura:
2926 4000 3143 4055 quoque
3166 4000 3332 4054 super
3357 3984 3457 4038 hoc
3485 3998 3608 4053 pro-

1999 4079 2157 4135 batur
2186 4078 2451 4150 afl‘eetus,
2487 4089 2543 4133 ut
2570 4078 2763 4134 ordine
2792 4078 3075 4133 eharitatis
3119 4079 3270 4148 juxta
3304 4076 3446 4149 quod
3473 4078 3611 4132 scri-

2000 4184 2150 4244 ptum
2194 4183 2280 4229 est
2312 4192 2325 4226 :
2358 4172 2623 4229 Ordinale
2664 4173 2716 4227 in
2752 4188 2837 4228 me
2867 4172 3191 4227 charitatem
3226 4169 3397 4242 (Cant.
3429 4186 3488 4239 ιι,
3524 4167 3605 4240 4),

1999 4274 2127 4334 post
2176 4280 2358 4319 rerum
2394 4273 2679 4333 parentem
2738 4265 2933 4330 Deum,
2994 4264 3177 4318 carnis
3209 4278 3427 4335 quoque
3456 4270 3609 4334 pater

1998 4357 2255 4429 diligatur
2285 4368 2339 4413 et
2370 4370 2581 4422 mater;
2630 4358 2774 4412 filius
2828 4366 2885 4411 ct
2919 4358 3064 4422 lilia;
3110 4356 3282 4411 frater
3325 4363 3381 4410 et
3414 4370 3604 4421 soror;

1998 4451 2069 4508 ita
2103 4451 2385 4506 dumtaxat
2411 4454 2457 4506 si
2489 4451 2557 4506 de
2580 4450 2743 4505 domo
2768 4466 2873 4504 non
2908 4448 3128 4512 exierit,
3158 4462 3258 4502 nec
3291 4447 3343 4501 in
3380 4447 3608 4503 alterius

2001 4546 2278 4602 transierit
2299 4553 2645 4616 potestatem.
2676 4544 2969 4613 Postquam
2994 4554 3173 4595 autem
3200 4532 3463 4596 saé'erdos
3490 4538 3608 4595 fue-

289 4646 344 4693 et
374 4637 445 4691 ad
475 4638 667 4693 atrium
693 4639 935 4707 interius,
969 4649 1024 4695 ut
1069 4640 1322 4696 ministret
1353 4638 1477 4696 mihi
1497 4641 1548 4693 in
1571 4640 1891 4703 sanctuario,
1922 4650 1975 4711 1)
2000 4640 2070 4697 rit
2095 4639 2419 4695 emundatus
2445 4637 2841 4709 purificationis
2887 4635 3103 4700 ordine,
3132 4650 3257 4705 qua:
3288 4633 3342 4689 in
3370 4632 3605 4688 Mosaica

290 4729 478 4799 offeret
502 4748 598 4804 pro
629 4743 836 4803 peccato
865 4750 960 4790 suo
1002 4733 1221 4789 Domino
1266 4732 1372 4790 Deo
1400 4735 1537 4807 (sive
1576 4734 1753 4804 o/feret
1778 4734 1894 4806 pla-

290 4829 597 4899 eationem).
630 4827 753 4883 Non
779 4829 877 4884 erit
898 4838 1072 4884 autem
1099 4831 1170 4884 eis
1200 4830 1472 4885 hereditas
1497 4847 1516 4885 :
1543 4846 1636 4902 ego
1675 4828 1894 4885 Incredi-

292 4928 376 4975 tas
394 4936 596 4988 eorum,
643 4930 691 4975 et
718 4922 1064 4995 possessiones
1093 4938 1195 4978 non
1239 4923 1427 4978 dabitis
1464 4923 1538 4979 eis
1569 4924 1621 4977 in
1672 4919 1844 4976 Israel
1875 4936 1894 4975 :

289 5030 388 5087 ego
413 5015 669 5089 possessio
684 5031 883 5071 eorum.
916 5016 1106 5073 Adhuc
1142 5016 1518 5073 sacerdotibus
1543 5017 1854 5089 prmcipitur
1879 5028 1895 5075 :

290 5109 347 5166 in
380 5110 581 5182 quibus
602 5112 1024 5178 observandum,
1056 5113 1201 5183 quod
1234 5128 1341 5169 non
1381 5112 1848 5169 dixeritabsolute
1882 5129 1895 5163 :

288 5213 343 5259 et
371 5204 586 5260 sabbata
619 5205 1049 5278 sanctiﬁcabunt;
1079 5206 1167 5263 vel
1203 5207 1359 5276 juxta
1396 5206 1590 5262 Isaiam
1624 5224 1636 5260 :
1669 5205 1903 5262 Neome-

288 5297 413 5354 nias
437 5306 496 5353 et
517 5298 743 5355 sabbata
774 5307 957 5356 vestra
983 5300 1098 5356 odit
1134 5299 1311 5356 anima
1343 5315 1461 5355 mea
1495 5297 1653 5370 (Isai.
1685 5316 1722 5367 ι,
1757 5296 1846 5370 l5)
1885 5314 1899 5352 :

288 5392 389 5450 sed
433 5409 561 5451 cum
612 5392 959 5452 distinctione
990 5440 1003 5462 ,
1070 5396 1281 5452 sabbata
1333 5411 1463 5450 mea.
1529 5393 1682 5451 Unde
1733 5403 1788 5449 et
1843 5394 1898 5447 in

363 5567 392 5597 ἰ
418 5557 605 5631 Vulg,
638 5575 756 5632 qua:
784 5559 1005 5615 alterum
1034 5561 1197 5615 virum
1223 5577 1325 5615 non
1346 5561 1576 5615 habuerit
1599 5577 1620 5615 :
1649 5566 1889 5632 attamen

287 5629 446 5687 Hier.
503 5629 560 5687 in
584 5629 836 5705 subnexa
858 5634 1225 5705 (expositione,
1253 5635 1299 5688 si
1334 5649 1502 5697 soror,
1526 5632 1722 5702 inquit,
1747 5631 1891 5705 uirgo

358 5704 655 5773 rmanserit,
688 5721 778 5759 nec
807 5701 968 5760 ullius
994 5706 1090 5759 viri
1120 5705 1276 5773 fuerit
1306 5708 1564 5759 maculata
1594 5701 1887 5773 complexu.

358 5719 655 5773 manserit,
688 5721 778 5759 nec
807 5719 968 5760 uutus
994 5722 1090 5759 vm
1140 5719 1276 5761 ’uertt
1306 5719 1564 5759 maculata
1594 5719 1887 5773 comptexu.

283 5719 429 5829 q‘eum
446 5774 659 5849 Baban.
679 5790 920 5849 quoque,
942 5778 997 5831 in
1025 5719 1207 5849 quibus
1234 5775 1705 5831 contaminabatur.
1725 5774 1891 5829 Paulo

284 5856 416 5917 post
446 5846 656 5906 Victor.
686 5846 754 5905 ad
778 5846 1065 5921 Vulgatatn
1096 5849 1407 5917 lectionem,
1435 5864 1531 5920 pro
1561 5853 1770 5919 peccato
1794 5859 1891 5899 suo

1997 4735 2117 4806 lege
2146 4732 2455 4803 conscripta
2508 4739 2614 4796 est,
2663 4739 2873 4799 septem
2902 4727 3021 4783 dies
3069 4727 3505 4783 numerabuntur
3532 4727 3605 4791 ei,

1998 4830 2083 4886 vel
2105 4826 2373 4899 perfectus
2403 4840 2661 4880 numerus
2685 4821 3066 4894 pmnitudinis,
3094 4821 3177 4876 vel
3206 4831 3325 4893 post
3348 4834 3605 4875 consum-

1999 4922 2293 4979 mationem
2321 4915 2526 4986 mundi,
2548 4915 2764 4987 quando
2783 4914 2847 4969 ad
2871 4930 3057 4969 veram
3081 4915 3379 4969 transimus
3404 4913 3605 4985 ogdoa-

1999 5016 2148 5085 dem,
2198 5024 2255 5071 ut
2308 5014 2550 5068 introeat
2589 5018 2776 5067 sancta
2826 5019 3142 5066 sanctorum
3174 5008 3304 5080 (hoc
3334 5017 3418 5063 est
3456 5006 3602 5061 enim

2013 5110 2241 5166 interius
2268 5107 2490 5178 atrium)
2523 5115 2579 5161 et
2625 5105 2798 5176 possit
2850 5102 3165 5158 ministrare
3196 5102 3249 5155 in
3290 5099 3602 5155 sanctuario

2009 5215 2065 5262 et
2092 5218 2305 5274 semper
2330 5200 2528 5259 offerre
2549 5217 2646 5274 pro
2667 5208 2892 5273 peccato
2918 5197 3265 5254 conscientiae
3287 5195 3560 5250 victimam
3585 5212 3599 5249 :

2010 5313 2110 5355 nec
2133 5298 2298 5354 ullum
2323 5304 2536 5368 tempus
2559 5296 2631 5349 sit
2657 5310 2765 5366 quo
2795 5308 2901 5348 non
2936 5291 3251 5346 recordetur
3275 5286 3598 5343 maculatum

2009 5409 2069 5449 se
2098 5391 2267 5448 fuisse
2289 5405 2452 5462 super
2480 5399 2632 5461 patre
2657 5397 2713 5443 et
2733 5394 2928 5451 matre,
2963 5383 3075 5439 filio
3106 5393 3159 5440 et
3182 5382 3314 5449 lilia,
3348 5380 3517 5436 fratre
3544 5391 3599 5437 et

1998 5558 2073 5610 ait
2098 5555 2350 5611 Dominus
2369 5555 2529 5610 Deus.

2072 5627 2099 5666 ι)
2130 5628 2188 5684 1η
2217 5627 2506 5690 Hebraico,
2538 5626 2713 5698 inquit
2739 5619 3597 5698 Victor.,estanrmunonsah-

1997 5699 2440 5770 batum.,Verum
2458 5692 2685 5755 Hiero—tt.
2709 5700 2774 5752 ad
2795 5711 2984 5770 vocem
3002 5696 3224 5766 quietis,
3248 5711 3370 5767 qua:
3399 5692 3609 5770 sabbar

1998 5779 2111 5828 tum
2141 5764 2358 5845 quoque
2411 5770 2712 5843 significat,
2753 5767 2969 5839 alludit,
3001 5764 3109 5823 non
3141 5764 3327 5825 voce'm
3351 5764 3586 5822 sabbati.
