4108 6338
479 299 587 357 “7
1741 296 1801 354 S.
1845 294 2119 354 EUSEBII
2158 290 2544 351 IIIERONYMI
3684 288 3787 348 448

485 413 542 472 in
571 413 927 487 longitudine,
958 422 1014 469 et
1039 412 1228 469 decem
1253 412 1420 470 millia
1463 412 1516 469 in
1546 411 1852 471 latitudine.
1883 412 2087 470 Levita
2111 415 2162 478 Α
2191 420 2341 484 ptum
2372 418 2457 467 est
2483 427 2497 466 :
2525 409 2742 465 Dimitte
2763 408 2987 475 malum,
3013 417 3068 465 et
3093 410 3177 465 t‘ac
3201 408 3402 465 bonum
3422 423 3438 475 ;
3461 406 3789 474 econtrario,

486 517 694 577 autem,
728 506 779 563 id
808 515 892 562 est
932 506 1155 563 inferior
1184 505 1401 576 gradus,
1429 505 1680 563 eumdem
1728 506 1945 578 quidem
1986 521 2087 561 nu-
2182 503 2446 576 judicium
2471 501 2635 558 facile
2658 512 2819 571 atque
2843 500 3111 572 justitiam
3133 500 3250 574 (Ps.
3282 516 3469 570 χχχνι,
3497 498 3618 570 ‘27),
3647 497 3792 568 judi-

486 615 698 658 merum
731 599 929 656 habeat
969 598 1023 654 in
1048 600 1386 671 longitudine
1410 640 1426 667 ,
1457 599 1562 657 hoc
1588 607 1693 667 est,
1723 599 1911 671 viginti
1931 599 2086 670 quin-
2189 606 2379 655 cautes
2402 594 3068 667 pupillo,etjustiﬁcantes
3086 594 3324 649 viduam:
3345 601 3595 665 separate
3613 600 3791 647 vestra

486 707 593 764 que
617 692 820 749 millia:
857 693 956 750 sed
996 692 1227 748 latitudo
1275 693 1517 764 ipsorum
1564 694 1815 765 quinario
1863 707 2090 748 numero
2190 692 2853 765 conﬁniaapopulomeo,
2878 709 2945 749 ne
2967 692 3221 749 videlicet
3238 688 3798 749 terminostransiera-

490 786 732 842 ﬁniatur.
759 785 914 843 Unde
939 796 993 841 et
1014 786 1202 858 viginti
1229 795 1433 841 tantum
1462 796 1647 841 tenent
1669 783 2047 857 gazophylacia
2072 801 2087 838 :

2197 790 2289 845 tis.
2306 788 2374 843 Et
2391 787 2517 857 quia
2538 788 2655 858 ipsa
2673 786 3031 843 vicinialtcdit
3044 786 3389 842 humiliorem
3407 831 3421 853 ,
3448 784 3539 853 qui
3559 781 3801 852 superci-

491 878 549 935 in
575 894 680 950 quo
730 893 958 935 numero
1007 878 1307 936 oﬂ‘eruntur
1345 894 1573 935 munera
1617 878 1781 934 Esau.
1831 878 2092 948 Princeps
2192 882 2323 938 lium
2360 882 2519 955 561
2548 882 2775 953 majoris
2801 890 2855 937 et
2900 881 3221 951 potentioris
3264 896 3371 937 non
3410 887 3591 951 potest
3617 878 3795 935 susti-

489 987 622 1029 vero
648 974 740 1044 qui
772 988 902 1029 vere
932 973 1186 1045 princeps
1218 974 1270 1028 in
1301 973 1501 1044 papulo
1529 982 1633 1040 est,
1658 980 1715 1028 et
1736 981 1974 1028 meretur
1993 972 2095 1027 du-

489 1067 570 1122 cis
597 1082 794 1123 nomen
826 1070 1103 1137 accipere,
1138 1067 1262 1122 hinc
1302 1066 1425 1121 inde
1470 1066 1667 1138 accipit
1694 1067 2091 1137 possessionem

490 1160 788 1217 sanctuarii
819 1177 831 1213 :
856 1174 921 1215 ex
942 1160 1194 1215 omnibus
1218 1159 1469 1216 videlicet
1486 1160 1641 1232 quiei
1664 1159 1942 1216 voluntate
1966 1159 2096 1216 sub-

491 1255 626 1326 jecti
656 1263 801 1322 sunt,
836 1261 892 1310 et
924 1254 1074 1310 urbis
1108 1254 1391 1309 habitator
1422 1266 1528 1321 est,
1562 1254 1971 1326 multorumque
2002 1271 2096 1311 sa-

495 1348 690 1417 lutem,
719 1364 873 1405 suam
906 1349 1211 1405 mercedem
1246 1350 1389 1404 facit.
1420 1350 1476 1404 In
1508 1349 1673 1421 priori
1699 1350 1921 1420 templo,
1954 1350 2096 1420 quod

493 1442 694 1499 dicitur
715 1443 1106 1510 sanctuarium,
1133 1442 1412 1514 quingenti
1447 1459 1542 1513 per
1562 1443 1773 1515 singula
1805 1444 1976 1499 latera
2005 1458 2100 1499 ca-

498 1534 627 1593 lami
659 1535 1044 1591 describuntur
1075 1553 1089 1591 :
1132 1546 1190 1592 et
1234 1551 1446 1592 rursum
1482 1536 1867 1608 quinquaginta
1907 1536 2098 1606 cubiti,

501 1631 701 1703 quibus
726 1631 904 1685 omnis
930 1630 1271 1687 sacerdotum
1297 1632 1567 1701 possessio
1598 1642 1896 1702 separatur.
1929 1629 1987 1687 In
2016 1646 2103 1688 se-

507 1726 690 1782 cundo
711 1734 893 1781 autem
925 1726 1253 1793 sanctuario,
1286 1725 1374 1780 ubi
1401 1733 1527 1781 sunt
1551 1734 1736 1781 sancta
1765 1733 2099 1791 sanctorum,

2196 992 2347 1043 nere,
2376 988 2402 1013 ει
2436 976 2560 1030 hinc
2593 990 2687 1045 per
2719 975 2911 1030 Isaiam
2942 973 3180 1030 dicitur:
3204 973 3299 1029 Vae
3328 976 3420 1045 qui
3469 970 3801 1042 conjungitis

2196 1070 2420 1126 domum
2452 1069 2521 1125 ad
2557 1070 2801 1135 domum,
2834 1077 2890 1124 et
2918 1083 3121 1139 agrum
3161 1082 3293 1138 agro
3330 1066 3598 1137 copulatis
3630 1078 3803 1134 usque

2196 1162 2262 1218 ad
2303 1162 2594 1217 terminum
2643 1161 2767 1217 loci.
2807 1161 2920 1216 Hoc
2959 1160 3176 1217 interim
3208 1160 3410 1215 dictum
3454 1160 3529 1215 sit
3558 1159 3627 1214 ad
3659 1157 3805 1213 illius

2198 1258 2463 1329 temporis
2506 1257 2789 1328 pOpulum.
2827 1257 3099 1311 Czcterum
3142 1264 3196 1311 et
3226 1255 3431 1310 nostris
3466 1252 3807 1325 principibus

2202 1360 2527 1425 praeceptum
2578 1352 2778 1422 poterit
2812 1350 3087 1421 coaptari,
3119 1349 3212 1422 qui
3258 1351 3311 1405 in
3355 1364 3562 1406 morem
3591 1348 3810 1404 Phara-

2200 1450 2345 1514 onis,
2371 1457 2427 1503 et
2454 1446 2829 1520 zEgyptiorum
2857 1446 3178 1516 opprimunt
3207 1445 3348 1501 Iilios
3382 1444 3547 1500 Israel
3578 1459 3675 1513 per
3700 1460 3803 1515 po-

2204 1542 2453 1605 tentiam,
2500 1556 2598 1597 nec
2629 1540 2999 1596 meminerunt
3018 1540 3283 1611 scriptum
3321 1558 3333 1594 :
3362 1540 3562 1595 Ducem
3597 1548 3648 1593 te
3678 1553 3811 1593 con-

2203 1634 2516 1700 stituerunt,
2540 1648 2610 1688 ne
2627 1632 2861 1689 eleveris
2892 1651 2907 1689 :
2936 1632 3031 1688 sed
3056 1640 3177 1688 esto
3202 1633 3345 1688 inter
3364 1647 3461 1689 eos
3488 1633 3643 1703 quasi
3669 1647 3812 1688 unus

2205 1744 2270 1784 ex
2294 1728 2426 1799 ipsis
2455 1726 2627 1798 (Eccl.
2663 1742 2844 1792 χχχιι,
2872 1727 2947 1799 I).
2984 1726 3051 1782 Et
3082 1726 3211 1781 illud
3252 1725 3396 1797 quod
3426 1726 3480 1781 in
3514 1724 3814 1795 Evangelia

502 1818 733 1876 latitudo
762 1819 946 1888 templi
972 1827 1028 1874 et
1055 1819 1288 1889 spatium
1322 1835 1429 1875 non
1476 1819 1825 1888 describitur,
1876 1818 1972 1876 sed
2016 1821 2101 1875 in-
2132 1821 2179 1882 B
2207 1824 2341 1879 κατὰ
2396 1826 2594 1878 Λουκᾶν
2641 1819 2904 1876 Dominus
2952 1820 3235 1889 loquitur:
3270 1820 3326 1876 Si
3376 1828 3557 1876 autem
3616 1818 3820 1875 dixerit

504 1922 687 1970 certus
718 1928 975 1969 numerus
1001 1922 1105 1971 est.
1140 1913 1294 1982 Quod
1337 1914 1555 1984 quidem
1588 1924 1642 1968 et
1672 1914 1725 1968 in
1756 1913 2105 1983 possessione

505 2006 768 2081 principis
795 2008 1120 2076 invenimus,
1152 2010 1243 2080 qui
1284 2008 1488 2080 absque
1534 2008 1643 2064 ullo
1687 2023 1914 2064 numero
1944 2008 2107 2064 habet

507 2102 913 2175 possessionem
939 2103 993 2157 in
1016 2102 1216 2174 p0pulo
1236 2102 1425 2170 Israel,
1441 2102 1568 2157 dum
1597 2100 1875 2172 profectus
1897 2103 2107 2158 univer-

507 2209 694 2253 sorum
721 2195 988 2252 redundat
1010 2195 1075 2251 ad
1100 2194 1397 2266 principem
1423 2213 1437 2249 :
1462 2205 1515 2251 et
1534 2194 1918 2266 discipulorum
1936 2193 2104 2263 salus,

507 2291 794 2363 praemium
827 2294 1208 2361 magistrorum
1232 2299 1337 2347 est.

583 2383 776 2455 (Vers.
809 2382 899 2455 9.)
935 2383 1060 2438 Harc
1086 2384 1209 2439 dicit
1247 2384 1498 2439 Dominus
1538 2382 1680 2440 Deus
1704 2400 1723 2439 :
1753 2384 2002 2456 Sufﬁciat
2023 2399 2109 2438 vo-

510 2479 611 2547 bis,
640 2479 895 2551 principes
922 2477 1091 2533 Israel
1126 2496 1145 2534 :
1185 2480 1501 2550 iniquitatem
1537 2487 1583 2534 et
1624 2479 1835 2548 rapinas
1862 2478 2114 2532 intermit-

512 2572 626 2633 tite.
651 2580 699 2626 et
712 2572 1000 2644 judicium,
1023 2582 1071 2626 et
1082 2573 1343 2646 justitiam
1356 2572 1535 2643 facite,
1562 2581 1608 2625 et
1630 2580 1867 2643 separate
1888 2571 2113 2641 conﬁnia

512 2673 685 2719 vestra
712 2682 745 2722 a
771 2666 964 2739 papqu
1006 2682 1116 2721 meo
1143 2708 1158 2733 ,
1189 2667 1259 2719 ait
1289 2666 1543 2722 Dominus
1578 2665 1732 2720 Deus.
1782 2666 1887 2722 Pro
1916 2666 2113 2738 rapinis

512 2758 660 2817 LXX
688 2762 947 2815 miseriam
980 2762 1373 2817 transtulerunt
1402 2779 1415 2816 :
1460 2778 1557 2832 pro
1596 2763 1865 2833 conﬁniis,
1904 2770 2117 2834 Oppres-

512 2855 734 2909 sionem.
769 2856 868 2911 Est
893 2864 1073 2911 autem
1125 2872 1321 2913 sensus
1350 2874 1362 2910 :
1394 2856 1529 2925 Quia
1572 2857 1863 2927 accepistis
1908 2866 2112 2925 partem

513 2957 775 3014 vestram,
829 2966 861 3004 ο
915 2951 1213 3021 principes,
1256 2950 1537 3022 Scriptura
1589 2950 1803 3005 dicente
1834 2967 1848 3004 :
1877 2948 2114 3018 Principi

524 3061 741 3118 quoque
768 3047 896 3104 hinc
929 3048 1053 3104 inde
1101 3050 1153 3104 in
1202 3052 1600 3120 separationem
1651 3048 1939 3105 sanctuarii
1992 3061 2117 3117 pos-

513 3140 817 3197 sessionem
864 3141 1122 3209 civitatis,
1153 3142 1471 3198 subauditur
1498 3142 1728 3205 dabitis;
1771 3151 1823 3197 et
1859 3149 2002 3195 tanta
2033 3148 2113 3195 est

2209 1932 2398 1973 servus
2426 1916 2515 1971 ille
2544 1916 2595 1971 in
2623 1915 2792 1971 corde
2816 1931 2948 1981 suo,
2981 1923 3224 1971 moratur
3248 1915 3506 1970 dominus
3537 1929 3697 1970 meus
3721 1929 3821 1970 ve—

2212 2012 2351 2079 nire,
2384 2023 2441 2068 et
2466 2011 2695 2081 ceperit
2724 2018 3011 2081 percutere
3042 2023 3234 2066 servos
3268 2018 3321 2064 et
3349 2009 3600 2075 ancillas,
3628 2023 3820 2065 come-

2210 2104 2340 2161 dere
2361 2112 2418 2160 et
2438 2103 2645 2170 bibere,
2660 2110 2715 2159 et
2737 2102 3203 2171 inebriari,veniet
3220 2100 3647 2174 562dominus
3671 2098 3820 2157 servi

2212 2200 2357 2256 illius
2383 2199 2438 2254 in
2461 2199 2549 2254 die
2568 2213 2672 2269 qua
2705 2212 2814 2252 non
2849 2204 3018 2267 putat,
3049 2203 3106 2252 et
3134 2195 3267 2251 hora
3289 2211 3393 2266 qua
3419 2196 3625 2263 nescit,
3653 2204 3708 2250 et
3734 2194 3821 2250 di-

2211 2293 2363 2349 videt
2408 2307 2555 2358 eum,
2600 2300 2655 2347 et
2692 2298 2903 2361 partem
2947 2290 3068 2360 ejus
3116 2298 3284 2361 ponet
3329 2304 3454 2345 cum
3502 2288 3821 2345 inﬁdelibus

2214 2388 2369 2461 (Luc.
2400 2401 2495 2448 xu,
2529 2384 2621 2453 45,
2654 2382 2770 2455 46).
2801 2382 3109 2453 Discipulos
3140 2396 3356 2454 quoque
3385 2396 3516 2438 suos
3544 2382 3600 2438 in
3631 2382 3819 2437 Evan-

2212 2482 2355 2555 gelio
2401 2478 2698 2536 secundum
2757 2476 3070 2533 Matthaenm
3122 2476 3207 2532 bis
3256 2474 3546 2547 praeceptis
3585 2474 3816 2531 erudit:

2212 2575 2375 2634 Scitis
2391 2574 2647 2646 quoniam
2673 2571 2945 2642 principes
2965 2570 3207 2641 gentium
3232 2568 3584 2625 dominantur
3599 2583 3816 2634 eorum;

2216 2680 2271 2726 ct
2314 2669 2404 2740 qui
2449 2668 2683 2735 majores
2734 2674 2887 2730 sunt,
2936 2672 3265 2734 potestatem
3314 2674 3568 2719 exercent
3599 2663 3651 2718 iu
3693 2677 3817 2718 eos.

2214 2762 2331 2818 Non
2360 2760 2440 2816 sic
2464 2759 2567 2815 erit
2603 2759 2746 2813 inter
2770 2773 2866 2812 vos
2901 2775 2912 2811 :
2946 2756 3043 2812 sed
3082 2756 3176 2826 qui
3223 2755 3460 2812 voluerit
3483 2753 3513 2793 ιι
3539 2768 3664 2811 esse
3697 2754 3821 2825 pri-

2215 2869 2360 2916 mus,
2391 2853 2461 2908 sit
2498 2851 2739 2906 omnium
2785 2863 2999 2906 servus.
3032 2847 3209 2904 Filius
3249 2846 3487 2903 hominis
3527 2861 3636 2902 non
3666 2847 3825 2902 venit

2216 2947 2542 3013 ministrari,
2590 2945 2686 3002 sed
2736 2945 3068 3009 ministrare,
3104 2951 3160 3001 et
3199 2943 3334 2999 dare
3379 2943 3617 2998 animam
3661 2956 3819 2997 suam

2217 3043 2646 3115 redemptionem
2695 3055 2793 3111 pro
2833 3039 3079 3111 pluribus
3114 3035 3331 3110 (Matth.
3370 3054 3461 3105 χχ,
3493 3037 3611 3107 25).
3652 3036 3821 3092 Multa

2218 3146 2346 3194 sunt
2385 3137 2431 3191 si
2461 3134 2688 3190 valuero
2726 3133 2795 3189 de
2833 3133 3006 3188 sacris
3046 3130 3345 3200 Scripturis
3391 3130 3697 3195 revolvere,
3728 3128 3823 3185 ubi

517 3244 700 3292 vestra
745 3239 1008 3308 potentia,
1060 3249 1117 3293 ut
1162 3240 1321 3294 unius
1365 3239 1536 3294 tribus
1581 3248 1789 3311 partem
1838 3238 2113 3309 acceperit
2140 3216 2187 3281 (ἶ
2219 3231 2486 3301 majorum
2515 3227 2767 3297 superbia
2797 3235 3107 3293 coercetur,
3137 3232 3194 3280 et
3214 3224 3282 3279 ad
3310 3224 3670 3278 humilitatem
3694 3236 3821 3277 om-

517 3339 701 3385 vestra
727 3332 1001 3402 possessio
1033 3348 1047 3384 :
1084 3330 1287 3387 idcirco
1308 3332 1566 3401 praecipio
1582 3341 1744 3403 atque
1765 3346 2109 3400 commoneo,

517 3435 577 3483 ut
604 3426 836 3483 sufﬁciat
865 3427 970 3484 huc
1000 3443 1173 3499 usque
1201 3429 1538 3499 iniquitatem
1562 3428 1755 3484 fecisse
1784 3435 1841 3483 et
1870 3427 2110 3498 rapinas,

507 3516 635 3575 dum
668 3518 847 3575 aliena
894 3519 1150 3576 invaditis
1194 3529 1355 3592 atque
1402 3520 1656 3591 diripitis.
1723 3518 1794 3575 Et
1821 3519 1942 3590 quia
1973 3518 2114 3574 scri-

576 3690 603 3718 ι
637 3679 813 3736 Verba
857 3680 1028 3745 istmc,
1083 3679 1217 3734 Hinc
1264 3696 1355 3751 per
1387 3677 1586 3733 Isaiam
1634 3678 1845 3739 dicitur,
1896 3674 1991 3731 Va:
2015 3675 2103 3751 qui

513 3753 830 3825 conjungitis
859 3752 1067 3825 domum
1088 3753 1154 3805 ad
1182 3748 1416 3825 domum,
1445 3759 1491 3804 et
1521 3766 1706 3825 agrum
1733 3765 1858 3820 agro
1868 3748 2106 3825 _copula-

507 3825 573 3879 tis
597 3819 758 3895 usque
786 3822 869 3895 ad
900 3825 1173 3878 terminum
1210 3824 1307 3877 loci
1333 3864 1350 3887 ,
1390 3837 1489 3876 nos
1519 3819 2105 3895 primumjsullfecimus

506 3891 835 3963 integrando
880 3896 1098 3962 sensui,
1142 3897 1231 3961 qui
1275 3906 1432 3950 antea
1483 3891 1688 3963 absque
1734 3892 1840 3946 illis
1891 3891 2102 3954 hiabat;

510 3962 801 4021 manifesto
826 3967 971 4020 enim
1001 3966 1167 4037 (quod
1191 3967 1384 4021 mirum
1410 3975 1514 4031 est,
1544 3962 1817 4037 iteminem
1842 3962 2106 4037 hactenus

513 4034 1062 4108 Hieronymianorum
1092 4039 1447 4105 interpretum
1481 4034 1957 4108 a-iimadvertisse)
1982 4048 2104 4104 qum

511 4106 737 4166 causali
760 4109 884 4177 quia
927 4109 1299 4178 conjunctioni
1362 4109 1767 4176 responderet,
1815 4106 2105 4178 collectiva

512 4182 685 4237 altera
731 4176 939 4236 deerat.
983 4176 1365 4251 Supplevimus
1403 4188 1583 4236 autem
1614 4194 1720 4234 non
1753 4193 1818 4233 ex
1850 4176 2071 4251 ingenio
2092 4217 2106 4239 .

512 4252 610 4308 sed
641 4251 930 4307 Rabanicae
961 4248 1214 4308 lectiunis
1256 4253 1577 4309 auctoritate
1603 4270 1617 4306 :
1650 4264 1997 4321 quamquam,
2020 4248 2110 4302 ille

514 4323 735 4394 longam
767 4335 1031 4395 praeterea
1065 4326 1316 4381 laciniam
1352 4341 1419 4380 ex
1461 4320 1874 4379 commentariis
1900 4322 1956 4375 in
1987 4320 2110 4375 lau-

2221 3341 2319 3382 nes
2350 3322 2564 3380 Domini
2595 3328 2965 3391 provocantur
2990 3317 3222 3374 dicentis
3254 3335 3268 3372 :
3302 3317 3504 3373 Discite
3530 3331 3561 3370 a
3584 3329 3672 3372 me
3691 3316 3821 3387 quia

2222 3422 2371 3480 mitis
2399 3434 2519 3476 sum
2541 3427 2598 3476 et
2620 3416 2842 3473 humilis
2863 3414 3028 3471 corde
3048 3412 3267 3485 (Matth.
3289 3429 3366 3480 χι,
3396 3413 3513 3484 29).

2210 3671 2396 3728 datum
2428 3668 2581 3725 Isaiae
2610 3667 2788 3722 locum
2820 3664 3027 3732 subdit,
3052 3680 3175 3736 quae
3200 3663 3425 3719 minime
3458 3672 3574 3719 erat
3601 3663 3669 3718 ad
3698 3678 3817 3720 rem

2217 3752 2486 3800 nostram.
2515 3740 2754 3795 Pronum
2778 3752 3001 3809 quoque
3024 3737 3123 3792 fuit
3150 3737 3364 3809 apinari
3389 3778 3404 3801 ,
3433 3750 3625 3809 vocum
3659 3736 3819 3790 simi-

2213 3815 2440 3872 litudine
2479 3812 2615 3867 Hinc
2645 3821 2696 3864 et
2744 3808 2860 3863 Hoc
2884 3851 2897 3873 ,
2918 3808 3155 3874 quarum
3185 3808 3357 3863 altera
3385 3808 3625 3875 reposita
3659 3821 3689 3859 a
3719 3823 3823 3861 no-

2216 3888 2300 3941 bis
2330 3886 2607 3956 pericope,
2649 3883 2822 3937 altera
2855 3880 3190 3956 subsequens
3222 3878 3474 3956 periodus
3505 3878 3819 3956 inchoatur,

2215 3949 2502 4028 deceptum
2523 3949 2765 4009 veterum
2799 3949 3062 4028 scribam,
3087 3952 3267 4028 priora
3291 3949 3589 4028 verba,qu_i
3613 3950 3821 4028 solem-

2215 4031 2299 4085 nis
2326 4023 2412 4082 est
2437 4028 2641 4097 lapsus,
2668 4024 3086 4097 properantibus
3110 4023 3283 4097 oculis
3304 4023 3746 4097 praetermisisse.

2286 4100 2314 4139 ιι
2344 4094 2570 4154 Videtur
2596 4097 2753 4166 juxta
2774 4096 3009 4161 Raban.,
3033 4094 3492 4166 quemadmodum
3508 4102 3563 4147 et
3584 4094 3637 4148 in
3663 4108 3821 4148 sacro

2216 4181 2303 4230 est
2329 4179 2503 4235 textu,
2528 4165 2890 4239 supplendum
2911 4210 2926 4233 ,
2971 4167 3062 4237 qui
3105 4165 3324 4220 voluerit
3352 4165 3408 4220 in
3435 4166 3573 4219 vobis
3602 4182 3823 4237 magnus

2218 4261 2346 4312 esse,
2372 4243 2463 4314 ﬁat
2492 4242 2750 4308 minister;
2781 4247 2827 4295 et
2856 4240 2943 4309 qui
2970 4238 3185 4293 voluerit
3211 4253 3339 4305 esse,
3371 4245 3479 4295 etc.

521 4502 3802 4531 W

1089 4592 1565 4752 LIBER
1643 4631 2371 4749 DECIMUS
2456 4628 3244 4760 QUARTUS.

1895 4851 2435 4882 ________._.__.

588 5017 944 5095 561-562
981 5015 1139 5085 Quod
1175 5014 1230 5070 in
1276 5010 1546 5084 principio
1588 5007 1779 5080 templi
1814 5002 2119 5061 Ezechielis
2147 5005 2202 5065 D
2296 5001 2372 5057 Ita
2400 5009 2457 5059 et
2484 5015 2585 5073 ego
2632 5004 2857 5058 istarum
2903 5001 3310 5076 Seripturarum
3344 5007 3620 5077 ingressus
3648 5008 3825 5066 Ocea-

518 5112 682 5172 debui
706 5114 916 5180 dicere,
952 5128 1098 5168 nunc
1125 5118 1466 5182 praepostero
1495 5104 1688 5161 ordine
1718 5103 1770 5158 iu
1805 5103 1912 5157 line
1938 5100 2115 5154 dictu-

520 5222 617 5264 rus
644 5222 787 5274 sum,
824 5207 971 5264 illius
1013 5205 1271 5262 versiculi
1326 5217 1540 5257 memor
1570 5198 1791 5274 (Virgil.
1822 5196 1915 5252 lib.
1940 5210 1993 5251 Vl
2020 5192 2121 5247 ΛΞ-

518 5298 692 5372 neid.)
722 5316 738 5356 :

612 5391 706 5444 Hic
722 5392 857 5443 labor
880 5389 965 5444 ille
989 5390 1185 5453 domus,
1209 5396 1262 5440 et
1286 5385 1642 5440 inextricabilis
1664 5395 1822 5434 error.

594 5500 672 5556 De
698 5512 809 5570 quo
838 5505 895 5553 et
928 5496 985 5552 in
1012 5495 1121 5551 alio
1168 5494 1290 5550 loco
1326 5493 1469 5550 idem
1502 5498 1664 5563 poeta
1688 5487 1946 5544 decantat
1991 5481 2120 5556 (ΛΞ-

523 5592 667 5649 neid.
699 5594 761 5663 v)
784 5608 800 5649 :

622 5685 690 5752 μί
709 5686 953 5752 quondam
974 5683 1124 5738 Creta
1148 5683 1317 5752 fertur
1326 5677 1641 5752 labyrinthus
1658 5673 1830 5752 iuialta
1858 5685 1871 5722 :

617 5741 902 5799 Parietibus
924 5755 1117 5799 textum
1141 5748 1286 5796 caecis
1303 5741 1802 5804 iter,’ancipitemque

619 5797 759 5877 “uiue
778 5797 873 5862 viis
884 5797 1123 5877 habuisse
1140 5809 1326 5877 dolum,
1345 5797 1440 5869 qua
1464 5797 1604 5877 signa
1626 5797 1872 5865 sequendi

617 5873 837 5925 Falleret
854 5875 1199 5936 indeprensus,
1226 5878 1278 5921 et
1303 5865 1630 5920 irremeabilis
1649 5878 1804 5916 error.

2224 5115 2352 5156 num
2380 5140 2395 5164 ,
2440 5107 2498 5155 et
2542 5098 2928 5170 mysteriorum
2970 5101 3089 5167 Dei,
3125 5109 3183 5155 ut
3215 5102 3296 5159 sic
3339 5101 3550 5172 loquar,
3583 5102 3828 5175 labyrin-

2226 5194 2404 5263 thum,
2430 5194 2499 5251 de
2525 5211 2636 5267 quo
2665 5197 2931 5268 scriptum
2961 5204 3047 5253 est
3077 5215 3090 5249 :
3123 5195 3309 5250 Posuit
3353 5197 3585 5251 tenebras
3634 5199 3829 5255 latibu-

2224 5290 2333 5344 lum
2359 5302 2545 5355 suum;
2572 5289 2673 5345 Et:
2702 5289 2884 5345 Nubes
2905 5291 2961 5344 in
2982 5289 3204 5344 circuitu
3222 5292 3338 5361 ejus
3365 5289 3487 5364 (Ps.
3521 5307 3660 5363 xvu,
3688 5292 3781 5363 12)
3811 5313 3825 5348 :

2227 5383 2524 5455 perfectam
2550 5383 2768 5453 quidem
2800 5382 3083 5439 scientiam
3109 5381 3357 5439 veritatis
3394 5384 3524 5440 mihi
3546 5385 3829 5443 vindicare

2228 5490 2336 5531 non
2366 5474 2560 5545 audeo,
2608 5475 2704 5531 sed
2751 5488 2913 5530 nosse
2949 5472 3296 5543 cupientibus
3334 5476 3516 5547 aliqua
3564 5476 3831 5533 doctrinte

2226 5565 2421 5623 indicia
2466 5566 2786 5638 praebuisse,
2845 5580 2955 5621 non
3006 5566 3146 5621 meis
3201 5566 3438 5634 viribus,
3486 5569 3582 5626 sed
3626 5568 3830 5626 Christi

2224 5662 2599 5720 misericordia
2623 5703 2641 5731 ,
2688 5661 2783 5733 qui
2823 5660 3133 5718 errantibus
3170 5660 3332 5719 nobis
3361 5664 3481 5731 ipse
3510 5662 3669 5719 dolos
3699 5664 3831 5720 tecti

2223 5756 2586 5828 ambagesque
2639 5754 2901 5821 resolvit,
2946 5767 3092 5813 caeca
3136 5769 3333 5828 regens
3380 5755 3591 5827 Spiritu
3636 5765 3831 5815 sancto

2225 5850 2485 5921 vestigia;
2514 5864 2673 5921 quem
2702 5857 3015 5921 sequentes,
3041 5850 3107 5909 ad
3133 5859 3351 5923 portum
3381 5850 3826 5922 explanationum
