4108 6338
263 250 375 312 “9

929 248 1588 310 COMMENTARIORUM
1630 251 1694 308 IN
1739 250 2195 312 EZECHIELEM
2234 253 2364 312 LIB.
2406 255 2546 325 XIV,
2587 256 2743 315 CAP.
2784 257 2946 317 XLV.

3469 263 3578 320 ιδο

265 370 552 442 prophetae
583 372 887 430 Ezechielis
918 377 1204 446 pervenire
1238 377 1541 448 poterimus
1564 420 1578 446 ,
1613 379 1666 433 in
1707 393 1869 449 quem
1897 382 1951 440 Α
1979 377 2218 450 ignobile
2241 422 2256 446 ,
2317 389 2374 436 et
2425 359 2557 436 foris
2583 385 2820 454 positum
2848 427 2862 452 ,
2905 385 3112 441 nesciat
3170 385 3299 458 quid
3339 384 3572 442 dicatur.

263 472 568 531 extremus,
601 464 652 520 id
685 474 808 532 est,
841 477 1068 537 quartus
1103 469 1350 525 decimus
1381 469 1521 526 liber
1549 479 1656 526 est.
1700 471 1873 539 Quem

263 557 332 620 si,
369 568 560 614 orante
592 569 665 626 te,
694 560 846 630 virgo
868 560 1073 618 Christi
1100 563 1484 631 Eustochium,
1508 564 1575 620 ad
1600 565 1762 621 ﬁnem
1784 581 1875 622 us-

262 669 373 724 que
413 653 720 723 perduxero
745 699 758 723 ,
804 663 862 711 et
889 657 1150 714 Dominus
1189 659 1311 714 vita:
1343 658 1506 730 hujus
1536 660 1875 716 concesserit

263 747 523 816 spatium,
545 748 790 804 transibo
811 749 877 804 ad
894 750 1213 816 Jeremiam,
1233 751 1325 822 qui
1349 768 1487 807 unus
1519 752 1674 808 nobis
1698 769 1875 810 rema-

263 848 358 893 net
389 839 808 910 prophetarum;
851 842 1007 912 cujus
1050 842 1455 914 interpretatio,
1500 846 1604 900 mei
1649 846 1871 916 quidem

262 930 472 989 laboris
495 975 511 1000 ,
558 942 611 989 et
642 944 853 990 tuarum
884 938 1191 992 orationum
1224 979 1238 1002 ,
1282 937 1378 994 sed
1419 940 1638 1008 proprie
1667 939 1870 997 Christi

262 1024 372 1078 erit
395 1025 726 1082 clementiae.

335 1118 499 1191 563
518 1120 672 1191 (Cap.
687 1119 1109 1178 XLV.—.Vers.
1128 1123 1216 1191 10,
1232 1128 1417 1196 seqq.)
1451 1148 1468 1180 ε
1497 1128 1708 1186 Statera
1724 1130 1870 1199 justa

267 1230 288 1264 ι
335 1222 396 1266 et
438 1213 567 1282 ephi
601 1213 806 1282 justum
859 1225 912 1270 et
947 1216 1104 1271 batus
1146 1217 1328 1286 justus
1359 1219 1468 1276 erit
1519 1222 1694 1277 vobis.
1731 1223 1870 1292 Ephi

267 1325 285 1358 ‹
333 1317 392 1362 et
415 1307 576 1363 batus
590 1309 814 1380 aequalis
837 1309 1021 1381 [Vulg.
1046 1312 1319 1384 aequalia],
1342 1325 1395 1369 et
1422 1316 1578 1370 unius
1602 1332 1870 1372 mensurae

264 1419 286 1453 ι
331 1410 516 1468 erunt,
545 1413 604 1457 ut
625 1403 1081 1472 capiatdecimam
1111 1414 1321 1475 partem
1347 1409 1461 1463 cori
1485 1409 1662 1475 batus,
1689 1420 1746 1466 et
1766 1410 1870 1467 tle-

265 1516 284 1550 (
332 1499 531 1554 cimam
552 1511 762 1570 partem
794 1503 930 1570 cori,
963 1503 1085 1573 ephi
1109 1504 1287 1575 :juxta
1308 1522 1616 1563 mensuram
1638 1511 1752 1565 cori
1768 1511 1872 1566 erit

265 1611 285 1645 (
331 1609 488 1663 requa
537 1593 752 1650 libratio
783 1611 996 1652 eorum.
1038 1596 1217 1654 Siclus
1246 1609 1426 1655 autem
1459 1603 1646 1674 viginti
1675 1605 1868 1660 obolos

265 1705 285 1738 ‹
335 1687 704 1762 habet[Vulg.
732 1690 974 1764 habeat].
1004 1693 1174 1748 Porro
1195 1694 1388 1765 viginti
1422 1698 1539 1752 sicli
1560 1739 1574 1764 ,
1604 1708 1660 1754 et
1680 1699 1869 1770 viginti

1981 471 2237 544 Praecipit
2299 488 2431 544 ergo
2497 474 2776 546 Scriptura
2854 477 3074 548 divina,
3135 489 3193 534 ut
3250 480 3399 550 justa
3466 478 3578 534 sint

1975 565 2222 635 pondera
2243 567 2477 637 ,{dicens
2502 585 2513 621 :
2543 567 2662 624 Non
2681 569 2782 624 erit
2810 573 2862 626 in
2892 573 3171 643 marsupio
3202 585 3292 629 tuo
3321 587 3576 630 mensura

1973 661 2198 732 grandis
2227 673 2281 717 et
2311 663 2492 719 minor
2519 679 2532 719 :
2559 671 2766 720 statera
2804 681 2935 722 vera
2976 676 3030 723 et
3068 667 3217 738 justa
3261 669 3364 725 erit
3392 669 3573 739 vobis,

1976 762 2032 809 et
2062 769 2319 811 mensura
2349 771 2473 812 vera
2496 799 2510 823 ,
2539 765 2595 812 et
2617 757 2762 828 justa
2791 759 2896 814 erit
2931 759 3088 816 vobis
3119 760 3263 833 [Al._
3287 761 3419 835 sibi]
3450 761 3574 832 (Le-

1971 849 2062 902 uit.
2115 866 2236 918 xix,
2295 849 2419 923 36).
2466 851 2535 906 Et
2589 852 2643 906 in
2699 852 3012 909 Proverbiis
3063 854 3309 911 dicitur:
3355 856 3572 912 Statera

1973 942 2194 1012 grandis
2221 952 2274 997 et
2301 943 2500 1012 minor,
2536 945 2906 1001 abominabile
2937 955 3021 1001 est
3048 956 3337 1018 utrumque
3365 949 3416 1002 in
3445 963 3572 1004 con-

1971 1045 2159 1105 spectu
2194 1036 2291 1091 Dei
2320 1036 2339 1108 (
2378 1037 2534 1092 Prov.
2566 1055 2644 1103 χι,
2695 1038 2771 1109 i).
2805 1039 2958 1107 Quod
2988 1041 3204 1111 quidem
3249 1057 3354 1096 non
3393 1041 3572 1098 solum

1973 1127 2026 1182 in
2051 1128 2414 1199 commerciis,
2444 1140 2498 1186 et
2528 1132 2580 1185 in
2608 1147 2708 1186 usu
2746 1133 3076 1202 quotidiana:
3118 1134 3245 1189 vita!
3287 1136 3443 1190 nobis
3490 1145 3576 1193 est

1972 1221 2391 1290 observandum,
2426 1225 2521 1280 sed
2561 1224 2614 1279 in
2645 1225 2905 1281 omnibus
2933 1227 3288 1283 custodienda
3312 1230 3520 1299 justitia
3551 1271 3569 1298 ,

1973 1313 2187 1370 dicente
2207 1315 2483 1387 Scriptura
2519 1335 2531 1371 :
2567 1319 2924 1375 Sermonibus
2956 1320 3061 1377 tuis
3090 1321 3257 1378 facies
3288 1333 3569 1391 stateram,

1971 1411 2465 1480 etappendiculum
2493 1412 2662 1485 (Eccl.
2692 1431 2879 1485 xxvm,
2909 1416 3022 1488 23),
3057 1427 3114 1472 ut
3135 1427 3188 1472 et
3212 1416 3266 1472 in
3286 1418 3486 1487 verbis,
3520 1426 3576 1475 et

1977 1503 2026 1556 in
2059 1517 2245 1572 opere,
2289 1513 2343 1558 et
2373 1507 2798 1575 cogitationibus
2824 1550 2838 1575 ,
2881 1510 3064 1564 omnia
3105 1511 3348 1579 pondere
3400 1520 3454 1567 et
3482 1526 3576 1566 ra-

1975 1594 2122 1650 tione
2149 1595 2433 1652 iaciamus.
2465 1599 2699 1655 Obolum
2735 1610 2938 1670 autem,
2975 1601 3078 1658 hoc
3108 1613 3222 1671 est,
3254 1604 3572 1660 vicesimam

1974 1700 2183 1757 partem
2208 1690 2346 1756 sicli,
2379 1691 2494 1746 sive
2517 1693 2758 1762 stateris,
2786 1710 2911 1751 esse
2943 1695 3223 1751 minimam
3251 1698 3576 1766 ’portiuncu-

261 1800 284 1835 ‹
331 1786 575 1853 quinque
614 1784 730 1838 sicli
762 1830 776 1853 ,
827 1793 882 1840 et
919 1785 1228 1855 quindecim
1262 1788 1380 1843 sicli
1414 1791 1615 1845 minam
1654 1790 1863 1848 faciunt
1895 1779 1943 1839 Β
1975 1781 2108 1852 iam,
2145 1785 2196 1838 in
2239 1785 2343 1839 ίιΙίο
2375 1786 2498 1840 loco
2537 1786 2764 1858 legimus
2792 1806 2804 1842 ε
2835 1788 2862 1827 ¹³
2909 1789 3043 1860 Ejus
3082 1791 3172 1862 qui
3223 1791 3403 1847 ﬁdelis
3451 1799 3575 1861 est,

263 1895 284 1928 ι
335 1876 518 1949 [Vulg.
560 1877 794 1950 facient].
827 1879 971 1933 LXX
1007 1897 1021 1934 :
1056 1881 1273 1937 Statera
1302 1882 1451 1951 justa
1477 1926 1490 1949 ,
1523 1893 1577 1939 et
1610 1899 1869 1941 mensura

259 1990 282 2024 ι
326 1972 501 2041 justa,
527 1972 1008 2043 etchaanixjustus
1038 1975 1145 2030 erit
1174 1976 1330 2030 vobis
1352 1977 1418 2031 ad
1448 1993 1789 2045 mensuram,
1815 1989 1870 2036 et

263 2086 284 2120 ‹
335 2068 555 2125 chtenix
571 2067 822 2124 similiter
839 2085 982 2125 unus
999 2071 1103 2125 erit
1127 2071 1194 2125 ad
1217 2071 1618 2142 accipiendum.
1650 2074 1870 2130 Decima

268 2185 288 2218 ι
338 2182 469 2236 pars
492 2182 686 2238 gomor
716 2166 957 2235 chtenix,
989 2175 1045 2224 et
1066 2168 1275 2223 det-ima
1310 2184 1433 2237 pars
1461 2183 1673 2238 gomor,
1721 2168 1867 2238 ephi.

270 2281 290 2315 ι
339 2262 548 2318 Gomor
587 2262 692 2318 erit
723 2277 936 2332 {equum
961 2262 982 2283 '
1015 2263 1080 2318 ad
1109 2261 1319 2334 pondus
1361 2261 1549 2333 viginti
1581 2262 1747 2318 oboli.
1781 2263 1873 2318 Vi-

268 2373 290 2407 ‹
339 2356 476 2426 ginti
502 2355 624 2410 sicli
661 2373 675 2411 :
705 2356 944 2426 quinque
976 2364 1032 2411 ct
1065 2356 1254 2427 viginti
1285 2357 1438 2423 sicli,
1470 2366 1525 2412 et
1563 2356 1869 2427 quindecim

272 2466 291 2501 ¢
340 2449 463 2504 sicli
497 2449 642 2508 mina
672 2449 776 2504 erit
813 2449 991 2504 vobis.
1032 2468 1050 2501 ›
1083 2450 1182 2505 ilic
1219 2449 1369 2504 locus
1398 2449 1546 2520 juxta
1572 2447 1719 2504 LXX
1763 2463 1870 2505 non

266 2541 536 2609 cohaeret,
569 2554 624 2599 et
664 2542 902 2612 poenitus
934 2542 1159 2612 intelligi
1191 2558 1298 2597 non
1333 2552 1550 2612 potest,
1595 2542 1722 2598 dum
1764 2557 1872 2597 non

267 2636 452 2692 solum
509 2649 1240 2702 numerosmensurarum,
1284 2634 1380 2691 sed
1435 2634 1602 2690 etiam
1655 2636 1872 2690 nomina

267 2739 702 2787 commutarunt.
734 2730 840 2786 Pro
866 2731 986 2800 ephi
1015 2732 1160 2786 enim
1195 2730 1536 2800 interpretati
1577 2739 1705 2785 sunt
1734 2746 1875 2783 men-

267 2844 474 2891 suram,
495 2826 748 2896 generale
775 2840 972 2881 nomen
1001 2841 1098 2895 pro
1122 2825 1370 2895 speciali,
1394 2833 1451 2880 et
1475 2839 1574 2894 pro
1598 2826 1712 2878 bato
1738 2823 1875 2878 chae-

271 2922 396 2974 m'ca
429 2937 448 2972 :
481 2934 582 2989 pro
612 2919 790 2974 homer
819 2934 1034 2990 quoque
1068 2919 1366 2985 llehraico,
1403 2919 1492 2989 qui
1522 2919 1711 2974 Graece
1741 2918 1876 2973 dici-

274 3027 367 3072 tur
394 3018 562 3093 κόρος,
594 3017 987 3072 transtulerunt
1016 3032 1195 3090 gomor
1220 3032 1238 3070 :
1265 3029 1592 3085 rursumque
1630 3031 1728 3084 pro
1756 3016 1875 3070 bato

274 3110 527 3164 cluenica.
560 3109 813 3165 Dicamus
841 3123 970 3180 ergo
993 3108 1146 3179 juxta
1179 3107 1503 3164 Hebraicum
1527 3117 1582 3163 et
1609 3109 1871 3174 litteram,

1976 1884 2125 1932 totus
2167 1878 2400 1933 mundus
2427 1878 2738 1936 divitiarum
2767 1899 2780 1937 :
2818 1883 2962 1938 illius
3002 1894 3186 1939 autem
3218 1885 3308 1955 qui
3343 1885 3575 1941 inﬁdelis

1974 1979 2078 2036 est,
2114 1985 2287 2041 neque
2333 1971 2526 2028 obolus
2571 1973 2752 2045 (Prov.
2790 1992 2918 2046 xvu,
2952 1978 2984 2031 6
3025 1995 3125 2033 sec.
3170 1977 3366 2049 LXX).
3408 1978 3577 2048 Quasi

1975 2064 2100 2119 aliis
2127 2066 2313 2121 verbis
2335 2067 2538 2123 dixerit
2569 2086 2581 2121 :
2610 2068 2856 2126 Iniidelis
2885 2071 3019 2127 nihil
3068 2073 3120 2128 in
3157 2073 3358 2128 mundo
3399 2074 3578 2145 possi-

1972 2155 2065 2211 det
2092 2173 2104 2212 :
2131 2158 2226 2213 sed
2250 2159 2414 2214 etiam
2446 2160 2669 2215 minima
2702 2162 2901 2234 indiget
2932 2166 3198 2233 porti0ne.
3225 2165 3300 2220 De
3322 2181 3430 2237 quo
3453 2167 3577 2223 aliis

1973 2249 2157 2305 verbis
2189 2251 2242 2305 in
2286 2253 2576 2323 Evangelio
2621 2255 2858 2310 dicitur:
2892 2256 3008 2312 Non
3051 2259 3361 2329 egredietur
3406 2260 3532 2316 inde
3558 2302 3574 2328 ,

1975 2342 2079 2397 nisi
2107 2343 2302 2400 reddat
2333 2348 2692 2404 novissimum
2737 2351 3093 2421 quadrantem
3120 2352 3334 2425 (Matth.
3365 2371 3418 2424 v,
3459 2356 3573 2426 26),

1975 2434 2080 2491 hoc
2109 2447 2210 2504 est,
2236 2440 2400 2495 etiam
2425 2452 2730 2498 extremum
2762 2461 3042 2501 nummum
3070 2456 3125 2503 et
3152 2449 3438 2504 minutum.
3473 2449 3578 2506 Le-

1973 2532 2149 2602 gimus
2182 2533 2369 2590 decem
2402 2553 2556 2593 muas
2599 2539 2827 2609 singulis
2858 2541 3036 2596 servis
3087 2541 3153 2597 ad
3183 2544 3574 2614 negotiandum

1977 2627 2207 2684 traditas
2252 2629 2405 2703 (Luc.
2453 2630 2568 2703 xix)
2605 2651 2618 2687 :
2652 2643 2705 2688 et
2750 2634 2803 2688 in
2835 2635 2940 2689 alia
2976 2635 3229 2707 parabola
3270 2636 3413 2692 inter
3458 2653 3577 2695 ser-

1975 2735 2074 2776 vos
2104 2723 2305 2778 talenta
2329 2724 2502 2780 divisa
2538 2743 2552 2781 :
2586 2731 2641 2782 et
2685 2727 2988 2785 debitorem
3028 2731 3453 2803 quingentorum
3484 2733 3580 2789 de-

1976 2816 2277 2885 nariorum,
2311 2830 2366 2873 et
2395 2819 2789 2891 quinquaginta
2830 2821 3045 2895 (Matth.
3082 2823 3211 2897 xxv)
3246 2844 3257 2880 :
3294 2837 3348 2882 et
3384 2843 3580 2899 opera-

1976 2910 2089 2965 rios
2109 2911 2282 2967 vineae
2306 2913 2396 2983 qui
2422 2914 2664 2986 singulos
2687 2917 2960 2986 accipiunt
2985 2918 3237 2976 denarios
3263 2919 3416 2993 (Luc.
3447 2921 3576 2995 vn):

1977 3012 2031 3058 et
2062 3005 2341 3061 mulierem
2375 3005 2614 3078 viduam,
2649 3026 2768 3079 qua:
2800 3009 3117 3067 drachmam
3149 3014 3491 3084 perdiderat,
3524 3023 3580 3073 et

1977 3094 2068 3149 vix
2124 3112 2244 3151 eam
2301 3098 2535 3154 lucerna:
2575 3103 2898 3159 acccnsione
2945 3105 3148 3174 reperit
3205 3091 3578 3177 (Matthfxx‘,

278 3215 336 3260 et
364 3203 495 3275 quid
522 3204 680 3259 nobis
713 3204 986 3274 videatur,
1027 3204 1081 3259 in
1109 3203 1335 3275 singulis
1365 3205 1607 3273 apertius
1633 3201 1874 3272 explice-
1903 3171 1948 3234 Ο
1980 3186 2111 3242 La“.
2140 3193 2255 3260 Χν)ι
2302 3191 2435 3259 Quae
2465 3193 2646 3248 omnia
2691 3211 2850 3266 quem
2899 3213 3120 3254 sensum
3154 3198 3419 3270 habeam:
3471 3217 3580 3259 ηοη

279 3314 424 3355 mus.
463 3300 672 3356 Statera
703 3314 826 3370 qua:
861 3299 1127 3354 llebraice
1156 3298 1351 3353 dicitur
1381 3313 1592 3353 uozeus
1619 3298 1834 3368 (mm)
1860 3339 1876 3366 ,

280 3393 337 3448 in
371 3392 457 3446 his
499 3391 819 3461 intelligitur
850 3406 972 3461 qua:
1001 3391 1403 3462 appenduntur.
1452 3389 1606 3461 Epha
1651 3399 1832 3446 autem
1863 3434 1877 3458 ,

278 3504 406 3560 quae
452 3489 504 3543 in
549 3487 742 3545 Graeco
791 3502 1048 3542 sermone
1087 3496 1345 3556 corrupte
1388 3484 1592 3539 dicitur
1629 3480 1766 3559 Ἐφι,
1811 3484 1878 3540 ad

279 3595 599 3636 mensuram
633 3583 872 3650 pertinet
895 3579 1170 3634 variarum
1204 3577 1438 3647 frugum,
1483 3575 1634 3632 verbi
1668 3576 1837 3646 gratia
1863 3616 1879 3644 ,

281 3673 473 3742 tritici,
520 3672 736 3738 hordei,
771 3671 1127 3742 leguminum.
1183 3671 1352 3725 Porro
1403 3671 1585 3735 batus,
1635 3670 1726 3738 qui
1771 3669 1881 3725 lle-

283 3767 470 3824 braice
494 3782 632 3822 anu
665 3766 809 3836 (τι-λ),
843 3764 1034 3820 eadem
1075 3779 1328 3820 mensura
1361 3774 1447 3820 est
1475 3780 1593 3834 quae
1630 3773 1684 3818 et
1722 3763 1842 3834 ephi
1867 3809 1880 3832 ,

285 3872 339 3920 et
372 3863 424 3918 in
452 3861 740 3932 speciebus
773 3869 982 3916 tantum
1023 3857 1264 3929 liquidis,
1301 3858 1415 3913 vini
1446 3867 1500 3913 et
1537 3857 1644 3913 olei
1674 3901 1688 3924 ,
1722 3866 1778 3912 et
1807 3856 1883 3913 is-

287 3955 566 4013 tiusmodi.
599 3953 764 4009 Corus
815 3953 1030 4024 triginta
1059 3951 1226 4007 habet
1252 3950 1500 4017 modios,
1539 3959 1594 4006 et
1642 3949 1691 4003 in
1737 3957 1883 4004 utra-

288 4066 392 4123 que
422 4064 701 4116 mensura,
729 4048 832 4102 hoc
863 4056 967 4113 est,
1002 4055 1110 4100 tam
1153 4045 1430 4100 aridarum
1469 4059 1630 4114 quam
1673 4043 1886 4114 liquen-

289 4148 421 4204 tium
441 4155 594 4202 tenet
619 4144 965 4216 principium.
1007 4142 1224 4198 Decima
1256 4155 1382 4212 pars
1409 4139 1523 4195 cori
1551 4139 1603 4193 in
1637 4139 1740 4203 his,
1767 4154 1886 4209 quae

290 4240 476 4298 modio
525 4247 928 4303 mensurantur,
980 4234 1285 4306 appellatur
1315 4232 1467 4304 epha,
1518 4231 1570 4286 id
1602 4239 1725 4297 est,
1774 4241 1887 4286 tres

291 4333 456 4390 modii
487 4351 500 4386 :
527 4341 580 4388 et
620 4332 828 4387 decima
869 4345 996 4400 pars
1043 4328 1158 4384 cori
1200 4329 1253 4382 in
1305 4326 1591 4397 Speciebus
1621 4325 1842 4397 liquidis
1871 4368 1885 4394 ,

292 4435 516 4484 vocatur
544 4423 854 4479 Batus'sive
888 4421 1110 4475 Vadas:
1138 4428 1196 4474 ut
1233 4418 1474 4489 ejusdem
1517 4433 1790 4474 mensurte
1818 4418 1890 4473 sit

292 4525 425 4594 epha
446 4531 503 4576 et
524 4520 692 4574 batus.
716 4516 886 4572 Porro
911 4513 1094 4579 siclus,
1116 4513 1207 4583 qui
1232 4511 1424 4567 Graace
1445 4511 1646 4566 dicitur
1661 4517 1883 4587 πατὴρ,

1983 3291 2068 3338 est
2097 3281 2256 3352 hujus
2289 3286 2550 3356 temporis
2577 3286 2870 3346 disserere.

2058 3374 2240 3443 (Vers.
2272 3376 2362 3443 i5,
2397 3378 2512 3448 14).
2549 3397 2567 3430 r
2604 3379 2671 3435 Et
2701 3381 2782 3437 hae
2811 3395 2938 3439 sunt
2971 3387 3219 3456 primitiae
3247 3403 3382 3459 quas
3422 3391 3582 3448 tolle-

1993 3484 2014 3519 t
2061 3468 2130 3522 tis
2165 3485 2177 3521 :
2211 3478 2422 3524 sextam
2476 3481 2684 3542 partem
2709 3474 2835 3546 ephi
2886 3475 2956 3532 de
3010 3494 3140 3534 coro
3192 3481 3469 3550 frumenti,
3525 3493 3584 3541 et

1993 3580 2012 3615 ‹
2060 3572 2268 3618 sextam
2316 3576 2523 3635 partem
2581 3567 2706 3639 ephi
2766 3570 2832 3626 de
2885 3587 3016 3629 coro
3069 3573 3283 3632 hordei.
3331 3579 3586 3636 Mensura

1995 3672 2013 3706 ι
2053 3670 2268 3726 quoque
2314 3657 2418 3713 olei
2453 3676 2465 3712 :
2512 3659 2669 3716 batus
2698 3662 2827 3731 olei,
2873 3665 3084 3721 decima
3117 3684 3242 3738 pars
3278 3672 3390 3726 cori
3439 3681 3524 3730 est
3568 3687 3583 3729 :

1996 3767 2015 3800 ι
2057 3759 2112 3804 et
2152 3750 2340 3806 decem
2391 3751 2506 3807 bati
2546 3769 2734 3810 eorum
2783 3756 2989 3814 faciunt
3022 3778 3036 3814 :
3066 3762 3190 3831 quia
3233 3763 3419 3820 decem
3474 3765 3588 3823 bati

1994 3861 2014 3896 ι
2060 3845 2290 3914 implent
2343 3861 2553 3903 corum.
2613 3848 2757 3905 LXX
2803 3869 2816 3905 :
2873 3851 2941 3907 Et
3000 3853 3084 3909 hae
3146 3866 3272 3912 sunt
3334 3858 3590 3929 primitiae

1995 3957 2015 3993 ‹
2060 3955 2197 4010 quas
2235 3943 2581 4011 separabitis.
2639 3945 2859 4002 Sextam
2921 3960 3127 4016 partem
3192 3967 3468 4009 mensurae
3520 3955 3593 4013 de

1997 4055 2015 4088 ι
2061 4052 2252 4107 gomor
2300 4037 2500 4106 tritici,
2550 4051 2605 4095 et
2653 4052 2862 4096 sextam
2909 4055 3117 4114 partem
3153 4047 3290 4118 Ephi
3343 4049 3411 4106 de
3459 4065 3590 4106 coro

1996 4147 2016 4182 ι
2061 4129 2274 4200 hordei,
2308 4141 2363 4188 et
2393 4143 2723 4204 praeceptum
2752 4135 2861 4191 olei
2895 4147 2915 4175 ε
2946 4139 3202 4210 cotylcm,
3235 4141 3286 4195 id
3325 4150 3431 4212 est,
3465 4159 3594 4215 cya-

1997 4241 2015 4275 ι
2065 4223 2233 4292 thum,
2261 4225 2366 4280 olei
2390 4226 2579 4281 decem
2605 4227 2836 4299 cotyles,
2862 4229 2986 4300 quia
3011 4231 3198 4288 decem
3233 4235 3440 4306 cutyles
3467 4242 3596 4291 sunt

1997 4335 2018 4369 ‹
2062 4333 2272 4388 gomor.
2290 4337 2307 4369 ι
2327 4319 2487 4393 565
2510 4319 2578 4375 Et
2603 4320 2690 4376 hic
2715 4325 2935 4377 mutatis
2961 4325 3275 4382 nominibus
3303 4343 3594 4384 mensura~

1993 4427 2111 4468 rum
2158 4413 2210 4467 in
2260 4413 2406 4468 LXX
2435 4415 2677 4472 editione
2713 4417 2939 4472 confusa
2972 4429 3102 4474 sunt
3131 4422 3338 4490 omnia,
3376 4433 3434 4478 ut
3465 4423 3596 4493 quid

1995 4507 2334 4564 dicaturnon
2360 4512 2537 4580 possit
2561 4512 2814 4583 intelligi.
2832 4512 2932 4580 Qui
2953 4514 3098 4568 enim
3126 4531 3292 4586 supra
3317 4533 3418 4588 pro
3442 4519 3594 4590 ephi,

292 4579 483 4686 viginti
503 4613 668 4669 habet
699 4610 912 4666 obolos.
943 4607 1094 4663 Mina
1119 4579 1253 4663 vero
1275 4621 1396 4677 quae
1416 4606 1721 4677 appellatur
1742 4579 1885 4672 mna,
1915 4579 1968 4639 D
1994 4618 2307 4659 mensuram
2336 4646 2350 4670 ,
2383 4615 2438 4661 et
2475 4621 2576 4676 pro
2607 4606 2735 4662 bato
2758 4651 2771 4676 ,
2805 4607 3052 4665 chmnica
3092 4609 3349 4668 dixerant
3376 4657 3390 4682 ,
3419 4624 3475 4671 et
3503 4627 3604 4685 pro

293 4709 460 4764 habet
483 4707 650 4764 siclos
673 4704 954 4775 sexaginta
990 4719 1003 4756 :
1038 4701 1128 4772 qui
1157 4700 1361 4755 iaciunt
1391 4699 1580 4757 obolos
1611 4698 1759 4754 mille
1785 4697 1887 4753 du-

294 4812 512 4860 centos.
550 4799 706 4869 Quod
743 4807 924 4854 autem
960 4795 1181 4864 dicitur,
1223 4794 1412 4860 viginti
1447 4793 1590 4861 sicli,
1621 4801 1676 4849 et
1701 4792 1893 4862 viginti

295 4898 536 4970 quinque
551 4894 694 4960 sicli,
717 4902 770 4949 et
790 4891 1096 4964 quindecim
1121 4889 1240 4947 sicli
1263 4891 1466 4945 minam
1487 4889 1713 4956 faciunt,
1734 4889 1893 4944 lecto-

294 5005 410 5048 rem
438 4990 658 5046 turbare
681 5002 788 5042 non
809 4985 992 5042 debet.
1008 4983 1216 5040 Idcirco
1239 4984 1384 5039 enim
1407 4982 1696 5039 difﬁcultas
1720 4983 1770 5038 in
1795 4999 1894 5038 nu-

298 5084 467 5142 meris
492 5082 730 5156 ponitur,
749 5089 808 5136 nt
827 5078 990 5154 565
1010 5082 1273 5135 intentum
1296 5078 1541 5134 animum
1570 5077 1731 5133 faciat
1749 5076 1897 5132 audi-

300 5179 455 5234 toris.
469 5177 626 5234 Unde
648 5183 707 5232 et
721 5174 891 5231 multa
908 5173 1163 5230 dicuntur
1191 5172 1246 5227 in
1271 5170 1544 5242 parabolis
1562 5178 1618 5226 et
1637 5170 1866 5240 aenigma
1881 5200 1896 5210 -

301 5271 468 5338 tibus,
493 5280 553 5326 ut
572 5270 664 5340 qui
692 5268 856 5324 habet
874 5282 1034 5323 aures
1056 5264 1336 5335 audiendi,
1364 5263 1550 5320 audiat
1573 5262 1726 5335 (Luc.
1757 5262 1892 5335 vm).

301 5365 598 5436 Omnisque
627 5361 913 5436 prophetia
955 5362 1006 5416 in
1041 5360 1377 5416 obscuritate
1416 5359 1667 5413 continet
1699 5357 1898 5414 verita-

301 5467 451 5524 tem,
523 5467 583 5514 ut
651 5456 902 5528 discipuli
964 5453 1295 5510 intrinsecus
1357 5451 1580 5508 audiant
1636 5469 1651 5507 :
1705 5452 1901 5517 vulgus

378 5597 400 5618 ‘
425 5597 532 5653 Pro
568 5597 637 5651 ad
671 5595 872 5671 pondus
901 5591 1170 5649 Victorius
1208 5590 1364 5671 juxta
1407 5587 1900 5671 Graecum_su.b_s,ti:

307 5671 433 5738 tuit,
457 5680 505 5725 et
526 5658 946 5738 appendiculum,
976 5673 1188 5738 namget
1208 5658 1430 5718 Hieron.
1459 5676 1558 5732 pro
1586 5660 1722 5716 siclo
1755 5658 1902 5715 LXX

307 5736 1179 5819 γεςιίξξραρρεηάεοιέιιίνηιτθίιίι·
1238 5807 1269 5819 κ
1349 5806 1380 5819 --
1425 5806 1436 5818 -

379 5814 409 5856 δ
440 5804 658 5872 Videsis
675 5829 796 5884 quae
815 5810 885 5868 de
904 5810 1006 5866 hac
1033 5807 1305 5866 sententia
1329 5806 1564 5864 diximus
1588 5804 1656 5863 ad
1684 5821 1772 5878 ep.
1804 5804 1895 5874 55,

1995 4711 2150 4766 coro,
2181 4712 2409 4768 gomor,
2437 4714 2537 4768 pro
2568 4699 2707 4756 siclo
2742 4746 2755 4770 ,
2791 4703 3250 4772 appendiculum,
3285 4717 3339 4761 et
3385 4705 3475 4762 hic
3509 4720 3608 4777 pro

1995 4791 2114 4864 ephi
2136 4807 2371 4862 posuere
2391 4810 2690 4849 mensuram
2716 4810 2735 4850 :
2761 4809 2861 4865 pro
2881 4813 3023 4864 coro,
3047 4814 3191 4854 nunc
3214 4816 3395 4872 gomor
3418 4816 3434 4853 :
3455 4812 3604 4858 nunc

1996 4888 2173 4959 ipsum
2206 4906 2424 4944 corum:
2456 4900 2509 4945 et
2541 4890 2595 4946 in
2613 4906 2869 4946 mensura
2903 4891 3010 4948 olei
3037 4907 3135 4963 pro
3158 4893 3275 4948 bato
3296 4893 3602 4962 κοτύλην,ἱά

1999 4985 2382 5056 est,cyathum.
2414 4984 2668 5040 Dicamus
2702 4984 2864 5057 igitur
2898 4986 3130 5056 primum
3157 4986 3312 5056 juxta
3339 4987 3601 5055 litteram,

1997 5074 2186 5134 δεκάδα
2226 5076 2335 5148 [AL
2376 5075 2642 5152 δεκάδας],
2677 5077 2783 5135 hoc
2813 5088 2896 5134 est
2927 5079 3196 5136 decimam
3226 5089 3434 5151 partem
3481 5095 3605 5138 om-

1999 5171 2150 5226 nium
2168 5172 2406 5242 frugum,
2424 5172 2681 5230 Levilicaa
2699 5173 2862 5230 tribui
2891 5175 3125 5246 populus
3138 5192 3202 5230 ex
3220 5173 3338 5246 lege
3349 5175 3608 5232 debebat.

2003 5264 2238 5321 Rursum
2272 5281 2338 5322 ex
2371 5267 2509 5339 ipsis
2538 5267 2793 5338 decimis,
2825 5269 3034 5327 Levita;
3058 5312 3074 5340 ,
3109 5270 3212 5326 hoc
3242 5281 3346 5340 est,
3379 5270 3611 5328 inferior

2003 5361 2382 5418 ministrorum
2431 5363 2670 5434 gradus,
2709 5365 2952 5422 decimas
2982 5365 3145 5421 dabat
3184 5366 3605 5422 sacerdotibus:

2005 5463 2060 5510 et
2088 5455 2206 5512 haec
2236 5463 2321 5512 est
2348 5472 2468 5528 quae
2490 5458 2804 5529 appellatur
2830 5458 3249 5536 δευτεροδεκάδη.
3281 5461 3450 5516 Erant
3470 5475 3610 5532 quo-

2012 5591 2113 5647 sub
2141 5592 2326 5650 tinem.

2087 5674 2108 5701 ε
2137 5664 2461 5743 “Victorius,
2487 5667 2732 5743 cotylam,
2756 5669 2815 5743 id
2839 5681 2913 5725 est
2940 5669 3184 5741 cyathum
3205 5672 3308 5728 olei
3333 5673 3398 5728 de
3434 5673 3608 5731 decem

2008 5737 2224 5878 myth,
2259 5738 2384 5808 quia
2426 5737 2601 5796 decerit
2623 5741 2797 5814 cotyla
2829 5788 2842 5810 ,
2875 5737 3008 5812 eth,
3039 5743 3106 5800 ad
3135 5743 3384 5804 Grecam
3416 5761 3610 5804 exem-

2103 5824 2144 5862 Γ.

2103 5824 2144 5862 Γ.
