4108 6338
283 262 403 326 455

928 268 1583 331 COMMENTARIORUM
1626 270 1691 331 IN
1733 267 2175 331 EEEOHIEBEM
2213 268 2343 331 LIB.
2388 268 2526 339 XIV,
2568 269 2722 328 CAP.
2770 270 2929 328 XLV.

3495 276 3603 337 ιδι

284 386 483 442 oll‘erat
512 386 638 443 duci
681 389 798 444 sive
844 389 1076 460 principi
1104 431 1120 459 ,
1153 391 1296 461 quod
1327 391 1584 448 videlicet
1622 407 1718 462 per
1748 392 1898 447 illum
1929 396 1976 454 Α
2007 387 2325 445 bcomedent.
2347 387 2414 443 Et
2433 389 2587 457 faciet
2620 390 2860 461 princeps
2890 390 2944 445 in
2977 390 3060 444 die
3086 388 3184 445 illa
3209 407 3306 460 pro
3330 408 3403 458 se,
3432 402 3477 446 et
3508 413 3600 465 pro

282 478 630 550 holocausta,
659 491 717 537 et
744 482 1035 550 sacriﬁcia,
1070 492 1127 539 et
1168 484 1425 540 libamina
1456 485 1509 539 in
1540 484 1768 555 singulis
1798 499 1895 539 so-

282 571 662 630 lemnitatibus
688 574 988 631 oderantur
1015 591 1113 646 pro
1154 578 1389 647 pepulo,
1425 586 1479 632 et
1523 580 1770 647 expietur
1800 577 1897 631 do-

284 682 411 722 mus
440 670 561 724 Dei.
598 670 677 725 Ex
708 686 815 741 quo
846 671 1421 738 animadvertendum,
1445 671 1590 742 quod
1621 671 1895 741 quomodo

277 765 521 833 populus
552 764 777 821 debitor
800 776 886 822 est
912 768 1272 834 primitiarum
1307 766 1710 821 oﬂ‘erendaium
1744 766 1894 835 prin-

275 855 386 925 cipi
421 874 436 909 :
468 857 553 913 sic
585 858 840 928 princeps
882 858 1102 915 debitor
1130 870 1215 914 est
1246 861 1431 929 pepuli
1470 858 1671 915 oll‘crre
1700 874 1799 929 pro
1829 874 1894 913 eo

274 948 567 1013 victimas,
599 964 764 1019 quem
788 952 942 1019 juxta
980 952 1346 1022 tropologiam
1392 967 1497 1007 non
1535 951 1699 1007 alium
1733 951 1896 1007 intel-

274 1040 453 1113 ligere
482 1058 798 1112 possumus,
833 1044 935 1099 nisi
967 1045 1260 1101 Dominum
1287 1047 1652 1103 Salvatorem.
1686 1047 1791 1102 Iste
1812 1057 1896 1101 est

272 1134 366 1204 qui
400 1135 469 1189 de
514 1135 767 1192 ducentis
810 1136 974 1210 568
996 1140 1369 1195 animantibus
1391 1140 1889 1209 suscipitarietem,

271 1228 392 1283 sive
423 1238 483 1283 ut
526 1230 930 1301 signiﬁcantius
974 1233 1271 1290 Hebraicus
1302 1250 1487 1291 sermo
1525 1237 1889 1301 demonstrat,

270 1322 543 1396 βόσκημα,
566 1326 711 1396 quod
744 1327 810 1382 ad
840 1336 1039 1383 cuncta
1081 1329 1414 1395 animantia,
1446 1338 1502 1385 ct
1531 1346 1643 1385 non
1674 1332 1895 1400 preprie

269 1418 339 1473 ad
385 1419 616 1475 arietem
671 1420 865 1477 referri
916 1431 1137 1492 potest,
1172 1435 1227 1479 et
1269 1426 1506 1496 suscipit
1551 1426 1753 1481 animal
1806 1426 1891 1481 vel

269 1510 526 1578 arietem,
553 1512 649 1583 qui
673 1514 911 1570 nutritus
934 1523 1019 1570 est
1044 1516 1094 1569 in
1116 1517 1254 1570 locis
1278 1518 1519 1589 irriguis,
1551 1530 1888 1582 sanctarum,

269 1602 535 1660 videlicet
562 1598 969 1675 Scripturaruni
996 1653 1009 1675 ,
1045 1618 1099 1665 et
1130 1618 1316 1679 potest
1354 1612 1540 1667 dicere
1575 1629 1586 1665 :
1629 1610 1889 1667 Dominus

266 1696 450 1765 pascit
472 1713 585 1765 me,
608 1706 666 1753 et
682 1699 817 1754 nihil
840 1701 973 1756 mibi
996 1701 1173 1757 deerit
1196 1722 1207 1756 :
1235 1708 1288 1758 in
1325 1706 1443 1759 loco
1468 1720 1680 1773 pascuae
1704 1705 1776 1760 ibi
1802 1721 1888 1760 me

2001 482 2239 536 uniuerso
2273 482 2468 553 pupula
2492 492 2642 536 terra:
2672 485 2882 537 titulum
2916 500 3007 554 pro
3037 494 3271 554 peccato.
3311 485 3372 563 Et
3402 488 3451 540 in
3476 496 3597 558 sep-

2004 582 2103 632 tem
2145 576 2346 631 dierum
2384 578 2707 631 solemnitate
2733 579 2889 648 faciet
2921 580 3282 635 holocaustum
3318 582 3547 638 Domino
3577 601 3596 639 :

1998 678 2189 740 septem
2218 667 2433 736 vitulos,
2464 681 2511 724 et
2533 681 2724 741 septem
2752 672 2937 725 arietes
2967 672 3332 729 imhtccnlatos
3359 676 3595 746 quotidie

1997 762 2434 839 septemjdiebus,
2476 771 2520 816 et
2552 780 2647 835 pro
2687 774 2896 834 peccato
2925 764 3129 820 hircum
3158 783 3431 836 caprarum
3463 774 3595 840 ‘quo-

1999 853 2155 917 tidie,
2187 853 2253 908 Et
2285 856 2601 924 sacriﬁcium
2630 855 2747 924 ep/ti
2776 854 2939 928 [Mss
2986 856 3180 928 (Ep/ti]
3219 876 3309 927 per
3344 860 3595 928 vitulum,

1999 956 2045 1001 et
2067 947 2189 1017 eplti
2215 966 2305 1020 per
2332 949 2541 1004 arietem
2573 950 2727 1019 faciet
2749 965 2765 1002 :
2788 958 2837 1004 et
2866 951 2966 1004 olei
2989 950 3080 1004 Itin
3105 967 3193 1021 per
3217 954 3427 1025 singula
3454 955 3594 1022 ephi.

2001 1041 2234 1113 Septimo
2266 1054 2470 1109 mense,
2506 1043 2893 1115 quintadecima
2930 1043 3013 1100 die
3056 1046 3243 1099 mensis
3271 1047 3322 1100 in
3349 1048 3591 1103 solenmi-

2000 1143 2123 1202 tate,
2170 1135 2325 1204 faciet
2374 1139 2509 1190 sicut
2558 1118 2717 1207 supra
2748 1137 2887 1190 dicta
2926 1147 3045 1191 sunt
3084 1153 3175 1208 per
3210 1147 3402 1209 septem
3442 1140 3550 1194 dies
3582 1154 3599 1193 :

1998 1241 2103 1284 tam
2135 1247 2230 1299 pro
2266 1242 2495 1301 peccato,
2523 1248 2679 1303 quam
2704 1247 2799 1301 pro
2829 1232 3158 1295 ltolocausto,
3190 1243 3235 1284 et
3268 1232 3321 1285 in
3342 1233 3599 1301 sacriﬁcio

1998 1323 2125 1375 etin
2162 1323 2297 1387 oleo.
2340 1325 2537 1380 Totum
2568 1327 2865 1393 capitulum
2907 1326 3093 1394 posui,
3130 1342 3199 1387 ne
3237 1326 3469 1381 divisum
3506 1343 3600 1396 per

1997 1415 2207 1485 singula
2242 1417 2473 1486 legentis
2500 1419 2740 1473 animum
2767 1404 3140 1475 conturbaret.
3170 1418 3237 1473 Et
3267 1420 3501 1489 primum
3534 1419 3605 1476 de

1996 1508 2466 1579 interpretationis
2500 1513 2762 1568 varietate
2800 1512 3091 1567 dicendum
3125 1522 3231 1567 est.
3263 1512 3364 1568 Ubi
3395 1528 3495 1567 nos
3523 1514 3602 1567 in-

1997 1605 2280 1672 terpretati
2307 1619 2516 1671 smnus,
2532 1606 2581 1659 in
2600 1617 2823 1675 quatuor
2845 1606 3052 1677 angulis
3075 1606 3357 1677 crepidinis
3379 1605 3593 1660 altaris.

1995 1696 2142 1752 LXX
2172 1700 2604 1765 transtulerunt,
2630 1714 2676 1755 et
2702 1719 2856 1770 super
2884 1711 3108 1773 quatitur
3139 1701 3360 1773 angulos
3396 1702 3596 1771 templi,

267 1778 582 1863 collocavit,
601 1805 768 1883 super
785 1808 953 1862 aquas
987 1794 1685 1853 refectiouisedncavitme
1707 1798 1882 1869 (Psal.
1923 1780 1961 1837 Β
1994 1802 2040 1845 et
2064 1809 2218 1862 super
2248 1792 2435 1847 altare.
2486 1795 2557 1877 Et
2582 1796 2673 1850 ubi
2706 1811 2806 1850 nos
2847 1796 3123 1863 diximus,
3169 1813 3262 1865 pro
3292 1812 3599 1867 unoquoque

265 1894 415 1947 χχιι,
436 1881 489 1948 1,
520 1881 602 1952 2).
640 1881 765 1940 Πωε
806 1893 961 1940 erant
1003 1887 1228 1958 irrigua,
1258 1890 1424 1946 immo
1456 1891 1517 1944 hi
1548 1893 1791 1954 canales,
1818 1893 1885 1947 ad

263 1989 413 2045 quos
450 1984 503 2030 et
534 1975 703 2033 Jacob
733 1978 969 2035 ducebat
999 1997 1195 2051 pecora
1228 1999 1360 2052 sua,
1397 1997 1452 2040 ut
1482 1987 1535 2040 in
1567 1987 1701 2057 ipsis
1729 1987 1880 2043 bibe«

264 2078 397 2123 rent
420 2077 585 2141 atque
614 2072 999 2142 conciperent,
1034 2084 1089 2129 et
1121 2075 1276 2145 juxta
1316 2076 1588 2147 virgarum
1617 2079 1885 2145 colorem,

265 2159 416 2217 fetus
432 2162 663 2219 ederent
690 2164 922 2221 Domino
938 2164 1004 2238 (6'
1010 2183 1149 2222 cnes.
1168 2170 1323 2239 xxx).
1340 2170 1449 2225 Pro
1478 2154 1885 2235 sacrilicio,hoc

265 2256 523 2332 θειθυσίᾳ
542 2298 558 2321 ,
573 2255 761 2327 Aquila
776 2258 1202 2331 ctSytnmacbus
1214 2262 1883 2333 donuiitinterprctantur:

267 2350 423 2419 quod
460 2353 511 2403 in
550 2351 828 2406 llebraico
857 2352 1058 2408 dicitur
1102 2372 1281 2410 unum
1314 2357 1541 2428 (arata),
1574 2369 1627 2413 et
1663 2360 1889 2430 proprie

266 2456 384 2497 non
415 2445 661 2513 pertinet
691 2445 758 2500 ad
790 2446 1054 2511 hostiam,
1093 2450 1191 2505 sed
1226 2450 1290 2505 ad
1324 2467 1384 2504 ea
1436 2468 1556 2521 qum
1587 2469 1652 2506 ex
1681 2454 1884 2520 simila,

267 2544 325 2591 et
382 2537 605 2607 polenta
648 2546 704 2594 et
743 2540 864 2595 oleo
913 2540 1221 2596 oﬂ‘eruntur
1265 2544 1317 2596 in
1373 2545 1663 2600 sacriﬁcio.
1716 2546 1889 2600 Holo—

268 2639 511 2683 caustum
539 2646 677 2687 vero
700 2642 804 2699 est,
838 2636 982 2704 quod
1018 2644 1187 2709 totum
1221 2636 1446 2691 offertur
1476 2616 1613 2704 Deo,
1645 2649 1700 2695 et
1729 2655 1885 2695 sacro

268 2723 401 2795 igne
458 2729 819 2783 consumitur.
870 2728 1145 2800 Paciﬁco,
1190 2733 1411 2802 quando
1462 2722 1887 2805 reconciliantur

268 2818 389 2875 Deo
418 2838 433 2887 ;
466 2830 674 2903 ct'pro
722 2825 880 2880 nobis
938 2825 1237 2895 Apostolus
1269 2828 1509 2898 loquitur
1543 2847 1555 2883 :
1590 2830 1891 2886 Precamur

267 2929 379 2985 pro
408 2914 652 2986 Christo,
679 2908 1113 2974 reconciliamini
1167 2923 1328 2995 De0'(
1352 2922 1398 2977 ll
1418 2923 1538 2978 Cor.
1572 2942 1627 2993 vv,
1659 2926 1729 2983 20
1752 2926 1790 2997 ).
1822 2928 1886 2982 Et

270 3008 327 3063 in
362 3008 476 3064 alio
500 3020 521 3045 ίι
546 3011 669 3066 loco
706 3030 718 3065 :
752 3013 893 3068 Deus
915 3023 1033 3068 erat
1062 3019 1112 3068 in
1134 3015 1374 3082 Christo,
1402 3004 1663 3074 mundum
1691 3034 1893 3076 reconv

271 3101 473 3155 cilians
500 3103 602 3156 sibi
637 3102 828 3170 (lbid.,
864 3106 974 3177 19).
1010 3107 1113 3162 Iste
1135 3116 1315 3164 autem
1350 3111 1631 3181 princeps,
1654 3114 1739 3167 cui
1776 3115 1891 3183 prie

273 3194 448 3248 milite
492 3195 560 3251 de
604 3198 972 3254 animantibus
1005 3200 1309 3256 olleruntur
1331 3245 1347 3268 ,
1393 3203 1508 3272 ipse
1535 3213 1620 3258 est
1651 3215 1704 3259 et
1737 3222 1831 3262 rex
1867 3226 1887 3261 :
1922 3172 1967 3233 (ἶ

273 3304 336 3349 ut
360 3296 416 3349 in
448 3290 631 3351 crucis
655 3313 872 3368 quoque
903 3280 1069 3354 titulo
1092 3302 1503 3358 demonstratur
1532 3304 1893 3361 llebraiciset-

274 3384 494 3446 Graecis
521 3391 717 3447 litteris
743 3408 809 3447 ac
837 3393 1070 3448 Latinis.
1106 3394 1527 3465 Nitentibusqne
1571 3396 1795 3464 Judaeis,
1828 3408 1897 3453 ut.

273 3482 649 3553 deponeretur
688 3487 878 3541 titulus
928 3488 1271 3555 triumphalis
1296 3532 1308 3555 ,
1342 3490 1581 3560 gentium
1629 3492 1680 3545 in
1712 3491 1893 3548 Pilato-

276 3577 440 3630 lurba
473 3578 758 3647 respondit
786 3597 796 3629 :
825 3580 979 3646 Quod
1011 3581 1233 3651 scripsi,
1271 3581 1463 3651 Scripsi
1495 3582 1673 3655 (Joan.
1701 3584 1884 3654 x32).

275 3669 396 3723 Sub
450 3670 695 3742 principe
722 3712 736 3735 ,
771 3672 982 3741 inquit,
1014 3684 1197 3728 erunt.
1244 3675 1479 3731 Pulchre
1523 3680 1897 3733 sacerdotalis

276 3760 525 3829 dignitas
574 3775 995 3832 commonetur,
1027 3766 1115 3821 cui
1145 3768 1390 3838 subjecta
1437 3769 1507 3823 sit
1553 3770 1773 3837 ofﬁcio;
1827 3782 1900 3826 ut.

275 3855 421 3909 sciat
460 3871 519 3910 se
549 3858 899 3925 sacriﬁcium,
934 3867 987 3913 et
1015 3859 1277 3915 libamina
1306 3876 1425 3930 quae
1472 3862 1771 3918 oll‘eruntur
1818 3880 1897 3919 ex.

278 3949 417 4003 vino
450 3948 559 4021 [ΑΙ.
594 3950 806 4024 humo],
843 3968 939 4021 pro
973 3954 1171 4023 populo
1198 3954 1394 4009 oll'eire
1425 3955 1625 4010 debere
1649 3957 1701 4011 in
1725 3972 1903 4012 etme--

282 4043 353 4096 tis
383 4044 828 4100 solemnitatibus
857 4064 869 4099 :
898 4057 1005 4101 tam
1038 4047 1300 4105 videlicet
1322 4050 1374 4103 in
1400 4048 1665 4116 kalendis,
1694 4051 1747 4107 id
1778 4060 1899 4118 est,

278 4137 633 4205 nemneniis,
668 4157 828 4208 quam
901 4142 956 4195 in
1008 4141 1251 4197 sabbatis
1298 4162 1309 4197 :
1356 4144 1572 4213 quando
1641 4146 1903 4202 tenebris-

276 4244 475 4288 cuncta
507 4236 884 4304 operientibus
910 4281 922 4301 ,
954 4238 1161 4292 lunaris
1193 4239 1478 4309 exordium
1511 4240 1733 4295 luminis
1760 4253 1844 4295 cst
1871 4260 1884 4295 :

278 4337 335 4378 et
372 4327 424 4381 in
460 4326 653 4405 requie
675 4328 1029 4384 sabbatorum
1065 4329 1613 4405 :utfaciatvidclicet
1643 4349 1739 4402 pro
1765 4349 1888 4403 pec-

277 4426 426 4481 cato,
450 4404 874 4486 atel'espiandum
905 4418 1000 4489 pro
1034 4421 1196 4477 domo
1223 4404 1412 4490 lSrael,
1440 4440 1560 4493 quae
1589 4433 1672 4479 est
1699 4424 1893 4481 Eccle-

276 4514 361 4565 sia
384 4511 477 4566 Dei
508 4511 1048 4581 viventis,colunma,
1072 4526 1123 4571 el
1144 4518 1597 4573 lirmamentatnm
1616 4521 1895 4577 veritatisa.

1989 1887 2079 1953 qui
2132 1886 2420 1956 ignoravit,
2447 1896 2496 1942 et
2524 1904 2697 1943 errore
2729 1890 2972 1959 deceptus
3002 1900 3117 1943 est:
3148 1889 3228 1944 illi
3262 1900 3562 1959 posuerunt
3582 1930 3597 1957 ,

1990 1997 2084 2047 pro
2121 1980 2412 2051 ignorante,
2441 1991 2491 2037 et
2522 1999 2615 2053 pro
2651 1984 2891 2051 parvulo.
2927 1983 2985 2037 In
3018 1999 3082 2038 eo
3118 1998 3337 2053 quoque
3372 1982 3463 2039 ubi
3496 1999 3599 2038 nos

1993 2070 2265 2140 diximus,
2298 2086 2344 2128 et
2375 2075 2698 2139 sacriﬁcium
2734 2075 2853 2145 ephi
2897 2091 2987 2144 per
3014 2076 3263 2153 vitulum,
3290 2085 3335 2131 et
3362 2075 3483 2145 ephi
3508 2093 3600 2145 per

1992 2166 2211 2221 arietem
2241 2169 2397 2238 faciet
2422 2184 2439 2221 :
2466 2177 2511 2222 et
2545 2169 2648 2222 olei
2684 2168 2776 2223 hin
2816 2186 2904 2239 per
2936 2169 3145 2239 singula
3179 2171 3296 2240 eplu'
3329 2186 3347 2224 :
3380 2170 3597 2225 illorum

1993 2259 2161 2314 editio
2204 2269 2391 2315 tenet:
2428 2270 2475 2315 et
2506 2262 2859 2330 sacriﬁcium,
2900 2271 2950 2315 et
2989 2263 3274 2316 coctionem
3318 2263 3511 2327 vitulo,
3552 2273 3601 2316 et

1994 2354 2277 2409 sartionem
2291 2356 2440 2410 arieti
2466 2354 2635 2417 dabis.
2660 2367 2709 2411 et
2725 2358 2825 2410 olei
2856 2356 2945 2409 hin
2976 2358 3241 2411 coctionis.
3266 2357 3323 2411 In
3353 2366 3600 2413 extremo

1996 2463 2212 2516 quoque
2243 2448 2537 2514 versiculo,
2586 2448 2681 2503 ubi
2724 2452 2825 2504 'nos
2870 2449 3104 2504 diximus
3133 2467 3145 2503 :
3178 2451 3231 2503 in
3265 2450 3600 2529 sacriﬁcio‘ct

1992 2542 2049 2594 in
2075 2543 2188 2596 oleo
2213 2559 2230 2596 .·
2259 2541 2335 2596 illi
2363 2542 2644 2609 dixerunt,
2667 2544 2804 2597 sicut
2827 2544 2876 2596 in
2904 2545 3258 2607 mauua,sicut
3283 2544 3337 2597 in
3362 2542 3478 2601 oleo
3503 2560 3519 2596 :
3543 2542 3599 2597 In

2000 2638 2196 2706 primo,
2230 2636 2426 2707 inquit,
2458 2655 2645 2693 mense
2679 2646 2734 2693 et
2760 2639 2934 2706 prima
2959 2637 3047 2691 die
3077 2638 3285 2693 mensis
3308 2636 3475 2709 (haud
3502 2636 3601 2693 du-

1998 2730 2181 2797 bium,
2213 2731 2344 2802 quin
2377 2731 2545 2787 Nisan
2580 2732 2881 2801 signiﬁcet)
2914 2745 3100 2787 sumes
3132 2731 3362 2785 vitulum
3403 2730 3487 2813 de
3515 2745 3605 2811 ar-

1997 2823 2221 2879 mento:
2257 2840 2363 2893 non
2415 2827 2505 2895 qui
2556 2824 2704 2881 domi
2745 2826 2984 2899 nutritus
3025 2825 3129 2889 sit,
3173 2825 3268 2880 sed
3308 2824 3402 2896 qui
3435 2826 3486 2880 in
3522 2841 3609 2885 ar-

2000 2924 2209 2981 mento,
2248 2915 2350 2972 hoc
2390 2928 2505 2983 est,
2539 2917 2607 2973 de
2641 2932 2810 2989 grege
2856 2928 2910 2973 et
2955 2932 3185 2985 numero
3224 2918 3608 2988 plurimorum.

2000 3008 2069 3064 ιη·
2104 3010 2333 3079 septima
2366 3026 2585 3081 quoque
2620 3010 2866 3081 ejusdem
2894 3012 3124 3078 .mensis
3155 3012 3248 3067 die
3282 3032 3292 3067 :
3328 3027 3450 3080 quae
3487 3011 3611 3067 duae

2000 3096 2403 3169 solemnitates,
2438 3103 2543 3158 hoc
2574 3114 2691 3173 est,
2739 3105 2900 3172 primi
2940 3105 3144 3159 mensis
3178 3104 3350 3173 prima
3385 3104 3523 3169 dies,
3558 3112 3614 3159 et

2002 3195 2248 3265 ejusdem
2298 3196 2565 3265 septima,
2608 3198 2661 3251 in
2707 3197 2825 3267 lege
2876 3197 3111 3252 Mosaica
3164 3212 3271 3252 non
3316 3196 3608 3251 habentur.

2001 3274 2549 3357 Quartumdecimum
2590 3276 2768 3347 autem
2798 3292 2942 3347 diem
2975 3293 3181 3357 mensis
3205 3335 3217 3358 ,
3260 3308 3368 3363 quo
3403 3292 3611 3347 Pascha

2000 3384 2332 3456 celebratur,
2352 3368 2406 3441 et
2431 3385 2649 3455 Moyses
2680 3387 2939 3456 praecepit
2962 3385 3363 3455 observandum
3389 3427 3403 3451 ,
3436 3400 3613 3456 quan-

2004 3479 2075 3534 do
2101 3489 2308 3549 septem
2338 3479 2530 3534 diebus
2560 3495 2761 3559 azyma.
2787 3479 3151 3535 comedimus.
3178 3479 3439 3547 Quartam
3474 3494 3607 3536 vero

2003 3574 2447 3638 solemnitatem,
2491 3574 2557 3629 de
2589 3590 2691 3644 qua
2726 3574 2857 3629 dicit
2890 3592 2903 3627 :
2938 3574 3177 3645 septimo
3214 3591 3407 3632 mense
3452 3576 3611 3646 quin-

2008 3666 2274 3722 tadecima
2304 3666 2393 3721 die
2430 3667 2634 3731 mensis
2676 3652 2728 3737 in
2763 3667 3114 3735 solemnitate
3146 3668 3343 3735 (Exod.
3394 3667 3524 3739 xu),
3560 3677 3617 3724 et

2005 3771 2228 3828 caetera,
2254 3761 2470 3835 videtur
2504 3760 2635 3815 mihi
2668 3761 2831 3834 57o
2857 3761 3169 3829 signiﬁcare
3198 3762 3611 3835 sceuopegiam,

2007 3871 2175 3927 quam
2222 3854 2309 3909 hic
2355 3842 2479 3919 sine,
2519 3836 2742 3921 nomine
2772 3838 2997 3924 posuit.
3036 3854 3334 3913 Curramus
3382 3869 3510 3925 ergo
3550 3853 3617 3910 ad

2006 3950 2321 4021 singula,et
2350 3948 2479 4018 quid
2504 3947 2661 4002 nobis
2686 3946 2963 4015 videatur,
2988 3946 3235 4002 breviter
3258 3947 3613 4013 disseramus.

2012 4041 2152 4098 Esse
2195 4040 2575 4096 solenmitates
2608 4039 2949 4109 spirituales,
2987 4048 3042 4095 et
3079 4041 3375 4110 Apostolus
3406 4040 3567 4121 docet
3600 4057 3613 4095 :

2012 4136 2093 4191 Ne
2124 4151 2256 4206 ergo
2299 4136 2420 4206 quis
2474 4150 2572 4189 vos
2620 4134 2829 4205 judicet
2875 4135 2926 4189 in
2978 4135 3102 4191 cibo
3149 4144 3204 4191 et
3237 4144 3402 4204 potu,
3443 4143 3537 4189 aut
3566 4134 3621 4190 ln

2012 4241 2170 4300 parte
2198 4227 2585 4292 solemnitatis,
2615 4235 2709 4280 aut
2739 4228 3064 4301 neomenize,
3099 4238 3192 4282 aut
3221 4228 3572 4305 sabbatorum
3594 4269 3611 4294 ,

2024 4340 2145 4393 quae
2176 4308 2302 4377 sunt
2345 4323 2539 4393 umbra
2577 4322 2881 4397 futurorum
2922 4320 3147 4394 (Coloss.
3181 4338 3249 4387 ll,
3289 4322 3404 4394 l6).
3436 4323 3504 4377 Et
3542 4322 3623 4377 sic

2019 4434 2116 4489 per
2146 4418 2337 4474 Isaiam
2366 4416 2603 4489 loquitur
2626 4417 2764 4471 Deus
2784 4436 2795 4471 :
2815 4416 3136 4471 Neomenias
3159 4424 3387 4483 vestras,
3410 4424 3464 4471 et
3495 4414 3624 4471 sab-

2006 4512 2140 4565 bata
2174 4520 2476 4587 ves‘tr_a,et
2518 4510 2660 4565 diem
2704 4525 2957 4580 magnum
3011 4525 3119 4565 non
3159 4510 3398 4581 suscipio
3432 4508 3624 4582 :jcju-

277 4600 390 4656 Ista
423 4611 509 4657 est
537 4606 681 4665 enim
730 4606 925 4663 domus
964 4607 1057 4663 Dei
1084 4609 1353 4678 viventis,
1387 4622 1440 4666 et
1468 4612 1659 4668 domus
1691 4612 1892 4681 Israel”

2006 4590 2195 4667 nium,
2227 4580 2281 4659 et
2313 4580 2500 4669 ierias,
2534 4612 2589 4657 et
2624 4598 2957 4669 ueomenias,
2992 4611 3055 4677 et
3086 4603 3467 4675 solenmitates
3497 4624 3624 4666 ves-

279 4711 404 4764 qum
438 4686 757 4766 expiatione
788 4704 1009 4754 suorum
1035 4701 1236 4773 indiget
1270 4715 1635 4771 peccatorum.

353 4791 949 4866 (Vers.l85cqq.)llwc
971 4798 1094 4851 dicit
1128 4797 1386 4853 Dominus
1418 4799 1591 4855 Deus:
1617 4799 1683 4855 In
1714 4803 1893 4874 primo

280 4902 588 4951 mense,una
611 4890 797 4943 mensis
814 4906 984 4945 sumes
1006 4892 1226 4945 vitulum
1247 4894 1308 4947 de
1324 4884 1556 4949 armento
1578 4892 1883 4952 immacula-

280 4986 416 5046 tum,
447 4987 493 5033 et
514 4981 745 5065 (inpiabis
766 4984 1217 5039 sanctuarium.Et
1236 4978 1381 5043 tollet
1402 4990 1647 5043 sacerdos
1677 4991 1739 5043 de
1760 5007 1883 5045 san-

281 5072 439 5141 guine
660 5078 797 5146 quod
826 5080 918 5131 erit
949 5096 1041 5150 pro
1072 5074 1365 5151 peccatol,et
1401 5092 1553 5151 ponet
1586 5085 1896 5151 inpostibus

282 5162 469 5219 domus
489 5208 502 5231 ,
534 5178 579 5219 et
627 5168 676 5221 in
707 5182 927 5238 qnar’uar
957 5171 1163 5243 angulis
1190 5172 1471 5249 crepidinis
1501 5177 1716 5245 altaris,
1738 5190 1783 5231 et
1829 5181 1883 5233 in

284 5257 522 5321 postibus
553 5272 714 5330 porta:
738 5265 857 5316 atrii
888 5262 1171 5321 interioris.
1206 5266 1272 5318 Et
1296 5269 1371 5321 sic
1400 5269 1561 5339 facies
1586 5260 1639 5323 in
1666 5274 1883 5343 septima

282 5354 477 5407 ntensis
506 5372 600 5425 pro
622 5374 938 5435 unoquoque
963 5366 1051 5429 qui
1080 5362 1393 5432 ignoraverit
1564 5365 1878 5435 ignorarit],

284 5454 333 5497 et
375 5463 546 5502 errore
592 5432 830 5520 dei‘eptgzs
870 5464 977 5521 est,
1016 5464 1060 5508 et
1105 5456 1377 5515 expiabitis
1414 5432 1604 5529 [Vulgi
1626 5459 1891 5531 expiabis].

284 5556 379 5607 pro
408 5542 581 5596 domo.
615 5542 680 5597 In
708 5546 873 5623 primo
901 5564 1090 5613 mense,
1131 5551 1517 5625 quartadecima
1553 5552 1636 5625 die
1670 5554 1880 5616 utensis,

282 5632 379 5686 erit
419 5634 555 5687 volas
590 5624 829 5711 ¹ρίιδὲΙιιλτει
862 5642 1159 5695 solemnitas
1202 5660 1219 5697 :
1252 5624 1447 5713 septem
1481 5643 1655 5699 diebus
1698 5628 1935 5719 uagina:

360 5730 695 5825 {Rescriblt
718 5749 1017 5816 Victorius,
1044 5751 1112 5807 Et
1135 5754 1187 5808 in
1209 5754 1391 5809 eodem
1409 5754 1521 5809 loco
1547 5770 1564 5808 :
1594 5755 1738 5825 quod
1774 5756 1888 5809 iIIPC

287 5812 360 5869 ibi
390 5814 580 5887 juncta
614 5821 724 5875 sint
752 5812 1087 5899 testimonia.

1898 5976 1962 6016 εδ

2009 4716 2135 4760 ‘tras-
2162 4704 2287 4771 odit
2325 4704 2504 4756 anima
2564 4717 2684 4758 mea
2736 4700 2891 4774 (lsai.
2929 4701 3113 4772 5’15).
3161 4702 3628 4767 Manifestumest

2018 4798 2164 4870 quod
2197 4799 2289 4869 qui
2318 4797 2690 4853 solenmitates
2723 4797 2901 4852 oderit
2943 4797 3286 4873 Judaaornm,
3318 4814 3445 4856 suas
3498 4801 3630 4881 dilij

2018 4902 2139 4963 gat,
2185 4891 2471 4946 sabbatum
2504 4890 2765 4945 videlicet
2818 4890 2960 4960 quod
2997 4891 3249 4977 relictum
3285 4901 3368 4953 est
3416 4896 3623 4969 populo

2023 4984 2121 5040 Dei
2152 5002 2165 5039 :
2195 4992 2252 5038 ut
2290 4983 2575 5039 videamus
2613 4999 2732 5054 quae
2773 4998 2801 5037 a
2830 4972 2944 5049 Deo
2973 4972 3173 5041 donata
3197 4995 3325 5041 sunt
3358 4986 3539 5053 nobis,
3569 4994 3629 5045 et

2022 5080 2333 5149 loquamur.
2363 5094 2470 5133 non
2513 5079 2565 5132 in
2597 5078 2776 5149 doctis
2819 5066 3068 5135 humana:
3110 5079 3393 5151 sapientiae
3422 5079 3631 5157 verbis,—

2012 5174 2121 5230 ‘sed
2180 5175 2233 5228 in
2284 5173 2530 5229 doctrina
2583 5176 2836 5243 Spiritus,
2886 5173 3631 5257 Spiritualibusspiritualia

2025 5278 2429 5341 comparantes.
2467 5271 2520 5324 In
2560 5271 2811 5340 pra-senti
2844 5272 2987 5327 enim
3019 5254 3223 5341 saeculo
3254 5269 3397 5339 quod
3426 5270 3476 5323 iu
3506 5284 3623 5325 ma-

2026 5366 2177 5439 ligno
2207 5366 2440 5434 positum
2468 5375 2573 5435 est,
2608 5366 2727 5421 dies
2748 5366 2925 5431 bonos
2955 5366 3145 5429 videre
3170 5380 3287 5427 non,
3309 5378 3621 5433 possumus,

2025 5455 2123 5512 sed
2156 5460 2205 5511 in
2241 5471 2383 5512 novo
2419 5475 2430 5510 :
2463 5456 2531 5512 de
2560 5457 2760 5526 quibus
2792 5456 2986 5525 diebus
3027 5458 3078 5511 in
3112 5454 3356 5521 carmine
3387 5454 3637 5518 Mosaico

2028 5551 2266 5622 Spiritus
2311 5560 2530 5606 sanctus
2579 5550 2723 5605 canit
2758 5568 2769 5605 :
2802 5551 3075 5605 Memento
3122 5548 3335 5603 dierum
3387 5547 3634 5627 antiqui-

2033 5648 2157 5703 tatis
2195 5666 2207 5702 :
2260 5647 2500 5717 intellige
2574 5659 2752 5699 annos
2796 5643 3643 5727 generationisgenerationem

2108 5756 2135 5793 ι’
2176 5757 2343 5830 ΙαεξῐηΔ
2388 5756 2582 5830 maluit
2632 5755 2982 5830 cometlmtur,
3039 5770 3107 5812 ex
3165 5754 3318 5830 Vulg.
3386 5767 3441 5815 et
3498 5773 3635 5814 mss.

1994 5827 2291 5903 ;Brixiens.
2318 5825 2389 5915 lu
2412 5826 2641 5915 Hebraeo
2670 5833 2756 5883 est
2783 5825 2941 5891 Ἄκη.
