4108 6338
13 24 33 739 l

14 1208 19 1401 γ

503 296 610 358 ιόὃ

1720 290 1721 293 “
1746 293 1802 351 S.
1847 288 2117 352 EUSEBII
2156 288 2536 349 HIERONYMI

3700 285 3807 347 ‘56

501 410 683 485 (Deut.
713 425 888 476 χχιιι,
910 407 992 481 7).
1022 407 1102 465 De
1129 407 1329 480 quibus
1351 414 1408 464 et
1434 406 1671 465 Sanctus
1704 407 2027 481 loquebatur
2050 408 2101 463 in
2131 420 2178 476 Α
2210 406 2436 463 Paschae
2466 403 2790 462 solemnitas
2815 410 2899 459 est
2933 421 2948 460 :
2978 402 3047 459 de
3073 416 3180 475 qua
3213 400 3479 474 scriptum
3514 406 3601 455 est
3630 415 3645 453 :
3676 397 3806 454 Ete.

501 505 716 577 psalmo
752 523 766 559 :
800 504 967 558 Nocte
996 501 1050 558 in
1078 502 1246 559 corde
1277 518 1400 558 meo
1429 502 1732 559 meditabar
1763 502 1879 574 (Ps.
1916 518 2097 571 Lxxvr,

500 597 578 669 7).
605 598 675 653 Ει
701 598 898 652 iterum
926 614 939 649 :
972 596 1041 652 Et
1071 611 1245 653 annos
1271 606 1511 652 mternos
1534 595 1587 652 in
1619 607 1803 651 meme
1834 597 2019 663 habui,
2052 604 2105 650 et

504 688 803 746 meditatus
852 704 973 745 sum
1020 687 1211 759 (Ibid.,
1242 682 1321 762 6).
1364 688 1470 758 Qui
1517 691 1679 745 istum
1734 706 1841 745 non
1881 690 2108 760 suscipit

506 783 844 840 intellectum
867 828 881 852 ,
917 784 1252 855 reSpondeat
1290 800 1399 857 quo
1444 784 1618 856 possit
1655 785 1789 840 illud
1831 801 2107 857 exponere

508 876 654 948 quod
687 877 856 933 Isaias
883 878 953 934 de
985 878 1205 945 futuro,
1243 886 1299 935 et
1334 893 1477 935 novo
1514 879 1717 935 saeculo
1740 880 2104 934 vaticinatur:

506 972 627 1029 Erit
685 973 888 1031 mensis
935 989 1006 1029 ex
1066 988 1277 1041 mense,
1308 982 1365 1029 et
1400 974 1685 1029 sabbatum
1722 989 1789 1029 ex
1829 973 2058 1029 sabbato
2090 990 2102 1027 :

509 1076 565 1122 et
596 1068 783 1123 veniet
811 1067 991 1123 omnis
1021 1082 1152 1124 caro
1180 1068 1415 1124 adorare
1443 1068 1730 1124 Dominum
1763 1065 1917 1141 (Isai.
1949 1083 2102 1134 vat,

504 1162 599 1236 25)
632 1182 643 1219 :
680 1163 897 1235 quando
928 1165 1046 1219 veri
1078 1163 1400 1219 adoratores
1430 1178 1771 1233 nequaquam
1801 1162 2108 1218 adorabunt

503 1256 558 1313 in
594 1268 783 1315 monte
808 1258 1070 1325 Garizim,
1103 1272 1206 1315 nec
1235 1258 1291 1313 in
1314 1258 1645 1324 Jerusalem,
1679 1257 1772 1313 sed
1805 1258 1856 1312 in
1886 1257 2103 1328 spiritu,

505 1361 561 1409 et
584 1354 812 1408 veritate
841 1352 1022 1425 (Joan.
1050 1351 1163 1425 1v);
1196 1352 1418 1425 quando
1444 1354 1548 1409 erit
1570 1353 1767 1408 cmhnn
1798 1366 2025 1419 novum,
2053 1359 2107 1406 et

506 1454 651 1502 terra
687 1460 843 1513 nova,
872 1457 927 1503 et
956 1446 1279 1502 liberabitur
1300 1448 1479 1502 omnis
1505 1454 1755 1502 creatura
1786 1461 1814 1500 a
1847 1444 2108 1501 servitute

504 1540 900 1611 corruptionis,
932 1540 988 1595 in
1016 1540 1324 1596 libertatem
1355 1539 1590 1595 ﬁliorum
1624 1539 1759 1607 Dei,
1791 1546 1847 1595 et
1872 1538 1955 1594 sol
1986 1552 2100 1609 sep-

509 1634 612 1690 ties
652 1643 864 1690 tantum
901 1634 1086 1689 lumen
1115 1634 1375 1704 accipiet,
1406 1644 1462 1689 et
1505 1634 1631 1688 luna
1680 1632 1781 1689 soli
1823 1646 2108 1703 compara-

506 1729 651 1786 bitur
692 1728 875 1809 (Rom.
909 1745 1038 1796 vm,
1086 1727 1216 1784 Isai.
1262 1726 1415 1801 va).
1468 1728 1815 1784 Accessimus
1855 1727 1996 1784 enim
2039 1727 2104 1783 ad

2214 502 2325 557 nim
2378 499 2586 556 Pascha
2635 507 2885 555 nostrum
2942 498 3255 555 immolatus
3318 504 3404 553 est
3454 493 3705 550 Christus
3755 491 3807 565 (l

2210 592 2331 650 Cor.
2361 610 2416 661 ν,
2449 593 2525 666 7).
2561 593 2712 649 Tunc
2740 593 3083 650 comedimus
3126 599 3338 663 septem
3383 590 3578 646 diebus
3617 600 3808 659 azyma

2209 688 2265 743 in
2294 688 2484 761 requie
2507 699 2566 744 et
2593 689 2892 746 securitate
2917 705 3101 745 rerum
3132 687 3376 744 omnium
3396 726 3413 755 ,
3457 683 3676 757 quando
3705 685 3811 739 fer-

2208 792 2452 837 mentum
2484 782 2727 851 malitiae,
2750 794 2806 841 et
2830 783 3094 855 nequitia:
3115 782 3488 846 destruentes,
3518 778 3812 836 manduca-

2208 893 2329 932 mus
2355 893 2540 950 azyma
2571 880 2914 937 sinceritatis
2941 889 2996 937 et
3026 880 3298 947 veritatis,
3342 880 3589 951 principe
3625 886 3810 933 nostro

2209 980 2406 1026 cuncta
2454 970 2572 1027 haec
2626 988 2726 1043 pro
2777 972 2936 1028 nobis
2992 972 3283 1039 oﬁ‘erente,
3336 981 3391 1029 et
3426 972 3662 1042 primum
3712 984 3811 1041 pro

2206 1065 2409 1137 seipso.
2442 1066 2699 1139 Suscepit
2723 1067 2870 1124 enim
2901 1083 3100 1139 corpus
3130 1069 3445 1135 humanum,
3481 1075 3538 1124 et
3563 1081 3659 1135 per
3689 1079 3814 1137 pec-

2208 1172 2390 1219 catum
2422 1162 2698 1220 destruxit
2744 1175 3060 1235 peccatum,
3091 1164 3186 1235 qui
3225 1179 3325 1234 pro
3354 1162 3513 1219 nobis
3546 1160 3725 1229 dolet,
3758 1169 3813 1216 et

2207 1266 2391 1330 portat
2415 1259 2763 1316 inﬁrmitates
2794 1272 3015 1316 nostras
3052 1278 3064 1313 :
3096 1259 3297 1317 deinde
3329 1258 3516 1333 [Vulg.
3561 1255 3811 1329 proinde]

2209 1369 2303 1423 pro
2335 1353 2488 1408 domo
2536 1371 2653 1425 sua,
2698 1354 2845 1426 quod
2890 1355 2943 1410 in
2982 1354 3129 1411 LXX
3166 1356 3431 1426 scriptum
3475 1362 3592 1420 est;
3635 1352 3731 1410 sed
3755 1352 3810 1408 in

2212 1446 2478 1505 Hebraico
2524 1466 2631 1505 non
2679 1451 2948 1521 habetur,
3002 1450 3054 1505 id
3103 1461 3222 1521 est,
3280 1466 3377 1521 pro
3426 1448 3696 1517 Ecclesia,
3755 1457 3815 1505 et

2210 1556 2310 1612 pro
2368 1542 2517 1597 omni
2581 1544 2786 1614 populo
2837 1552 3027 1611 terrae,
3085 1543 3249 1616 572
3303 1543 3560 1599 universo
3613 1541 3814 1597 videli-

2209 1642 2297 1688 cet
2348 1632 2585 1689 humano
2637 1651 2859 1707 genere.
2917 1635 3171 1692 Salvator
3227 1645 3311 1692 est
3365 1636 3513 1692 enim
3568 1634 3814 1689 omnium

2212 1727 2530 1791 hominum,
2580 1736 2636 1783 et
2675 1729 2911 1785 maxime
2942 1728 3217 1797 ﬁdelium,
3250 1738 3305 1785 et
3348 1732 3465 1801 ipse
3494 1739 3580 1784 est
3626 1727 3818 1799 prOpi-

507 1831 752 1880 montem
783 1823 943 1889 Sion,
989 1823 1078 1894 qui
1111 1822 1507 1894 interpretatur
1536 1821 1764 1894 specula,
1796 1828 1852 1877 et
1878 1820 1946 1876 ad
1971 1821 2107 1877 civi-
2135 1816 2181 1877 B
2212 1822 2366 1877 tiatio
2384 1838 2484 1893 pro
2516 1825 2758 1893 peccatis
2782 1823 3016 1890 nostris;
3036 1832 3093 1879 et
3115 1840 3221 1879 non
3248 1822 3429 1879 solum
3458 1837 3558 1894 pro
3587 1819 3813 1889 nostris,

502 1924 671 1972 tatem
703 1916 797 1972 Dei
826 1915 1081 1983 viventis,
1109 1914 1411 1970 Jerusalem
1435 1914 1740 1979 caelestem,
1763 1923 1818 1969 et
1844 1912 1912 1967 ad
1939 1911 2107 1967 millia

504 2010 824 2081 angelorum
853 2008 1254 2065 solemnitates.
1275 2009 1353 2064 De
1378 2023 1482 2080 qua
1503 2007 1850 2063 solemnitate
1870 2004 2110 2077 loquitur

501 2111 556 2157 et
583 2103 723 2157 alius
747 2101 1010 2173 propheta
1039 2120 1050 2155 :
1076 2101 1215 2170 Quid
1248 2103 1456 2157 facietis
1486 2102 1539 2156 in
1572 2099 1770 2156 diebus
1806 2113 2108 2171 congrega-

501 2195 698 2264 tionis,
732 2194 861 2251 etin
885 2195 1081 2252 diebus
1110 2195 1477 2251 solemnitatis
1494 2194 1707 2249 Domini
1736 2190 1882 2265 (Ose.
1906 2207 1980 2259 ιι,
2005 2190 2109 2263 5)?

507 2288 626 2346 Hoc
666 2301 751 2345 est
788 2289 921 2345 illud
959 2288 1101 2361 quod
1134 2299 1187 2345 et
1222 2288 1353 2344 alibi
1397 2288 1620 2356 dicitur,
1656 2286 1921 2355 Celebra,
1945 2284 2106 2352 Juda,

502 2381 830 2439 festivitates
878 2394 998 2438 tuas
1027 2399 1041 2437 :
1069 2382 1239 2439 redde
1278 2392 1405 2438 vota
1451 2392 1540 2437 tua
1582 2379 1774 2451 (Num.
1809 2395 1858 2448 1,
1904 2379 2014 2449 15).
2048 2377 2108 2435 Si

504 2492 636 2549 ergo
691 2477 987 2533 didicimus
1040 2477 1419 2534 solemnitates
1481 2475 1830 2549 spirituales,
1900 2487 2107 2529 conse-

505 2578 739 2641 quenter
758 2570 1078 2628 docebimur
1099 2580 1154 2627 et
1169 2570 1424 2627 victimas
1446 2568 1775 2641 spirituales.
1795 2566 2108 2623 Assumitur

503 2666 709 2722 vitulus
735 2666 803 2722 de
830 2676 1105 2734 armento,
1131 2667 1247 2723 sive
1284 2677 1487 2735 taurus,
1522 2675 1583 2721 ut
1608 2666 2000 2735 interpretatus
2022 2672 2107 2718 est

508 2759 666 2832 571
697 2760 1085 2831 Symmachus,
1125 2760 1265 2818 liber
1293 2769 1347 2817 et
1375 2760 1525 2816 nullo
1558 2772 1781 2831 pressus
1818 2758 1973 2829 jugo,
2004 2757 2108 2814 hoc

506 2859 613 2918 est,
640 2867 812 2910 onere
843 2862 1187 2925 peccatorum
1206 2897 1221 2923 ,
1246 2864 1301 2912 et
1331 2854 1716 2912 immaculatus
1746 2872 1759 2908 :
1792 2852 1885 2925 qui
1911 2866 2107 2925 pecca-

504 2953 618 3001 tum
650 2963 758 3003 non
789 2946 949 3016 fecit,
979 2964 1080 3006 nec
1109 2949 1272 3005 dolus
1308 2950 1565 3005 inventus
1602 2958 1688 3005 est
1729 2948 1782 3004 in
1824 2962 1922 3003 ore
1962 2947 2102 3018 ejus,

504 3040 711 3098 vitulus
741 3043 1009 3111 novellus,
1044 3058 1249 3101 cornua
1277 3043 1536 3111 eﬁ'erens,
1573 3051 1630 3099 et
1658 3043 1886 3115 ungulas
1915 3060 1928 3097 :
1959 3050 2021 3098 ιιι
2048 3040 2103 3097 in

502 3131 621 3203 ipso
658 3135 972 3203 mundetur,
1012 3146 1068 3192 et
1103 3137 1352 3208 expietur
1380 3136 1775 3193 sanctuarlum.
1809 3134 1878 3190 Et
1920 3133 2098 3201 tollet,

2213 1914 2306 1972 sed
2341 1932 2439 1987 pro
2468 1918 2617 1973 omni
2648 1918 2876 1974 mundo.
2915 1917 3113 1975 Oblato
3140 1930 3318 1976 autem
3355 1918 3530 1975 vitulo
3564 1933 3661 1988 pro
3685 1916 3815 1973 uni.

2212 2027 2372 2068 verso
2400 2013 2603 2085 populo
2650 2023 2844 2083 terrae,
2877 2012 2929 2068 in
2965 2022 3174 2085 septem
3216 2013 3408 2070 diebus
3444 2013 3670 2084 reliquis
3703 2010 3813 2068 Do-

2211 2105 2430 2161 minicze
2467 2105 2745 2177 passionis
2787 2116 2994 2177 septem
3036 2106 3224 2173 vituli,
3255 2118 3312 2163 et
3356 2116 3566 2178 septem
3612 2104 3816 2161 arietes

2213 2198 2552 2254 immaculati
2602 2198 2907 2255 offeruntur
2958 2199 3224 2270 quotidie,
3281 2208 3341 2255 ut
3390 2198 3710 2255 holocausto
3758 2204 3818 2253 et

2208 2288 2334 2361 igne
2364 2291 2649 2347 Dominico
2680 2300 3122 2349 concrementur.
3156 2290 3376 2363 Septem
3410 2301 3591 2348 autem
3621 2290 3811 2359 vituli,

2209 2393 2265 2440 et
2289 2393 2497 2456 septem
2525 2387 2728 2442 arietes
2759 2395 2916 2454 sunt,
2948 2386 3041 2457 qui
3071 2385 3484 2458 conﬁgurantur
3513 2385 3815 2441 Dominica:

2209 2478 2490 2549 passioni,
2540 2486 2600 2533 ut
2650 2479 2932 2535 imitentur
2984 2494 3172 2536 verum
3217 2478 3469 2546 vitulum,
3518 2488 3574 2535 et
3620 2493 3811 2534 verum

2209 2573 2436 2641 arietem
2457 2616 2473 2640 ,
2508 2575 2830 2645 sanguinem
2860 2583 3161 2646 martyrum
3196 2589 3292 2645 per
3330 2582 3539 2646 septem
3580 2573 3696 2630 dies
3728 2580 3818 2628 to-

2210 2669 2316 2723 tius
2344 2668 2533 2723 mundi
2585 2678 2804 2739 peccata
2860 2676 3185 2741 purgentur.
3233 2669 3433 2725 Hircus
3471 2683 3691 2741 quoque
3718 2681 3813 2724 ca-

2208 2778 2429 2834 prarum
2460 2763 2689 2819 oﬁ‘ertur
2726 2779 2826 2835 pro
2866 2775 3090 2834 peccato
3119 2764 3386 2836 quotidie,
3419 2774 3629 2835 septem
3656 2761 3817 2819 vide-

2206 2854 2336 2911 licet
2376 2854 2591 2913 diebus.
2628 2857 3139 2928 Attendendumque
3166 2857 3517 2929 diligentius,
3561 2856 3706 2928 quod
3751 2857 3809 2912 in

2206 2949 2479 3005 sacriﬁcio
2507 2950 2633 3022 ephi
2664 2966 2762 3020 per
2791 2950 3048 3019 vitulum,
3083 2961 3137 3007 et
3173 2951 3298 3022 ephi
3328 2966 3428 3023 per
3469 2950 3724 3020 arietem,
3756 2958 3813 3007 et

2205 3045 2311 3099 olei
2341 3044 2431 3099 hin
2456 3043 2759 3101 oﬁ'eruntur
2783 3060 2903 3116 quae
2926 3044 3069 3116 Lege
3095 3056 3367 3118 praecepta
3400 3055 3549 3101 sunt.
3575 3046 3632 3101 In
3657 3044 3811 3101 obla-

2208 3136 2357 3194 tione
2387 3149 2567 3195 autem
2615 3138 2784 3207 hirci,
2831 3154 2934 3195 nec
2965 3138 3126 3211 ephi,
3170 3155 3271 3196 nec
3320 3140 3401 3213 (ut
3453 3139 3810 3210 Septuaginta

504 3226 705 3294 inquit,
736 3228 995 3285 sacerdos
1022 3228 1091 3285 de
1121 3229 1391 3301 sanguine
1413 3230 1533 3300 ejus
1554 3228 1700 3301 quod
1722 3228 1827 3284 erit
1855 3242 1953 3299 pro
1976 3242 2104 3298 pec-
2131 3212 2176 3278 C
2210 3234 2639 3308 transtulerunt)
2668 3236 2848 3291 coctio
2881 3235 3124 3307 ponitur,
3156 3235 3246 3307 qui
3291 3212 3390 3306 pro
3431 3233 3559 3305 ephi
3598 3235 3803 3308 πέμμα,

500 3330 625 3377 cato
662 3322 906 3379 omnium
939 3340 954 3380 :
986 3324 1075 3395 qui
1113 3323 1235 3380 aliis
1266 3324 1449 3380 verbis
1486 3338 1660 3395 agnus
1706 3321 2016 3393 appellatur
2046 3321 2099 3376 in

502 3413 714 3484 Exodo,
748 3425 802 3472 et
843 3418 898 3471 in
946 3417 1242 3489 Evangelio
1263 3458 1278 3485 ,
1310 3417 1550 3488 Baptista
1592 3417 1806 3473 Joanne
1832 3416 2052 3472 dicente
2084 3434 2099 3472 :

511 3507 654 3565 Ecce
686 3513 875 3581 Agnus
906 3509 1024 3579 Dei,
1058 3511 1148 3581 qui
1176 3509 1319 3565 tollit
1358 3519 1583 3581 peccata
1614 3508 1800 3565 mundi
1832 3507 2017 3581 (Joan.
2053 3522 2095 3575 ι,

500 3601 616 3675 29).
651 3602 887 3675 Sanguis
918 3616 1101 3660 autem
1130 3606 1249 3677 ipse
1287 3612 1373 3662 est
1411 3604 1691 3678 pretiosus
1717 3605 1771 3659 in
1810 3618 1919 3675 quo
1950 3602 2099 3659 redi-

502 3696 701 3754 mimur
740 3699 793 3754 in
839 3700 1095 3768 passione
1140 3699 1357 3756 Domini
1399 3699 1733 3766 Salvatoris;
1777 3697 1933 3769 cujus
1975 3710 2097 3752 car-

501 3791 669 3847 nibus
715 3792 930 3862 alimur,
982 3801 1039 3850 et
1084 3809 1281 3851 cruore
1312 3802 1601 3865 p0tamur;
1647 3806 1756 3864 quo
1802 3799 2101 3861 tanguntur

502 3895 737 3955 quatuor
776 3886 962 3957 anguli
1008 3885 1306 3958 crepidinis
1348 3887 1566 3958 altaris,
1601 3886 1746 3958 quod
1789 3883 2099 3942 Theodotio

510 3976 691 4047 ipsum
719 3979 946 4035 verbum
971 3978 1296 4037 Hebraicum
1320 3981 1522 4052 posuit,
1549 3996 1723 4037 auus
1752 3977 1959 4051 (mut),
1983 3978 2100 4034 sive

500 4071 723 4143 templi,
763 4079 824 4128 ut
852 4071 997 4128 LXX
1025 4076 1421 4131 transtulerunt
1452 4092 1466 4131 :
1499 4083 1561 4130 ut
1594 4073 1967 4130 sanctiﬁcetur
1994 4071 2097 4129 do-

501 4180 624 4222 mus
652 4176 710 4223 et
740 4167 934 4225 altare.
966 4166 1238 4226 Universa
1276 4170 1421 4227 enim
1460 4169 1648 4226 mundi
1689 4169 1960 4226 elementa
1992 4167 2100 4224 hoc

497 4263 764 4334 sanguine
834 4263 1248 4323 sanctiﬁcantur
1296 4285 1310 4322 :
1365 4274 1427 4321 ut
1489 4280 1612 4322 cum
1675 4264 1796 4336 quis
1850 4262 2099 4334 expiatus

498 4355 664 4414 fuerit
704 4363 870 4429 atque
906 4358 1220 4427 mundatus,
1249 4358 1591 4431 ingrediatur
1622 4366 1837 4432 portam
1862 4357 1987 4412 atrii
2016 4356 2099 4412 in-

498 4450 751 4520 terioris,
805 4462 860 4509 et
909 4454 1082 4525 possit
1127 4454 1343 4511 Domini
1386 4469 1583 4512 arcana
1635 4466 1990 4525 cognoscere,
2044 4461 2099 4508 et

495 4555 894 4618 consequenter
915 4548 1104 4606 venire
1126 4551 1193 4605 ad
1213 4551 1501 4621 septimam
1524 4549 1667 4605 diem
1689 4547 1893 4604 mensis
1917 4545 2095 4617 primi,

2207 3325 2312 3382 hoc
2339 3334 2453 3392 est,
2486 3328 2769 3384 coctionem
2806 3328 3149 3399 interpretati
3197 3335 3346 3382 sunt.
3381 3327 3481 3382 Hin
3524 3341 3656 3383 vero
3684 3342 3808 3398 qua:

2205 3421 2312 3477 olei
2343 3431 2493 3477 certa
2542 3436 2797 3477 mensura
2837 3430 2953 3492 est,
2986 3421 3056 3476 de
3084 3435 3185 3492 qua
3230 3427 3357 3476 ante
3378 3419 3492 3491 jam
3532 3418 3803 3486 diximus,

2204 3517 2500 3572 assumitur
2526 3517 2579 3571 in
2611 3516 2888 3573 sacriﬁcio
2908 3514 3061 3571 vituli
3085 3524 3140 3571 et
3161 3514 3391 3571 arietis:
3418 3523 3477 3569 ut
3500 3512 3805 3569 fomentum

2205 3607 2427 3665 luminis
2458 3610 2801 3681 sempiterni,
2836 3620 2894 3667 et
2922 3610 3166 3681 requiem
3211 3609 3414 3665 laboris
3436 3650 3450 3677 ,
3490 3621 3546 3665 et
3575 3608 3805 3664 lassitu-

2201 3701 2348 3759 dinis
2376 3703 2700 3772 sanitatem,
2729 3711 2855 3774 post
2883 3702 3243 3775 placationem
3275 3711 3625 3775 peccatorum
3654 3702 3804 3758 acci‘

2206 3809 2333 3866 pere
2362 3796 2660 3866 possimus.
2687 3795 2745 3853 ln
2775 3796 3011 3868 septimo
3039 3811 3256 3868 quoque
3284 3810 3490 3866 mense,
3514 3795 3805 3868 quintade-

2201 3888 2340 3946 cima
2370 3890 2578 3945 mensis
2607 3889 2731 3956 die,
2761 3891 2865 3945 hoc
2908 3899 3028 3955 est,
3060 3890 3509 3961 scenopegiarum
3530 3932 3544 3958 ,
3582 3898 3608 3927 α
3654 3889 3801 3945 idem

2201 3983 2494 4039 oblationis
2526 3992 2584 4039 et
2613 3984 3013 4041 sacriﬁciorum
3043 3984 3182 4041 ordo
3211 3984 3518 4041 servandus
3547 3991 3664 4052 est,
3692 3992 3802 4040 tam

2202 4093 2302 4150 pro
2324 4087 2547 4149 peccato
2563 4094 2724 4151 quam
2737 4094 2835 4150 pro
2855 4078 3201 4148 holocausto,
3217 4088 3272 4136 et
3290 4080 3342 4135 in
3364 4079 3656 4147 sacriﬁcio,
3673 4078 3803 4136 etin

2201 4173 2353 4241 oleo;
2380 4182 2439 4227 ut
2469 4172 2815 4229 festivitatem
2839 4173 3076 4243 Domini,
3104 4173 3311 4249 iugatis
3343 4174 3582 4230 tenebris
3601 4183 3657 4230 et
3680 4183 3802 4229 orto

2204 4266 2409 4324 lumine
2447 4268 2589 4336 olei,
2635 4283 3038 4343 consequamur
3068 4288 3079 4326 :
3108 4271 3481 4343 clarioresque
3507 4271 3803 4328 habeamus

2199 4362 2577 4418 solemnitates
2596 4406 2611 4431 ,
2642 4361 2697 4417 in
2726 4364 2925 4436 quibus
2969 4365 3149 4421 omnia
3179 4374 3399 4437 peccata
3440 4366 3734 4423 donantur.

2273 4453 2431 4528 (Cap.
2463 4453 2905 4514 XLVl.-—Vers.
2941 4459 2963 4513 l
2996 4458 3205 4531 seqq.).
3236 4458 3367 4515 Hcce
3390 4458 3512 4514 dicit
3543 4456 3799 4513 Dominus

2200 4547 2380 4605 Deus:
2405 4548 2568 4605 Porta
2596 4552 2716 4607 atrii
2744 4553 3007 4608 interioris
3033 4570 3150 4624 qua:
3174 4554 3382 4626 respicit
3409 4552 3478 4609 ad
3509 4552 3796 4623 Orientem,

496 4648 552 4697 et
579 4640 844 4712 consequi
874 4641 1144 4713 requiem,
1174 4652 1229 4700 et
1264 4642 1500 4700 Domino
1529 4643 1731 4700 oﬁ'erre
1764 4640 2092 4699 sacriﬁcium
2124 4612 2174 4672 D
2200 4647 2296 4700 erit
2340 4646 2521 4701 clausa
2564 4664 2656 4703 sea:
2684 4647 2885 4717 diebus,
2918 4650 2973 4702 in
2997 4648 3181 4720 quibus
3209 4665 3336 4721 opus
3378 4649 3439 4719 ﬁt
3466 4667 3486 4705 .-
3513 4648 3597 4705 die
3624 4660 3801 4703 autem

496 4741 605 4789 tam
637 4748 736 4804 pro
764 4732 1069 4805 ignorantia
1090 4780 1105 4806 ,
1137 4735 1206 4792 de
1235 4751 1339 4808 qua
1372 4736 1539 4793 David
1572 4737 1812 4809 loquitur
1840 4754 1854 4791 :
1889 4734 2091 4793 Delicta

490 4828 795 4902 juventutis
823 4845 991 4898 mete,
1020 4839 1078 4889 et
1114 4832 1450 4904 ignorantias
1494 4848 1647 4890 meas
1681 4849 1747 4889 ne
1777 4832 2093 4890 memineris

499 4920 620 4996 (Ps.
663 4938 820 4993 XXIV,
851 4924 931 4997 7),
962 4940 1123 4997 quam
1153 4940 1252 4996 pro
1281 4925 1528 4996 parvulo,
1574 4926 1669 4998 qui
1698 4942 1817 4982 cum
1863 4927 1931 4983 ad
1968 4941 2092 4998 per-

492 5013 624 5073 fecti
669 5017 772 5073 viri
815 5032 1127 5073 mensuram
1176 5018 1517 5089 pervenerit,
1563 5019 1811 5076 destruet
1858 5035 1922 5076 ea
1971 5036 2093 5091 qua:

494 5108 709 5181 parvuli
738 5118 903 5181 sunt,
944 5119 1003 5167 et
1030 5110 1286 5182 loquetur
1313 5111 1694 5169 conﬁdenter:
1728 5113 1863 5168 Dum
1910 5128 2089 5170 essem

491 5205 787 5277 parvulus,
818 5206 980 5278 quasi
1006 5206 1271 5278 parvulus
1315 5206 1605 5278 loquebar,
1632 5208 1790 5280 quasi
1836 5208 2091 5280 parvulus

490 5300 770 5371 sapiebam
818 5300 885 5373 (ll
915 5299 1038 5357 Cor.
1061 5316 1191 5372 xm,
1225 5302 1341 5375 Η).
1373 5302 1500 5360 Sive
1544 5318 1644 5375 pro
1682 5320 1747 5361 eo
1778 5304 1872 5375 qui
1901 5319 2092 5362 errore

492 5390 750 5464 deceptus
770 5402 881 5462 est,
914 5402 971 5451 et
1002 5407 1114 5450 non
1140 5402 1249 5451 tam
1285 5396 1587 5463 voluntate,
1615 5412 1776 5467 quam
1815 5397 1944 5454 boni
1972 5398 2092 5469 opi-

489 5484 657 5543 nione
688 5486 957 5559 peccavit.
990 5485 1288 5560 Completis
1317 5498 1499 5545 autem
1530 5488 1742 5545 duabus
1771 5490 2091 5547 solemnita-

488 5577 629 5636 tibus
651 5581 811 5650 primi
837 5581 1069 5651 mensis,
1100 5580 1209 5639 hoc
1240 5591 1348 5649 est,
1379 5583 1570 5655 primm
1598 5581 1727 5650 diei,
1763 5592 1818 5639 et
1842 5585 2088 5656 septima:

485 5670 625 5746 ejus,
650 5674 803 5733 venit
819 5674 890 5733 ad
915 5674 1448 5749 quartamdecimam
1478 5675 1624 5734 diem
1652 5675 1881 5748 mensis,
1904 5675 1960 5733 in
1980 5692 2087 5751 quo

2199 4738 2401 4794 sabbati
2435 4741 2721 4811 aperietur,
2753 4744 2846 4797 sed
2874 4751 2922 4797 et
2950 4743 3004 4796 in
3035 4742 3118 4797 die
3148 4740 3489 4798 kalendarum
3514 4745 3794 4817 aperietur.

2201 4833 2268 4889 Et
2296 4834 2509 4891 intrabit
2539 4836 2776 4909 princeps
2809 4853 2898 4908 per
2925 4838 3063 4891 viam
3102 4835 3342 4892 vestibuli
3371 4845 3537 4907 porta:
3563 4837 3759 4908 deforis
3780 4877 3796 4904 ,

2196 4937 2244 4982 et
2274 4928 2425 4984 stabit
2462 4929 2517 4982 in
2546 4928 2724 4983 limine
2758 4936 2924 5001 porta:
2954 4944 2970 4983 :
3003 4937 3050 4983 et
3088 4929 3277 5000 facient
3315 4928 3608 4984 sacerdotes
3648 4926 3799 4983 holo-

2196 5033 2433 5077 caustum
2464 5025 2600 5094 ejus,
2625 5032 2675 5076 et
2711 5022 2934 5093 paciﬁca
2956 5025 3090 5096 ejus,
3118 5030 3166 5075 et
3194 5021 3431 5077 adorabit
3454 5036 3609 5093 super
3638 5020 3798 5075 limen

2196 5128 2383 5189 parua,
2416 5126 2464 5171 et
2505 5116 2798 5188 egredietur
2820 5132 2839 5171 :
2861 5124 3013 5188 porta
3038 5124 3209 5171 autem
3257 5130 3361 5170 non
3400 5114 3670 5169 claudatur
3701 5130 3795 5169 us-

2193 5228 2291 5283 que
2316 5209 2385 5264 ad
2409 5225 2699 5281 vesperam.
2725 5208 2794 5263 Et
2820 5208 3061 5265 adorabit
3090 5205 3312 5280 populus
3339 5215 3489 5262 terra:
3511 5206 3579 5260 ad
3605 5207 3797 5262 ostium

2195 5314 2359 5377 porta:
2402 5304 2544 5358 illius
2573 5304 2629 5358 in
2667 5302 2913 5368 sabbatis,
2942 5310 2993 5356 et
3039 5301 3093 5355 in
3137 5298 3370 5355 kalendis
3400 5314 3573 5354 caram
3611 5297 3798 5355 Domi-

2196 5416 2283 5453 no.
2323 5397 2702 5453 Holocaustum
2728 5404 2899 5451 autem
2938 5395 3034 5449 hoc
3070 5391 3251 5462 oﬁeret
3289 5394 3527 5468 princeps
3569 5392 3794 5450 Domino

2192 5492 2249 5547 in
2292 5492 2377 5547 die
2421 5492 2668 5548 sabbati:
2694 5507 2785 5547 sea:
2834 5507 2997 5563 agnos
3050 5488 3444 5556 immaculatos,
3489 5496 3537 5543 et
3583 5488 3794 5544 arietem

2197 5584 2359 5658 573
2388 5585 2777 5640 immaculatum
2795 5627 2811 5653 ,
2844 5592 2893 5639 et
2931 5583 3063 5639 sacri
3071 5582 3249 5653 [icium
3277 5581 3397 5656 ephi
3423 5597 3514 5655 per
3542 5580 3752 5635 arietem
3772 5594 3792 5634 :

2195 5680 2345 5752 agnis
2375 5676 2559 5752 [ναις.
2595 5679 2652 5734 in
2681 5674 2852 5749 agnis]
2883 5686 3057 5732 autem
3088 5675 3407 5746 sacriﬁcium
3432 5673 3573 5747 quod
3593 5671 3793 5729 dederit

558 5868 586 5899 ⁸
612 5859 705 5918 δίο
730 5871 853 5934 Post
876 5863 1177 5922 Victoriam
1205 5860 1562 5921 emendatum
1586 5879 1601 5919 :
1629 5876 1922 5938 perperam
1952 5877 2076 5921 cum
2098 5860 2332 5925 Erasmo
2360 5861 2612 5918 Martian.
2641 5859 2869 5917 retinuit
2892 5859 2948 5913 id
2974 5870 3074 5915 est.
