4054 6324
270 272 369 331 ιδ’]

913 277 1563 345 COMMENTARIORUM
1603 284 1671 346 IN
1713 288 2158 350 EZECHIELEM
2197 291 2329 351 LIB.
2370 295 2505 356 XIV.
2549 301 2702 361 CAP.
2747 302 2927 364 XLVI.

3467 314 3575 374 ιδε

267 425 449 464 manu,
475 413 615 483 eius.
650 422 699 467 ει
726 415 825 470 Ole,-
846 416 936 472 ιείη
965 436 1055 487 ρετ
1082 422 1290 495 singula
1314 425 1472 494 ephi;
1514 425 1576 481 ιη
1602 427 1685 482 δίε
1704 440 1873 485 autem
1900 417 1950 480 Δ
1978 417 2179 470 cSI,sex
2195 409 3574 491 agniimmaculati,ctariesimmaculatus,etsacri-

266 500 603 559 kalendarum
631 507 849 564 vitulum
889 512 950 567 de
981 524 1215 570 armento
1250 517 1659 587 immaculatum,
1706 533 1752 577 et
1782 541 1871 579 sex

265 599 407 667 agni,
435 608 482 655 et
504 601 693 659 arietes
718 605 1038 663 immaculati
1064 620 1235 665 erunt.
1266 610 1335 667 Et
1361 615 1482 684 ephi
1508 632 1597 686 per
1629 617 1864 689 vitulum,

264 690 385 759 ephi
409 708 611 765 quoque
630 713 724 767 per
742 699 955 754 arietem
977 702 1130 772 faciet
1154 706 1464 772 sacriﬁcium
1490 723 1507 762 :
1526 709 1670 779 agnis
1687 708 1866 782 [Vulg

263 782 327 838 de
356 784 529 861 agnis]
556 799 733 845 autem
761 792 894 846 sicut
922 794 1174 852 invenerit
1202 815 1385 854 manus
1415 804 1548 874 ejus,
1580 812 1622 856 et
1656 805 1755 858 olei
1779 804 1869 859 hin

260 895 351 949 per
401 882 612 953 singula
660 886 800 955 ephi.
834 886 935 944 Ubi
967 904 1070 946 nos
1101 890 1448 963 interpretati
1497 911 1684 952 sumus
1725 895 1868 967 ephi,

258 990 383 1041 quae
406 986 491 1032 est
513 976 725 1035 decima
752 997 874 1051 pars
902 983 1048 1051 cori,
1073 984 1217 1040 LXX
1239 988 1637 1046 transtulerunt
1666 992 1863 1064 πέμμα,

259 1070 403 1141 quod
439 1072 493 1127 in
525 1085 714 1130 nostra
748 1076 926 1148 lingua
966 1079 1249 1135 coctionem
1290 1091 1468 1138 sonat.
1517 1082 1579 1138 Et
1634 1084 1725 1139 ubi
1766 1101 1867 1143 nos

258 1161 525 1231 diximus,
561 1167 900 1238 sacriﬁcium,
941 1169 1017 1225 illi
1060 1172 1236 1243 ipsum
1268 1172 1589 1231 llebraicum
1638 1192 1867 1246 posuere

258 1255 488 1311 vcrhum
542 1274 721 1315 manu
774 1261 998 1332 (ππ-ωε),
1050 1265 1192 1335 quod
1242 1264 1462 1336 Aquila,
1510 1267 1725 1337 donum,
1778 1271 1866 1327 vel

255 1351 573 1421 sacriﬁcium
604 1396 620 1422 ,
670 1353 1019 1423 Tbeodotio,
1068 1361 1385 1429 sacriﬁcium
1435 1363 1731 1421 transtulit.
1796 1364 1868 1420 Et

253 1446 478 1502 interim
509 1449 826 1522 priusquam
857 1452 986 1523 quid
1012 1453 1115 1509 ista
1146 1455 1475 1526 significent,
1508 1457 1864 1529 disseramus,

251 1539 372 1611 ipsa
401 1540 705 1613 Scriptura:
736 1556 1178 1625 παραφραστικῶς
1208 1549 1374 1606 verba
1407 1550 1691 1620 pandenda
1715 1560 1861 1607 sunt.

250 1634 446 1704 Porta,
498 1636 696 1710 inquit,
737 1642 859 1696 atrii
892 1643 1170 1700 interioris
1198 1660 1295 1700 sex
1326 1645 1540 1715 diebus,
1575 1646 1641 1702 de
1667 1646 1865 1718 quibus

248 1732 520 1804 scriptum
566 1744 683 1791 est:
717 1736 826 1793 Sex
865 1738 1058 1793 diebus
1090 1739 1432 1810 operaheris,
1466 1750 1521 1797 et
1552 1740 1719 1797 facies
1748 1758 1864 1798 om-

245 1826 343 1883 nia
387 1843 558 1899 opera
611 1840 702 1886 tna
747 1831 945 1904 (Exod.
1002 1849 1166 1901 xxtn,
1216 1833 1327 1907 12),
1378 1836 1484 1892 erit
1516 1837 1730 1905 clausa;
1762 1854 1861 1895 nec
1892 1849 1939 1911 Β

243 1921 513 1992 quaelibet
547 1935 726 1994 porta,
758 1926 854 1982 sed
885 1943 1005 1997 qua:
1038 1927 1261 1999 respicit
1289 1929 1354 1984 ad
1386 1928 1689 1997 Orientem,
1720 1932 1861 1988 unde

245 2019 431 2073 oritur
459 2019 541 2073 sol
570 2018 819 2090 justitiae.
855 2021 1023 2078 Porro
1044 2023 1133 2079 die
1154 2023 1392 2093 sabbati,
1418 2023 1468 2080 id
1493 2038 1576 2082 est
1599 2026 1855 2097 septimo,

243 2107 301 2165 in
359 2127 471 2182 quo
520 2112 740 2184 requies
787 2121 893 2181 est,
946 2116 1227 2186 aperietur
1255 2132 1350 2189 per
1380 2119 1620 2190 singulas
1654 2119 1859 2177 hebdo-

242 2203 464 2273 madas,
500 2215 556 2261 et
586 2222 799 2263 rursum
831 2209 1124 2279 completis
1151 2209 1344 2266 diebus
1374 2211 1615 2283 triginta,
1641 2213 1859 2285 quando

242 2298 479 2355 alterius
523 2300 728 2357 mensis
777 2302 924 2371 linis,
969 2314 1024 2360 et
1066 2305 1293 2362 alterius
1337 2306 1622 2361 exordium
1656 2318 1759 2375 est,
1804 2308 1857 2364 id

242 2401 358 2457 est,
388 2394 704 2463 neomenia,
737 2394 829 2451 die
857 2395 1114 2453 videlicet
1142 2396 1521 2468 kalendarum,
1557 2401 1854 2472 aperietur,

241 2496 301 2541 ut
346 2487 494 2556 quod
522 2489 866 2562 privilegium
907 2491 1071 2548 habet
1099 2493 1363 2566 septimus
1394 2494 1511 2551 dies
1555 2498 1605 2551 in
1654 2494 1859 2552 hebdo-

243 2580 435 2646 mada,
457 2581 563 2638 hoc
595 2583 791 2640 habeat
821 2585 1166 2657 privilegium
1190 2590 1395 2645 mensis
1420 2589 1726 2646 exordium.
1748 2590 1859 2646 Cur

242 2684 435 2732 autem
483 2677 760 2748 aperiatur
807 2679 899 2736 die
944 2681 1206 2752 septimo,
1257 2693 1313 2738 et
1358 2683 1448 2740 die
1501 2683 1855 2740 kalendarum

241 2776 411 2841 porta
464 2769 742 2827 interioris
788 2774 913 2829 atrii
973 2790 1096 2846 qua:
1146 2775 1374 2847 respicit
1433 2776 1503 2833 ad
1551 2777 1852 2846 Orientem,

241 2879 491 2935 sequens
518 2880 699 2923 sermo
729 2868 1075 2924 monstrabit.
1113 2868 1181 2924 Et
1208 2868 1456 2935 intrabit,
1482 2868 1676 2941 inquit,
1708 2870 1858 2940 prin-

243 2973 384 3030 ceps
442 2975 539 3031 per
592 2962 735 3016 viam
798 2970 823 2998 ι
877 2962 1137 3019 vestibuli
1207 2973 1377 3034 porta:
1431 2962 1673 3031 deforis,
1730 2964 1855 3020 atrii

243 3052 511 3108 videlicet
548 3053 876 3111 exterioris:
910 3064 967 3111 et
993 3055 1162 3112 stabit
1203 3056 1256 3113 in
1304 3057 1490 3113 limine
1518 3066 1687 3129 porta:
1719 3058 1856 3115 inte-

241 3147 416 3203 rioris
464 3149 615 3217 atrii,
667 3166 787 3221 qua:
829 3149 1053 3222 respicit
1082 3150 1149 3206 ad
1178 3150 1457 3208 Orientem
1490 3170 1505 3208 :
1537 3167 1638 3208 nec
1670 3152 1879 3223 ingre-.

1973 499 2097 553 licia
2118 515 2328 570 eorum,
2347 505 2509 561 ritum
2533 508 2741 564 sabbati
2761 512 3116 580 posﬁdebunt
3144 533 3156 569 :
3188 518 3259 572 ita
3283 517 3569 587 duntaxat,

1971 594 2189 649 utsicut
2216 595 2267 649 in
2283 598 2456 654 ariete
2478 601 2605 672 ephi
2627 601 2972 661 oll‘erturs.ICi
2989 609 3111 663 ilicii
3128 607 3220 681 [F.
3241 610 3341 684 leg.
3361 596 3573 667 sacrili:

1970 685 2163 761 cium],
2182 688 2232 743 id
2247 699 2352 755 est,
2373 693 2566 749 simila:
2585 705 2640 750 et
2667 696 2759 751 hin
2776 698 2903 769 olei,
2928 701 2998 755 ita
3026 700 3311 770 offeratur,
3342 713 3397 760 et
3417 706 3466 759 in
3494 706 3571 763 vi-

1970 780 2102 835 tulo.
2123 781 2248 837 lla'c
2270 785 2681 856 perSpicuitatis
2708 805 2869 846 caIISu
2888 794 3187 865 sintposita
3213 815 3224 850 :
3250 813 3394 853 nunc
3407 798 3570 870 spiri-

1974 874 2169 929 tualem
2191 891 2438 948 sensum,
2455 880 2688 939 Domino
2702 885 2964 955 donante,
2986 876 3316 947 reserenms.
3334 895 3441 948 Sex
3459 895 3575 950 die-

1970 964 2071 1021 bus
2098 958 2293 1039 quibus
2316 986 2610 1044 operamur
2638 976 2693 1033 in
2723 980 2947 1048 mundo,
2964 994 3117 1053 porta
3134 985 3429 1042 Orientalis
3453 988 3579 1045 atrii

1971 1058 2245 1118 interioris
2273 1066 2456 1122 clausa
2486 1069 2647 1126 nobis
2676 1081 2780 1128 est.
2808 1072 3101 1146 Posujuam
3136 1088 3321 1134 autem
3354 1081 3571 1137 veneri-

1968 1170 2089 1210 mus
2121 1157 2188 1213 ad
2213 1158 2356 1216 diem
2388 1165 2713 1234 septimum,
2750 1167 2801 1224 id
2831 1179 2942 1237 est,
2977 1170 3043 1225 ad
3076 1172 3222 1227 diem
3252 1174 3488 1241 sabbati,
3518 1177 3577 1230 in

1968 1264 2077 1320 quo
2106 1260 2311 1310 aeterna
2339 1258 2559 1327 requies
2599 1265 2708 1327 est,
2754 1261 2869 1317 sive
2898 1262 2964 1316 ad
2998 1262 3529 1334 diem_k:ilendarum
3551 1310 3567 1337 ,

1968 1344 2185 1412 quando
2216 1358 2338 1416 post
2367 1363 2568 1406 cmcam
2600 1364 2820 1410 noctem
2868 1366 2923 1410 et
2968 1357 3260 1415 horribiles
3296 1362 3570 1433 tenebras,

1968 1435 2105 1494 lucis
2133 1443 2419 1498 exordium
2454 1456 2559 1515 est,
2587 1448 2836 1519 aperitur
2863 1452 3021 1508 nobis
3054 1467 3210 1526 porta
3243 1457 3575 1515 Orientalis:

1970 1542 2021 1587 et
2045 1533 2088 1587 si
2112 1536 2234 1606 quis
2263 1548 2511 1595 nostrum
2541 1557 2641 1613 per
2665 1544 2853 1601 merita
2881 1546 3165 1617 virtutum,
3188 1548 3344 1607 ducis
3375 1568 3574 1608 nomen

1969 1635 2025 1682 et
2079 1628 2401 1700 dignitatem
2462 1634 2627 1692 fuerit
2678 1651 3007 1697 consecutus
3064 1659 3161 1714 per
3202 1645 3344 1701 viam
3405 1648 3574 1703 vesti-

1970 1721 2079 1777 buli
2106 1737 2277 1795 μοι-ιω
2298 1727 2522 1800 deforis,
2549 1731 2655 1789 hoc
2676 1743 2781 1803 est,
2808 1752 2904 1807 per
2927 1739 3110 1794 mundi
3134 1740 3300 1811 hujus
3324 1742 3575 1801 labores:

1968 1825 2022 1870 et
2065 1829 2277 1887 portam
2308 1821 2590 1892 Ecclesiae,
2637 1842 2759 1898 qua:
2798 1830 2976 1886 adhuc
3008 1832 3061 1885 in
3093 1834 3327 1889 terrenis
3376 1836 3575 1897 finibus

1964 1910 2141 1981 posita
2173 1922 2274 1981 est,
2328 1914 2706 1988 ingredietur:
2740 1938 2847 1978 non
2902 1924 3134 1981 interius
3184 1926 3419 1997 atrium,
3466 1929 3575 1993 hoc

1964 2005 2107 2061 enim
2132 2004 2187 2061 in
2220 2013 2480 2078 praesenti
2506 2012 2629 2069 loco
2650 2016 2943 2084 scribitur;
2977 2019 3075 2076 sed
3107 2021 3173 2076 ad
3206 2023 3370 2079 limen
3398 2033 3573 2095 porta:

1962 2096 2259 2168 interioris,
2313 2110 2368 2158 et
2416 2104 2584 2160 stabit
2634 2107 2689 2163 in
2736 2124 2821 2164 ea.
2860 2111 2955 2166 Sin
3000 2121 3181 2169 autem
3216 2114 3474 2188 princeps
3515 2117 3572 2177 in

1963 2197 2219 2264 prmsenti
2267 2196 2547 2271 Scriptura
2575 2218 2683 2258 non
2716 2204 3022 2276 ingreditur
3060 2211 3261 2265 atrium
3296 2211 3525 2271 interius
3554 2259 3570 2286 ,

1962 2290 2059 2346 sed
2099 2300 2207 2347 stat
2247 2292 2301 2348 in
2336 2293 2524 2352 limine
2572 2299 2713 2368 ejus,
2750 2300 2883 2355 nulli
2913 2301 3134 2359 dubium
3168 2316 3271 2373 est,
3322 2322 3466 2363 nunc
3504 2324 3573 2365 ex

1961 2392 2114 2455 parte
2140 2400 2239 2442 nos
2272 2386 2479 2457 videre,
2514 2399 2569 2446 et
2595 2406 2661 2447 ex
2690 2402 2845 2463 parte
2863 2408 3229 2466 cognoscere;
3259 2409 3314 2454 et
3342 2401 3574 2457 necdum

1958 2478 2202 2534 revelata
2252 2479 2390 2537 facie
2431 2481 2660 2554 gloriam
2706 2486 2918 2543 Domini
2966 2494 3324 2564 contemplari
3361 2495 3420 2566 (Ι
3450 2496 3571 2551 Cor.

1960 2584 2055 2626 χιιι
2078 2569 2119 2643 ).
2168 2572 2411 2646 Denique
2457 2586 2637 2634 stante
2665 2580 2914 2653 principe
2943 2582 2997 2638 in
3030 2584 3220 2642 limine
3248 2599 3420 2658 porta:
3450 2590 3574 2666 atri;

1959 2661 2258 2734 interioris,
2301 2668 2486 2725 caeteri
2534 2671 2880 2741 sacerdotes,
2930 2678 3127 2747 quibus
3178 2680 3282 2735 hoc
3333 2661 3574 2738 ofﬁcium

1960 2757 2264 2829 delegatum
2294 2771 2381 2818 est
2406 2762 2567 2835 (quos
2595 2780 2887 2836 possumus
2918 2768 3080 2842 575
3120 2772 3418 2845 intelligere
3456 2774 3573 2831 vir-

1962 2861 2104 2911 tutes
2126 2855 2446 2931 angelicas),
2475 2858 2675 2916 facient
2703 2878 2802 2933 pro
2828 2864 2945 2934 ipso
2965 2866 3336 2923 holocaustum
3358 2880 3409 2925 et
3428 2870 3577 2942 paci-

1959 2946 2081 3003 fica.
2136 2947 2449 3021 lndigemus
2498 2954 2642 3008 enim
2695 2955 3071 3013 misericordia
3112 2958 3251 3027 Dei,
3301 2972 3356 3018 et
3396 2965 3575 3020 omnis

1958 3048 2209 3097 creatura
2236 3042 2303 3098 ad
2335 3047 2798 3116 comparationem
2829 3048 3107 3107 Creatoris
3149 3053 3431 3111 immunda
3462 3064 3568 3128 est,

1958 3143 2015 3192 et
2041 3135 2226 3193 divino
2253 3137 2377 3211 igne
2407 3141 2705 3212 purganda,
2728 3158 2836 3215 quo
2860 3152 2917 3200 et
2944 3144 3098 3201 Isaiae
3131 3147 3413 3218 prOpheta:
3444 3166 3573 3220 pur-

240 3240 432 3297 dietur
463 3242 661 3298 atrium
692 3243 947 3308 interius,
974 3243 1070 3299 sed
1104 3244 1197 3299 illo
1228 3252 1437 3313 stante,
1471 3245 1563 3300 alii
1595 3244 1852 3302 sacerdo-

1960 3239 2079 3301 gata
2110 3241 2236 3287 sunt
2268 3233 2405 3289 labia
2433 3251 2446 3287 :
2481 3243 2539 3290 ut
2569 3247 2857 3308 postquam
2896 3254 2995 3309 per
3023 3241 3347 3297 sacrificium
3379 3260 3569 3314 pacem

245 3342 325 3389 tes
367 3333 571 3391 facient
599 3350 698 3402 pro
738 3339 856 3403 ipso
902 3334 1313 3406 holocaustum,
1346 3354 1508 3411 quam
1543 3337 1853 3394 oblationem

243 3426 650 3498 interpretatus
677 3438 763 3485 est
785 3427 1186 3501 Symmachus:
1217 3441 1273 3487 et
1305 3431 1554 3502 pacifica,
1590 3431 1706 3487 sive
1733 3447 1853 3501 qua:

240 3522 307 3578 ad
342 3523 585 3580 salutem
612 3524 922 3597 pertinent,
956 3534 1016 3581 ut
1046 3534 1331 3597 postquam
1365 3525 1538 3582 hostia
1568 3525 1851 3596 principis,

240 3634 410 3677 sacro
439 3621 563 3692 igne
591 3621 803 3679 fuerint
831 3633 1214 3692 concremata,
1244 3632 1300 3680 et
1326 3622 1434 3679 dux
1467 3621 1853 3679 reconciliatus

242 3714 389 3785 Deo,
425 3728 553 3774 tunc
584 3717 815 3774 adorare
845 3719 1017 3786 possit
1040 3732 1207 3788 super
1235 3718 1396 3773 limen
1429 3726 1600 3787 porta:
1631 3716 1855 3771 interio-

239 3810 314 3864 ris
358 3811 488 3865 atrii
532 3811 585 3866 in
633 3825 742 3880 quo
772 3811 1007 3878 steterit,
1038 3820 1093 3867 et
1118 3810 1448 3882 egrediatur.
1480 3808 1620 3879 Quid
1654 3809 1852 3880 igitur?

239 3901 377 3959 Post
413 3906 783 3975 egressionem
822 3904 1086 3978 principis
1115 3907 1299 3962 statim
1341 3915 1501 3978 porta
1530 3903 1851 3960 claudetur?

236 3994 619 4070 Nequaquam,
652 3998 751 4055 sed
787 4010 972 4071 aperta
1002 4000 1111 4056 erit
1132 4014 1305 4072 usque
1336 3998 1403 4055 ad
1440 4013 1759 4069 vesperam;
1793 4005 1853 4053 ut

236 4103 363 4161 post
409 4091 724 4164 principem,
757 4095 936 4149 omnis
972 4093 1205 4167 populus
1241 4100 1409 4149 terra:
1438 4090 1634 4147 adoret
1661 4099 1848 4146 contra

231 4186 456 4241 omium
483 4198 650 4257 porta:
679 4187 863 4244 illius:
889 4189 1084 4245 adoret
1114 4197 1294 4245 autem
1331 4189 1385 4242 in
1414 4186 1677 4254 sabbatis,
1711 4194 1767 4243 et
1796 4185 1848 4241 in

232 4279 499 4338 kalendis
530 4279 692 4355 575
713 4281 935 4352 quando
965 4282 1206 4353 aperitur
1235 4288 1412 4353 porta.
1444 4278 1513 4336 Et
1533 4279 1658 4351 quia
1686 4292 1848 4350 supra

233 4373 472 4431 dixerat
505 4391 520 4429 :
574 4374 802 4431 Facient
838 4375 1157 4432 sacerdotes
1200 4374 1580 4430 holocaustum
1610 4372 1763 4444 ejus,
1795 4379 1850 4427 et

234 4469 475 4538 pacifica
517 4468 655 4540 ejus,
706 4483 807 4525 nec
835 4468 1240 4541 significaverat
1268 4466 1708 4523 holocaustorum
1744 4481 1846 4520 nu-

231 4578 465 4619 merum
488 4578 501 4628 ;
533 4578 673 4620 nunc
705 4562 870 4618 infert
898 4581 912 4619 :
943 4562 1329 4618 Holocaustum
1355 4571 1523 4617 autem
1548 4560 1644 4614 hoc
1670 4558 1847 4628 offeret

1957 3326 2246 3398 receperit,
2299 3336 2432 3385 tunc
2464 3329 2516 3385 in
2548 3329 2733 3386 limine
2758 3334 3084 3389 constitutus
3105 3375 3120 3400 ,
3172 3334 3367 3391 adoret
3395 3337 3574 3392 cinni—

1956 3419 2251 3492 potentiam
2279 3421 2398 3491 Dei,
2433 3432 2487 3479 et
2516 3439 2577 3479 se
2606 3425 2730 3480 atrii
2764 3424 3040 3481 interioris
3063 3427 3310 3499 ingressu
3334 3428 3571 3485 fateatur

1956 3513 2259 3586 indignum,
2290 3526 2346 3573 et
2376 3518 2562 3573 statim
2597 3517 3112 3591 ingrediatur(lsai.
3150 3522 3247 3594 γι).
3275 3522 3568 3595 P05tquam

1954 3616 2137 3666 autem
2168 3612 2260 3681 qui
2292 3611 2500 3682 primus
2532 3620 2638 3683 est,
2671 3612 2833 3670 fuerit
2862 3631 3140 3688 egressus,
3194 3633 3301 3675 non
3342 3620 3570 3678 claude—

1956 3709 2042 3759 tur
2068 3719 2239 3776 usque
2265 3703 2333 3760 ad
2372 3720 2655 3776 vesperam
2688 3706 2849 3779 hujus
2881 3711 3067 3765 saeculi
3094 3712 3210 3782 ipsa
3243 3722 3397 3784 porta
3426 3715 3571 3771 inte—

1954 3795 2114 3852 rioris
2144 3797 2287 3866 atrii,
2318 3798 2414 3854 sed
2439 3810 2625 3870 aperta
2657 3801 2761 3857 erit
2794 3819 2806 3859 :
2840 3812 2897 3858 ut
2918 3805 3149 3875 papulus
3171 3819 3565 3878 quoqueterra:

1954 3891 2027 3948 sit
2056 3895 2122 3949 ad
2155 3895 2374 3961 ostium,
2409 3905 2463 3952 et
2490 3897 2684 3955 adoret
2712 3898 2781 3954 ad
2813 3914 2937 3955 eum
2973 3917 2987 3955 :
3040 3918 3383 3975 nequaquam
3415 3907 3566 3962 omni

1955 3995 2220 4057 tempore,
2253 3988 2348 4045 sed
2378 3991 2597 4061 quando
2623 3993 2954 4065 requieverit
2984 4010 3013 4050 a
3047 3998 3304 4069 peccatis,
3329 4010 3381 4055 et
3412 3999 3564 4073 fuga-

1954 4080 2021 4137 tis
2044 4083 2279 4140 tenebris
2304 4083 2451 4153 ﬁdei,
2481 4085 2725 4143 scientia:
2761 4089 2944 4145 lumen
2974 4094 3270 4163 acceperit.
3322 4095 3436 4151 lloc
3468 4113 3562 4152 au-

1949 4184 2058 4232 tem
2089 4176 2264 4247 ipsum
2292 4176 2666 4237 holocaustum
2697 4182 2844 4252 quod
2874 4183 3033 4241 offert
3064 4187 3317 4259 princeps
3344 4205 3444 4261 per
3475 4204 3564 4245 sa-

1950 4271 2201 4329 cerdotes
2232 4272 2285 4329 in
2318 4273 2407 4331 die
2432 4275 2691 4346 sabbati,
2739 4293 2833 4334 sex
2874 4296 3137 4349 agnorum
3185 4282 3563 4342 imtnaculato-

1950 4381 2070 4423 rum
2098 4383 2327 4425 numero
2358 4371 2680 4427 terminatur
2706 4388 2721 4438 ;
2753 4389 2852 4443 pro
2878 4390 2975 4431 sex
2999 4375 3253 4433 videlicet
3281 4377 3476 4436 diebus
3506 4382 3561 4437 in

1950 4460 2148 4530 quibus
2194 4475 2488 4532 operamur
2535 4463 2587 4519 in
2619 4464 2848 4534 mundo,
2898 4474 2953 4522 et
2978 4468 3208 4525 arietem
3252 4470 3563 4528 immacula-

1948 4549 2104 4620 tum,
2146 4554 2238 4625 qui
2277 4556 2532 4627 princeps
2580 4556 2761 4628 gregis
2812 4567 2935 4626 est;
2979 4560 3050 4616 ita
3103 4571 3160 4617 ut
3195 4578 3291 4634 per
3318 4565 3562 4637 singulos

233 4658 493 4726 princeps
538 4654 761 4710 Domino
810 4656 863 4711 in
911 4656 995 4709 die
1039 4656 1257 4711 sabbati.
1299 4654 1503 4712 Oll'eret
1528 4662 1711 4709 autem
1738 4667 1845 4708 non
1873 4650 2149 4729 Darietes
2196 4650 2456 4707 offeratur
2502 4651 2558 4708 in
2602 4652 2870 4710 sacrificio
2908 4656 3058 4727 ephi,
3104 4657 3157 4713 id
3198 4668 3303 4727 est,
3350 4661 3560 4719 decima

232 4765 336 4820 per
368 4763 465 4812 se,
492 4749 582 4805 sed
609 4766 707 4819 per
735 4749 1075 4817 sacerdotes,
1100 4748 1166 4804 de
1198 4749 1397 4821 quibus
1425 4746 1694 4816 scriptum
1725 4754 1846 4801 est:

235 4840 305 4896 Et
331 4843 533 4914 facient
550 4843 842 4899 sacerdotes
870 4844 1226 4899 holocaustum
1248 4845 1378 4915 ejus,
1395 4853 1443 4897 et
1464 4842 1681 4916 paciﬁca
1701 4842 1845 4906 eius:

237 4952 356 5003 seat,
396 4936 595 5005 inquit,
626 4954 792 5009 agnos
821 4938 1217 5005 imntaculatos,
1262 4946 1309 4991 et
1361 4937 1577 4991 arietem
1602 4936 1850 4989 immacu-

236 5028 416 5083 latum
440 5047 458 5082 :
486 5030 556 5084 ita
587 5040 645 5086 ut
674 5031 1002 5109 sacrificium
1039 5031 1231 5087 arietis
1263 5046 1521 5087 mensura
1564 5029 1690 5100 ephi
1738 5028 1845 5095 sit,

235 5139 367 5194 qua:
416 5123 676 5181 Hebraice
705 5125 1019 5194 appellatur
1064 5140 1203 5181 crux
1250 5125 1459 5197 (nD‘N).
1515 5123 1622 5180 Sex
1667 5132 1849 5178 autem

238 5218 406 5286 agnis
454 5217 521 5272 sit
556 5218 882 5274 sacrificium
937 5217 1083 5290 quod
1122 5218 1319 5275 offerre
1366 5219 1609 5290 potuerit
1657 5228 1852 5271 manus

238 5312 365 5384 ejus
394 5313 489 5383 qni
517 5313 706 5381 offert;
739 5325 795 5371 et
822 5330 918 5385 per
946 5314 1155 5385 singula
1187 5312 1310 5384 ephi
1333 5353 1348 5379 ,
1381 5311 1489 5367 erit
1536 5311 1643 5367 olei
1693 5325 1850 5366 men-

238 5420 373 5460 sura
433 5421 547 5473 qua:
594 5408 902 5478 appellatur
934 5407 1045 5461 Itin.
1074 5405 1440 5462 Kalendarum
1489 5415 1696 5469 autem,
1748 5403 1853 5458 hoc

238 5508 362 5561 est,
428 5503 831 5557 neomeniarum
883 5500 1026 5569 dies,
1080 5501 1182 5556 hoc
1231 5499 1455 5556 habebit
1511 5497 1853 5569 privilegium

239 5591 495 5662 amplius
534 5610 561 5647 a
609 5594 700 5651 die
744 5594 979 5660 sabbati,
1009 5604 1068 5649 ut
1099 5595 1304 5650 vitulus
1334 5592 1644 5649 immoletur
1667 5591 1736 5647 de
1765 5607 1855 5647 ar-

241 5697 473 5752 mento,
499 5688 607 5744 sive
633 5700 817 5745 taurus
840 5689 1240 5746 immaculatus.
1269 5688 1481 5745 Caetera
1509 5697 1723 5777 autem,
1754 5684 1857 5742 hoc

1956 4759 2082 4816 pars
2121 4745 2259 4801 cori.
2308 4746 2371 4802 ln
2414 4762 2676 4818 agnorum
2709 4760 2891 4805 autem
2938 4766 3035 4807 sex
3077 4754 3370 4824 sacrificio,
3411 4769 3561 4815 certa

1956 4854 2209 4896 mensura
2252 4856 2358 4895 non
2403 4841 2620 4912 ponitur
2654 4860 2667 4897 :
2698 4843 2795 4899 sed
2824 4855 3325 4921 quantumcumque
3349 4854 3563 4911 dederit

1954 4951 2145 4991 manus
2175 4934 2293 5005 ejus
2318 4934 2407 5006 qui
2438 4934 2618 5002 oll'ert,
2668 4936 2775 4994 hoc
2813 4949 2929 5015 est,
2978 4958 3077 5012 pro
3115 4960 3339 5013 aperum
3381 4948 3556 5018 quali-

1956 5036 2066 5082 tate
2110 5038 2272 5098 atqne
2316 5042 2567 5083 mensura
2601 5028 2840 5102 (Matth.
2870 5033 3045 5105 xxv).
3094 5034 3213 5091 Olei
3244 5048 3419 5093 autem
3462 5038 3557 5095 bin

1955 5119 2149 5175 oﬂ'eret
2169 5136 2264 5189 per
2285 5119 2491 5193 singula
2512 5122 2659 5192 ephi,
2680 5122 2783 5179 hoc
2804 5134 2908 5196 est,
2927 5126 3107 5181 oleum
3123 5130 3264 5198 quod
3284 5130 3384 5184 sibi
3402 5130 3560 5201 quin-

1955 5231 2062 5288 que
2088 5215 2322 5287 virgines
2355 5230 2834 5288 praeparaverunt;
2868 5232 2924 5276 nt
2958 5236 3120 5293 ungat
3160 5225 3414 5287 similam.
3446 5228 3561 5285 sive

1955 5311 2328 5378 commisceat,
2359 5320 2415 5367 et
2441 5313 2620 5368 omnis
2664 5314 2868 5371 oblatio
2904 5316 2998 5371 Dei
3050 5318 3203 5387 plena
3246 5319 3314 5373 sit
3356 5320 3561 5380 lumine

1958 5405 2223 5474 veritatis,
2256 5418 2311 5462 et
2337 5407 2677 5464 exhilaretur
2707 5410 2870 5466 facies
2898 5411 3180 5467 offerentis
3209 5416 3409 5472 oleum.
3462 5418 3561 5476 Die

1959 5513 2139 5558 autem
2168 5500 2543 5568 kalendarum,
2594 5502 2698 5558 hoc
2743 5512 2846 5563 est.
2892 5502 2979 5559 die
3009 5505 3312 5571 tricesimo.
3345 5512 3563 5581 quando

1962 5596 2315 5667 primogenita
2343 5607 2399 5653 et
2427 5596 2625 5653 Levitae
2660 5606 3017 5653 numerantur
3055 5600 3108 5655 in
3155 5600 3330 5673 Lege,
3365 5619 3562 5677 praeter

1964 5705 2181 5747 omnem
2214 5689 2406 5759 Israel,
2438 5691 2506 5748 de
2528 5690 2726 5762 quibus
2748 5706 2911 5761 supra
2938 5691 3196 5765 diximus,
3229 5698 3452 5760 offertur
3480 5704 3566 5760 vi—

319 5840 347 5869 ι
382 5829 590 5887 lterum
614 5846 736 5887 cum
764 5830 1007 5888 Victorio
1035 5847 1223 5891 vocem
1265 5829 1498 5889 vestibuli
1538 5830 1854 5905 supplemus
1889 5845 1959 5891 ex
1982 5846 2114 5891 mss.

541 5924 817 5988 Ρλτιιοι..
868 5922 1073 5985 XXV.

3035 5930 3112 5996 15
