4108 6338
495 273 605 338 Α59

1748 260 1808 319 S.
1851 259 2129 318 EUSEBII
2169 251 2551 314 HIERONYMI

3702 246 3810 304 100

487 399 638 455 tutus
669 391 1046 451 immaculatus
1085 389 1155 444 de
1184 392 1456 454 armento,
1481 395 1646 455 super
1675 395 1783 452 quo
1805 379 2016 451 plenius
2042 379 2096 434 in
2124 389 2177 448 Α
2204 385 2344 443 tura,
2376 385 2434 430 ut
2455 371 2823 446 intelligamus
2851 371 2985 426 illud
3014 369 3394 442 Evangelicum
3423 386 3436 423 :
3464 368 3534 424 Et
3554 383 3653 423 vos
3681 383 3803 422 cum

491 491 664 565 priori
691 485 930 560 capitulo
959 480 1334 547 disseruimus,
1387 484 1444 534 et
1489 475 1614 548 agni
1658 489 1776 541 sex,
1807 483 1862 529 et
1901 473 2100 528 arietes

491 582 846 651 immaculati,
875 589 932 638 et
955 587 1157 637 caetera
1188 590 1310 648 quae
1330 573 1630 651 offeruntur
1658 570 1717 626 in
1743 569 2004 635 sabbatis,
2045 576 2103 623 ut

489 691 753 740 aeternam
779 676 1020 749 requiem
1060 683 1458 743 consequamur
1483 708 1498 735 ,
1550 675 1608 723 et
1647 653 1980 721 mereamur'
2005 677 2102 718 au-

489 774 612 833 dire
640 792 653 828 :
688 773 857 845 Euge,
887 785 1047 827 serve
1076 767 1242 834 bone,
1273 764 1398 837 quia
1430 763 1484 820 in
1515 761 1704 834 paucis
1727 757 1902 814 ﬁdelis
1924 756 2096 824 fuisti,

487 885 659 944 super
680 867 847 925 multa
881 875 935 923 te
960 863 1313 931 constituam,
1346 860 1484 915 intra
1521 856 1575 912 in
1609 853 1848 928 requiem
1883 851 2099 907 Domini

485 943 573 1020 tui
595 957 815 1033 (Matth.
850 975 978 1026 xxv,
1009 955 1076 1010 21
1109 973 1124 1021 ;
1173 951 1304 1008 Luc.
1334 967 1457 1019 ιιι,
1494 947 1600 1021 17)
1631 966 1646 1017 ;
1698 957 1752 1002 et
1781 961 1887 1023 non
1919 943 2096 1001 solum

488 1056 558 1113 ad
593 1064 806 1127 portam
839 1049 1114 1108 interioris
1142 1044 1266 1102 atrii
1293 1041 1598 1116 pervenire,
1623 1041 1719 1096 sed
1747 1042 1911 1094 etiam
1933 1051 2100 1109 pene-

487 1150 651 1208 tralia
691 1150 813 1219 ejus
847 1148 1053 1203 intrare
1079 1143 1377 1216 possimus,
1408 1148 1463 1196 et
1495 1137 1628 1194 illud
1657 1151 1824 1207 opere
1857 1133 2099 1206 posside-

484 1261 552 1304 re
586 1263 600 1299 :
641 1241 876 1300 Plantati
923 1239 977 1295 in
1023 1239 1188 1293 domo
1218 1231 1433 1291 Domini
1468 1251 1479 1284 :
1521 1235 1576 1288 in
1606 1229 1762 1286 atriis
1802 1229 1895 1284 Dei
1927 1226 2098 1282 nostri

483 1337 764 1398 ﬂorebunt
794 1334 916 1411 (Ps.
945 1349 1058 1400 xei,
1086 1332 1203 1402 14).
1821 1357 1825 1362 -

561 1434 726 1509 576
775 1431 970 1504 (Vers.
1005 1429 1038 1484 8
1069 1441 1222 1497 seqq.
1251 1423 1270 1496 )
1315 1421 1540 1492 Cumque
1567 1418 1864 1490 ingreditur
1894 1413 2095 1488 [Vulg.

485 1529 755 1603 ingressus
781 1522 875 1596 est]
907 1523 1168 1594 princeps,
1199 1534 1290 1590 per
1319 1515 1456 1570 viam
1485 1512 1716 1568 vestibuli
1740 1519 1904 1582 portae
1925 1510 2100 1582 ingre-

486 1627 688 1689 diatur,
721 1633 768 1676 et
817 1636 910 1689 per
938 1615 1170 1674 eamdem
1209 1611 1345 1668 riam
1386 1618 1557 1664 exeat.
1613 1605 1677 1660 Et
1719 1622 1833 1659 cum
1882 1603 2096 1657 intrabit

487 1718 716 1792 populus
752 1723 906 1769 terra:
944 1711 998 1764 in
1025 1713 1300 1777 conspectu
1327 1699 1541 1756 Domini
1568 1701 1621 1754 in
1663 1695 2092 1756 solemnitatibus,

2203 470 2384 527 omnia
2433 467 2698 535 feceritis,
2741 465 2928 532 dicite,
2960 463 3118 521 Servi
3148 463 3371 520 inutiles
3399 477 3586 518 sumus
3621 462 3806 531 :quod

2204 563 2494 620 debuimus
2539 562 2743 628 facere,
2789 560 3016 616 fecimus
3067 557 3222 632 (Luc.
3255 574 3387 625 xvn,
3422 557 3537 629 10).
3571 555 3730 613 Unde
3756 564 3807 612 et

2201 659 2499 732 Apostolus
2521 660 2574 715 in
2605 657 2794 714 eadem
2816 656 3059 728 Epistola
3089 655 3158 712 de
3179 653 3390 711 duabus
3420 651 3660 723 loquitur
3687 665 3808 722 per-

2202 755 2570 812 fectionibus:
2607 752 2762 825 quasi
2809 751 3162 823 imperfectus
3213 750 3362 808 enim
3417 747 3656 804 scribit:
3689 745 3803 802 N0n

2201 848 2326 920 quia
2368 848 2480 920 jam
2510 845 2730 918 accepi,
2761 855 2853 901 aut
2883 845 3039 917 quasi
3064 843 3174 916 jam
3207 842 3478 914 perfectus
3501 841 3606 898 sim
3639 856 3653 893 :
3684 853 3807 910 per-

2197 959 2404 1015 sequor
2433 953 2614 999 autem
2671 944 2716 998 si
2765 940 3194 1013 appreltendam,
3245 940 3300 994 in
3338 952 3446 1008 quo
3474 946 3532 992 et
3557 949 3808 1005 compre-

2201 1039 2408 1096 hensus
2441 1054 2561 1093 sum
2588 1053 2616 1092 a
2648 1036 2870 1093 Christo
2915 1033 3179 1107 (Philipp.
3231 1049 3315 1101 ιιι,
3356 1031 3470 1102 15).
3505 1031 3807 1100 Statimque

2201 1135 2358 1208 quasi
2389 1134 2663 1206 perfectus
2699 1132 2939 1203 loquitur
2969 1149 2982 1187 :
3009 1129 3189 1188 Unum
3225 1137 3408 1185 autem
3443 1125 3804 1196 posteriorum

2200 1227 2555 1293 obliviscens,
2584 1225 2652 1280 ad
2683 1241 2747 1281 ea
2773 1240 2894 1296 qua:
2917 1224 2972 1278 in
2995 1222 3176 1294 priora
3201 1228 3330 1277 sunt
3357 1235 3446 1277 me
3467 1217 3804 1276 extendens:

2197 1322 2352 1396 juxta
2402 1319 2742 1392 propositum
2799 1330 3100 1389 persequor
3145 1313 3214 1370 ad
3261 1313 3507 1370 bravium
3557 1325 3810 1383 supernae

2199 1415 2523 1473 vocationis.
2551 1414 2832 1484 Quotquot
2859 1426 2992 1482 ergo
3015 1408 3243 1482 perfecti
3271 1422 3479 1473 sumus,
3507 1405 3612 1460 hoc
3631 1405 3811 1476 sapia-

2201 1526 2323 1567 mus
2345 1509 2454 1584 [Αι.
2483 1506 2746 1581 sapimus}
2771 1505 2936 1581 (Ibid.
2969 1503 3146 1577 Juv).b
3163 1501 3603 1572 Quomodoenim
3627 1509 3812 1571 petest

2200 1616 2351 1663 stare
2380 1604 2647 1662 sententia
2667 1647 2682 1670 ,
2711 1614 2768 1656 ut
2792 1603 2882 1673 qui
2923 1601 3159 1666 dixerat,
3184 1598 3302 1654 Non
3333 1597 3458 1670 quia
3482 1597 3594 1668 jam
3625 1593 3811 1668 accepi

2202 1709 2295 1756 aut
2318 1699 2443 1771 quia
2462 1701 2574 1768 jant
2603 1695 2882 1768 perfectus
2913 1712 3058 1760 sum,
3083 1693 3279 1750 audeat
3300 1691 3509 1748 dicere:
3535 1689 3816 1760 Quotquot

485 1783 578 1885 qui
606 1805 896 1882 ingreditur
915 1817 1006 1876 per
1031 1808 1234 1874 portam
1261 1793 1533 1864 Aquilonis
1558 1800 1613 1846 ut
1631 1790 1836 1855 adoret,
1861 1787 2096 1859 egredia-
2131 1794 2172 1852 Β
2199 1811 2328 1867 ergo
2363 1793 2589 1864 perfugii
2617 1807 2824 1860 sumus,
2863 1793 2966 1846 hoc
2998 1787 3309 1860 sapiamus?
3341 1787 3419 1843 Ex
3449 1802 3555 1857 quo
3597 1783 3813 1856 perspi-

481 1879 572 1960 iur
614 1879 706 1974 per
745 1900 879 1954 viam
926 1903 1089 1967 porta:
1117 1887 1442 1952 meridianae,
1491 1893 1538 1940 et
1571 1883 1660 1956 qui
1689 1879 1978 1953 ingreditur
2003 1895 2097 1952 per

482 1971 624 2052 viam
650 2003 813 2065 porta:
835 1986 1162 2049 meridianis,
1181 1980 1477 2054 egrediatur
1499 1993 1589 2049 per
1609 1975 1743 2030 vium
1758 1982 1922 2046 porta:
1939 1971 2101 2041 Aqui-

485 2087 642 2147 lanis.
695 2083 815 2142 Non
846 2088 1126 2138 revertetur
1155 2093 1247 2149 per
1272 2076 1407 2129 viam
1453 2082 1637 2143 ρον-ιω,
1689 2086 1782 2140 per
1829 2083 1985 2140 quam
2014 2067 2099 2120 in-

485 2199 690 2259 gressus
729 2189 825 2249 est,
867 2175 958 2233 sed
1001 2172 1258 2246 eregione
1302 2166 1450 2242 illius
1476 2164 1792 2238 egredietur.
1850 2159 2101 2232 Princeps

481 2253 658 2334 autem
680 2276 734 2329 in
764 2271 933 2328 medio
957 2284 1156 2336 eorum,
1188 2281 1306 2320 cum
1327 2259 1732 2336 ingredientibus
1755 2253 2097 2327 ingredietur,

485 2382 535 2431 et
557 2387 676 2427 cum
703 2364 1081 2442 egredientibus
1109 2360 1424 2434 egredietur.
1471 2354 1537 2409 Et
1576 2355 1631 2408 in
1658 2349 1940 2424 ,nundinis,
1977 2355 2026 2401 et
2048 2348 2103 2400 in

484 2438 898 2522 solemnitatibus
924 2458 1021 2512 erit
1042 2452 1359 2522 sacriﬁcium
1385 2447 1504 2518 ephi
1524 2461 1618 2518 per
1641 2443 1880 2506 vitulum,
1907 2449 1959 2495 et
1986 2438 2104 2511 ephi

485 2576 580 2633 per
601 2558 833 2613 arietem.
865 2561 896 2591 *ι
924 2550 1086 2625 Agnis
1118 2559 1290 2602 autem
1319 2545 1420 2600 erit
1450 2539 1770 2608 sacriﬁcium
1801 2537 1932 2591 sicut
1959 2535 2104 2602 inve-

484 2627 624 2710 nerit
647 2666 830 2705 manus
854 2648 966 2720 ejus
989 2661 1004 2696 :
1027 2654 1073 2698 et
1097 2643 1194 2698 olei
1223 2639 1310 2694 hin
1335 2653 1426 2711 per
1452 2631 1660 2706 singula
1677 2629 1818 2703 ephi.
1841 2627 2106 2697 Princeps

489 2747 606 2820 ille,
639 2745 705 2801 de
731 2758 838 2815 quo
865 2755 1028 2811 supra
1060 2738 1266 2794 dictum
1298 2743 1382 2790 est
1425 2749 1437 2785 :
1497 2728 1568 2785 Et
1595 2728 1820 2784 intrabit
1851 2725 2106 2797 princeps

488 2817 600 2915 per
632 2840 776 2896 viam
828 2833 1084 2892 veStibnli
1127 2839 1308 2904 porta:
1359 2823 1585 2890 deforis,
1636 2831 1692 2880 et
1731 2835 1827 2892 per
1857 2817 2104 2874 eamdem

491 2912 706 3012 portanti
731 2932 1090 3006 ingrediatur,
1117 2935 1171 2982 et
1199 2940 1293 2997 per
1314 2921 1562 2979 eamdem
1588 2917 1897 2992 egrediatur
1919 2912 1974 2988 (J
1985 2931 2104 2968 oan.

493 3008 579 3104 it),
615 3028 771 3086 liberi
797 3026 944 3084 enim
969 3017 1180 3079 arbitrii
1223 3026 1328 3082 est,
1357 3023 1416 3071 et
1444 3020 1766 3085 potestatem
1807 3008 1970 3063 habet
2016 3022 2112 3075 po-

494 3099 663 3184 nend'i
707 3120 944 3176 animam
997 3128 1176 3178 suam,
1225 3121 1282 3167 et
1329 3123 1548 3164 rursum
1580 3099 1892 3160 resumendi
1939 3115 2106 3156 eam:

2201 1903 2362 1942 cuum
2383 1894 2467 1941 est
2489 1900 2706 1942 omnem
2738 1883 3038 1950 hominem,
3063 1890 3120 1937 et
3146 1880 3454 1937 universam
3479 1887 3812 1945 creaturam,

2201 1980 2450 2052 quamvis~
2479 1979 2544 2034 ad
2585 1978 2976 2048 perfectionem
3009 1977 3242 2043 venerit,
3281 1985 3303 2014 ε
3353 1984 3532 2030 tamen
3567 1973 3818 2045 indigere

2203 2073 2582 2131 misericordia
2625 2072 2742 2138 Dei,
2771 2079 2825 2126 et
2853 2072 3067 2142 plenam
3091 2069 3487 2141 perfectionem
3514 2083 3585 2124 ex
3615 2067 3814 2138 gratia,

2204 2182 2314 2223 non
2345 2180 2410 2222 ex
2455 2167 2654 2222 merito
2677 2161 2985 2234 possidere.
3025 2161 3348 2232 Praicipitttr
3381 2160 3564 2230 itaque
3613 2157 3818 2229 populo

2203 2268 2392 2326 terrae,
2422 2269 2480 2314 ut
2513 2258 2557 2313 si
2588 2257 2891 2329 ingreditur
2917 2271 3011 2328 per
3041 2267 3254 2328 portam
3279 2255 3566 2326 Aquilonis
3593 2264 3653 2309 ut
3683 2253 3820 2308 ado-

2204 2362 2313 2417 ret,
2349 2349 2660 2424 egrediatur
2690 2365 2788 2420 per
2816 2350 2960 2404 viam
2995 2361 3172 2416 porta:
3200 2348 3535 2404 meridiana‘.
3570 2345 3707 2416 Quis
3732 2355 3819 2402 est

2205 2444 2308 2500 iste
2333 2445 2567 2516 populus
2597 2444 2682 2499 cui
2715 2442 2823 2498 hoc
2851 2441 3206 2513 pracipitur?
3235 2440 3442 2512 Nempe
3473 2440 3763 2512 gentilium
3799 2455 3815 2504 ;

2209 2548 2264 2596 ut
2294 2539 2384 2612 qui
2427 2537 2818 2608 derelinquens
2866 2545 3078 2607 portam
3113 2534 3419 2606 Aquilonis,
3454 2550 3484 2588 a
3516 2548 3620 2604 quo
3651 2547 3816 2588 exar-

2207 2635 2439 2691 descunt
2464 2633 2602 2688 mala
2625 2641 3032 2704 superterrant,
3049 2633 3329 2702 ingressus
3351 2631 3513 2686 fuerit
3533 2628 3818 2699 templum,

2207 2740 2316 2781 non
2364 2725 2681 2796 egrediatur
2727 2723 2830 2778 nisi
2885 2739 2982 2792 per
3039 2723 3184 2777 viam
3243 2733 3416 2793 porta:
3457 2721 3818 2787 meridianze,

2209 2817 2276 2874 ad
2305 2829 2522 2889 portam
2553 2819 2798 2885 luminis,
2826 2817 2893 2872 ad
2923 2829 3136 2888 portam
3167 2816 3395 2884 caloris,
3425 2816 3492 2872 ad
3527 2828 3738 2888 portam
3764 2815 3820 2871 in

2208 2928 2315 2986 qua
2340 2926 2578 2983 sponsus
2615 2911 2779 2967 cubat
2809 2912 2861 2965 in
2893 2910 3120 2966 meridie
3153 2907 3287 2982 (Jcr.
3318 2911 3379 2986 t).
3407 2909 3651 2980 Denique
3685 2908 3826 2964 diri-

2209 3015 2300 3063 tur
2333 3007 2385 3061 itt
2419 3004 2613 3062 eodem
2647 3003 2872 3060 Cantico
2897 3005 3236 3060 canticorum
3263 3024 3274 3059 :
3297 2985 3487 3076 Surge,
3512 3003 3732 3074 Aquilo,
3768 3013 3825 3058 et

2207 3101 2358 3167 veni,
2389 3099 2588 3156 Auster
2617 3097 2794 3169 (Cant.
2823 3115 2900 3163 tv,
2937 3099 3050 3166 iii).
3083 3099 3183 3166 Qui
3224 3113 3354 3154 vero
3395 3099 3696 3170 ingreditur
3723 3112 3826 3168 per

499 3228 723 3291 tamque
753 3213 820 3271 ad
852 3227 952 3269 nos
980 3208 1232 3273 veniens,
1272 3216 1434 3274 quam
1467 3200 1535 3254 ad
1562 3196 1811 3255 cmlestia
1841 3209 2105 3250 conscen-
2137 3183 2184 3249 C
2214 3193 2356 3248 viam
2408 3202 2577 3263 portae
2625 3192 2966 3260 meridianae,
2997 3191 3311 3263 egrediatur
3343 3210 3437 3263 per
3465 3193 3607 3248 viam
3652 3199 3829 3262 porta:

498 3287 656 3378 deus,
683 3306 872 3364 eadem
905 3299 1206 3373 maiestatis
1237 3309 1354 3353 suae
1377 3295 1545 3348 utitur
1569 3291 1842 3347 libertate.
1870 3287 2114 3357 Denique

499 3421 610 3464 non
630 3401 826 3475 quaerit
855 3395 1150 3460 nundinas,
1186 3406 1285 3447 nec
1303 3387 1705 3450 solemnitates,
1731 3398 1832 3439 nec
1860 3380 2114 3438 differen-

502 3498 636 3556 tiam
671 3496 836 3552 ullam
865 3491 1121 3548 observat
1156 3485 1367 3541 dierum
1397 3501 1409 3537 :
1449 3481 1574 3553 quia
1606 3495 1767 3535 omne
1810 3485 2025 3548 tempus
2067 3477 2116 3532 ei

505 3590 777 3650 festivitas
807 3593 913 3643 est.
947 3581 1188 3652 Populus
1215 3587 1396 3633 autem
1430 3577 1486 3631 in
1512 3573 1769 3628 nundinis
1801 3579 2031 3638 tantum,
2066 3579 2121 3625 et

507 3689 565 3745 in
617 3677 1055 3741 solemnitatibus
1093 3670 1396 3746 ingreditur
1441 3677 1496 3725 et
1543 3667 1869 3738 egreditur:
1913 3675 1967 3720 et
2013 3679 2119 3720 non

511 3794 616 3852 per
643 3771 892 3832 eamdem
921 3770 1059 3824 viam
1083 3809 1096 3835 ,
1132 3764 1228 3822 sed
1260 3779 1356 3835 per
1395 3762 1623 3816 alteram
1668 3770 1830 3828 atque
1867 3757 2118 3812 alteram.

2215 3286 2522 3355 Aquilonis.
2553 3284 2818 3353 Quisnam
2843 3285 2936 3340 ille
2956 3295 3040 3341 est
3079 3285 3349 3356 populus?
3373 3285 3582 3342 scilicet
3606 3284 3830 3341 Judaeo-

2213 3394 2360 3443 rum,
2391 3379 2485 3449 qui
2516 3377 2907 3449 derelinquens
2937 3388 3152 3449 portam
3186 3377 3550 3466 viaaluminis,
3584 3377 3734 3433 vadit
3759 3376 3830 3432 ad

2219 3480 2431 3542 portam
2478 3470 2764 3540 Aquilonis
2795 3514 2808 3538 ,
2861 3469 2928 3527 de
2969 3487 3076 3542 quo
3119 3473 3321 3528 dicitur
3357 3489 3369 3526 :
3401 3471 3600 3542 Aquilo
3631 3484 3832 3526 ventus

2215 3563 2545 3621 durissimus
2605 3561 2737 3635 (Jer.
2773 3564 2836 3633 ι).
2885 3563 3021 3618 Nam
3068 3575 3121 3619 et
3169 3563 3276 3620 olia
3325 3563 3576 3620 Jeremite
3622 3579 3650 3618 a
3695 3564 3833 3620 facie

2222 3657 2509 3730 Aquilonis
2553 3655 2891 3712 accenditur.
2945 3657 3199 3713 Dicamus
3249 3666 3304 3712 et
3334 3659 3496 3712 aiiter
3528 3677 3541 3713 :
3573 3655 3676 3712 Per
3699 3672 3832 3727 por-

2221 3763 2331 3811 tam
2374 3754 2664 3826 Aquilonis
2713 3753 3044 3823 ingreditur,
3081 3755 3172 3824 qui
3226 3765 3439 3825 peccata
3488 3754 3732 3822 dimittit,
3779 3765 3838 3812 et

517 3847 795 3938 Scriptum
823 3871 908 3921 est
933 3861 1078 3917 enim
1111 3875 1124 3913 :
1155 3856 1225 3911 Et
1253 3869 1372 3909 cum
1399 3852 1616 3908 intrabit
1643 3849 1868 3924 papulas
1900 3858 2052 3904 terra:
2071 3849 2126 3904 in
2222 3849 2500 3922 egreditur
2541 3863 2641 3916 per
2681 3860 2897 3918 portam
2929 3847 3316 3919 meridianam,
3363 3850 3457 3919 qui
3486 3849 3716 3903 virtutes
3746 3864 3839 3905 se.

514 3970 792 4036 conspectu
817 3956 1029 4011 Domini
1058 3954 1112 4007 in
1131 3947 1545 4005 solemnitatibus
1569 3961 1585 3997 :
1609 3945 1698 4016 qui
1718 3942 2011 4015 ingreditur
2037 3959 2128 4016 per
2226 3941 2426 4014 quitur.
2459 3941 2527 3995 Et
2562 3940 2888 4008 econtrario,
2935 3941 2979 3994 si
3003 3939 3182 4010 justus
3207 3939 3389 4010 lapsus
3421 3938 3585 3994 fuerit
3623 3939 3678 3994 in
3705 3954 3834 4009 pec-

521 4027 725 4129 portam
751 4047 1019 4121 Aquilonis
1048 4053 1104 4098 ut
1128 4040 1331 4107 adoret,
1349 4039 1651 4112 egrediatur
1673 4049 1770 4105 'per
1801 4035 1936 4088 viam
1962 4044 2130 4106 porta:
2229 4037 2388 4101 catis,
2413 4033 2716 4104 ingreditur
2736 4033 2958 4104 quidem
2979 4048 3076 4104 per
3090 4042 3296 4104 portant
3327 4027 3709 4100 meridianam,
3741 4035 3838 4090 sed

525 4125 823 4208 meridiana:
847 4185 862 4209 ,
892 4152 938 4195 et
963 4139 1049 4210 qui
1079 4135 1369 4209 ingreditur
1407 4149 1497 4204 per
1533 4131 1672 4186 riam
1695 4139 1860 4202 portte
1891 4130 2131 4184 nteridia-
2231 4127 2510 4200 egreditur
2539 4142 2634 4197 per
2668 4127 2810 4181 viam
2847 4135 3015 4198 portae
3054 4127 3363 4196 Aquilonis.
3384 4127 3553 4199 578
3574 4125 3840 4196 Princeps

530 4261 633 4312 nte,
665 4240 964 4315 egrediatur
989 4249 1084 4306 per
1121 4232 1260 4285 riam
1296 4237 1459 4301 por-tte
1487 4225 1754 4298 Aquilonis
1785 4242 1803 4280 :
1832 4241 1934 4278 non
1965 4239 2134 4279 reuer-
2233 4234 2440 4290 autem,
2483 4221 2675 4294 inquit,
2711 4223 2764 4277 itt
2809 4221 2990 4278 medio
3029 4236 3225 4278 eorum
3266 4227 3392 4288 erit,
3415 4222 3839 4296 ingredientium

531 4349 668 4394 tetur
696 4312 797 4406 per
819 4332 954 4386 viam
985 4333 1148 4396 porta:
1167 4337 1259 4394 per
1285 4337 1438 4392 quam
1479 4321 1744 4390 ingressus
1776 4326 1870 4384 est,
1893 4316 1982 4369 sed
2003 4331 2028 4369 e
2049 4331 2130 4370 re-
2235 4317 2464 4382 scilicet,
2491 4325 2547 4371 et
2574 4315 3002 4385 egredientium,
3039 4313 3191 4384 juxta
3225 4313 3360 4369 illud
3383 4312 3537 4384 quid
3569 4313 3841 4383 scriptum

533 4433 688 4504 gione
707 4403 854 4482 illius
885 4419 1192 4494 egredietur.
1219 4415 1380 4483 Quod
1411 4427 1516 4467 non
1547 4410 1721 4466 solum
1755 4410 1840 4464 his
1881 4408 2135 4480 prancipi-
2236 4408 2737 4466 estzﬂediusinter
2751 4422 2848 4462 vos
2872 4415 3000 4476 stat,
3016 4421 3179 4476 quem
3203 4403 3778 4478 vosiguorationan.
3797 4421 3836 4471 ι,

539 4497 628 4582 iur
655 4523 746 4595 qui
776 4516 1130 4591 egrediuntur
1158 4511 1227 4566 de
1263 4507 1545 4572 Sodomis,
1579 4514 1634 4560 et
1663 4503 1861 4559 dicitur
1903 4504 1981 4559 eis
2011 4519 2024 4556 :
2059 4501 2138 4557 Ne
2170 4501 2356 4595 “‘26).
2376 4502 2442 4558 Et
2463 4501 2790 4572 Apostolus:
2810 4500 3186 4569 Anignoratis,
3207 4499 3329 4569 quia
3345 4499 3595 4555 Christus
3616 4499 3668 4554 in
3683 4497 3844 4553 vobis

541 4581 805 4686 respicias
833 4620 1133 4667 retrorsum
1171 4600 1323 4675 (Gen.
1355 4615 1471 4665 nx,
1510 4597 1640 4668 i7);
1685 4611 1866 4667 neque
1913 4595 2021 4649 illis
2049 4609 2103 4665 qt

2205 4587 2218 4635 ν
2245 4607 2322 4653 est
2339 4595 2405 4666 (ll
2429 4594 2549 4651 Cor.
2581 4610 2697 4662 xm,
2721 4594 2814 4665 5)?
2851 4593 2948 4650 Sin
2991 4605 3174 4650 autem
3205 4593 3586 4664 ignorantibus
3613 4590 3840 4658 dicitur,

544 4684 764 4771 manum
811 4705 1032 4761 mittunt
1073 4698 1139 4754 ad
1171 4706 1412 4752 aratrum
1441 4737 1456 4762 ,
1498 4701 1557 4746 nt
1597 4705 1704 4746 non
1749 4689 2046 4759 respiciant
2078 4703 2103 4743 e

2243 4689 2391 4761 quod
2419 4686 2633 4744 medius
2671 4687 2816 4742 inter
2835 4701 2933 4744 eos
2971 4694 3077 4742 stet
3113 4685 3407 4741 Christus:
3439 4694 3644 4757 quanto
3673 4684 3846 4754 magis

547 4819 668 4878 quze
698 4810 819 4874 post
851 4806 1061 4865 tergum
1091 4800 1219 4845 sunt
1251 4805 1266 4843 :
1291 4787 1387 4843 sed
1423 4786 1478 4841 in
1503 4783 1666 4840 domo
1693 4797 1906 4853 quoque
1931 4780 2142 4835 Domini
2244 4782 2544 4842 scientibus
2567 4780 2709 4837 lSed
2733 4795 2855 4837 cum
2889 4782 3028 4835 inter
3055 4779 3296 4835 scientes
3317 4778 3569 4834 Christus
3600 4776 3842 4832 steterit:

541 4869 886 4960 eonst'itutis,
913 4888 1130 4960 iubetur
1173 4897 1242 4938 ne
1276 4889 1399 4952 post
1439 4890 1586 4948 terga
1613 4875 1929 4945 respiciant,
1977 4883 2031 4929 et
2061 4889 2103 4928 rt

2247 4887 2375 4934 tunc
2395 4890 2597 4947 corpus
2619 4883 2898 4931 mortuum
2918 4874 3015 4928 ilet
3037 4881 3260 4944 propter
3273 4881 3579 4942 peccatum,
3595 4879 3649 4925 et
3679 4869 3849 4938 spiri-

547 4998 834 5049 vertantur
870 4983 937 5038 ad
961 4994 1126 5052 egena
1147 4988 1211 5032 et
1241 4974 1456 5030 inﬁrma
1475 4972 1773 5035 elementa,
1801 4980 1857 5023 el
1885 4967 2150 5037 incipien—
2249 4981 2338 5025 tus
2367 4971 2562 5025 vivens
2593 4979 2820 5039 propter
2846 4967 3136 5038 juStitiam.
3167 4964 3472 5036 ingreditur
3492 4972 3670 5016 autem
3697 4961 3850 5030 prin-

549 5097 634 5142 tes
669 5081 885 5152 Spiritu,
911 5051 1082 5130 carne
1113 5073 1505 5125 consumantur
1531 5061 1636 5136 (At.
1669 5058 2102 5131 censuraentur]
2129 5077 2142 5113 :
2251 5079 2378 5134 ceps
2399 5077 2520 5118 cum
2547 5058 3065 5132 ingredientibtts,et
3079 5057 3352 5130 egreditur
3377 5069 3499 5110 cum
3527 5051 3852 5124 egredienti.

551 5178 650 5236 sed
676 5146 734 5232 nt
760 5174 829 5229 de
858 5163 1232 5240 spiritualibus
1261 5173 1475 5231 quoque
1502 5161 1568 5212 ad
1595 5156 1802 5226 maiora
1822 5155 2103 5226 prode

2253 5153 3142 5228 bus,utrmumqnewirtutisatque
3159 5150 3366 5220 peccati
3386 5148 3538 5204 testis
3557 5146 3848 5203 assistens.

553 5281 610 5329 et
641 5239 966 5326 dicant-eum
989 5255 1252 5327 Apostolo
1296 5269 1311 5305 :
1356 5252 1770 5307 “Prm‘teritorum
1795 5249 2150 5312 obliviscens,
2247 5245 2308 5300 ln
2331 5246 2596 5301 nundinis
2619 5261 2777 5318 ergo,
2810 5255 2866 5302 et
2896 5246 2948 5299 in
2989 5241 3459 5309 solemnitatibus,
3493 5239 3849 5295 sabbatorum

549 5376 612 5424 et
651 5365 708 5420 in
757 5361 938 5431 priora
983 5369 1072 5409 me
1117 5347 1426 5406 extendens
1469 5344 1656 5418 (ﬂvit.
1685 5359 1768 5412 nt,
1797 5342 1901 5416 ³15)
1929 5362 1941 5397 :
1973 5354 2030 5397 ut
2059 5357 2154 5398 ne-
2249 5343 2522 5407 videlicet.
2557 5352 2611 5398 et
2633 5340 3008 5405 kalendarum,
3041 5348 3097 5394 et
3118 5337 3391 5393 universae
3419 5333 3752 5398 festivitatis,
3784 5334 3854 5389 de

547 5465 824 5530 quaquam
883 5463 948 5505 ex
1001 5453 1160 5514 parte
1199 5447 1559 5510 cognoscunt,
1611 5446 1670 5492 et
1717 5452 1784 5492 ex
1833 5445 1982 5505 [iane
2028 5449 2103 5503 prt

2252 5450 2355 5506 qua
2387 5435 2442 5490 in
2466 5433 3012 5491 anterioribusloeuti
3037 5447 3244 5498 sumus,
3261 5439 3376 5486 tam
3399 5431 3451 5486 in
3477 5430 3668 5496 vitulo,
3692 5442 3850 5499 quam

549 5519 800 5622 pheteut,
835 5541 997 5614 επ
1025 5537 1126 5594 sed
1149 5535 1382 5590 veniant
1405 5531 1474 5586 ad
1510 5530 1810 5602 perieulum
1849 5529 2001 5598 juxta
2027 5543 2150 5584 eam
2255 5529 2308 5581 iu
2339 5528 2510 5583 ariete
2548 5543 2648 5596 per
2675 5525 2886 5598 singula
2917 5525 3045 5596 eplti
3071 5523 3369 5581 offerent-ur
3392 5524 3443 5579 iu
3471 5522 3762 5579 sacrificio.
3795 5519 3853 5574 In

549 5611 738 5697 iumen
758 5611 1326 5709 parietinam-quam
1341 5640 1418 5696 po
1426 5633 1530 5681 test
1551 5637 1755 5692 capere
1773 5621 2013 5676 inmens
2041 5635 2103 5678 ιιι

2245 5624 2398 5693 agnis
2436 5637 2567 5678 vero
2610 5638 2722 5676 non
2763 5621 2868 5677 erit
2896 5631 3078 5676 certus
3117 5633 3407 5683 numerus,
3463 5630 3562 5672 nec
3589 5611 3854 5670 voluntati

2325 5814 2343 5842 ε
2381 5803 2500 5876 aliis
2543 5801 2982 5876 quoquevitiose
3005 5809 3124 5876 erat
3147 5809 3390 5872 tuncpro
3408 5807 3601 5852 tamen.
3634 5793 3856 5852 Utrum-

623 5836 646 5859 ιι
677 5821 922 5890 Vulgata,
953 5812 1244 5874 Victorius,
1274 5815 1435 5877 atque
1456 5805 1547 5890 alii
1577 5803 1700 5860 libri
1743 5801 1809 5858 In
1840 5805 2007 5876 agnis.

2251 5887 2360 5946 que
2381 5870 2574 5930 'iocum'
2597 5870 2700 5931 ius.
2725 5870 2906 5930 'Vatic.
2939 5872 3186 5944 castigat.

623 5891 652 5934 ⁸³
683 5877 859 5952 Διιῶα
886 5877 1005 5946 (ιι-αι
1029 5897 1131 5955 quo
1160 5893 1260 5951 pro
1279 5877 1555 5949 quamde.
