4108 6338
358 300 461 355 Hii

1015 299 1665 373 COMMENTARIORUM
1705 303 1772 361 IN
1812 298 2255 372 EZECHIELEM
2294 302 2423 375 UB.
2456 292 2597 364 XIV.
2637 306 2792 368 CAP.
2837 311 3019 373 XLVI.

3556 320 3665 378 £62

352 414 643 483 dimissum
674 416 989 486 arbitrium;
1021 420 1116 477 sed
1141 419 1347 479 viribus
1364 420 1488 492 quis
1507 430 1712 485 utetur,
1743 420 1957 477 etbono
1984 425 2039 487 Α
2061 418 2177 481 fieri
2210 420 2347 479 solet
2376 422 2431 485 in
2461 423 2552 480 die
2599 426 2835 489 sabbati.
2882 430 3028 499 Ergo
3054 434 3202 491 omni
3226 442 3475 506 tempore
3514 438 3668 495 holo-

350 510 713 569 conscientize
744 527 757 566 :
790 520 847 575 ut
874 522 1135 579 quantum
1167 521 1370 583 potest,
1403 526 1510 568 non
1544 522 1806 583 quantum
1847 511 1962 568 vult

352 601 575 668 offerat,
604 610 658 656 et
682 618 843 674 super
869 603 1049 659 omnia
1082 602 1188 667 olei
1219 604 1310 659 bin
1345 620 1441 679 per
1471 604 1600 676 epbi
1632 604 1866 678 singula,
1903 615 1962 663 ut

351 704 597 766 ungatur
623 695 831 763 simila,
865 704 919 752 et
963 696 1180 763 lucerna
1211 698 1540 763 accendatur
1570 699 1624 753 in
1663 706 1958 768 consitectu

352 789 606 859 Domini;
663 802 717 847 et
764 792 856 863 qui
913 808 979 848 eo
1034 794 1243 865 utitur,
1300 794 1470 865 possit
1541 794 1728 857 dicere
1775 813 1788 849 :
1843 794 1961 867 Ego

348 896 537 947 autem
584 886 725 943 sicut
765 886 905 945 oliva
937 886 1217 945 fructifera
1266 887 1522 953 in'domo
1568 888 1784 949 DOtnini
1828 886 1954 962 (Ps.

349 983 569 1055 1.1.10).

426 1076 611 1146 (Vers.
646 1076 713 1143 12
734 1079 916 1149 seqq.)
936 1075 1067 1134 Cum
1095 1087 1269 1141 autem
1320 1079 1495 1151 fecerit
1541 1079 1780 1151 princeps
1800 1095 1957 1149 spon-

348 1180 563 1225 taneum
604 1172 981 1237 holocaustum,
1016 1183 1107 1227 aut
1141 1173 1357 1244 paciﬁca
1383 1172 1678 1228 voluntaria
1708 1172 1953 1238 Domino,

344 1268 617 1337 aperietur
644 1266 691 1320 ei
729 1278 881 1336 porta
905 1280 1019 1336 qua:
1046 1266 1255 1336 respicit
1280 1266 1350 1327 ad
1388 1266 1679 1331 Orientem,
1712 1275 1759 1319 et
1800 1266 1956 1335 faciet

344 1359 711 1417 holocaustum
736 1376 912 1431 suum,
942 1368 991 1427 et
1011 1358 1231 1433 paci/ica
1260 1376 1378 1422 sua,
1411 1359 1563 1414 sicuti
1591 1359 1705 1430 ﬁeri
1742 1358 1871 1427 solet
1902 1360 1955 1417 in

345 1455 439 1509 die
477 1452 726 1521 sabbati;
768 1461 815 1517 et
862 1453 1153 1524 egredietur
1198 1452 1571 1523 claudumque
1614 1462 1769 1521 porta
1810 1462 1953 1524 post—

341 1563 508 1618 quam
537 1548 737 1602 exierit.
770 1547 838 1611 Et
881 1564 1075 1619 agnum
1102 1546 1404 1607 anniculam
1434 1546 1823 1607 immaculatum
1868 1546 1952 1616 fa-

334 1642 445 1705 ciet
455 1640 816 1707 holocaustum
838 1642 1067 1714 quotidie
1088 1639 1311 1709 poricino
1329 1638 1512 1713 [ναις.
1530 1640 1914 1715 additsemper]
1934 1658 1952 1695 :

350 1758 503 1801 sane
528 1752 578 1797 et
614 1758 760 1805 mane
788 1742 941 1813 faciet
968 1739 1125 1803 illud.
1150 1738 1218 1794 Et
1242 1739 1560 1808 sacriﬁcium
1583 1740 1721 1811 (sive
1744 1738 1956 1805 ntanaa)

2060 519 2335 581 eaustum,
2367 524 2421 571 et
2452 517 2755 586 paciﬁcum,
2777 521 2922 592 quod
2951 522 3183 583 offertur
3217 528 3538 599 voluntarie,
3576 550 3665 591 re-

2062 615 2295 663 seratam
2327 606 2491 664 habet
2519 619 2730 680 portam
2761 613 2974 675 Domini
3006 633 3021 671 :
3055 634 3155 674 nec
3185 621 3440 679 observat
3466 626 3662 683 sabba-

2064 709 2199 769 tum,
2227 702 2322 758 sed
2343 718 2533 761 omnes
2556 705 2673 769 dies
2694 708 2746 762 ei
2779 718 3103 779 reputantur
3126 712 3180 769 in
3203 716 3468 787 requiem.
3504 719 3667 777 Deni-

2062 811 2169 867 que
2217 807 2500 870 postquam
2559 801 2823 859 obtulerit
2878 803 3258 867 holocaustum
3304 822 3359 867 et
3414 814 3661 884 paciﬁca,

2055 892 2246 959 statim
2286 894 2584 967 egreditur,
2628 906 2683 957 et
2719 897 2993 961 clauditur
3035 911 3161 973 post
3182 906 3511 977 eumjanua,
3544 913 3663 966 sive

2060 986 2268 1053 claudit
2312 987 2533 1059 ianuam
2582 1009 2596 1046 :
2648 1002 2705 1048 ut
2734 1002 2989 1053 servetur
3036 1000 3266 1070 principi
3321 1004 3662 1076 privilegium

2059 1095 2239 1149 suum,
2262 1097 2363 1138 nec
2387 1085 2654 1153 sacrificia
2682 1088 2801 1157 ejus
2828 1090 3028 1161 populo
3061 1092 3406 1152 misceantur.
3442 1097 3511 1155 Et
3537 1100 3661 1169 quia

2057 1175 2388 1245 generaliter
2437 1177 2677 1249 dixerat,
2722 1192 3088 1255 spontaneum
3137 1185 3538 1259 holocaustum,
3570 1198 3689 1249 aut

2060 1270 2283 1339 pacifica
2315 1271 2622 1339 voluntaria
2657 1275 2910 1347 Domino,
2963 1294 3067 1335 nec
3089 1293 3422 1353 opposuerat
3448 1296 3660 1345 taurum

2060 1363 2173 1421 sive
2202 1364 2430 1429 vitulum
2458 1407 2474 1433 ,
2504 1374 2558 1423 et
2586 1370 2812 1429 arietem
2849 1372 2927 1427 vel
2960 1387 3121 1431 ovem
3149 1416 3163 1442 ,
3210 1374 3533 1451 liircumque
3566 1399 3662 1452 pro

2058 1466 2306 1526 peccato,
2334 1457 2495 1517 docet
2521 1461 2662 1531 quod
2694 1462 2763 1517 sit
2787 1462 2961 1535 ipsum
2980 1465 3359 1527 holocaustum
3386 1491 3398 1525 :
3422 1474 3633 1546 Agnum
3649 1519 3663 1540 ,

2054 1546 2327 1620 inquiens,
2366 1553 2676 1619 anniculam
2729 1554 3135 1621 immaculatum
3181 1561 3341 1625 faciet
3372 1564 3659 1633 holocaus-

2060 1651 2170 1697 tum
2204 1660 2217 1695 :
2246 1652 2299 1699 et
2329 1659 2437 1700 non
2465 1647 2631 1702 certis
2660 1647 2873 1716 diebus,
2904 1650 3002 1717 sed
3047 1655 3310 1725 quotidie,
3343 1672 3445 1714 nec
3480 1661 3652 1730 quali.

2058 1735 2147 1791 bet
2180 1739 2331 1806 hora,
2364 1739 2459 1794 sed
2486 1755 2668 1810 mane,
2702 1742 2867 1819 530
2909 1759 3069 1811 mane
3110 1747 3273 1811 faciet
3321 1750 3478 1815 illum
3515 1771 3527 1808 :
3564 1771 3660 1823 per

344 1835 507 1907 faciet
539 1851 695 1906 super
743 1850 803 1888 eo
835 1843 1068 1902 antane,
1129 1849 1281 1891 plane
1330 1841 1530 1889 sextam
1582 1842 1781 1904 portent
1833 1832 1952 1902 ephi
1983 1828 2266 1903 Bsiugula
2327 1833 2586 1891 videlicet
2638 1852 2818 1905 mane,
2886 1841 3126 1912 quando,
3177 1855 3298 1905 orto
3336 1846 3472 1909 sole,
3523 1849 3660 1905 lucis

340 1929 492 1998 (sive
544 1930 861 2001 mensum);
891 1938 937 1984 et
989 1930 1051 1984 de
1107 1928 1221 1985 oleo
1272 1929 1475 1985 tertiam
1523 1938 1722 2001 partem
1747 1927 1861 1995 hin,
1902 1936 1949 1981 et

342 2022 530 2096 (Vulg.
555 2023 633 2097 ut]
682 2026 957 2091 misceatur
982 2024 1122 2093 (sive
1147 2022 1307 2092 juxta
1332 2021 1741 2095 Symmachum,
1772 2038 1949 2090 asper-

341 2117 536 2189 gatur)
559 2115 749 2171 simila:
777 2115 1091 2183 sacri/icium
1114 2114 1254 2187 (sive
1269 2113 1503 2186 vitanda),
1535 2113 1755 2168 Domino
1782 2113 1949 2185 legiti-

340 2211 645 2281 mum,juge
657 2219 813 2280 atque
825 2218 1149 2281 perpetuum.
1164 2206 1191 2246 ι)
1206 2205 1435 2273 Facietis
1463 2224 1652 2279 agnum
1678 2217 1724 2263 et
1740 2208 1874 2262 sacri
1878 2208 1915 2277 ﬁ
1926 2237 1945 2247 -

341 2304 509 2368 cium,
526 2313 570 2361 et
593 2304 762 2359 oleum
784 2320 955 2369 mane,
984 2320 1153 2367 mane,
1179 2303 1536 2358 holocaustum
1556 2302 1945 2371 sempiternum.

342 2396 453 2457 Ubi
482 2412 582 2457 nos
611 2397 860 2467 legimus,
890 2396 1306 2459 immaculatum.
1338 2406 1390 2451 et
1417 2396 1469 2455 in
1489 2394 1756 2453 llebralco
1777 2395 1950 2464 scrip.-

336 2499 460 2553 tum
474 2502 555 2549 εει
574 2490 1217 2562 τηωιυ(ῦνωῇ)εΑιιιιὶιθ
1238 2492 1518 2563 perfectum
1534 2489 1948 2561 interpretatur.

344 2583 419 2638 Et
440 2584 531 2639 ubi
556 2582 704 2640 LXX.
730 2600 909 2643 ωειλ
936 2582 1135 2657 (mata)
1164 2602 1174 2637 :
1203 2584 1502 2645 Tlteodotio
1526 2625 1539 2650 ,
1588 2583 1905 2653 sacriﬁcium
1932 2600 1951 2649 ,-

341 2679 545 2750 Aquila
612 2689 669 2736 et
739 2679 1134 2752 Symmachus,
1194 2678 1386 2739 donum
1444 2676 1801 2743 transferunt.
1846 2676 1951 2732 Pro

340 2787 419 2831 eo
464 2781 646 2841 autem
698 2773 845 2843 quod
895 2786 995 2829 nos
1048 2771 1292 2831 diximus
1324 2814 1338 2837 ,
1397 2780 1772 2841 spontaneum,
1805 2767 1951 2825 LXX

342 2865 665 2941 ὁμολογίαν,
727 2866 780 2931 id
840 2872 963 2933 est,
1031 2864 1440 2935 confessionem,
1492 2870 1773 2923 verterunt
1833 2880 1847 2916 :
1899 2868 1954 2915 et

342 2959 519 3031 5'79
545 2974 644 3029 pro
670 2958 926 3041 principe,
960 2958 1165 3026 ducem,
1200 2958 1304 3014 hoc
1333 2958 1478 3015 enim
1512 2972 1629 3012 NASI
1662 2954 1847 3029 (sum)
1877 2954 1953 3009 si-

338 3054 594 3125 gniﬁcat.
621 3053 813 3121 Adhuc
837 3062 1017 3117 autem
1037 3066 1220 3109 sermo
1245 3051 1310 3107 de
1343 3050 1586 3123 principe
1614 3059 1718 3117 cst,
1751 3048 1819 3105 de
1843 3064 1950 3120 quo

338 3144 522 3203 Isaias
540 3145 785 3216 loquitur
813 3162 827 3198 :
859 3144 1000 3203 Ecce
1030 3143 1405 3201 testimonium
1436 3142 1491 3213 in
1514 3141 1786 3214 gentibus,
1824 3139 1947 3194 dedi

2057 1926 2339 1983 exordium
2354 1938 2451 1982 est.
2474 1928 2553 1985 De
2576 1944 2684 2001 quo
2702 1946 2863 1997 mane
2895 1932 3060 1993 David
3079 1934 3389 2009 loquiturin
3414 1939 3657 2008 psalmo:

2053 2014 2210 2075 Mane
2236 2018 2495 2081 exaudies
2525 2035 2711 2089 vocem
2742 2038 2952 2089 meam:
2980 2041 3138 2081 mane
3158 2028 3350 2087 astabo
3372 2030 3465 2086 tibi
3499 2040 3553 2086 et
3581 2032 3660 2087 vi-

2054 2110 2195 2177 debo
2229 2112 2348 2182 (Ps.
2382 2130 2435 2182 v,
2464 2113 2541 2186 4).
2575 2115 2643 2177 Et
2686 2116 2794 2173 alio
2822 2117 2943 2173 loco
2977 2138 2990 2173 :
3022 2120 3102 2181 Ad
3152 2136 3437 2195 veSperum
3471 2125 3661 2182 demo-

2056 2205 2266 2269 rabitur
2310 2206 2499 2277 lletus,
2535 2217 2590 2264 et
2638 2209 2690 2273 in
2735 2214 2999 2277 matutino
3031 2211 3151 2283 [ΔΙ.
3209 2215 3278 2273 ad
3325 2218 3658 2293 matutinum]

2057 2297 2247 2353 lautitia
2272 2297 2390 2371 (Ps.
2416 2316 2551 2359 xxix
2582 2342 2597 2369 ,
2619 2300 2694 2372 6).
2730 2303 2797 2361 Et
2831 2306 3024 2361 iterum
3053 2323 3066 2358 :
3099 2304 3260 2371 Deus,
3293 2306 3436 2364 Deus
3464 2325 3655 2379 meus,

2052 2389 2123 2457 ad
2154 2401 2204 2445 te
2232 2391 2301 2446 de
2329 2392 2449 2448 luce
2482 2393 2645 2465 vigilo
2677 2393 2796 2465 (Ps.
2826 2411 2959 2465 uti,
3010 2396 3083 2468 Ι).
3118 2398 3218 2467 Qui
3252 2402 3522 2467 sitautem
3556 2405 3657 2461 istc

2055 2498 2226 2554 agnus
2284 2485 2687 2556 immaculatus,
2739 2488 2857 2543 sive
2914 2490 3185 2559 perlectus
3243 2502 3297 2547 et
3350 2496 3657 2562 anniculus,

2036 2575 2222 2633 .lsaias
2253 2577 2466 2648 plenius
2496 2578 2673 2650 docet,
2703 2580 2890 2649 dicens
2926 2599 2937 2633 :
2970 2580 3123 2645 Sicut
3145 2586 3263 2640 ovis
3293 2585 3359 2641 ad
3387 2587 3655 2645 victimam

2055 2670 2250 2727 ductus
2279 2681 2384 2745 est,
2423 2683 2477 2729 et
2504 2674 2645 2729 sicut
2675 2689 2844 2747 agnus
2877 2677 2928 2733 iu
2959 2687 3255 2749 conspectu
3289 2682 3565 2737 tondentis
3596 2700 3656 2741 se

2055 2763 2173 2819 sine
2203 2779 2334 2822 voce
2364 2775 2417 2821 et
2447 2780 2557 2823 non
2608 2770 2820 2840 aperuit
2850 2758 2911 2826 os
2952 2787 3106 2827 suum
3150 2772 3286 2843 (Isa.
3316 2791 3429 2842 Lill,
3464 2777 3495 2832 7
3523 2776 3562 2848 ).
3593 2779 3662 2834 Et

2050 2855 2317 2919 Jeremias
2347 2877 2359 2912 :
2395 2859 2509 2931 Ego
2555 2870 2738 2917 autem
2769 2862 2913 2917 sicut
2943 2879 3115 2935 agnus
3165 2866 3427 2925 innocens
3458 2869 3652 2926 ductus

2055 2953 2121 3005 ad
2159 2951 2453 3022 victimam,
2484 2969 2593 3021 non
2624 2954 2858 3028 cognovi
2887 2956 3023 3028 (Ier.
3058 2975 3132 3028 χι,
3168 2960 3280 3032 19).
3324 2963 3391 3019 Et
3418 2962 3657 3027 Joannes

2055 3047 2336 3118 Baptista:
2368 3048 2513 3105 Ecce
2538 3065 2709 3123 agnus
2754 3051 2872 3119 Dei,
2905 3054 2995 3123 qui
3045 3054 3182 3115 tollit
3216 3066 3437 3125 peccata
3473 3060 3657 3123 mundi

2057 3138 2251 3211 (Joan.
2314 3142 2518 3213 1,29).
2582 3142 2687 3199 Iste
2739 3151 2824 3205 est
2878 3159 3047 3216 agnus
3092 3147 3184 3219 qui
3242 3149 3553 3207 immolatur
3600 3152 3655 3208 in

334 3254 474 3303 eum
526 3239 825 3310 principem
864 3247 919 3303 el
965 3246 1362 3310 pr-"Bceplorem
1416 3237 1470 3299 in
1517 3234 1771 3308 gentibus
1810 3230 1945 3305 (Ῑδα-
1975 3235 2022 3298 C
2055 3234 2307 3309 i‘Egypto,
2338 3236 2405 3292 de
2434 3237 2589 3308 cujus
2612 3240 2874 3309 sanguine
2900 3252 3182 3310 armantur
3218 3255 3397 3311 postes
3432 3262 3449 3283 υ
3489 3246 3610 3301 fidei
3639 3288 3654 3314 ,

340 3348 441 3403 ιν,
474 3333 557 3405 4).
611 3332 677 3388 Et
716 3332 1015 3401 Ezechiel:
1067 3331 1135 3386 Et
1162 3347 1262 3405 ego
1306 3331 1570 3393 Dominus
1617 3344 1715 3385 ero
1756 3329 1836 3384 eis
1884 3328 1936 3383 in

342 3425 523 3483 Deum
560 3444 573 3481 :
613 3435 670 3481 et
698 3426 867 3495 David
907 3426 1159 3497 princeps
1199 3424 1252 3478 iu
1296 3423 1476 3483 medio
1525 3438 1714 3478 eorum
1764 3418 1940 3491 (Ezec.

344 3535 536 3588 nrtv,
562 3518 681 3589 24).
702 3518 841 3587 Cum
884 3518 1047 3590 igitur
1095 3518 1198 3575 iste
1230 3517 1483 3588 princeps
1512 3514 1702 3571 fecerit
1727 3521 1950 3584 sponta-

342 3627 534 3682 neum,
569 3621 622 3667 et
651 3610 887 3667 dixerit:
942 3609 1263 3679 Voluntaria
1290 3652 1305 3678 ,
1349 3610 1466 3665 sive
1500 3616 1796 3679 spontanea
1837 3607 1949 3660 oris

343 3706 456 3763 mei
482 3705 819 3777 beneplaeita
840 3704 945 3775 fac,
980 3706 1206 3765 Domine
1227 3702 1349 3775 (Ps.
1374 3719 1559 3771 cxvnt,
1590 3700 1749 3771 108);
1782 3715 1949 3770 spon-

344 3809 565 3857 taneum
588 3808 769 3869 autem
803 3802 1205 3869 holocaustum,
1226 3806 1285 3853 ttt
1306 3805 1479 3853 totum
1502 3811 1563 3855 se
1588 3795 1782 3852 offerat
1813 3796 1944 3861 Deo,

342 3905 401 3951 et
429 3895 657 3965 pacifica
680 3894 1011 3964 voluntaria,
1046 3892 1187 3964 quod
1218 3892 1269 3946 in
1304 3890 1577 3962 prioribus
1609 3903 1717 3945 nou
1743 3887 1948 3944 inveni-

344 3998 463 4058 tur;
496 3990 760 4061 scriptum
791 3997 875 4045 est
903 3988 1087 4047 enim:
1121 3986 1186 4042 Et
1213 3986 1413 4042 facient
1442 3985 1755 4043 sacerdotes
1789 3984 1948 4040 holo-

342 4092 596 4147 caustum
628 4083 766 4159 ejus,
804 4094 860 4139 ct
902 4082 1127 4157 pacifica
1176 4081 1335 4152 ejus:
1363 4089 1415 4136 et
1444 4079 1511 4137 de
1542 4078 1857 4151 Spontuneis
1884 4093 1947 4133 ac

343 4178 691 4246 Voluntariis,
722 4177 919 4251 quibus
970 4176 1365 4249 nuncdicitur,
1401 4174 1629 4241 omnino
1663 4176 1947 4239 reticetur,

340 4285 403 4337 ut
430 4291 538 4337 non
564 4275 892 4330 necessitate
913 4272 1114 4329 faciant
1139 4318 1152 4341 ,
1185 4272 1279 4339 sed
1308 4271 1620 4326 voluntate:
1646 4277 1767 4341 post
1792 4266 1949 4337 bolo-

342 4380 590 4435 causmm
618 4366 809 4425 offerat
834 4366 1078 4439 pacifica,
1126 4375 1180 4421 et
1207 4364 1587 4421 reconcilietur
1620 4363 1753 4419 Deo.
1790 4360 1947 4418 Unde

343 4471 400 4518 et
427 4462 711 4534 virginitas
732 4462 902 4532 major
934 4471 1016 4518 est
1062 4460 1264 4530 nuptiis
1297 4458 1340 4529 (Ι
1370 4458 1491 4514 Cor.
1525 4456 1642 4529 vlt),
1676 4457 1799 4528 quia
1833 4454 1941 4527 [Αι.

340 4553 475 4628 qua]
522 4571 629 4619 non
661 4555 919 4627 exigitur,
956 4569 1055 4609 nec
1096 4554 1367 4624 redditur,
1413 4551 1507 4609 sed
1549 4551 1804 4628 offertur.
1838 4549 1947 4606 Pro

2044 3338 2107 3385 et
2136 3331 2529 3389 exterminator
2581 3331 2891 3395 excluditur
2939 3333 3135 3405 (Exod,
3186 3336 3303 3407 xu).
3354 3335 3658 3396 Anniculus

2049 3431 2252 3487 autem,
2283 3424 2406 3494 quia
2434 3422 2752 3495 praedicavit
2771 3440 2971 3485 annum
3000 3427 3213 3483 Domini
3236 3431 3653 3501 acceptaliilem,

2050 3522 2107 3570 et
2139 3515 2283 3581 tlietn
2314 3516 2710 3583 retributionis.
2742 3516 2856 3573 Nec
2887 3518 3115 3575 miretur
3138 3520 3328 3591 lector,
3368 3523 3411 3578 si
3436 3523 3578 3579 idem
3604 3534 3659 3579 ct

2052 3609 2309 3681 princeps
2368 3619 2471 3678 est,
2525 3620 2583 3667 et
2620 3612 2900 3683 sacerdos,
2948 3623 3003 3670 et
3040 3616 3263 3684 vitulus,
3306 3627 3359 3671 et
3401 3622 3565 3688 aries,
3600 3630 3655 3675 et

2050 3715 2244 3773 agnus,
2272 3717 2394 3758 cum
2426 3703 2483 3759 in
2513 3701 2808 3781 Scripturis
2836 3707 3039 3764 sanctis
3064 3723 3161 3777 pro
3184 3709 3445 3769 varietate
3467 3727 3653 3769 causae

2051 3812 2170 3861 rum
2202 3796 2444 3869 legamus
2474 3813 2597 3854 eum
2627 3798 2935 3871 Dominum,
2960 3810 3014 3867 et
3045 3803 3233 3871 Deum,
3267 3812 3323 3859 et
3353 3805 3647 3873 hominem.

2050 3900 2105 3948 et
2144 3893 2489 3965 prophetam,
2520 3902 2577 3953 et
2602 3893 2831 3965 virgam,
2878 3906 2932 3951 et
2973 3898 3234 3966 radicem,
3269 3908 3327 3954 et
3356 3899 3567 3968 ﬂorem,
3601 3914 3655 3959 et

2048 3988 2372 4061 principem,
2417 3999 2471 4045 et
2499 3990 2768 4060 judicem,
2815 4001 2871 4047 et
2900 4007 3106 4064 regem,
3132 3994 3376 4065 justum,
3413 4004 3469 4052 et
3493 3998 3654 4069 justi-

2050 4083 2201 4153 tiam,
2250 4083 2582 4153 apostolum,
2612 4090 2669 4138 et
2691 4084 3028 4156 episcopum,
3060 4087 3369 4155 brachium,
3406 4104 3649 4159 servum,

2049 4184 2403 4246 unguentum,
2437 4184 2736 4249 pastorem,
2783 4177 2977 4247 lilium,
3022 4189 3077 4235 et
3103 4196 3354 4252 puerum,
3403 4185 3652 4256 unigeni-

2050 4277 2188 4336 tum,
2228 4278 2284 4326 et
2322 4269 2763 4340 primogenitum,
2796 4271 3020 4339 ostium,
3051 4273 3217 4339 viam,
3257 4278 3533 4347 angelum,
3562 4294 3651 4334 sa-

2047 4362 2235 4433 gittam
2259 4372 2313 4418 et
2335 4362 2683 4434 sapientiam,
2714 4374 2768 4419 et
2789 4364 2953 4421 multa
2979 4366 3105 4437 alia,
3128 4380 3357 4438 quorum
3379 4370 3646 4438 omnium,

2049 4456 2093 4512 si
2125 4458 2351 4513 voluero
2384 4459 2690 4514 testimonia
2722 4458 2928 4526 dicere,
2959 4462 3178 4529 praprio
3211 4461 3350 4519 libro
3378 4465 3638 4539 indigent.

2048 4548 2105 4604 ln
2139 4549 2455 4605 holocausta
2484 4553 2667 4621 (itaque
2707 4550 2861 4606 istius
2888 4549 3014 4621 agni
3043 4552 3372 4611 immaculati
3405 4566 3460 4613 et
3486 4561 3645 4616 anni-

340 4647 607 4727 paciﬁcis,
640 4663 770 4720 qua:
818 4647 1081 4705 llebraicc
1110 4646 1364 4702 dicuntur
1395 4660 1625 4702 SELAMII
1657 4627 1939 4714 (εηπὲω),
1974 4633 2027 4695 D
2052 4641 2179 4709 culi,
2210 4644 2298 4714 qui
2328 4659 2485 4698 mane
2512 4659 2730 4713 semper
2760 4645 3011 4714 offertur,
3042 4644 3205 4702 faciet
3240 4648 3353 4721 ipse
3392 4653 3645 4727 princeps

336 4739 489 4807 (LXX
517 4740 771 4803 salutaria
804 4740 1232 4815 interpretantur
1262 4758 1273 4793 :
1306 4749 1363 4795 ut
1409 4740 1526 4810 ipsa
1560 4736 1940 4793 reconciliatio

342 4836 720 4908 pacificorum,
749 4837 895 4893 salus
925 4838 992 4891 sit
1023 4834 1322 4891 offerentis.
1357 4835 1488 4889 Cum
1512 4849 1642 4904 ergo
1675 4833 1776 4886 hoc
1806 4830 1940 4886 fece-

341 4931 410 4987 rit
442 4931 719 5003 princeps,
764 4930 1039 5002 aperietur
1082 4929 1132 4987 ei
1182 4937 1333 5002 porta
1369 4949 1380 4981 :
1413 4928 1496 4983 vel
1523 4927 1675 4999 juxta
1708 4924 1941 4995 Septua-

339 5025 512 5096 ginta,
541 5024 751 5096 aperiet
781 5025 885 5080 sibi
909 5033 1117 5096 portam
1137 5039 1255 5093 qua:
1288 5022 1507 5093 respicit
1531 5020 1594 5077 ad
1623 5018 1936 5082 Orientem;

334 5118 491 5176 illan)
548 5119 803 5185 videlicet
851 5128 1083 5191 portam,
1121 5118 1188 5181 de
1217 5132 1324 5188 qua
1351 5117 1611 5187 scriptum
1662 5123 1746 5169 est
1774 5112 1940 5168 :Hmc

340 5222 499 5283 porta
522 5210 755 5283 Domini,
777 5211 905 5283 justi
931 5211 1207 5275 intrabunt
1228 5226 1325 5281 per
1352 5225 1469 5265 eam
1495 5207 1610 5281 (Ps.
1632 5222 1794 5277 cxvii,
1819 5204 1938 5275 20),

336 5314 396 5360 et
426 5305 570 5375 unde
609 5306 782 5373 oriiur
824 5306 908 5375 sol
952 5304 1199 5378 justitim.
1235 5303 1304 5361 Et
1345 5303 1523 5369 faciet,
1560 5303 1757 5374 inquit,
1788 5301 1943 5357 bolo-

326 5408 590 5469 .caustum
618 5415 796 5470 suum,
828 5409 883 5457 et
908 5400 1133 5475 paciﬁca
1162 5412 1258 5459 sua
1285 5416 1298 5451 :
1329 5396 1398 5453 de
1426 5396 1621 5467 quibus
1640 5410 1781 5451 nunc
1803 5395 1942 5467 dixti-

340 5510 486 5552 mus.
522 5494 925 5562 Facietautem,
951 5495 1075 5567 quia
1100 5502 1459 5563 spontaneum
1487 5490 1808 5546 sacrificium
1833 5497 1937 5556 est,

328 5595 399 5657 et
425 5602 537 5659 non
562 5586 656 5655 alii
677 5601 779 5659 pro
815 5601 880 5659 eo
925 5586 1127 5647 facient
1150 5583 1485 5651 sacerdotes,
1513 5581 1769 5639 videlicet
1800 5582 1940 5637 sicut

340 5802 349 5833 τ
418 5810 443 5837 λ
486 5797 643 5863 Vulg.
679 5807 735 5855 et
762 5798 1014 5853 Rabanus
1046 5813 1171 5852 cum
1203 5797 1322 5859 hic,
1368 5804 1478 5849 tum
1542 5789 1787 5863 sequenti
1828 5806 1947 5844 ver-

340 5872 541 5940 siculo,
560 5864 651 5928 ubi
674 5886 821 5928 mane
842 5869 925 5929 bis
948 5870 1194 5939 recurrit,
1221 5869 1372 5940 prius
1392 5864 1619 5924 efferunt
1643 5871 1757 5918 cata
1774 5876 1940 5917 mane.

2042 4737 2388 4801 sacrificium,
2445 4740 2563 4796 sive
2608 4755 2786 4796 HANAA
2834 4757 2846 4793 :
2887 4747 2943 4794 et
2967 4740 3234 4813 similam,
3285 4745 3401 4807 sive
3441 4747 3641 4805 donum

2045 4847 2223 4899 mane,
2255 4847 2412 4897 mane
2433 4840 2644 4889 sextam
2674 4842 2879 4902 partem
2904 4833 3049 4902 eplti,
3076 4836 3398 4893 subauditur
3428 4841 3640 4897 similtr.

2044 4928 2206 4986 Sexta
2234 4937 2415 4983 autem
2444 4943 2566 4997 pars
2586 4927 2732 4999 epbi,
2764 4927 3017 4983 dimidius
3045 4929 3255 4988 modius
3286 4944 3386 4988 ρει.
3412 4934 3466 4992 Si
3497 4936 3639 4991 enim

2043 5023 2193 5093 epbi,
2226 5022 2436 5078 decima
2465 5037 2592 5094 pars
2616 5021 2727 5077 cori
2762 5029 2867 5091 est,
2902 5022 2951 5077 id
2983 5030 3088 5091 est,
3126 5032 3235 5079 tres
3268 5027 3431 5083 modii
3461 5046 3474 5081 :
3509 5030 3641 5085 nulli

2044 5115 2290 5181 dubium,
2324 5115 2450 5185 quin
2483 5123 2631 5170 sexta
2670 5129 2798 5185 pars
2826 5114 2975 5184 ephi,
3007 5115 3289 5172 dimidium
3328 5120 3487 5176 faciat
3520 5138 3638 5179 mo-

2046 5207 2215 5263 dium.
2243 5207 2321 5264 De
2346 5208 2467 5262 oleo
2485 5222 2697 5278 quoque
2718 5222 2984 5265 menSttrac
3002 5208 3117 5281 bin,
3151 5213 3307 5269 tertia
3334 5228 3456 5283 pars
3480 5215 3644 5271 offer-

2047 5312 2135 5358 tur
2160 5320 2172 5357 :
2206 5312 2259 5358 ut
2281 5303 2597 5369 misceatur,
2622 5301 2737 5359 sive
2766 5312 3084 5373 aspergatur
3104 5303 3301 5361 similae
3318 5306 3639 5365 sacrificium

2048 5396 2179 5463 Deo,
2214 5396 2541 5468 legitimum,
2583 5395 2715 5465 juge
2745 5404 2905 5466 atque
2946 5403 3289 5475 perpetuum,
3320 5400 3467 5471 .quod
3492 5403 3643 5471 nulla

2045 5489 2420 5544 intermittitur
2491 5488 2627 5543 die:
2662 5487 2753 5544 sed
2813 5490 2955 5544 omni
3011 5499 3295 5561 tempore,
3340 5504 3463 5548 orto
3506 5496 3645 5562 sole,

2044 5596 2261 5654 semper
2305 5581 2552 5650 offertur,
2605 5589 2663 5637 ut
2716 5580 3003 5652 impleatur
3050 5582 3191 5654 quod
3242 5585 3294 5659 in
3346 5586 3452 5644 line
3499 5589 3648 5661 capi-

2129 5787 2157 5825 ι)
2197 5786 2544 5869 Ldt'ni‘faciet,
2569 5788 2788 5869 quodet
2810 5785 3013 5869 Victor;
3044 5792 3279 5869 prmtulit
3305 5807 3375 5869 ex
3406 5795 3651 5869 Vulgata.

2130 5871 2147 5897 ε
2196 5852 2269 5915 Ex
2299 5852 2504 5933 aliquot
2532 5852 2661 5917 mss.
2698 5852 2903 5933 Victor.
2936 5852 3174 5932 ﬁdelium
3200 5865 3434 5938 praefert.
