4108 6338
486 296 596 356 465
1756 297 1816 353 8.
1854 293 2080 354 EUSEB

2183 292 2559 355 dIERONYMI
3693 300 3801 359 464

486 417 564 473 uti
623 416 790 487 hujus
843 411 1063 486 ponitur
1111 426 1124 467 :
1177 410 1359 469 Faciet
1410 429 1605 489 agnum
1632 416 1704 486 (in
1744 418 2100 488 sacri/icium:
2127 423 2482 491 Agregatus,
2528 417 2876 490 dispergetur
2915 416 2967 472 in
3010 424 3192 489 partes
3227 422 3392 489 atque
3422 415 3801 474 lacerabitur;

486 522 535 566 et
594 510 763 564 oleum
825 524 1013 574 mane,
1072 524 1223 562 mane
1290 506 1652 563 holocaustum
1705 510 2097 580 sempiternum,
2205 514 2320 569 sive
2361 515 2515 583 juxta
2561 512 2793 583 Legem,
2843 526 2913 569 ne
2951 512 3211 583 paulatim
3255 510 3483 568 alterius
3512 511 3804 567 baereditas

564 603 724 675 581
760 600 946 673 (Vers.
985 599 1073 668 16,
1117 600 1183 656 17
1225 608 1281 658 et
1319 601 1501 675 seqq.)
1534 602 1663 658 Ha’c
1689 603 1813 657 dicit
1844 603 2101 660 Dominus
2204 617 2448 663 transeat
2488 607 2556 663 ad
2599 607 2789 675 alium,
2833 615 2888 664 et
2931 617 3113 677 pereat
3158 605 3426 662 funiculus
3474 606 3760 662 divisionis
3787 652 3800 677 ,

483 695 628 751 Deus
661 711 679 749 :
711 694 773 751 Si
803 694 1004 750 dederit
1034 694 1273 767 princeps
1302 696 1439 769 (sive
1471 696 1600 768 dum)
1632 697 1828 751 donum
1856 698 2014 752 alicui
2037 699 2102 753 de
2202 716 2298 773 per
2342 716 2499 772 quem
2540 700 2680 757 forte
2725 700 2793 755 ad
2843 714 3284 772 unumquemque
3312 699 3458 755 venit
3486 699 3799 757 lia-reditas.

481 791 608 861 ﬁliis
642 791 781 859 suis,
821 792 1099 848 luvreditas
1142 794 1253 864 ejus
1294 794 1525 864 ﬁliorum
1567 811 1779 849 suorum
1811 796 1905 849 erit
1937 811 1954 849 :
1982 812 2101 867 pos-
2202 794 2475 866 Dispergit
2503 809 2633 865 ergo
2663 794 2923 865 populum
2957 794 3073 861 Dei,
3106 805 3161 849 et
3190 792 3369 850 aufert
3397 794 3467 849 ab
3493 809 3561 850 co
3590 806 3805 864 posses-

485 884 726 940 sidebunt
764 901 877 940 eam
923 886 1275 942 hwreditarie.
1317 887 1413 944 Sin
1448 897 1618 943 autem
1646 888 1846 943 dederit
1876 889 2098 960 legatum

482 979 547 1036 de
572 979 877 1035 hwreditate
902 998 999 1035 sua
1025 982 1115 1036 uni
1146 998 1411 1039 servorum
1440 1000 1675 1052 suorum,
1711 983 1806 1038 erit
1836 981 1978 1038 illius
2009 1000 2097 1038 us-

478 1089 580 1142 que
612 1075 683 1128 ad
708 1092 903 1130 annum
938 1076 1255 1132 remissionis
1287 1077 1409 1149 (pro
1438 1094 1548 1149 quo
1579 1077 1884 1134 Theodotio
1916 1078 2093 1148 ipsum

474 1172 707 1229 verbum
749 1170 1076 1228 Hebraicum
1120 1173 1323 1244 posuit,
1359 1174 1559 1243 annon)
1590 1173 1678 1228 sed
1717 1181 1997 1228 revertetur
2025 1172 2095 1226 ad

478 1270 769 1340 principem
801 1285 816 1322 :
846 1268 1125 1325 hwreditas
1153 1279 1324 1323 autem
1356 1270 1467 1341 ejus
1495 1269 1593 1339 ﬁlii
1616 1271 1726 1342 ejus
1749 1268 1867 1323 erit.
1898 1265 1963 1320 Et
1989 1283 2091 1321 non

475 1364 696 1437 accipiet
727 1364 964 1436 princeps
990 1366 1071 1435 με
1092 1362 1397 1420 Ιιιενεάίιαιε
1428 1364 1609 1435 populi
1636 1381 1725 1434 per
1764 1361 2089 1431 violentiam,

474 1468 524 1514 et
550 1460 615 1514 de
640 1462 959 1532 possessione
987 1475 1173 1514 eorum
1204 1476 1222 1514 :
1253 1460 1342 1514 sed
1369 1459 1433 1513 de
1459 1460 1780 1532 possessione
1806 1475 1905 1513 sua
1927 1458 2089 1514 hatre-

477 1555 696 1610 ditatem
732 1554 873 1608 dabit
906 1554 1031 1624 ﬁliis
1074 1554 1180 1608 suis
1214 1570 1232 1608 :
1280 1562 1335 1607 ut
1367 1570 1472 1607 non
1503 1553 1836 1625 dispergutur
1864 1552 2089 1623 populus

477 1663 621 1703 meus
651 1648 998 1720 unusquisque
1024 1664 1055 1701 (ι
1084 1647 1404 1718 possessione
1426 1664 1541 1702 sua.
1568 1645 1683 1702 Huc
1708 1661 1882 1717 usque
1905 1661 2086 1703 sermo

476 1743 545 1799 de
576 1743 848 1814 principe,
893 1757 1040 1798 nunc
1080 1742 1149 1798 de
1191 1741 1503 1799 haeredibus
1536 1742 1655 1812 ejus
1689 1751 1957 1811 prmcepta
1991 1741 2085 1796 tri—

2199 886 2410 943 sionem
2437 886 2559 943 fidei
2587 880 3002 958 sempiternam,
3027 888 3117 958 qui
3148 887 3325 943 aliena
3355 886 3500 941 dona
3528 888 3612 942 vel
3639 887 3802 953 bona,

2199 982 2290 1038 vel
2335 983 2685 1055 rapina,‘vel
2728 983 3058 1053 adulatione,
3102 982 3187 1039 vel
3218 983 3513 1050 blanditiis,
3542 982 3627 1038 vel
3660 998 3806 1053 prac-
3843 977 3849 983 ’

2199 1084 2348 1132 textu
2380 1076 2690 1147 religionis,
2722 1076 2845 1133 filiis
2873 1075 3267 1148 fratribusque,
3299 1085 3353 1133 et
3384 1076 3805 1147 consanguineis

2197 1171 2552 1243 dereliuquit.

2268 1265 2450 1339 (Vers.
2495 1266 2561 1322 19
2599 1265 2781 1339 seqq.)
2821 1264 2891 1321 Et
2929 1266 3219 1322 introduxit
3258 1283 3340 1323 me
3366 1284 3457 1338 per
3510 1268 3802 1341 ingressum

2193 1361 2282 1431 qui
2320 1370 2429 1415 erat
2462 1361 2513 1414 in
2546 1360 2702 1416 latere
2730 1360 2837 1434 (vel
2868 1370 2981 1433 post
3013 1360 3233 1433 tergum)
3265 1371 3428 1433 porta:
3452 1362 3507 1416 in
3536 1365 3803 1436 gazophy-

2194 1452 2331 1507 lacia
2366 1454 2655 1509 sanctuarii
2695 1455 2762 1508 ad
2802 1454 3092 1511 sacerdotes
3121 1456 3262 1528 (sive
3290 1458 3343 1510 in
3370 1458 3585 1512 exedras
3613 1467 3659 1512 et
3685 1458 3803 1511 tha-

2193 1545 2378 1619 lamas)
2410 1548 2499 1619 qui
2540 1548 2883 1620 respiciebant
2912 1550 2980 1602 ad
3011 1549 3305 1621 aquilonem
3332 1568 3350 1605 :
3377 1558 3424 1604 et
3454 1567 3568 1605 ecce
3594 1551 3663 1605 ibi
3690 1560 3803 1605 erat

2190 1643 2334 1697 locus
2361 1659 2570 1716 vergens
2598 1644 2666 1697 ad
2695 1644 3004 1698 occidentem
3029 1644 3170 1714 (sive
3197 1646 3265 1699 ad
3293 1662 3433 1701 mare
3456 1662 3476 1701 :
3500 1656 3548 1701 et
3572 1657 3628 1700 ut
3653 1643 3801 1701 LXX

2188 1735 2607 1805 transtulerunt,
2656 1736 2971 1808 separatus).
3018 1734 3088 1791 Et
3123 1737 3257 1792 dixit
3299 1740 3368 1792 ad
3412 1754 3495 1793 me
3535 1756 3554 1793 :
3586 1738 3696 1793 Iste
3723 1747 3800 1792 est

471 1837 716 1893 buuntur
751 1854 764 1892 :
794 1837 964 1893 immo
1001 1836 1070 1892 de
1106 1836 1287 1901 donis,
1319 1834 1637 1891 haereditate
1666 1842 1829 1904 atque
1862 1832 2076 1903 legatis,
2108 1867 2157 1930 Β
2186 1844 2332 1904 locus
2363 1826 2453 1881 ubi
2492 1838 2710 1898 coquont
2746 1830 3061 1894 sacerdotes,
3106 1845 3198 1901 pro
3231 1829 3441 1901 delicto,
3477 1840 3524 1885 et
3551 1847 3647 1904 pro
3674 1845 3796 1899 pec-

472 1931 671 2003 quibus
713 1930 846 1986 dare
884 1929 1104 1997 debeat,
1151 1940 1206 1985 et
1247 1944 1479 2000 quorum
1521 1928 1592 1985 sit
1623 1927 1709 1983 vel
1742 1927 1809 1982 ad
1842 1937 2075 1997 tempus,

470 2025 563 2081 vel
603 2031 808 2080 reterna
839 2023 1139 2093 possessio.
1186 2022 1269 2089 Si,
1296 2022 1498 2093 inquit,
1544 2020 1673 2075 filiis
1711 2020 1825 2075 suis
1866 2018 2079 2075 dederit

466 2119 557 2176 vel
586 2118 814 2187 donum,
847 2118 932 2175 vel
966 2116 1369 2185 haereditatem,
1400 2116 1505 2185 ipsi
1534 2114 1890 2186 possidebunt
1912 2129 2032 2170 eam
2060 2129 2075 2169 :

468 2216 595 2288 quia
645 2215 726 2271 eis
768 2214 1134 2271 successionis
1178 2212 1301 2284 jure
1347 2211 1603 2279 debetur,
1651 2220 1707 2266 et
1750 2211 1819 2267 de
1858 2210 1966 2266 alio
2008 2209 2076 2266 ad

466 2311 635 2367 alium
673 2325 782 2365 non
825 2318 1007 2381 potest
1047 2308 1281 2364 transire
1311 2307 1607 2379 possessio.
1644 2305 1740 2362 Sin
1770 2317 1950 2362 autem
1982 2305 2078 2361 de-

469 2405 611 2462 derit
648 2406 740 2460 uni
784 2419 1068 2461 servorum
1109 2416 1333 2458 suorum
1374 2401 1537 2473 legati
1566 2400 1807 2467 nomine,
1840 2409 1951 2456 tam
1982 2398 2073 2455 diu

465 2498 693 2554 habebit
735 2496 1161 2568 possessionem,
1193 2494 1459 2566 quamdiu
1492 2492 1578 2548 vel
1604 2492 1870 2564 septimus
1899 2507 2076 2547 annus

470 2591 818 2649 remissionis
839 2634 855 2660 ,
887 2591 976 2662 qui
1009 2590 1206 2646 dicitur
1236 2605 1414 2646 annon
1445 2586 1652 2661 (1111),
1686 2587 1773 2645 vel
1796 2588 2072 2659 jubilzeus,

466 2685 574 2742 hoc
613 2693 700 2742 est
737 2684 1249 2757 quinquagesimus,
1296 2682 1553 2738 adveniat
1600 2698 1613 2733 :
1646 2679 1867 2751 quando
1895 2680 2076 2735 omnis

467 2777 696 2848 emptio,
740 2785 904 2848 atque
942 2776 1173 2832 donatio
1211 2776 1509 2832 revertitur
1549 2773 1615 2829 ad
1660 2775 1871 2845 priores
1900 2774 2078 2829 domi-

465 2886 569 2928 nos
616 2889 629 2925 :
676 2871 749 2925 ita
795 2880 854 2926 ut
899 2885 1093 2927 servus
1136 2886 1291 2926 usum
1339 2870 1536 2925 habeat
1580 2884 1678 2939 pro
1722 2878 1990 2939 tempore,
2023 2876 2081 2924 et

466 2964 857 3036 proprietatem
902 2964 1270 3034 possessionis
1319 2963 1414 3018 filii
1459 2961 1747 3034 principis.
1788 2961 1943 3030 Quod
1983 2978 2077 3017 au-

464 3067 574 3115 tem
618 3057 864 3131 sequitur
897 3075 911 3114 :
942 3059 1009 3114 Et
1050 3064 1158 3114 non
1191 3057 1425 3128 accipiet
1456 3059 1714 3129 princeps
1742 3057 1809 3113 de
1839 3057 2075 3113 harredi-

467 3161 579 3208 tate
604 3152 785 3223 populi
811 3167 907 3222 per
924 3150 1239 3207 violentiam
1265 3150 1413 3225 (Ler.
1436 3153 1613 3220 χχιιι),
1630 3151 1744 3205 sive
1763 3158 1820 3205 ut
1843 3149 2075 3220 Septua-

467 3238 616 3309 ginta
661 3237 1074 3307 transtulerunt,
1118 3245 1180 3293 ut
1220 3237 1492 3308 opprimat
1527 3250 1644 3303 eos,
1677 3236 1759 3291 vel
1794 3244 1851 3290 ut
1879 3234 2074 3305 Aquila

466 3343 523 3389 et
548 3331 934 3405 Symmachus,
960 3340 1021 3387 ut
1049 3330 1256 3403 afﬂigat
1286 3346 1381 3387 eos
1414 3339 1577 3401 atque
1604 3329 1903 3386 contristet
1934 3346 1948 3383 :
1982 3328 2079 3385 sed

468 3426 538 3482 de
586 3427 933 3499 possessione
970 3439 1067 3481 sua
1118 3425 1497 3481 haereditatcm
1539 3423 1691 3480 dabit
1731 3422 1861 3478 filiis
1898 3422 2015 3478 suis
2062 3439 2077 3478 :

468 3522 724 3594 suggillat
769 3536 877 3577 non
924 3521 1101 3577 solum
1150 3519 1294 3576 illius
1337 3520 1599 3591 temporis
1645 3517 1983 3584 sacerdotes,
2024 3524 2080 3573 et

466 3614 766 3686 principes,
812 3613 907 3670 sed
947 3614 1123 3670 nostri
1169 3629 1406 3685 quoque,
1450 3614 1541 3685 qui
1574 3613 1799 3669 ditiores
1827 3613 1963 3667 fiunt
1994 3626 2080 3667 sa-

470 3712 699 3769 cerdotii
740 3712 1031 3782 dignitate,
1082 3721 1137 3767 et
1183 3721 1385 3781 praeter
1430 3726 1493 3766 ea
1539 3726 1659 3782 quae
1710 3710 1813 3766 sibi
1861 3708 2081 3764 Domini

470 3805 830 3876 dispositione
860 3803 1156 3870 debentur,
1188 3804 1389 3858 tollunt
1418 3817 1448 3858 a
1481 3803 1809 3874 pauperibus
1839 3816 1937 3871 per
1970 3802 2081 3856 vio-

470 3899 696 3955 lentiam
739 3916 751 3952 :
790 3898 877 3954 vel
920 3898 1022 3954 sub
1067 3898 1291 3953 honoris
1336 3898 1557 3953 nomine
1582 3896 1782 3953 divites
1812 3895 2077 3967 spoliant,

471 4000 534 4047 ut
572 3991 705 4062 ipsis
752 4005 971 4062 quoque
1010 3989 1131 4045 ﬁliis
1173 3990 1309 4057 suis,
1353 3992 1551 4062 quibus
1591 3999 1816 4061 paterna
1844 3988 2082 4044 debetur

472 4084 787 4150 haereditas,
838 4085 913 4140 nil
955 4084 1191 4141 debeant
1233 4084 1635 4157 derelinquere,
1666 4086 1771 4140 nisi
1803 4084 1946 4156 quod
1974 4083 2081 4139 sibi

473 4194 503 4233 a
547 4178 868 4249 parentibus
900 4178 1223 4235 derelictum
1256 4187 1360 4236 est.
1395 4178 1540 4250 Ergo
1566 4178 1661 4249 qui
1689 4178 1854 4233 ditior
1880 4187 1966 4233 est
1996 4193 2082 4234 sa-

473 4273 695 4341 cerdos,
739 4288 901 4344 quam
940 4273 1087 4329 venit
1127 4274 1194 4329 ad
1238 4273 1629 4341 sacerdotium,
1672 4273 1929 4345 quidquid
1959 4274 2081 4344 plus

474 4368 746 4435 habuerit,
793 4385 901 4425 non
950 4369 1074 4424 filiis
1116 4369 1281 4426 debet
1321 4370 1469 4437 dare,
1513 4370 1609 4426 sed
1639 4370 1987 4441 pauperibus,
2027 4380 2083 4427 et

474 4469 679 4523 sanctis
721 4466 1013 4534 fratribus,
1059 4475 1113 4523 et
1161 4466 1477 4523 domesticis
1524 4465 1675 4535 ﬁdei,
1728 4467 1819 4538 qui
1859 4467 2084 4523 vincunt

478 4564 670 4619 merita
716 4564 1041 4630 liberorum,
1086 4572 1146 4619 ut
1190 4563 1383 4619 reddat
1424 4578 1487 4618 ea
1528 4578 1646 4635 quae
1686 4562 1901 4619 Domini
1932 4572 2079 4631 sunt,

478 4655 642 4729 582
674 4655 905 4711 Domino
935 4670 1055 4725 suo,
1083 4655 1173 4725 qui
1203 4656 1447 4727 loquitur
1477 4655 1528 4709 in
1555 4654 1851 4726 Evangelia
1877 4673 1890 4710 :
1915 4657 2081 4724 Quid-

475 4753 604 4822 quid
649 4752 744 4808 uni
788 4752 1016 4808 istorum
1065 4750 1288 4814 fecistis,
1334 4750 1470 4806 mihi
1516 4750 1724 4806 fecistis
1752 4750 1909 4825 (Mat.
1946 4770 2075 4823 xxv,

474 4845 595 4919 40).
639 4844 759 4915 Ipse
804 4845 950 4901 enim
1000 4844 1053 4900 in
1096 4842 1427 4914 pauperibus
1471 4843 1766 4915 suscipitur
1807 4843 2078 4916 hospitio;

475 4937 732 4992 visitatur
775 4938 828 4992 in
875 4952 1097 4993 carcere
1144 4954 1157 4990 :
1202 4936 1378 4991 nudus
1408 4937 1606 5008 tegitur
1637 4952 1651 4989 :
1680 4934 1876 4993 sitiens
1903 4939 2079 4995 bibit:

477 5036 753 5085 saturatur
794 5028 1063 5082 esuriens.
1108 5026 1180 5083 Ut
1208 5044 1314 5081 non
1344 5026 1710 5096 dispergatur,
1742 5028 1936 5099 inquit,
1969 5046 2082 5101 po-

474 5122 638 5193 pulus
666 5135 821 5175 meus
847 5135 877 5174 a
908 5121 1255 5189 possessione
1281 5134 1398 5173 sua.
1431 5118 1487 5174 Si
1515 5120 1658 5175 enim
1688 5120 1959 5176 licentiam
1990 5122 2082 5178 ba-

476 5215 659 5272 bucrit
700 5215 972 5286 princeps,
1027 5213 1112 5268 vel
1161 5214 1430 5284 accipere,
1476 5213 1563 5269 vel
1611 5229 1825 5283 rapere,
1868 5216 1952 5271 vel
1978 5216 2079 5273 sub

475 5307 651 5379 ﬁgura
677 5308 899 5362 honoris
924 5317 1109 5362 tenere
1130 5321 1249 5376 quae
1271 5322 1377 5362 non
1402 5316 1527 5362 sunt
1549 5321 1667 5373 sua,
1693 5313 1746 5361 et
1775 5306 1964 5364 liberis
1984 5308 2079 5365 dc-

471 5402 814 5472 relinquere,
860 5399 1092 5471 populus
1131 5399 1220 5471 qui
1269 5400 1322 5455 in
1363 5400 1585 5457 nomine
1615 5398 1709 5455 Dei
1739 5399 1917 5456 fuerat
1946 5416 2075 5457 con-

556 5599 581 5629 ιι
610 5589 728 5645 Non
772 5587 952 5643 Tiroth
990 5601 1113 5643 cum
1163 5586 1516 5643 Massorethis
1553 5587 1772 5659 legebat
1810 5586 2080 5659 Hierony-

485 5678 607 5719 mus
634 5663 689 5717 in
721 5677 820 5717 suo
844 5659 1142 5731 exemplari
1174 5659 1465 5727 llrbraico,
1498 5660 1592 5715 sed
1615 5657 1809 5721 rma-1.
1841 5657 2079 5714 Thuroth

483 5750 606 5791 cum
646 5735 933 5800 schourec,
971 5733 1023 5787 id
1063 5740 1163 5792 est,
1194 5746 1313 5786 cum
1351 5739 1374 5792 Ἰ
1410 5746 1521 5800 vav,
1564 5732 1759 5788 vocali.
1799 5731 1979 5787 MART.
2007 5760 2079 5773 —-

495 5805 835 5861 Martianaeus
878 5804 1081 5873 aspirat
1125 5801 1483 5871 TBUROTll,
1517 5804 1701 5873 sicque
1732 5803 2078 5861 retinendum

494 5876 805 5943 contendit;
846 5874 937 5933 sed
970 5882 1328 5945 prteterquam
1362 5873 1506 5945 quod
1536 5890 1691 5936 secus
1714 5876 1917 5937 habent
1946 5892 2080 5936 mss.

2183 1931 2297 1976 cato
2326 1921 2466 1993 (sive
2494 1939 2589 1994 pro
2611 1922 2909 1993 ignorantia
2940 1930 2987 1976 et
3018 1926 3314 1994 praptcrea)
3346 1923 3436 1977 ubi
3466 1932 3684 1995 coqueut
3712 1940 3798 1978 sa-

2184 2015 2439 2085 criﬁcium
2481 2014 2619 2087 (sive
2667 2030 2856 2070 manna
2898 2025 2946 2070 et
2985 2014 3203 2088 donum)
3244 2027 3441 2073 utnon
3481 2016 3699 2086 efferant
3741 2018 3797 2072 in

2182 2108 2375 2162 atrium
2422 2108 2681 2175 exterius,
2727 2117 2775 2162 et
2820 2109 3171 2178 sancti/icetur
3214 2111 3456 2183 p0pulus.
3506 2110 3572 2165 Et
3616 2108 3796 2165 eduxit

2180 2217 2261 2255 me
2286 2201 2341 2255 in
2370 2203 2565 2256 atrium
2600 2202 2848 2269 exterius,
2884 2212 2931 2257 et
2971 2202 3319 2257 circumduxit
3346 2219 3425 2257 me
3449 2220 3540 2276 per
3570 2211 3796 2276 quatuor

2180 2296 2397 2366 angulos
2436 2296 2560 2349 atrii
2603 2311 2623 2349 :
2659 2304 2708 2350 et
2752 2312 2864 2351 ecce
2908 2295 3158 2351 atriolum
3200 2307 3311 2352 erat
3339 2298 3393 2352 in
3423 2299 3615 2371 angulo
3646 2299 3791 2366 atrii,

2176 2391 2365 2444 atriolo
2404 2390 2613 2461 singula
2649 2407 2741 2463 per
2779 2391 3000 2463 angulos
3042 2392 3190 2447 atrii.
3224 2390 3291 2446 In
3323 2402 3554 2463 quatuor
3579 2392 3792 2465 angulis

2178 2485 2300 2538 atrii
2362 2485 2552 2539 atriolo
2614 2485 2895 2554 disposita,
2957 2486 3309 2558 quadraginta
3354 2485 3647 2541 cubitorum
3701 2502 3794 2557 per

2180 2577 2410 2649 longum,
2440 2587 2487 2632 et
2523 2578 2737 2650 triginta
2767 2595 2857 2651 per
2882 2579 3067 2634 latum.
3099 2578 3364 2635 Mensura:
3388 2581 3543 2635 unius
3562 2589 3796 2657 quatuor

2180 2682 2328 2725 erant
2351 2688 2369 2727 :
2391 2681 2440 2727 et
2464 2673 2635 2742 paries
2659 2690 2751 2744 per
2772 2674 3045 2729 circuitum
3068 2675 3298 2730 ambiens
3317 2684 3544 2747 quatuor
3566 2675 3755 2730 atriola
3773 2692 3793 2731 :

2179 2777 2226 2819 et
2267 2765 2456 2820 rulime
2496 2767 2765 2838 fabricata:
2803 2776 2953 2823 erant
2992 2768 3167 2823 subter
3209 2770 3441 2841 porticus
3478 2780 3571 2838 per
3608 2786 3792 2841 gyrum

2180 2859 2320 2934 (sive
2362 2870 2572 2934 prapter
2608 2862 2847 2916 accubitu
2886 2878 3007 2933 qua:
3046 2862 3279 2935 Aquila,
3329 2862 3583 2926 στιϐάδας
3622 2865 3794 2919 inter-

2180 2964 2426 3025 prelatus
2472 2965 2555 3010 est
2595 2972 2609 3009 :
2642 2955 3005 3027 Symmachus
3036 2959 3455 3035 περιφράγματα,
3487 2957 3793 3014 Theodotio

2179 3050 2357 3120 ipsum
2387 3050 2610 3105 verbum
2634 3050 2963 3107 Hebraicum
2982 3055 3163 3121 posuit
3194 3062 3219 3088 ει
3252 3049 3515 3124 τυιιοτιι).
3539 3050 3607 3106 Ει
3635 3051 3789 3118 dixit,

2178 3144 2375 3215 inquit,
2410 3146 2479 3199 ad
2506 3163 2586 3200 me
2618 3162 2636 3201 :
2666 3144 2794 3201 Ha’c
2821 3154 2894 3201 est
2924 3146 3106 3201 domus
3136 3146 3451 3212 culinarum,
3483 3148 3535 3200 in
3566 3163 3670 3218 qua
3696 3162 3791 3200 co—

2181 3250 2333 3312 quent
2367 3242 2589 3295 ministri
2620 3242 2805 3296 domus
2834 3242 3064 3296 victimas
3094 3243 3275 3313 populi
3298 3241 3481 3315 [Vulg.
3508 3241 3657 3297 addit
3684 3238 3794 3295 Do—

2182 3336 2321 3389 mino
2354 3335 2495 3407 (sive
2535 3334 2815 3407 victimam)
2850 3352 2870 3391 :
2900 3336 3013 3391 Hoc
3054 3336 3201 3392 enim
3230 3336 3500 3393 Ilehraice
3526 3334 3793 3407 significat

2183 3441 2317 3482 zeaa
2348 3425 2498 3500 (n11)
2534 3445 2547 3483 :
2580 3428 2675 3485 Vir
2700 3427 2792 3500 qui
2822 3429 3090 3485 calamum
3123 3428 3343 3486 tenebat
3371 3444 3534 3485 manu
3562 3439 3615 3485 et
3647 3428 3792 3485 funi-

2180 3520 2362 3575 culum
2402 3521 2761 3588 occinentarii,
2807 3538 2914 3593 quo
2952 3522 3242 3579 :ediﬁcium
3286 3524 3446 3596 583
3487 3523 3788 3591 metiretur,

2180 3612 2500 3681 introduxit,
2542 3614 2738 3686 inquit,
2784 3631 2871 3672 me
2912 3632 3010 3687 per
3053 3618 3387 3688 ingressum,
3433 3618 3523 3688 qui
3565 3628 3682 3673 erat
3724 3633 3790 3674 ex

2183 3707 2353 3763 latere
2382 3716 2574 3777 portae,
2609 3709 2693 3763 vel
2729 3718 2849 3780 post
2880 3719 3093 3782 tergum
3122 3720 3313 3782 portae.
3343 3709 3453 3767 Nec
3483 3711 3663 3782 posuit
3689 3726 3787 3767 cu-

2176 3806 2267 3878 jus
2296 3817 2487 3879 portac,
2515 3808 2833 3877 Orientalis,
2867 3810 3160 3880 Australis,
3191 3821 3284 3866 aut
3314 3810 3541 3867 alterius
3570 3811 3744 3881 plaga:
3773 3827 3787 3866 :

2182 3900 2278 3956 sed
2322 3901 2540 3972 reliquit
2586 3903 2874 3973 incertum,
2906 3911 2966 3959 ut
2994 3904 3131 3960 irem
3160 3904 3226 3960 ad
3259 3904 3435 3960 locum
3467 3904 3788 3971 sanctuarii,

2183 4004 2237 4051 et
2288 3994 2341 4049 in
2391 3996 2801 4068 gazophylacia,
2857 3998 2975 4053 sive
3025 3998 3078 4053 in
3126 3998 3378 4054 cubicula
3420 3997 3785 4066 sacerdotum,

2182 4105 2305 4161 qua:
2335 4091 2701 4160 respiciebant
2728 4092 2795 4147 ad
2827 4091 3137 4162 aquilonem
3167 4100 3221 4149 et
3250 4092 3317 4148 ad
3349 4107 3500 4151 mare
3530 4111 3545 4150 :
3574 4094 3641 4149 ad
3667 4108 3791 4165 sep-

2185 4185 2513 4241 tentrionem
2554 4185 2811 4242 videlicet
2849 4194 2904 4243 et
2952 4187 3019 4242 ad
3057 4187 3397 4244 occidentem
3448 4204 3462 4243 :
3510 4186 3652 4245 hanc
3694 4187 3791 4245 ha-

2182 4277 2347 4334 bente
2384 4277 2661 4350 Scriptura
2704 4294 2860 4336 sacra
2904 4282 3382 4349 consuetudinem,
3431 4290 3491 4337 ut
3537 4297 3640 4353 pro
3684 4281 3791 4338 situ

2186 4380 2344 4428 terrae
2386 4373 2609 4441 Judceae,
2651 4388 2869 4446 semper
2910 4390 3063 4431 mare
3102 4376 3452 4433 Occidentem
3493 4384 3674 4431 vocet.
3719 4374 3792 4432 Et

2184 4467 2642 4525 considerandum
2674 4470 2817 4542 quod
2847 4471 3000 4528 locus
3032 4471 3404 4538 sacerdotum,
3436 4470 3529 4527 ubi
3561 4486 3661 4542 pro
3686 4469 3787 4527 de-

2186 4560 2339 4629 licto,
2375 4562 2494 4620 sive
2529 4563 2857 4635 ignorantia,
2894 4574 2950 4622 et
2982 4581 3079 4636 pro
3108 4576 3330 4637 peccato
3359 4578 3674 4635 coquuntur
3702 4580 3790 4623 sa-

2106 4686 2163 4748 D
2186 4654 2411 4725 criﬁcia,
2460 4674 2530 4714 ne
2571 4659 2739 4715 cruda
2769 4659 3092 4727 offerantur,
3130 4661 3185 4716 in
3215 4660 3415 4716 atrium
3444 4660 3689 4716 exterius
3720 4658 3788 4716 ad

2187 4749 2513 4820 Aquilonem
2555 4760 2610 4807 et
2651 4751 3000 4810 Occidentem
3032 4756 3242 4826 positus
3272 4755 3346 4810 sit
3375 4772 3389 4809 :
3418 4755 3564 4811 unde
3591 4763 3789 4811 ventus

2186 4840 2571 4913 frigidissimus
2617 4847 2814 4914 oritur,
2861 4858 2916 4904 et
2958 4848 3052 4904 ubi
3093 4850 3225 4905 solis
3267 4849 3450 4906 lumen
3492 4850 3787 4906 occumbit.

2189 4937 2268 4992 Ex
2312 4955 2418 5010 quo
2456 4940 2787 5008 ostenditur,
2834 4942 3096 5013 quidquid
3137 4942 3203 4997 ad
3246 4943 3486 4999 edulium
3527 4945 3786 5014 pertinet,

2189 5031 2273 5085 vel
2318 5048 2414 5103 pro
2460 5048 2648 5090 errore
2689 5049 2835 5103 esse,
2878 5036 2963 5092 vel
2991 5052 3089 5107 pro
3116 5046 3358 5107 peccato.
3396 5035 3491 5093 Sin
3520 5045 3700 5091 autem
3730 5046 3790 5091 et

2190 5139 2289 5195 pro
2330 5126 2633 5195 ignorantia
2674 5129 2899 5186 offertur
2950 5128 3311 5197 sacrificium,
3360 5136 3564 5199 quanto
3612 5128 3786 5197 magis

2188 5233 2286 5288 pro
2306 5219 2489 5276 delicti
2531 5224 2896 5281 conscientia!
2933 5223 3087 5279 Unde
3117 5232 3170 5278 et
3196 5221 3300 5277 Job
3327 5219 3595 5277 otl‘erebat
3624 5235 3786 5276 mane

2184 5314 2425 5383 quatidie
2464 5317 2695 5374 hostiam
2741 5335 2841 5390 pro
2882 5317 3007 5374 filiis
3050 5318 3164 5373 suis
3194 5316 3338 5391 (Job.
3373 5316 3435 5388 ι),
3474 5317 3677 5373 timens
3715 5330 3786 5372 ne

2187 5421 2284 5477 per
2310 5408 2670 5481 ignorantiam
2697 5411 3073 5483 deliquissent.
3102 5409 3259 5479 Quod
3286 5418 3469 5467 autem
3500 5408 3781 5482 sequitur:

2196 5604 2251 5673 et
2282 5602 2556 5673 praecipue
2588 5601 2870 5673 antiquiss.
2902 5601 3189 5672 Sangerm.
3211 5597 3353 5670 apud
3379 5598 3701 5673 Montt‘aucq
3726 5596 3782 5653 in

2194 5668 2424 5744 Hehrmo
2453 5668 2562 5729 non
2594 5690 2691 5744 per
2714 5668 2755 5732 ᾗ
2784 5668 3073 5741 scribitur,
3109 5672 3201 5729 sed
3232 5668 3284 5731 is
3313 5692 3327 5728 :
3356 5673 3570 5744 tametsi
3609 5672 3782 5744 altera

2194 5743 2283 5805 iod
2321 5745 2411 5807 sit,
2460 5763 2567 5800 non
2596 5740 2709 5800 "vau
2739 5746 2920 5802 littera
2962 5762 2975 5800 :
3018 5740 3257 5811 mnum,
3299 5752 3355 5801 et
3384 5740 3774 5803 Theodotionis

2194 5814 2367 5873 Graec.
2399 5816 2650 5887 prtet'erat
2681 5818 2881 5893 τειρὼθ.
