4108 6338
287 213 379 276 tes

866 205 1522 267 COMMENTARIORUM
1561 206 1630 266 IN
1670 205 2114 266 EZECHIELEM
2154 209 2283 268 LIB.
2327 211 2466 279 XIY.
2510 208 2664 267 CAP.
2708 209 2919 267 XLVII.

3459 213 3569 271 466

289 336 347 391 Ut
372 348 470 388 non
497 329 716 399 oﬂerant
748 328 800 382 in
834 328 1023 382 atrium
1048 329 1295 391 exterius,
1326 334 1371 382 et
1401 327 1751 398 sanctiﬁcetm-
1773 343 1864 400 ρο·
1890 331 1944 390 Α
1969 342 2121 393 num,
2150 328 2246 384 sed
2276 337 2400 400 post
2428 330 2764 385 tricesimum
2792 327 3081 386 accedunt.
3115 329 3489 399 Quamobrem
3515 340 3571 387 et

282 432 439 506 palus,
472 428 573 497 qui.
601 423 1018 506 Sanctiﬁcationi
1047 438 1154 480 non
1186 424 1364 479 fuerat
1398 432 1759 494 praeparatus,
1796 422 1863 478 il-

283 524 360 583 Iud
389 521 688 592 signiﬁcat,
725 534 795 575 ne
826 518 984 574 facile
1016 532 1123 573 non
1163 516 1519 573 sanetilieatis
1548 526 1737 571 sancta
1771 515 1869 571 tri-

280 617 496 674 buamus
544 630 558 667 :
603 626 703 668 nec
728 610 1032 676 mittamus,
1059 611 1216 681 juxta
1247 608 1623 679 Evangelium,
1654 621 1866 678 marga—

279 713 395 769 ritas
421 717 549 765 ante
577 722 794 779 porcos,
826 722 927 763 nec
954 706 1148 762 demus
1174 713 1424 761 sanctum
1450 702 1680 759 canibus
1703 701 1863 775 (Mat.

279 803 384 879 vn).
418 803 658 874 Denique
686 801 901 874 Moyses
935 799 1108 856 tribus
1138 798 1333 854 diebus
1362 798 1430 853 ab
1460 796 1606 852 omni
1634 795 1872 851 immun-

278 900 415 965 ditia,
448 908 502 953 et
529 896 600 951 ab
636 910 870 951 uxorum
903 893 1196 963 complexu
1230 894 1344 946 vult
1374 890 1631 962 pOpulum
1662 889 1869 944 sancti-

277 992 432 1059 ﬁcari,
474 998 536 1044 ut
574 988 801 1045 accedat
840 988 908 1043 ad
953 994 1190 1042 montem
1233 985 1389 1052 Sina,
1418 994 1475 1041 et
1500 982 1869 1038 sanctiﬁcatus

276 1092 445 1141 sancta
476 1081 743 1153 suscipiat
772 1077 971 1151 (Exod.
1005 1077 1140 1149 x1x).
1186 1076 1243 1135 Si
1277 1084 1457 1133 autem
1490 1074 1766 1132 accessuri
1803 1072 1869 1129 ad

276 1174 529 1231 audienda
570 1184 623 1231 et
665 1172 1011 1242 suscipienda
1054 1171 1217 1228 verba
1261 1172 1376 1237 Dei,
1411 1168 1747 1226 sanctiﬁcari
1777 1167 1867 1236 ju-

279 1272 461 1326 bentur
507 1267 583 1323 ab
621 1266 907 1334 uxoribus,
955 1264 1302 1321 manifestum
1351 1272 1434 1319 est
1476 1264 1529 1318 in
1561 1263 1705 1334 Lege
1735 1259 1871 1316 illud

276 1363 644 1436 Apostolicum
696 1360 966 1417 contineri
1017 1378 1030 1416 :
1080 1357 1257 1415 Nolite
1308 1357 1561 1413 fraudare
1612 1356 1870 1423 invicem,

277 1459 370 1516 nisi
410 1456 553 1513 forte
581 1472 650 1513 ex
687 1469 960 1511 consensu
1000 1453 1066 1509 ad
1111 1462 1347 1523 tempus,
1393 1460 1454 1507 ut
1493 1449 1701 1506 vacetis
1745 1463 1872 1503 ora—

277 1549 399 1607 tioni
441 1549 488 1622 (ι
534 1549 660 1605 Cor.
703 1559 799 1615 ιιι,
849 1548 908 1618 5)
939 1563 952 1601 :
988 1555 1044 1602 et
1084 1561 1152 1601 ex
1183 1560 1455 1602 consensu
1484 1541 1873 1599 abstinendum

279 1648 336 1703 ab
372 1644 661 1710 uxoribus,
706 1654 768 1699 ut
811 1657 1074 1698 vacemus
1103 1642 1360 1698 orationi.
1396 1641 1533 1697 Post
1560 1638 1675 1694 lure
1704 1638 1877 1709 serip-

1971 420 2235 476 Dominus
2275 421 2499 493 triginta
2539 436 2805 477 annorum
2836 432 2978 493 erat,
3010 438 3134 480 cum
3164 423 3314 480 venit
3343 422 3411 479 ad
3439 423 3574 496 bap-

1971 512 2193 568 tismum
2226 531 2237 567 :
2271 524 2326 569 et
2370 513 2421 569 in
2455 513 2557 569 hoc
2584 514 2780 570 eodem
2818 514 3095 587 Propheta
3127 516 3441 574 tricesimus
3469 532 3572 572 an-

1972 623 2073 664 nus
2113 609 2334 679 ponitur
2374 610 2430 664 in
2478 608 2729 666 exordio.
2774 609 2875 666 Ubi
2921 610 3087 680 igitur
3127 611 3259 679 cibi,
3292 613 3365 668 ibi
3395 621 3449 668 et
3475 627 3574 668 an-

1970 703 2142 772 gustia
2176 712 2332 773 atque
2370 704 2618 771 tentatio,
2650 718 2750 775 per
2777 720 2897 775 quae
2929 714 3187 774 parantur
3215 706 3345 762 cibi.
3378 708 3442 762 Et
3474 707 3572 764 ubi

1974 798 2027 853 in
2080 796 2303 867 perfecti
2351 797 2455 853 viri
2508 797 2822 853 venerimus
2873 807 3128 865 aetatem,
3184 800 3257 856 ibi
3306 801 3569 859 calcanda

1973 899 2101 946 sunt
2129 891 2331 958 omnia,
2366 899 2422 946 et
2450 890 2741 946 dicendum
2778 909 2792 945 :
2825 892 3101 948 Habentes
3131 892 3334 950 victum
3364 904 3419 951 et
3448 908 3574 951 vcs-

1974 984 2154 1052 titum,
2188 986 2270 1040 his
2298 988 2540 1041 contenti
2573 989 2745 1041 simus
2775 986 2821 1055 (Ι
2850 986 2985 1041 Tim.
3016 1001 3093 1052 vr,
3128 987 3205 1059 8).
3237 987 3308 1046 Et
3339 1006 3353 1043 :
3384 990 3439 1046 Si
3471 989 3569 1047 de-

1974 1080 2115 1137 derit
2143 1081 2273 1136 milti
2303 1081 2568 1137 Dominus
2595 1081 2773 1138 cibum
2807 1082 2872 1137 ad
2897 1082 3254 1149 vescendum,
3281 1092 3336 1139 et
3363 1092 3571 1141 vestem

1976 1176 2042 1231 ad
2085 1177 2436 1247 aperiendum
2477 1177 2630 1248 (Gen.
2678 1194 2871 1244 xxvm,
2912 1177 3030 1251 20).
3073 1178 3171 1234 Vel
3213 1188 3363 1235 certe
3395 1180 3525 1236 illud
3559 1199 3573 1235 :
3638 1202 3641 1209 ν

1976 1268 2115 1324 Esca
2155 1269 2357 1336 ventri,
2403 1278 2457 1325 et
2498 1278 2691 1326 venter
2729 1272 2915 1327 escis:
2953 1272 3093 1329 Deus
3137 1281 3317 1328 autem
3348 1282 3402 1328 et
3431 1274 3578 1331 hunc

1976 1370 2030 1418 et
2074 1360 2193 1415 illas
2234 1360 2479 1417 destruet
2512 1361 2555 1434 (l
2600 1362 2722 1419 Cor.
2764 1379 2838 1430 vr,
2876 1362 2987 1437 l5).
3019 1364 3204 1436 Neque
3234 1365 3382 1421 enim
3416 1364 3468 1420 in
3499 1366 3583 1421 fu-

1979 1461 2099 1509 turo
2140 1454 2588 1510 manducabimus
2627 1464 2685 1512 et
2730 1456 3005 1524 bibemus,
3040 1458 3136 1514 sed
3169 1458 3261 1513 illo
3291 1474 3578 1515 vescemur

1978 1562 2120 1617 pane
2161 1547 2254 1618 qui
2299 1547 2367 1603 de
2410 1548 2551 1605 caelo
2596 1548 2910 1614 descendit,
2960 1550 3027 1607 de
3057 1566 3167 1622 quo
3214 1552 3267 1606 in
3312 1552 3579 1609 Psalterio

1977 1642 2193 1696 canitur
2226 1660 2238 1696 :
2272 1641 2473 1697 Panem
2503 1643 2819 1713 angelorum
2850 1644 3012 1717 585
3043 1644 3387 1701 manducavit
3417 1646 3579 1704 homo

278 1752 375 1797 tum
405 1749 491 1796 est
521 1757 536 1793 :
578 1739 646 1794 Et
672 1738 853 1793 eduxit
883 1755 963 1793 me
991 1739 1045 1791 in
1076 1738 1267 1791 atrium
1294 1736 1544 1800 exterius,
1576 1742 1622 1786 et
1651 1732 1872 1786 circum-
1900 1740 1949 1803 Β
1977 1734 2098 1810 (Ps.
2131 1752 2318 1803 Lxxvr,
2358 1736 2475 1808 25).
2512 1737 2579 1793 Ει
2613 1757 2624 1793 ε
2658 1739 2811 1795 Meus
2842 1741 2999 1795 cibus
3028 1750 3131 1807 εει,
3166 1748 3224 1795 ιιι
3254 1738 3447 1795 faciam
3480 1756 3579 1797 νο-

278 1837 407 1891 duxit
446 1852 529 1890 me
572 1852 665 1907 per
705 1842 931 1905 quatuor
960 1831 1180 1905 angulos
1206 1831 1329 1885 atrii
1362 1846 1381 1886 :
1412 1838 1459 1885 et
1490 1845 1603 1883 ecce
1632 1825 1875 1882 atriolum

278 1939 373 1984 erat
406 1930 459 1982 in
498 1927 698 2000 angulo
735 1928 876 1991 atrii,
908 1924 1097 1979 atriola
1124 1924 1331 1997 singula
1361 1940 1451 1994 per
1483 1921 1703 1994 angulos
1731 1921 1873 1988 atrii,

278 2023 321 2075 in
348 2031 574 2092 quatuor
598 2020 802 2092 angulis
824 2019 944 2074 atrii
970 2018 1160 2073 atriola
1188 2017 1458 2088 disposita.
1484 2015 1581 2070 Ille
1608 2014 1695 2070 vir
1710 2028 1874 2086 quem

278 2132 409 2189 scepe
438 2125 864 2186 commemorat,
902 2114 1092 2172 eduxit
1120 2130 1243 2171 eum
1274 2114 1344 2169 de
1374 2114 1494 2169 loco
1526 2110 1877 2168 sacerdotum

280 2210 358 2281 qui
398 2210 665 2281 vergebat
710 2209 779 2265 ad
826 2208 1179 2281 Aquilonem,
1225 2216 1251 2245 α
1289 2207 1407 2262 sive
1446 2204 1613 2277 584
1640 2204 1731 2275 qui
1760 2211 1881 2258 erat

280 2312 577 2376 separatus,
628 2302 720 2357 ubi
766 2311 1011 2372 coquunt
1054 2298 1373 2355 sacerdotes
1418 2313 1518 2367 pro
1556 2296 1783 2361 delicto,
1824 2303 1880 2350 et

281 2412 366 2470 pro
391 2404 642 2468 peccato,
675 2396 759 2451 vel
783 2394 1089 2466 ignorantia
1124 2412 1135 2447 :
1167 2393 1356 2450 eduxit
1385 2400 1566 2448 autem
1598 2391 1651 2447 in
1679 2390 1877 2445 atrium

282 2489 537 2546 exterius.
590 2489 673 2544 Ex
721 2504 830 2559 quo
874 2485 1231 2558 intelligimus
1271 2485 1407 2541 illud
1446 2484 1643 2540 atrium
1674 2483 1743 2538 de
1772 2496 1879 2555 quo

283 2597 528 2655 egressus
573 2590 679 2651 est,
726 2581 890 2638 fuisse
935 2580 1185 2645 interius,
1219 2587 1275 2635 et
1305 2579 1474 2635 multa
1501 2593 1623 2635 esse
1654 2578 1791 2633 atria
1824 2578 1878 2633 in

285 2675 583 2748 Scripturis
623 2675 851 2743 sanctis,
884 2674 952 2731 de
978 2673 1176 2745 quibus
1202 2672 1429 2745 legimus
1465 2691 1478 2729 :
1509 2674 1609 2740 Qui
1639 2670 1792 2726 statis
1825 2670 1879 2724 in

284 2770 432 2826 domo
454 2768 699 2834 Domini,
726 2770 779 2825 in
802 2767 963 2824 atriis
985 2767 1179 2823 domus
1206 2766 1297 2822 Dei
1321 2766 1493 2822 nostri
1512 2764 1632 2838 (Ps.
1658 2779 1878 2831 cxxxtv,

284 2864 354 2936 2).
383 2864 449 2920 Et
477 2864 538 2920 in
572 2864 783 2921 Joanne
810 2882 822 2916 :
854 2863 925 2919 Et
950 2863 1083 2918 alias
1111 2878 1243 2919 oves
1270 2861 1449 2917 habeo
1476 2876 1597 2932 quae
1624 2875 1732 2915 non
1756 2867 1884 2915 sunt

286 2971 346 3014 ex
367 2965 467 3012 hoc
488 2957 663 3024 atrio,
694 2965 750 3012 et
775 2956 899 3012 illas
919 2962 1139 3026 oportet
1166 2970 1253 3011 me
1275 2953 1549 3010 adducere
1575 2971 1587 3007 :
1613 2961 1669 3009 et
1688 2968 1877 3009 vocem

289 3067 451 3107 meam
492 3051 750 3115 audient,
796 3060 850 3107 et
881 3051 975 3105 ﬁet
1015 3065 1185 3104 unum
1211 3049 1409 3104 atrium
1440 3056 1495 3103 et
1523 3060 1663 3102 unus
1693 3054 1883 3118 pastor

290 3144 455 3219 (Joan.
483 3162 551 3215 ιι,
587 3144 675 3217 lo)
701 3144 838 3200 :hoc
867 3144 1011 3200 enim
1041 3128 1234 3199 Graece
1262 3143 1389 3203 αὐλὴ
1416 3140 1708 3212 signiﬁcat,
1737 3138 1881 3210 quod
1912 3145 1956 3210 ρ
1988 3128 2334 3211 gum-domm

290 3237 314 3277 δ
346 3241 539 3295 Latina
583 3238 901 3309 simplicitas
943 3238 994 3292 in
1031 3237 1163 3292 ovile
1193 3234 1493 3291 transtulit.
1524 3232 1753 3300 Quando
1782 3248 1880 3287 au-

294 3342 385 3390 tem
415 3334 575 3401 dicit,
608 3350 673 3389 ex
697 3333 792 3388 Itoc
816 3333 968 3399 atrio,
999 3331 1242 3388 ostendit
1275 3345 1402 3386 esse
1428 3338 1483 3386 et
1510 3328 1657 3384 aliud
1690 3345 1703 3382 :
1733 3325 1881 3398 quod

293 3429 365 3485 vel
403 3430 455 3485 in
498 3429 749 3501 gentium
794 3428 948 3483 turba
990 3427 1057 3483 ad
1098 3427 1514 3483 distinctionem
1556 3423 1753 3491 Israel,
1797 3422 1883 3478 vel

294 3520 340 3577 in
376 3524 534 3581 ctelis
576 3523 646 3579 ad
690 3524 1087 3594 separationem
1137 3521 1343 3577 terreni
1390 3519 1514 3575 atrii
1543 3519 1884 3575 demonstra-

293 3627 374 3675 tur
415 3636 428 3674 :
474 3625 537 3673 et
577 3632 676 3687 pro
716 3617 979 3689 qualitate
1022 3615 1341 3670 meritorum
1381 3613 1674 3683 unicuique
1701 3610 1885 3667 ofﬁcio

297 3713 475 3768 atrium
509 3712 849 3784 delegatum,
874 3726 1036 3782 super
1061 3726 1168 3781 quo
1200 3711 1253 3766 in
1277 3708 1641 3767 anterioribus
1668 3706 1885 3777 plenius

299 3805 625 3875 diSputatum
648 3814 749 3861 est.
774 3805 885 3861 lloc
907 3812 1090 3859 autem
1113 3804 1310 3859 atrium
1334 3804 1402 3859 de
1422 3818 1528 3874 quo
1551 3817 1693 3857 nunc
1706 3815 1887 3856 sermo

298 3910 395 3967 est,
437 3916 543 3970 per
577 3899 826 3971 singulos
861 3900 1086 3969 angulos
1125 3908 1358 3969 quatuor
1398 3897 1638 3953 habebat
1667 3895 1884 3963 atriola,

299 4013 406 4068 qua:
447 3995 597 4053 LXX
628 3997 838 4052 minora
867 4008 1088 4064 vocant,
1120 4005 1176 4051 et
1206 4010 1304 4051 nos
1339 4009 1437 4064 pro
1466 3993 1729 4049 facilitate
1757 4006 1887 4047 sen-

301 4103 383 4145 sus
409 4092 843 4166 ὐποκοριστικῶς,
886 4089 1074 4143 atriola
1105 4088 1364 4143 diximus.
1399 4086 1766 4157 Quadraginta
1797 4101 1891 4142 cu-

301 4183 531 4240 bitorum
578 4193 734 4240 erant
781 4199 877 4254 per
925 4184 1173 4252 longum,
1220 4190 1275 4237 et
1316 4182 1536 4253 triginta
1571 4180 1884 4250 perlatum.

303 4278 370 4335 Dc
412 4280 615 4352 quibus
652 4280 894 4335 numeris
936 4279 989 4333 in
1034 4278 1137 4334 hoc
1173 4277 1367 4333 eodem
1409 4276 1677 4345 Pr0plteta
1709 4275 1894 4347 dispu-

304 4380 436 4429 tasse
466 4388 560 4429 me
585 4373 829 4440 memini,
860 4371 1003 4443 quod
1035 4370 1178 4426 aliud
1211 4370 1278 4425 ad
1312 4369 1694 4426 tribulationes
1723 4378 1775 4424 et
1798 4385 1894 4423 an-

305 4468 523 4537 gustias,
568 4466 716 4521 aliud
746 4466 814 4521 ad
849 4467 1142 4537 perlectam
1173 4464 1441 4521 referatur
1468 4472 1705 4520 artatcm.
1740 4463 1894 4521 Unde

1979 1831 2239 1887 luntatem
2267 1830 2385 1902 ejus
2412 1832 2506 1904 qui
2538 1833 2686 1888 misit
2718 1849 2806 1888 me
2834 1834 3018 1905 (Joan.
3050 1850 3129 1902 tv,
3160 1835 3277 1907 54).
3306 1834 3458 1903 Quod
3486 1851 3584 1891 au-

1983 1937 2088 1984 tem
2119 1944 2373 1985 mensura
2407 1944 2513 1985 una
2544 1930 2866 1987 atriolorum
2890 1939 3008 1987 erat
3033 1940 3293 2003 quatuor,
3317 1948 3438 2003 qua:
3459 1933 3584 1989 atrii

1979 2022 2203 2093 majoris
2238 2022 2468 2093 angulos
2499 2022 2855 2092 possidebant
2880 2068 2894 2091 ,
2928 2031 3162 2095 quatuor
3192 2024 3378 2080 mundi
3408 2024 3582 2095 signi-

1979 2113 2105 2169 ﬁcat
2135 2114 2318 2185 plagas
2351 2112 2559 2186 (Genes.
2593 2114 2675 2186 ιιι)
2707 2133 2718 2170 :
2753 2115 2898 2185 quod
2928 2116 2982 2171 in
3011 2115 3218 2173 sudore
3244 2116 3430 2172 vultus
3455 2130 3582 2172 nos-

1982 2207 2050 2261 tri
2094 2208 2450 2262 comcdamus
2492 2221 2716 2278 panem,
2758 2216 2815 2264 et
2844 2210 3026 2265 omnis
3055 2209 3213 2265 labor
3241 2208 3417 2265 ventri
3446 2219 3585 2265 ster-

1978 2302 2203 2372 corique
2246 2302 2496 2374 proﬁciat
2545 2319 2557 2356 :
2607 2318 2728 2373 quae
2770 2313 3004 2375 quatuor
3051 2303 3268 2373 atriola,
3316 2306 3402 2360 vel
3435 2320 3578 2359 unus

1982 2395 2164 2466 paries
2204 2395 2503 2462 ambiebat,
2544 2402 2600 2450 et
2642 2396 2841 2451 culinae
2879 2395 3160 2452 fabricatae
3204 2403 3365 2452 erant
3400 2394 3592 2451 subter

1984 2489 2227 2561 porticus
2266 2504 2367 2561 per
2403 2503 2623 2563 gyrum,
2664 2490 2752 2546 vel
2783 2490 3091 2561 propinqua
3122 2488 3400 2545 habebant
3427 2502 3587 2544 aecu-

1982 2583 2093 2641 bita
2128 2602 2140 2638 :
2172 2593 2230 2640 ut
2261 2584 2353 2640 ubi
2381 2586 2510 2653 cibi,
2544 2585 2618 2641 ibi
2650 2594 2706 2641 et
2729 2600 3111 2643 mensurarum
3145 2586 3492 2657 praeparatio.
3519 2585 3587 2641 Et

1983 2694 2055 2735 ne
2085 2678 2312 2735 forsitan
2343 2680 2626 2750 ignoraret
2655 2681 2921 2753 propheta
2950 2681 3082 2752 quid
3113 2691 3301 2738 essent
3330 2698 3451 2753 qua:
3477 2696 3592 2738 cer-

1984 2782 2162 2842 neret,
2205 2772 2343 2831 dixit
2380 2774 2448 2830 ad
2488 2791 2612 2830 eum
2649 2792 2663 2830 :
2700 2774 2828 2830 ch
2868 2784 2939 2829 est
2971 2776 3155 2830 domus
3184 2776 3501 2845 culinarum,
3532 2776 3588 2830 in

1982 2888 2087 2943 qua
2138 2880 2354 2944 coquent
2381 2872 2605 2927 ministri
2633 2870 2850 2927 Domini
2874 2872 3105 2927 victimas
3143 2872 3343 2945 populi.
3391 2872 3588 2943 Populi

1984 2963 2203 3035 quidem
2248 2964 2511 3033 victimae,
2552 2982 2672 3037 quae
2701 2965 2999 3022 afferentur
3026 2980 3129 3037 pro
3160 2966 3382 3034 delicto,
3415 2963 3442 3003 ἀ
3473 2968 3590 3023 sive

1988 3069 2233 3131 peccato,
2268 3070 2325 3119 et
2369 3062 2707 3131 ignorantia,
2749 3070 2879 3117 sunt
2909 3062 3189 3128 alimenta,
3221 3069 3277 3116 et
3305 3060 3589 3133 refrigeria

2384 3172 2395 3209 :
2441 3165 2499 3209 ut
2545 3155 2896 3211 meminerint
2938 3154 3073 3209 nihil
3114 3168 3173 3211 se
3214 3153 3358 3210 aliud
3386 3154 3591 3211 debere

1984 3258 2262 3318 appetere,
2289 3264 2411 3306 cum
2442 3250 2609 3304 etiam
2638 3250 2694 3304 in
2728 3250 2931 3321 templo
2959 3263 3155 3306 carnes
3186 3248 3254 3306 ad
3280 3263 3468 3305 eorum
3500 3264 3581 3306 re-

1988 3340 2206 3413 frigeria
2236 3352 2561 3413 praeparata:
2590 3342 2719 3399 sint.

2062 3440 2218 3513 (Cap.
2253 3456 2420 3497 vau.
2464 3472 2531 3482 ——
2562 3440 2721 3497 Vers.
2754 3442 2779 3497 l
2813 3440 2992 3513 seqq.)
3038 3439 3107 3495 Et
3135 3443 3360 3497 converti
3399 3441 3585 3517 [Vulg.

1989 3533 2258 3607 convertit]
2282 3552 2362 3591 me
2389 3536 2457 3589 ad
2489 3542 2693 3605 portam
2716 3535 2923 3603 domus,
2955 3544 3003 3591 et
3032 3552 3144 3591 ecce
3169 3553 3320 3607 aqua:
3354 3537 3591 3611 egredie-

1990 3628 2177 3684 bantur
2202 3630 2376 3683 subter
2407 3629 2563 3683 limen
2609 3629 2795 3683 domus
2824 3629 2894 3683 ad
2926 3628 3209 3683 Orientem.
3242 3628 3431 3685 Facies
3454 3631 3590 3685 enim

1992 3725 2176 3779 domus
2205 3723 2505 3797 respiciebat
2529 3723 2597 3777 ad
2627 3722 2909 3778 Orientem.
2935 3722 3096 3795 Aqua:
3116 3733 3290 3778 autem
3319 3724 3594 3781 descende-

1993 3820 2114 3873 bant
2144 3818 2198 3872 in
2238 3818 2374 3872 latus
2412 3816 2587 3889 templi
2614 3817 2853 3871 dextrum
2888 3817 2957 3871 ad
2986 3817 3259 3872 meridiem
3289 3817 3491 3874 altaris.
3522 3817 3593 3873 Et

1993 3911 2171 3966 eduxit
2199 3926 2280 3965 me
2306 3926 2398 3981 per
2421 3909 2555 3963 viam
2583 3916 2747 3982 porta:
2769 3909 3058 3981 Aquilonis,
3086 3918 3137 3964 et
3158 3911 3402 3964 convertit
3424 3924 3503 3963 me
3526 3913 3593 3963 ad

1992 4005 2129 4060 viam
2149 4004 2291 4074 {oras
2322 4013 2523 4076 portam
2544 4003 2871 4070 exteriorem,
2893 4003 3026 4057 viam
3064 4019 3178 4072 qua:
3205 4002 3508 4075 respiciebat
3528 4002 3600 4055 ad

2000 4097 2284 4165 Orientem,
2338 4106 2386 4151 et
2430 4114 2542 4152 ecce
2582 4114 2730 4168 aqua:
2758 4095 3110 4152 redundantes
3149 4113 3183 4150 a
3226 4096 3387 4150 latere
3417 4095 3598 4148 dextro

1997 4197 2115 4248 cum
2178 4191 2504 4265 egrederetur
2534 4191 2611 4245 vir
2644 4191 2712 4245 ad
2762 4188 3046 4255 Orientem,
3093 4188 3183 4259 qui
3211 4187 3428 4242 habebat
3456 4170 3601 4258 funi?

1997 4284 2173 4340 culum
2210 4285 2266 4338 in
2311 4300 2471 4337 manu
2510 4300 2628 4349 sua,
2661 4292 2710 4336 et
2749 4298 2961 4336 mensus
2992 4289 3067 4335 est
3107 4279 3250 4335 mille
3279 4279 3501 4347 cubitos,
3552 4288 3602 4333 et

1998 4380 2295 4435 transduxit
2327 4395 2405 4433 me
2431 4395 2520 4449 per
2550 4393 2738 4448 aquam
2762 4392 2919 4445 usque
2942 4376 3011 4428 ad
3038 4373 3173 4428 talos
3198 4372 3337 4446 (sive
3365 4373 3606 4427 transivit

1998 4473 2053 4527 in
2093 4489 2229 4543 aqua
2255 4474 2452 4541 'aquam
2495 4468 2861 4537 remissionis).
2909 4467 3239 4532 Rursumque
3278 4482 3488 4520 mensus
3532 4472 3608 4519 est

306 4563 656 4634 quadraginta
699 4563 888 4618 diebus
931 4562 1179 4634 Moyses,
1223 4571 1278 4616 et
1317 4561 1488 4631 Elias,
1533 4569 1589 4617 et
1635 4562 1896 4617 Dominus
1922 4558 1974 4619 D
2000 4565 2164 4631 mille,
2212 4575 2260 4619 et
2304 4563 2599 4619 transduxit
2643 4577 2723 4616 me
2772 4576 2861 4633 per
2905 4576 3093 4631 aquam
3131 4574 3290 4631 usque
3330 4558 3400 4613 ad
3439 4573 3607 4631 genua

308 4665 458 4728 atque
501 4657 752 4715 Salvator
791 4658 843 4713 in
885 4672 1069 4713 eremo
1103 4657 1417 4727 jejunarunt
1456 4655 1653 4729 (Exod.
1698 4671 1891 4722 xxxrv;

309 4749 372 4806 ΙΙΙ
410 4753 540 4825 Reg.
587 4769 713 4819 XIX;
762 4752 895 4809 Mat.
939 4769 1019 4818 1v;
1054 4751 1181 4806 Luc.
1213 4751 1294 4824 ιιι)
1328 4769 1342 4806 :
1375 4761 1431 4807 et
1456 4751 1524 4806 ad
1556 4750 1897 4808 sacerdotale

308 4844 540 4903 ofﬁcium
579 4863 691 4903 non
725 4856 850 4919 post
895 4858 917 4887 ο
950 4845 1271 4904 vicesimum
1316 4846 1566 4918 quintum
1599 4845 1774 4901 aetatis
1801 4861 1899 4902 an-

379 5060 404 5089 ³
435 5049 668 5121 Supplet
693 5047 990 5121 Victorius,
1017 5049 1105 5103 ubi
1132 5058 1241 5121 erat
1272 5047 1423 5121 lngus
1440 5063 1650 5119 vergens
1678 5048 1746 5100 ad
1777 5049 1912 5101 occi-

314 5118 603 5178 dentem'ex
628 5121 800 5176 Sacro
821 5120 1033 5186 codice,
1054 5120 1261 5189 junctis
1285 5118 1459 5183 LXX;
1490 5118 1611 5174 nam
1637 5129 1692 5174 et
1714 5120 1909 5187 verba,

316 5195 505 5265 inquit,
528 5195 633 5248 sive
654 5194 742 5263 qui
766 5203 873 5247 erat
898 5201 1189 5261 separatus,
1216 5192 1376 5265 aliam
1401 5192 1910 5265 interpretationem

316 5263 660 5336 pra-cessisse
696 5266 981 5332 denotant,
1020 5279 1139 5320 eam
1183 5264 1396 5319 scilicet
1419 5263 1764 5336 Hieronymi,
1796 5280 1909 5318 ver-

319 5354 436 5408 gens
465 5338 533 5391 ad
563 5336 913 5393 Occidentem.

385 5408 412 5447 b
446 5409 865 5478 Simpltcitatem
908 5408 1221 5479 ltujnsmodi
1260 5408 1504 5463 Latinam
1546 5422 1655 5462 non
1686 5407 1916 5463 mutavit

322 5480 376 5537 S.
421 5480 643 5545 Doctor,
675 5496 798 5536 cum
835 5482 987 5550 jussu
1025 5482 1237 5535 Damasi
1268 5495 1467 5536 novum
1495 5479 1911 5537 Testamentum

322 5551 524 5608 Graeca:
556 5552 683 5609 ﬁdei
711 5553 967 5608 reddidit.
999 5552 1175 5608 Mam.

396 5635 416 5663 ο
472 5625 586 5680 Hoc
635 5638 858 5696 propter
904 5623 1050 5681 LXX
1101 5625 1611 5696 interpretationem
1662 5624 1920 5680 observat

326 5694 894 5769 Hieronymusrnam
945 5694 1306 5752 Numerorum
1346 5700 1523 5769 capite
1570 5704 1768 5767 quarto
1815 5697 1917 5766 ipsi

324 5768 508 5838 legunt
551 5786 583 5821 a
616 5770 855 5825 uicesimo
884 5770 1085 5841 quinto,
1114 5770 1204 5824 ubi
1233 5770 1387 5837 juxta
1422 5770 1743 5827 llebraieam
1776 5769 1923 5841 veri-

330 5848 489 5898 tatem
529 5841 815 5914 legendum
845 5840 950 5911 eSt,
984 5859 1015 5898 α
1044 5842 1303 5898 tricesimo
1333 5859 1491 5900 anno.
1524 5842 1701 5901 ΜΑιιτ.
1734 5872 1803 5883 -—
1828 5840 1921 5898 Ni-

2005 4660 2143 4731 (sive
2188 4658 2423 4713 transivit
2452 4658 2505 4711 in
2545 4673 2681 4726 aqua
2719 4672 2910 4727 aquam
2959 4670 3120 4724 usque
3151 4655 3219 4709 ad
3251 4654 3498 4725 femora).
3535 4651 3607 4707 Et

2006 4768 2213 4808 mensus
2239 4760 2312 4805 est
2356 4749 2517 4814 mille,
2542 4756 2587 4803 et
2618 4748 2850 4803 traduxit
2878 4764 2957 4801 me
3004 4764 3093 4817 per
3117 4764 3305 4818 aquam
3332 4762 3493 4817 usque
3539 4746 3608 4800 ad

2006 4862 2153 4902 renes
2184 4843 2324 4916 (sive
2373 4850 2419 4897 et
2448 4842 2685 4897 transivit
2726 4858 2917 4912 aquam
2955 4857 3115 4911 usque
3154 4840 3223 4894 ad
3255 4837 3499 4912 lumbos).
3541 4834 3619 4891 Et

2016 5047 2214 5105 mirum
2256 5045 2347 5101 ubi
2395 5044 2555 5101 Num.
2586 5046 2620 5100 4
2649 5044 2704 5101 in
2735 5043 2893 5115 Vulg.
2918 5043 3072 5114 juxta
3102 5042 3391 5099 Hebraeum
3421 5040 3612 5115 scribi-

2015 5127 2127 5186 tur,
2159 5136 2187 5173 a
2215 5117 2495 5174 tricesimo
2534 5132 2678 5173 anno
2708 5114 2853 5173 sumi
2873 5118 3152 5172 ministros
3184 5115 3236 5170 in
3263 5114 3615 5186 tabernaculo

2016 5185 2263 5258 fmderis,
2305 5206 2334 5245 a
2367 5190 2628 5245 vicesimo
2658 5191 2848 5258 quinto
2875 5199 3158 5245 verterunt
3184 5185 3352 5254 LXX,
3382 5186 3527 5257 quod
3557 5194 3614 5243 et

2022 5263 2259 5319 Victorio
2296 5270 2540 5317 notatum
2576 5273 2631 5317 et
2658 5263 2969 5318 Martianaeo
2998 5268 3098 5318 est.

2087 5334 2115 5373 ἀ
2162 5335 2362 5391 lnverti
2396 5334 2600 5390 mavult
2624 5334 2902 5391 Victorius
2929 5334 3094 5390 verba
3126 5332 3231 5388 hoc
3278 5330 3464 5398 modo,
3518 5346 3614 5400 pro

2019 5407 2233 5479 delicto,
2266 5409 2368 5462 sive
2401 5407 2721 5479 ignorantia,
2756 5416 2803 5461 et
2839 5423 2934 5479 pro
2975 5415 3215 5479 peccato,
3246 5401 3543 5479 quomodo_
3557 5408 3617 5457 et

2019 5426 2233 5479 aeucro,
2266 5426 2368 5462 sive
2401 5426 2721 5479 ignorantia,
2756 5426 2803 5461 ει
2874 5426 2934 5461 ro
2975 5426 3215 5478 peccato,
3246 5426 3520 5473 qumuuuu
3557 5426 3615 5457 et.

2018 5496 2185 5550 supra
2230 5479 2486 5535 scribitur
2526 5492 2541 5533 :
2576 5477 2644 5533 Et
2672 5426 3133 5541 consitlbrandum,
3162 5474 3311 5550 quod
3335 5476 3478 5529 locus
3503 5473 3615 5529 Sa-

2020 5548 2305 5619 cerdotum,
2352 5551 2440 5605 ubi
2485 5568 2579 5623 pro
2627 5550 2837 5619 delicto,
2887 5552 2995 5603 sive
3048 5548 3367 5623 ignorantia,
3425 5556 3617 5623 et‘pro

2058 5634 2228 5679 eccato
2269 5618 2559 5691 coquuntur
2596 5618 2880 5692 sacriﬁcia,
2917 5629 3024 5677 etc.
3070 5618 3341 5692 Praeterea
3387 5618 3618 5692 verbum

2058 5642 2228 5679 eccato
2269 5642 2559 5691 coquumur
2596 5642 2880 5692 sacrtpcta,
2917 5642 3024 5677 etc.
3070 5642 3341 5677 rrwterea
3388 5642 3618 5674 vernum

2020 5642 2191 5752 flebr.
2216 5705 2375 5760 cura,
2391 5694 2536 5765 quod
2555 5695 2745 5764 utique
2766 5693 3023 5749 delictum
3046 5690 3338 5765 signiﬁcat,
3363 5690 3621 5762 usurpari

2026 5776 2212 5826 tamen
2257 5782 2356 5839 pro
2409 5766 2611 5839 delicto
2652 5780 2746 5835 per
2790 5764 3153 5839 ignorantiam
3200 5764 3513 5836 commisso,
3560 5770 3620 5820 et

2027 5837 2389 5913 ignorantiam
2418 5837 2688 5895 interdum
2713 5837 2998 5910 appellari.
3326 5860 3335 5911 ε
