4054 6324
499 269 607 329 467

1755 271 1815 327 s.
1857 252 2129 329 essum
2164 247 2540 328 institutum

3667 270 3762 333 ‘68

503 402 712 440 mensus
742 394 818 440 est
859 382 998 440 mitte
1029 384 1327 455 torrentem,
1360 400 1509 456 quem
1537 400 1638 441 non
1666 387 1811 459 potiti
1838 396 2101 458 pertrans-
2128 384 2179 456 Α
2207 374 3118 456 meus.Medereliqueruntfontem
3134 400 3283 456 aqua:
3303 388 3522 454 visane!
3536 384 3764 448 foderunt

502 480 578 532 ire
601 521 614 543 ,
656 476 900 548 quoniam
945 476 1302 532 intumuerunt
1346 493 1495 550 aqum
1530 480 1805 552 profunda:
1837 474 1947 553 [ΑΙ.
1980 490 2104 551 pro-

505 572 680 644 fundi]
710 570 974 637 torrentis,
1008 570 1096 638 qui
1127 588 1228 626 non
1257 578 1457 643 poterat
1490 570 1669 647 (Vulg.
1704 572 1897 648 potest]
1926 574 2100 628 trans-

503 664 703 719 vadari.
743 665 846 721 Pro
890 668 1000 737 quo
1032 658 1174 721 LXX
1209 667 1607 723 transtulerunt
1638 686 1653 722 :
1696 668 1764 723 Et
1796 678 2000 723 mensus
2030 676 2104 722 est

500 755 665 823 mille,
713 766 763 811 et
799 762 901 812 non
935 754 1135 828 poterat
1176 758 1490 830 pertransire
1521 778 1540 816 :
1568 763 1814 833 quoniam
1846 761 2105 831 ferebatur

501 866 636 921 aqua
675 851 844 905 instar
871 850 1161 922 pracipitis
1203 855 1465 921 torrentis,
1500 855 1592 925 qui
1620 855 1831 908 transiri
1858 870 1961 908 non
2008 870 2099 923 po-

502 950 618 1000 test.
653 940 821 1018 Aqum
853 947 970 1001 isne
995 952 1115 1018 qtire
1139 948 1561 1019 egrediebantur
1590 948 1778 1004 subter
1805 947 1971 1003 limen
2003 946 2100 1001 do-

452 1110 461 1115 -
506 1048 645 1106 mus,
703 1036 754 1095 id
784 1048 868 1096 εει
900 1036 1110 1111 templi,
1144 1048 1251 1097 non
1306 1040 1624 1099 ferebantur
1666 1042 1732 1097 ad
1773 1042 2100 1110 Aquilonem

503 1143 559 1190 et
605 1134 670 1190 ad
716 1130 880 1209 586
906 1135 1290 1192 Occidentem:
1337 1136 1437 1193 sed
1459 1144 1514 1194 e‘t
1543 1138 1608 1193 ad
1633 1138 1933 1204 Orientem,
1963 1144 2017 1193 et
2049 1139 2100 1193 in

502 1230 673 1284 latere
707 1228 894 1298 templi
925 1227 1139 1299 dextro,
1184 1230 1235 1285 id
1264 1241 1365 1294 cSt,
1393 1232 1459 1285 ad
1491 1226 1794 1300 Meridiem,
1822 1231 2103 1303 ipsamque

503 1322 784 1378 Meridiem
828 1334 935 1377 nou
979 1323 1275 1394 cujuslibet
1315 1323 1441 1391 loci,
1486 1320 1583 1379 sed
1614 1325 1823 1380 altaris.
1880 1324 1961 1380 Ex
1994 1340 2104 1397 quo

504 1417 852 1487 persgicuum
916 1415 992 1484 fit,
1043 1428 1234 1472 sacras
1283 1432 1407 1475 esse
1453 1424 1643 1487 aquas,
1701 1418 1756 1474 et
1803 1418 2103 1475 Salvatoris

504 1512 673 1566 nostri
704 1511 1011 1582 Signiﬁcare
1034 1511 1367 1581 doctrinam,
1395 1515 1545 1583 juxta
1578 1513 1709 1569 illud
1738 1512 1885 1585 quod
1926 1515 2103 1585 scrip-

503 1614 614 1661 tum
643 1616 760 1661 est:
795 1607 868 1661 De
910 1605 1038 1663 Sitm
1064 1606 1378 1679 egredietur
1414 1610 1523 1674 lex,
1550 1612 1604 1663 et
1633 1610 1855 1664 verbum
1890 1602 2103 1665 Domini

502 1698 571 1753 de
598 1697 899 1755 Jerusalem
928 1694 1083 1771 (Isni.
1121 1706 1179 1769 ii,
1215 1696 1293 1770 ὅ).
1327 1701 1394 1756 Et
1425 1700 1479 1757 in
1513 1700 1627 1757 alio
1661 1702 1781 1757 loco
1810 1720 1823 1757 :
1874 1702 2101 1773 Repleta

2206 479 2310 536 sibi
2370 481 2560 544 lacus,
2630 480 2721 549 qui
2780 496 2972 549 aquam
3035 482 3318 536 continere
3386 492 3487 537 ιιοιι
3559 496 3763 553 possunt

2208 568 2339 645 (Jer.
2369 586 2428 639 tt,
2459 573 2570 644 15).
2617 572 2769 630 Sicut
2795 574 2958 645 igitur
2989 574 3221 644 legimus
3262 576 3314 630 in
3359 576 3547 633 bonam
3577 586 3767 647 partem

2206 676 2375 735 aquas
2426 676 2550 737 quae
2598 666 2957 737 egrediuntur
3000 668 3067 723 de
3110 667 3297 723 limine
3329 669 3531 739 templi,
3559 678 3609 726 et
3638 668 3765 727 refe-

2207 766 2401 814 runtur
2429 758 2495 812 ad
2529 757 2828 815 doctrinam
2876 758 3139 815 Ecclesiae
3167 778 3182 816 :
3210 759 3287 816 sic
3318 770 3440 815 sunt
3467 773 3613 832 aqua
3637 772 3772 817 ama-

2205 867 2304 921 rte,
2362 862 2415 908 et
2466 868 2619 923 aquae
2661 855 2914 925 pessima:
2953 855 3019 909 ad
3062 868 3198 926 quas
3232 854 3489 911 Jeremias
3533 857 3772 925 propheta

2207 960 2306 1002 nos
2335 947 2588 1018 prohibet
2613 947 2898 1019 accedere,
2924 944 3113 1005 dicens
3141 946 3308 1020 (Ibid.
3343 949 3450 1020 i8):
3474 948 3608 1018 Quid
3635 949 3775 1005 vobis

2205 1049 2260 1094 et
2290 1038 2393 1095 via:
2431 1038 2675 1112 Egypti,
2706 1052 2762 1095 ut
2797 1040 2998 1096 bibatis
3043 1040 3112 1097 de
3143 1040 3300 1112 aquis
3329 1040 3511 1097 Geoni
3539 1055 3652 1113 quas
3673 1039 3773 1096 ile-

2207 1134 2390 1190 braice
2431 1134 2691 1190 dicuntur
2720 1148 2837 1191 Stoa
2886 1134 3111 1207 (Ἵππη),
3145 1134 3199 1190 id
3232 1134 3341 1201 est,
3381 1130 3603 1191 turbidae
3632 1144 3781 1207 atque

2205 1245 2462 1288 cteuosze.
2499 1228 2576 1285 De
2609 1229 2811 1299 quibus
2853 1230 3025 1285 iratus
3051 1243 3214 1300 super
3246 1228 3518 1284 haereticis
3557 1229 3780 1298 loquitur

2207 1324 2352 1379 Deus
2393 1340 2408 1380 :
2440 1323 2575 1379 Ecce
2621 1337 2721 1394 ego
2751 1321 2947 1379 eibabo
2975 1336 3073 1378 eos
3102 1321 3391 1393 angustiis,
3443 1328 3499 1378 et
3526 1316 3659 1378 dabo
3700 1322 3773 1378 eis

2209 1418 2393 1488 potum
2438 1426 2630 1485 aquam
2679 1410 2825 1471 fellis
2865 1409 3081 1487 (lerem.
3132 1429 3207 1480 ix,
3244 1410 3335 1483 t5)
3375 1430 3390 1473 :
3423 1414 3477 1469 in
3503 1428 3601 1485 qua
3628 1412 3785 1469 draco

2208 1522 2397 1581 regnat
2441 1502 2750 1581 Egyptius,
2797 1511 2885 1580 qui
2918 1509 3052 1564 dicit
3085 1519 3099 1563 :
3131 1508 3246 1565 Mea
3292 1518 3421 1564 sunt
3466 1502 3699 1578 ﬂumina,
3736 1512 3787 1565 et

2206 1623 2307 1679 ego
2353 1596 2457 1663 feci
2495 1621 2589 1673 ea;
2622 1607 2713 1678 qui
2760 1618 2922 1662 omne
2964 1605 3242 1661 excelsum
3269 1605 3446 1671 videt,
3479 1614 3531 1660 et
3562 1606 3668 1675 ipse
3709 1610 3786 1661 cst

2208 1716 2301 1756 rex
2332 1712 2523 1756 eorum
2570 1701 2663 1771 qui
2692 1699 2744 1754 in
2779 1699 2938 1770 aquis
2986 1707 3130 1753 sunt.
3166 1696 3327 1754 Unde
3373 1697 3458 1752 vir
3503 1696 3785 1751 Ecclesias-

502 1801 629 1846 sunt
670 1791 853 1847 omnia
887 1792 1115 1850 scientia
1152 1794 1387 1860 Domini,
1431 1796 1570 1851 sicut
1602 1806 1741 1867 aqua
1774 1796 1938 1852 multa
1970 1813 2103 1868 ope-
2139 1778 2181 1851 Η
2214 1798 2350 1851 ticus
2378 1796 2667 1851 Dominum
2700 1794 3119 1866 deprecatur,et
3150 1790 3313 1848 dicit:
3339 1786 3560 1849 Salvum
3586 1806 3668 1847 me
3690 1789 3783 1860 fac,

501 1884 646 1938 ric‘ns
676 1882 826 1940 mare
856 1882 1009 1956 (Isai.
1060 1902 1133 1952 χι,
1179 1885 1260 1957 9).
1305 1886 1379 1942 De
1422 1886 1506 1942 his
1533 1889 1687 1957 aquis
1729 1897 1780 1943 et
1814 1888 2104 1946 Zachaiias

500 1974 775 2046 Propheta
806 1978 1133 2033 vaticinatus
1180 1988 1284 2046 est,
1317 1978 1506 2035 dicens
1539 1997 1551 2034 :
1603 1981 1657 2036 ln
1704 1981 1794 2037 die
1822 1982 1915 2037 illo
1945 1998 2102 2055 egre-

499 2071 679 2128 dietur
720 2088 861 2143 aqua
894 2075 1085 2131 vivens
1124 2073 1194 2131 de
1232 2074 1550 2140 Jerusalem,
1590 2082 1645 2132 et
1690 2074 1929 2133 medium
1984 2082 2102 2149 ejus

500 2169 550 2220 in
586 2182 735 2223 mare
770 2168 1003 2238 primum
1032 2188 1043 2223 :
1078 2168 1315 2225 medium
1345 2179 1530 2225 autem
1574 2168 1719 2227 illius
1743 2172 1796 2227 in
1828 2187 1976 2229 mare
1998 2190 2094 2228 no-

500 2265 781 2319 vissimum
810 2265 994 2336 (lac/t.
1026 2270 1135 2333 xiv,
1169 2260 1247 2335 8).
1280 2266 1358 2323 De
1389 2266 1472 2322 his
1501 2270 1655 2338 aquis
1686 2276 1741 2324 et
1763 2267 1830 2323 ad
1856 2267 2093 2326 Samari-

493 2364 679 2409 tanam
709 2352 972 2412 Dominus
1013 2356 1375 2428 loquebatur:
1416 2357 1475 2415 Si
1524 2359 1698 2415 scires
1729 2362 1851 2431 quis
1900 2371 1981 2418 est
2009 2364 2099 2433 qui

497 2447 631 2504 dicit
666 2449 784 2515 tibi,
824 2451 895 2504 Da
922 2450 1053 2506 mihi
1088 2452 1297 2520 bibere,
1332 2454 1388 2507 tu
1418 2451 1645 2509 forsitan
1678 2456 1914 2525 petisses
1946 2472 2092 2526 eum,

497 2551 551 2595 et
584 2538 828 2599 dedisset
879 2542 972 2600 tibi
1004 2556 1198 2615 aquam
1229 2547 1500 2603 visentem
1530 2544 1708 2619 (toan.
1752 2564 1825 2616 tv,
1871 2549 1981 2621 10).
2034 2550 2100 2607 iit

498 2642 691 2692 iterum
720 2653 733 2694 :
777 2634 966 2691 Omnis
995 2638 1085 2707 qui
1118 2636 1341 2695 bibitde
1372 2654 1509 2709 aqua
1534 2642 1656 2709 ista,
1700 2641 1849 2697 sitiet
1878 2638 2094 2700 denuo:

496 2732 589 2801 qui
616 2740 798 2785 autem
845 2730 1044 2787 biberit
1070 2744 1133 2786 ex
1162 2746 1301 2803 aqua
1343 2748 1505 2804 quam
1546 2742 1649 2804 ego
1688 2732 1829 2788 dabo
1869 2734 1940 2800 ei,
1990 2750 2096 2790 non

498 2823 645 2878 sitiet
672 2823 725 2877 iu
751 2830 1017 2878 :cte'rnnm
1047 2818 1236 2895 (Ibid,
1275 2824 1389 2896 l3).
1430 2824 1491 2880 Et
1522 2825 1573 2880 in
1600 2824 1803 2896 templo
1824 2826 2099 2883 clamabat

498 2928 657 2989 atque
688 2918 943 2974 dicebat:
984 2917 1039 2975 Si
1073 2919 1193 2989 q'nis
1225 2917 1360 2983 sitit,
1391 2917 1576 2974 veniat
1608 2919 1673 2973 ad
1707 2932 1813 2986 me,
1846 2929 1901 2975 et
1927 2920 2093 2976 bibat.

496 3010 598 3078 Qui
626 3010 799 3067 credit
834 3013 886 3066 iu
935 3027 1022 3067 mc
1055 3012 1220 3084 (sicut
1254 3011 1386 3067 dicit
1434 3010 1738 3083 Scriptura)
1774 3012 1995 3069 ﬂumina
2027 3010 2096 3070 de

2214 1884 2465 1955 Domine,
2499 1888 2757 1960 quoniam
2802 1888 3143 1943 intraverunt
3174 1900 3331 1958 aqua:
3365 1900 3537 1956 usque
3574 1885 3636 1939 ad
3677 1883 3787 1939 ani-

2210 2001 2351 2039 mam
2387 1999 2585 2039 meam.
2620 1982 2819 2038 lniixus
2864 1996 2983 2037 sum
3039 1981 3090 2035 iu
3127 1976 3260 2036 limo
3289 1977 3568 2050 profundi,
3598 1984 3651 2034 et
3692 1991 3789 2033 non

2207 2088 2294 2135 est
2342 2078 2669 2146 Substantia,
2729 2084 2750 2115 ο
2809 2088 2862 2133 et
2900 2084 3200 2146 tempestas
3246 2074 3507 2130 demersit
3553 2088 3636 2128 me
3680 2069 3790 2143 (Ps.

2207 2176 2401 2239 vani,
2434 2170 2487 2237 l,
2517 2168 2594 2241 2).
2631 2170 2694 2223 Et
2723 2171 2959 2229 iterum;
2993 2166 3189 2224 Libera
3225 2182 3314 2222 me
3343 2167 3410 2220 ab
3438 2166 3520 2220 his
3551 2165 3639 2236 qui
3668 2163 3791 2218 ode-

2207 2274 2334 2321 runt
2363 2281 2471 2334 me,
2506 2270 2559 2322 et
2591 2264 2655 2321 dc
2687 2264 2971 2335 profundis
2998 2278 3262 2333 aquarum
3301 2279 3318 2321 :
3352 2276 3458 2316 non
3490 2276 3575 2315 me
3617 2258 3794 2330 pracci-

2206 2359 2336 2429 pitet
2363 2366 2660 2430 tempestas
2688 2374 2872 2429 aqum,
2900 2371 3003 2413 nec
3023 2357 3426 2412 absorbeatme
3459 2349 3789 2424 profundum,

2206 2472 2381 2527 neque
2414 2463 2603 2526 urgeat
2620 2468 2784 2523 super
2805 2468 2889 2507 me
2910 2462 3108 2521 puteus
3127 2464 3189 2506 os
3206 2465 3366 2505 suum
3392 2447 3559 2521 (Ibid.
3582 2460 3666 2511 xv,
3688 2443 3791 2516 l6).

2207 2546 2273 2607 Et
2304 2553 2356 2606 in
2384 2551 2493 2605 alio
2525 2550 2778 2620 psalmo:
2811 2547 2923 2602 Nisi
2954 2545 3080 2616 quia
3110 2544 3379 2599 Dominus
3408 2551 3528 2600 erat
3550 2541 3602 2596 in
3626 2536 3789 2607 nobis,

2202 2644 2348 2699 dicat
2380 2656 2525 2697 mine
2567 2640 2763 2697 Israel:
2799 2640 2901 2695 nisi
2931 2640 3058 2710 quia
3092 2637 3359 2693 Dominus
3388 2643 3506 2692 erat
3535 2633 3588 2689 in
3621 2629 3788 2686 nobis.

2200 2734 2335 2792 Cum
2358 2742 2716 2806 exsurgerent
2746 2733 2995 2788 homines
3027 2733 3080 2786 in
3111 2744 3229 2799 nos,
3262 2728 3501 2785 forsitan
3533 2728 3681 2782 vivos
3700 2722 3790 2779 de-

2198 2830 2489 2901 glutissent
2521 2842 2641 2884 nos.
2687 2826 2819 2883 Cum
2863 2827 3198 2882 irasceretur
3236 2820 3393 2879 furor
3419 2834 3608 2879 eorum
3640 2830 3793 2889 super

2201 2939 2321 2988 nos,
2344 2924 2563 2977 l‘orsitau
2587 2936 2726 2991 aqua
2745 2920 3124 2975 absorbuisset
3146 2916 3433 2990 nos(Psal.
3454 2929 3643 2982 cum,
3660 2912 3789 2982 l-3).

2201 3019 2269 3075 Et
2294 3018 2511 3089 Sponsa
2546 3018 2596 3071 in
2626 3014 2856 3070 Cantico
2889 3014 3224 3067 canticorum
3263 3026 3278 3065 :
3314 3012 3471 3081 Aqua
3496 3006 3660 3063 multa
3689 3019 3791 3061 non

494 3112 681 3159 ventre
712 3104 830 3175 ejus
865 3104 1031 3160 liuent
1063 3118 1218 3175 aqua:
1260 3104 1404 3159 viva:
1438 3117 1452 3159 :
1505 3105 1605 3160 hoc
1645 3112 1823 3161 autem
1859 3106 1996 3161 dixit
2026 3104 2097 3162 de
2137 3180 2164 3184 Α
2202 3114 2403 3184 poterit
2433 3111 2772 3181 restinguere
2796 3108 3142 3172 charitatem,
3176 3116 3232 3161 et
3274 3104 3505 3159 [lumina
3555 3116 3662 3157 non
3704 3098 3792 3154 de-

492 3198 687 3269 sp‘iritu
743 3208 904 3270 quem
964 3199 1240 3269 accepturi
1293 3206 1447 3255 erant
1501 3200 1787 3257 credentes
1839 3203 1890 3256 in
1968 3208 2093 3257 eum
2123 3180 2169 3244 Ο
2203 3180 2451 3277 inergettt
2480 3180 2803 3274 eam(Cnnt.
2850 3212 2963 3279 viii,
2998 3197 3074 3270 7).
3123 3195 3226 3251 Ista
3259 3196 3349 3252 est
3378 3208 3545 3266 aqua,
3597 3192 3666 3249 de
3695 3204 3792 3261 qua

494 3293 679 3366 (Joan.
709 3308 801 3359 vn,
836 3294 925 3359 57,
960 3293 1077 3365 38).
1124 3294 1247 3348 Istae
1291 3296 1419 3348 situt
1442 3304 1595 3364 aquae
1640 3294 1709 3350 de
1735 3295 1931 3365 quibus
1964 3302 2092 3366 pro-

495 3387 659 3458 pheta
684 3387 1009 3457 loquebatur
1026 3387 1075 3440 in
1102 3387 1310 3455 psalmo
1338 3403 1352 3440 :
1385 3384 1561 3456 Super
1586 3400 1753 3456 aquas
1778 3388 2092 3445 refectionis

494 3480 754 3536 educavit
782 3494 869 3535 me
912 3477 1031 3550 (Ps.
1080 3492 1213 3547 nu,
1254 3479 1335 3550 Ξ).
1392 3479 1458 3534 Et
1487 3478 1764 3536 Ezechiel:
1800 3480 2090 3538 Assumam

492 3586 589 3628 vos
622 3573 689 3627 de
728 3573 983 3642 gentibus
1014 3582 1037 3607 α
1068 3578 1124 3627 et
1163 3572 1232 3629 de
1278 3573 1459 3637 terris,-
1512 3581 1565 3627 et
1606 3586 1897 3644 aspergam
1926 3582 2093 3645 super

492 3680 590 3722 vos
622 3678 815 3736 aquam
850 3665 1127 3728 mundam,
1178 3670 1233 3721 et
1274 3666 1676 3722 mttntiabimini
1718 3682 1785 3723 ex
1831 3670 2093 3725 omnibus

492 3759 851 3815 immunditiis
905 3760 1105 3816 vestris
1133 3757 1350 3833 (Eucti.
1395 3762 1582 3823 xxixvi,
1614 3759 1705 3827 24,
1739 3761 1858 3831 25)ι
1908 3762 2091 3832 Appa-

488 3860 725 3907 rueruut
771 3853 914 3907 enim
959 3851 1135 3907 fontes
1177 3864 1463 3921 aquarum.
1520 3852 1584 3908 Et
1628 3855 1680 3909 in
1734 3854 2092 3925 nonagesimo

492 3943 735 3999 secundo
766 3945 980 3999 Pssimo
1009 3948 1223 4000 canitur
1253 3962 1266 3999 :
1302 3945 1672 4002 Elevaverunt
1704 3946 1949 4017 Domina,
1986 3949 2091 4005 Do-

490 4041 659 4104 mlne,
689 4039 1043 4095 elevaveruot
1088 4039 1311 4095 ﬂumina
1361 4050 1525 4098 voces
1566 4054 1690 4098 suas
1722 4040 1749 4081 δ
1804 4058 1832 4096 a
1865 4044 2089 4099 vocibus

488 4146 749 4204 aquarum
783 4133 1099 4187 multarum.
1152 4133 1428 4190 Mirabiles
1459 4136 1727 4192 elationes
1763 4137 1932 4192 maris
1966 4135 2084 4210 (Ps.

489 4240 614 4289 xcu,
642 4225 696 4290 2,
731 4224 810 4298 5).-
844 4223 967 4280 lstte
995 4231 1123 4281 sunt
1170 4234 1325 4297 aquae
1359 4227 1526 4293 Siloe,
1570 4238 1691 4299 quae
1718 4230 1925 4285 vadunt
1960 4240 2084 4286 eum

487 4319 728 4383 silentio,
759 4318 828 4373 de
859 4317 1060 4387 quibus
1092 4320 1334 4388 loquitur
1364 4319 1528 4375 lenias
1555 4338 1569 4378 :
1602 4321 1874 4378 llaurietis
1915 4332 2083 4393 aqtms

484 4409 553 4464 de
590 4410 836 4467 fontibus
867 4409 1169 4467 Salvatorls
1209 4410 1362 4483 (lsui.
1406 4422 1498 4479 xu,
1530 4413 1607 4480 ὅ).
1645 4414 1708 4469 Et
1740 4414 2029 4471 Psalmlsta
2070 4434 2085 4472 :

2198 3301 2331 3355 dicit
2352 3298 2525 3354 Osee:
2553 3296 2899 3364 Contempsit
2928 3308 3014 3348 me
3045 3284 3245 3347 Galaad
3271 3291 3491 3357 civitas,
3526 3303 3645 3359 qua:
3675 3299 3793 3355 ope-

2199 3404 2347 3450 ratur
2379 3392 2671 3454 vanitates,
2703 3387 3036 3444 COIIllll‘balIS
3055 3392 3277 3454 aquam,
3304 3392 3363 3440 et
3389 3380 3655 3439 fortitudo
3683 3379 3793 3448 ejus

2197 3489 2295 3545 viri
2329 3487 2518 3557 piratae
2544 3484 2700 3554 (Osee
2748 3497 2820 3549 Vl,
2874 3476 2929 3549 7,
2960 3482 3037 3551 8).
3085 3478 3219 3547 Qua:
3246 3492 3389 3549 aqua
3441 3478 3555 3532 alio
3586 3474 3796 3530 nomine

2196 3590 2422 3640 vocntur
2466 3594 2631 3644 ιιΑιιΑ,
2683 3579 2784 3632 hoc
2814 3584 2918 3640 est,
2952 3576 3278 3639 amaritudo;
3312 3573 3368 3628 in
3399 3585 3565 3644 quam
3598 3568 3795 3640 lignum

2194 3676 2380 3733 Ct'ucis
2410 3676 2661 3735 mittitur,
2694 3680 2749 3727 et
2774 3685 2956 3725 amara
3004 3673 3292 3724 vertuntur
3326 3668 3385 3722 lu
3418 3665 3623 3722 dulcia.
3658 3663 3795 3717 Con-

2194 3771 2375 3827 sidera
2398 3770 2573 3839 legem
2603 3764 2795 3836 Moysi,
2818 3762 2867 3817 si
2893 3758 3410 3832 intelligaturjoxta
3439 3773 3663 3816 sensum
3686 3762 3799 3811 car-

2194 3879 2352 3920 neuin
2381 3860 2713 3923 Judmorum,
2742 3854 3019 3927 quomodo
3045 3868 3228 3910 amara
3251 3853 3351 3920 sit,
3379 3853 3653 3910 eﬂodiens
3678 3862 3800 3905 ocu-

2192 3958 2303 4013 lum
2334 3971 2432 4026 pro
2459 3954 2641 4017 oculo,
2666 3952 2884 4007 dentem
2911 3964 3007 4020 pro
3037 3949 3201 4004 dente
3232 3946 3442 4017 (Exod.
3472 3944 3609 4019 xxi):
3642 3941 3798 3998 “vide

2191 4057 2243 4111 iu
2269 4052 2505 4109 Thamar
2530 4047 2947 4105 fornicationem
2978 4042 3045 4118 (ll
3081 4042 3213 4116 Reg.
3246 4044 3396 4116 xiii),
3430 4046 3487 4098 et
3510 4040 3655 4099 Osee
3679 4040 3801 4111 junc

2191 4154 2337 4203 ctum
2388 4142 2714 4205 for-uicatim,
2763 4138 3018 4194 Jeremiaa
3070 4136 3343 4211 περίζωμα
3388 4134 3555 4205 (Osee
3619 4146 3657 4199 ι,
3711 4128 3797 4183 Je-

2189 4258 2317 4297 rem.
2363 4236 2501 4309 xm),
2529 4236 2697 4308 Moysi
2720 4248 2944 4288 uxorem
2977 4228 3402 4301 Ethiopissam,
3456 4243 3511 4285 et
3546 4225 3799 4282 interfec-

2190 4338 2391 4393 tionem
2422 4332 2689 4403 Egyptii,
2721 4340 2775 4385 et
2807 4328 2957 4384 mille
3000 4328 3127 4394 alia,
3164 4342 3285 4398 quae
3325 4327 3372 4381 si
3424 4323 3797 4395 intelligamus

2182 4433 2337 4504 juxta
2365 4428 2708 4484 occidentem
2733 4425 2990 4491 litteram,
3021 4434 3074 4479 et
3103 4439 3207 4479 non
3234 4423 3393 4493 juxta
3430 4424 3694 4494 spiritum
3726 4418 3801 4473 vi-

484 4502 796 4559 Ben'edlcite
819 4506 1053 4561 Domino
1073 4505 1141 4561 de
1175 4507 1414 4561 fontibus
1445 4507 1612 4562 Israel
1646 4507 1764 4581 (Ps.
1789 4510 1985 4582 vau).
2018 4511 2084 4567 Et
2110 4587 2145 4591 _
2186 4502 2523 4590 ﬁncamem,
2555 4534 2737 4577 amara
2784 4531 2931 4591 sunt,
2961 4530 3013 4575 et
3047 4520 3306 4575 lectorem
3339 4535 3512 4575 suum
3550 4533 3658 4574 non
3692 4525 3796 4571 tam

483 4599 626 4654 ltlem
657 4599 823 4656 Isaias
850 4601 919 4657 de
949 4601 1180 4657 Domino
1206 4601 1494 4659 Salvatorc
1526 4618 1540 4658 :
1572 4602 1695 4671 Iste,
1728 4604 1824 4670 ait,
1865 4605 2081 4662 habits-
2110 4587 2161 4649 Π
2187 4618 2460 4675 {mancam
2512 4587 2675 4686 quam
2726 4587 3015 4669 destruunt
3054 4610 3248 4685 (Num.
3306 4627 3410 4679 xu,
3479 4611 3659 4667 Exod.
3718 4612 3798 4675 It)-

479 4693 559 4749 bit
592 4693 644 4747 iu
677 4692 894 4749 escelsa
932 4695 1194 4765 spelunca
1237 4702 1406 4765 petrae
1454 4695 1785 4753 fortissima.
1817 4697 1979 4755 Panis
2024 4701 2075 4756 ei

479 4788 719 4854 dabitur,
754 4796 808 4843 et
840 4796 975 4858 aqua
1011 4789 1155 4843 illius
1182 4786 1356 4845 fidelis
1386 4789 1540 4860 (isai.
1571 4804 1764 4858 xum,
1797 4793 1910 4864 l6).
1940 4794 2075 4850 Eru-

478 4881 557 4949 pit
580 4881 723 4935 enim
752 4882 804 4935 lu
838 4880 1058 4938 deserto
1088 4894 1247 4953 aqua,
1280 4893 1333 4939 et
1380 4885 1537 4941 vallis
1575 4887 1627 4941 in
1673 4886 1812 4943 terra
1844 4888 2073 4945 sitienti.

480 4974 797 5044 Diciturque
820 4974 1217 5033 credentibus:
1266 4978 1381 5032 Noli
1412 4979 1627 5043 timere,
1676 4982 1934 5048 quoniam
1981 4997 2072 5039 re-

475 5066 620 5122 demi
672 5076 760 5132 te;
795 5076 951 5121 meus
976 5076 1038 5123 cs
1085 5077 1165 5137 tu,
1211 5078 1268 5123 et
1314 5071 1359 5126 si
1408 5073 1693 5129 transieris
1727 5090 1820 5145 per
1850 5092 2068 5148 aquam,

474 5168 649 5215 tecum
682 5172 783 5231 ego
810 5168 929 5215 sum
963 5157 1119 5232 (1εαὶ.
1153 5172 1309 5229 xuii,
1345 5162 1395 5233 l,
1428 5163 1509 5235 9.).
1541 5163 1607 5221 Ει
1653 5174 1870 5223 rursum
1906 5187 1919 5224 :
1969 5170 2071 5241 Qui

472 5254 659 5319 sititis,
689 5255 761 5309 ite
784 5253 849 5309 ad
883 5269 1077 5325 aquam
1111 5253 1270 5326 (Isai.
1300 5272 1387 5324 LV,
1426 5258 1514 5329 1):
1554 5258 1616 5316 Et
1646 5277 1743 5333 per
1777 5263 2069 5321 Jeremiam

468 5342 705 5415 loquitur
719 5344 1005 5418 Deus(lsui
1029 5346 1201 5419 nd):
1220 5348 1336 5405 Duo
1350 5352 1493 5406 mala
1506 5351 1667 5427 587
1681 5354 1810 5413 fecit
1836 5360 2071 5430 populus

541 5585 565 5612 ἰ
595 5574 920 5663 Integrando
955 5581 1226 5663 Victorius
1248 5589 1563 5663 testimonio
1594 5592 1832 5663 supplet,
1863 5604 1911 5650 et
1937 5611 2061 5651 eon-

466 5648 686 5720 gregabo
706 5665 801 5730 (vos
827 5652 890 5706 de
915 5656 1167 5712 universis
1194 5661 1367 5730 terris,
1396 5670 1446 5716 et
1475 5648 1731 5717 adducam
1762 5648 1846 5720 eos
1874 5648 2059 5723 uti}-

464 5734 579 5801 ram
596 5729 848 5801 lintrem,
874 5732 1237 5801 etuspergam,
1268 5742 1373 5788 etc.

535 5789 562 5828 δ
596 5788 797 5878 Eadem
830 5788 1043 5878 ration‘e
1072 5788 1289 5870 supplet
1321 5804 1406 5860 hic
1451 5820 1669 5878 quoque
1698 5807 1908 5870 Victor.
1952 5813 2058 5869 ete-

460 5872 707 5917 vavcrunt
735 5862 956 5930 fiumina
983 5862 1337 5933 ﬂuctus-suos.

2189 4702 2353 4786 588
2384 4710 2504 4764 Isim
2535 4707 2698 4779 igitur
2725 4722 2878 4777 aqua:
2919 4720 3039 4776 quae
3078 4704 3443 4775 egrediuntur
3484 4704 3556 4761 de
3600 4699 3800 4771 templo

2189 4802 2425 4873 Domini,
2461 4811 2513 4858 et
2545 4811 2772 4872 pergunt
2808 4800 2874 4856 ad
2912 4798 3214 4863 Orientem,
3256 4808 3311 4854 et
3347 4798 3713 4856 descendunt
3749 4796 3799 4851 in

2184 4900 2324 4955 latus
2370 4896 2582 4967 Templi
2633 4896 2923 4959 dextrum,
2969 4893 3037 4949 ad
3084 4892 3276 4947 altaris
3327 4892 3673 4959 Meridiem,
3711 4889 3802 4946 ubi

2184 5006 2419 5061 sponsus
2448 4989 2707 5045 convivas
2738 5002 2867 5041 suos
2895 4989 3088 5057 pascit,
3135 4994 3187 5041 et
3216 4985 3479 5041 accubat.
3516 4987 3678 5054 Quod
3708 5001 3803 5040 au-

2178 5093 2285 5138 tem
2309 5082 2557 5155 sequitur
2579 5097 2593 5139 ι
2618 5079 2688 5135 Et
2707 5081 2884 5135 eduxit
2918 5094 3000 5134 me
3022 5095 3113 5153 per
3134 5081 3270 5134 viam
3297 5090 3475 5151 portio
3488 5080 3768 5153 Aquilonis
3784 5124 3799 5148 ,

2182 5180 2229 5232 et
2260 5177 2507 5232 convertit
2546 5175 2613 5229 ad
2657 5178 2790 5229 viam
2833 5178 2974 5247 foras
3012 5184 3219 5247 portam
3263 5176 3617 5245 exteriorem,
3668 5175 3800 5230 viam

2180 5287 2294 5341 qua:
2320 5269 2626 5341 respiciebat
2652 5270 2719 5323 ad
2763 5268 3047 5334 Orientem,
3078 5266 3211 5324 illud
3248 5268 3501 5326 latenter
3530 5268 3798 5339 ostendit,

2178 5363 2320 5433 quod
2365 5363 2546 5419 statim
2590 5364 2656 5418 ad
2696 5371 2907 5434 portam
2946 5362 3281 5419 Orientalem
3323 5368 3640 5434 pervenire
3691 5380 3801 5422 non

2241 5611 2263 5640 ο
2296 5599 2495 5687 Iterum
2523 5612 2577 5660 et
2608 5604 2770 5661 tertio
2804 5605 3005 5663 Victor.
3032 5608 3274 5680 supplet,
3299 5611 3421 5665 veni
3454 5610 3511 5667 in
3546 5612 3799 5669 altitudi-

2164 5688 2276 5727 nem
2302 5691 2457 5729 maris
2469 5717 2481 5731 .

2232 5742 2259 5782 ἀ
2292 5746 2417 5820 Pro,
2447 5748 2580 5818 ride,
2607 5747 2737 5805 olim
2766 5758 2884 5805 erat
2910 5748 3133 5820 Judam,
3165 5768 3263 5820 pro
3286 5767 3399 5820 quo
3436 5756 3643 5813 maluit
3674 5758 3801 5814 Vic-
3848 5760 3865 5765 “

2161 5824 2273 5894 tor.
2299 5815 2474 5887 ludite,
2510 5815 2575 5894 ut:
2596 5820 2878 5891 pendeata
2907 5815 3551 5894 superioribuslocutio,
3570 5843 3601 5884 a
3622 5830 3798 5886 verbo

2161 5887 2365 5945 scilicet
2396 5887 2688 5963 considera,
2711 5900 2819 5949 etc.
