4108 6338
317 292 410 349 J69

948 287 1599 348 COMMENTARIORUM
1631 287 1700 345 IN
1737 278 2178 345 EZECHIELEM
2216 284 2348 347 LIB.
2387 285 2531 344 XIV.
2570 286 2723 345 CAP.
2765 282 2975 344 XLVII.

315 424 615 481 possumus,
660 410 765 465 nisi
797 424 894 480 per
914 409 1061 463 viam
1091 417 1257 479 portae
1288 405 1572 477 AquiIOItis
1607 407 1767 478 longo
1798 406 1904 459 cir—
1932 408 1984 467 Α
2008 419 2125 475 quae
2168 421 2271 458 non
2300 404 2446 476 potui
2482 404 2837 476 pertransire:
2864 402 3037 458 multo
3069 400 3263 458 melius
3285 414 3445 474 quam
3475 400 3613 471 Sep-

312 505 450 560 cuitu
486 504 872 573 perveniamus
902 502 966 557 ad
998 518 1139 555 cant.
1173 502 1284 556 Nisi
1315 502 1458 556 enim
1497 510 1724 555 ventum
1761 498 1909 571 frigi-

308 598 589 653 dissimum
607 597 898 654 vicerimus
926 596 1108 651 calore
1137 594 1283 662 fidei,
1316 605 1369 651 et
1400 593 1793 649 calcaverimus
1823 607 1909 648 re-

308 690 489 760 giOllei
510 690 627 760 ejus
655 707 670 747 :
698 702 751 743 ut
783 690 1074 760 imple-tur
1092 680 1227 744 illud
1251 692 1302 742 in
1320 687 1477 743 nobis
1501 686 1903 760 Aposmlicum;

311 785 446 840 Deus
492 796 674 840 autem
708 770 953 840 conteret
1001 796 1249 839 satanam
1281 783 1385 839 sub
1434 782 1662 853 pedibus
1709 783 1907 839 vestris

307 879 564 933 velociter
590 880 771 952 (Rom.
798 894 908 945 xvr,
933 876 1050 949 20),
1080 888 1295 949 portam
1323 893 1418 949 per
1439 892 1598 949 quam
1619 876 1906 947 egrediun-

306 981 583 1043 turaqurc,
620 982 675 1027 et
701 982 827 1027 sunt
856 987 886 1026 a
912 971 1087 1028 latere
1114 972 1326 1035 dextro,
1372 969 1581 1042 ingredi
1630 985 1734 1025 non
1762 970 1906 1026 vale-

303 1064 496 1119 bimus.
528 1066 592 1121 Et
615 1075 737 1120 uota
760 1065 902 1137 quod
936 1080 1088 1136 aqu:c
1117 1065 1232 1119 ista:
1264 1080 1383 1136 qua:
1404 1063 1782 1135 ingrediuntur
1811 1079 1907 1134 per

302 1169 512 1231 portam
540 1159 806 1226 Orientis,
834 1161 1100 1215 intantum
1130 1160 1292 1214 laevas
1318 1166 1499 1226 partes
1532 1158 1759 1227 lugittnl,
1794 1165 1902 1212 uta

303 1253 505 1309 dextris
548 1252 742 1308 altaris
791 1250 857 1307 ad
907 1250 1187 1307 Meridiem
1228 1264 1452 1321 pergere
1497 1248 1900 1305 describantur.

302 1347 393 1403 Vir
441 1357 655 1414 autem,
704 1346 895 1416 inquit,
951 1345 1042 1400 ille
1090 1343 1182 1415 qui
1229 1343 1462 1398 habebat
1506 1341 1807 1398 funiculum
1847 1341 1901 1396 in

301 1457 493 1507 manu,
541 1456 668 1497 cum
714 1455 801 1495 me
826 1439 1075 1494 duxisset
1117 1452 1216 1507 per
1247 1445 1460 1505 portam
1501 1434 1789 1506 Aquilonis
1823 1433 1903 1488 fo-

299 1536 550 1591 rinsecus
573 1533 639 1590 ad
668 1533 839 1601 viam,
871 1548 993 1602 quae
1019 1530 1353 1601 reSpieiebat
1378 1527 1679 1595 Orientem,
1717 1538 1767 1582 et
1786 1527 1902 1596 ipse

296 1644 511 1700 quoque
551 1637 698 1683 esset
746 1626 800 1681 in
842 1624 1034 1681 eodem
1089 1624 1232 1688 loco,
1279 1637 1500 1678 mensus
1530 1630 1613 1677 est
1653 1620 1899 1689 ejusdem

295 1737 447 1791 aqua:
477 1719 626 1774 mille
653 1718 903 1777 cubitos:
936 1727 986 1772 et
1022 1715 1334 1771 transduxit
1355 1729 1441 1769 me
1463 1728 1563 1785 per
1589 1727 1783 1782 aquam
1812 1726 1901 1767 us-

2011 499 2254 570 tuaginta
2278 499 2367 569 qui
2396 499 2650 554 dixerunt
2677 540 2691 563 ,
2731 508 2780 552 et
2813 516 2913 553 non
2938 507 3141 571 poterat
3169 497 3281 571 [AL
3322 511 3476 570 quem
3503 510 3609 549 non

2009 590 2547 666 potuit]pertransire.
2580 591 2849 663 Ptopltcta
2892 595 3037 649 enim
3071 602 3125 649 et
3152 592 3330 649 omnis
3376 592 3615 647 humana

2011 697 2243 757 natura,
2288 696 2411 759 post
2460 687 2674 743 lumbos
2733 697 3033 743 torrentem
3089 687 3521 759 cogitationum,
3553 694 3615 743 et

2010 782 2279 837 incentiva
2309 782 2363 837 in
2394 781 2560 837 corde
2586 781 2846 836 vitiorum
2866 823 2881 848 ,
2912 797 3020 836 non
3044 791 3220 850 potest
3244 780 3607 852 pertransire.

2011 876 2105 932 Vir
2132 885 2312 932 autem
2357 876 2448 932 ille
2477 876 2567 946 qui
2618 874 2839 931 indutus
2871 885 2992 930 erat
3038 891 3235 933 BADDII
3264 917 3278 941 ,
3311 883 3368 930 et
3407 874 3609 930 ductor

2009 970 2326 1041 prophetae,
2380 969 2589 1041 liquido
2639 970 2997 1039 pertransiit:
3032 972 3124 1040 qui
3174 979 3461 1041 peccatum
3497 983 3607 1026 non

2009 1063 2168 1131 fecit,
2208 1079 2305 1119 nec
2338 1063 2493 1120 dolus
2529 1065 2785 1119 inventus
2815 1075 2897 1118 est
2929 1063 2983 1119 in
3006 1078 3103 1119 ore
3131 1062 3423 1135 ejus(lsai.
3458 1066 3600 1135 LVI).

2007 1155 2319 1228 Causasque
2347 1155 2566 1225 reddit,
2601 1171 2698 1211 cur
2729 1156 2996 1227 propheta
3047 1156 3196 1212 mille
3225 1163 3449 1226 quartos
3489 1154 3600 1230 [ΑΙ.

2005 1248 2452 1321 quarto]cubitos
2481 1264 2588 1305 nou
2620 1250 2867 1321 potuerit
2890 1250 3229 1321 pertransire
3257 1267 3269 1303 :
3305 1252 3558 1319 quoniam
3590 1294 3606 1319 ,

2008 1342 2214 1412 inquit,
2242 1343 2616 1399 intumueraut
2659 1358 2816 1415 aqua:
2859 1342 3146 1414 profundze
3176 1343 3440 1398 torrentis
3464 1385 3479 1410 ,
3512 1343 3608 1415 qui

2006 1451 2112 1491 non
2147 1444 2327 1507 potest
2370 1435 2478 1509 [ΑΙ.
2530 1434 2767 1509 poterat]
2818 1435 3183 1492 trausvadari.
3220 1435 3290 1489 Et
3328 1435 3609 1506 quomodo

2005 1532 2269 1602 scriptum
2300 1542 2415 1598 est,
2447 1530 2717 1601 gloriante
2756 1531 3026 1603 propheta
3057 1549 3067 1584 :
3103 1528 3428 1586 Torrentem
3474 1544 3608 1601 per-

2005 1626 2252 1680 transivit
2281 1625 2465 1680 anima
2499 1633 2685 1679 nostra
2715 1624 2836 1695 (Ps.
2860 1639 3049 1690 cxxm,
3075 1622 3159 1693 5)?
3184 1621 3292 1679 Sed
3324 1622 3480 1678 facile
3494 1622 3609 1678 sol-

2003 1718 2180 1783 vitur,
2204 1719 2249 1772 si
2278 1718 2515 1773 sciamus
2544 1731 2641 1787 pro
2672 1716 2776 1772 hoc
2803 1718 3067 1787 scriptum
3100 1730 3222 1771 esse
3246 1716 3297 1770 in
3331 1714 3562 1772 Hebraeo
3589 1739 3603 1770 :

292 1832 397 1888 que
427 1815 496 1869 ad
533 1815 696 1877 talos,
729 1830 866 1883 quas
894 1811 1087 1884 Aquila
1128 1821 1184 1866 et
1208 1810 1593 1881 Symmachus,
1627 1820 1683 1864 et
1721 1808 1899 1862 Theo—
1929 1810 1975 1871 B
2004 1810 2244 1866 Torrens
2274 1811 2591 1882 pertransiit
2616 1810 2854 1865 animam
2882 1825 3085 1866 meam.
3121 1808 3194 1864 De
3226 1809 3329 1864 hoc
3360 1817 3607 1864 torrente

291 1908 438 1963 dolio
459 1907 823 1983 ἀστραγάλους
853 1905 1196 1974 interpretati
1220 1913 1369 1971 sunt,
1399 1919 1494 1972 pro
1509 1902 1706 1973 quibus
1745 1899 1889 1957 LXX

290 2002 687 2057 transtulerunt
705 2016 719 2056 :
736 2008 789 2055 et
809 1998 1053 2053 transivit
1078 1996 1185 2070 [ΑΙ.
1208 1994 1575 2067 sedtransibit]
1597 1995 1647 2049 in
1668 2009 1886 2065 aquam,

289 2110 484 2166 aquam
510 2093 883 2150 remissionis:
910 2091 1053 2162 quod
1077 2090 1381 2162 intelligere
1412 2102 1703 2160 possumus
1717 2088 1891 2158 prima

291 2188 571 2243 hominum
617 2186 927 2258 significare
978 2194 1228 2254 peccata,
1285 2198 1405 2254 qua:
1464 2180 1893 2254 ingredientibus

290 2282 449 2337 nobis
492 2294 664 2351 aquas
691 2280 908 2335 Domini
940 2279 1303 2345 dimittuntur,
1334 2286 1387 2332 et
1419 2275 1674 2346 baptismi
1709 2285 1891 2329 osten-

287 2377 424 2431 dunt
454 2376 686 2446 gratiam
719 2375 1010 2429 salutarem
1058 2383 1111 2427 et
1152 2372 1310 2427 initia
1349 2381 1474 2426 sunt
1522 2370 1888 2441 profectuum,

289 2480 471 2526 tamen
504 2472 620 2541 ipsa
647 2468 923 2524 sublimia.
952 2467 1198 2539 Denique
1230 2467 1295 2521 ad
1331 2465 1470 2521 talos
1497 2480 1667 2535 usque
1692 2464 1893 2535 pertin-

284 2576 441 2639 gunt,
467 2567 563 2636 qui
600 2566 802 2636 plantae
826 2565 1194 2635 calonueoque
1210 2562 1375 2618 vicini
1406 2569 1553 2626 sunt,
1582 2568 1607 2597 ⁸
1630 2560 1721 2631 qui
1748 2568 1895 2627 patet

287 2660 567 2715 morsibus
604 2658 836 2721 colubri.
870 2656 1088 2712 dicente
1118 2655 1347 2710 Domino
1378 2673 1389 2708 :
1424 2654 1507 2708 'l‘u
1539 2653 1658 2722 ejus
1703 2653 1896 2707 obser-

288 2752 445 2807 vabis
494 2759 698 2819 caput,
749 2757 805 2804 et
850 2749 966 2819 ipse
1010 2747 1328 2803 observabit
1377 2756 1525 2800 tuum
1572 2744 1893 2801 calcaueum

289 2844 447 2916 (Gen.
481 2859 562 2911 tu,
596 2844 680 2909 15,
713 2860 815 2897 sec.
848 2840 1039 2912 LXX).
1076 2840 1141 2896 Et
1167 2840 1219 2895 iu
1254 2840 1521 2895 Psalterio
1550 2838 1616 2894 de
1644 2837 1779 2893 Juda
1811 2837 1896 2891 di-

285 2940 429 2993 citur
474 2937 754 3008 proditore
795 2949 811 2990 :
859 2935 961 3003 Qui
994 2933 1195 2990 edebat
1225 2948 1395 3005 panes
1429 2946 1600 2997 meos,
1650 2930 1892 3002 magniﬂ-

286 3034 431 3087 cavit
460 3045 631 3101 super
676 3043 762 3084 me
801 3026 1295 3098 supplantationem
1324 3024 1441 3097 (Ps.
1478 3041 1567 3092 xc,
1618 3022 1731 3095 l0),
1779 3024 1895 3079 sive

286 3124 629 3187 calcaneum,
670 3121 774 3177 hoc
803 3123 946 3175 enim
984 3120 1233 3175 Graecum
1271 3119 1462 3194 πτέρνη
1499 3116 1651 3190 [Mss.
1681 3113 1891 3194 πτέρνα]

1995 1915 2050 1961 et
2071 1906 2236 1960 lsaias
2270 1905 2550 1977 loquitur:
2585 1905 2726 1960 Ecce
2747 1919 2851 1975 ego
2885 1903 3087 1960 iuclino
3120 1918 3285 1976 super
3315 1918 3413 1960 eos
3443 1904 3606 1960 sicuti

1997 1998 2219 2052 ﬂuvium
2246 1995 2272 2035 ι’
2300 1996 2446 2067 pacis
2472 2038 2485 2062 ,
2519 2004 2576 2051 et
2601 1996 2744 2051 sicut
2767 2004 3073 2052 torrentem
3105 1995 3460 2051 inundantem
3488 1995 3607 2064 glo-

1998 2090 2128 2145 riam
2154 2088 2309 2161 (Isai.
2337 2104 2500 2153 vat,
2536 2087 2649 2160 19.).
2686 2088 2752 2143 Et
2778 2088 2831 2143 in
2865 2087 3144 2145 tricesimo
3169 2089 3364 2160 quinto
3389 2087 3602 2156 psalmo

1996 2183 2063 2239 de
2093 2185 2296 2237 sanctis
2337 2183 2577 2238 dicitur:
2622 2182 2677 2236 ln
2714 2183 3061 2252 protectione
3115 2182 3327 2238 alarum
3382 2192 3600 2238 tuarum

1996 2278 2311 2345 sperabunt.
2334 2275 2757 2331 lnebriabuntur
2777 2276 2845 2331 ab
2863 2276 3115 2331 ubertate
3144 2275 3343 2330 domus
3371 2282 3481 2330 tua:
3502 2316 3517 2341 ,
3545 2282 3603 2331 et

1998 2388 2181 2434 torreu
2191 2388 2241 2433 te
2252 2377 2568 2433 deliciarum
2584 2385 2797 2431 tuarum
2815 2374 3196 2448 590potabis
3210 2387 3324 2439 eos;
3340 2374 3600 2444 quoniam

1998 2472 2140 2543 apud
2165 2480 2217 2527 te
2256 2481 2343 2526 est
2369 2469 2491 2526 fons
2522 2472 2648 2525 vitae
2680 2468 2852 2542 (Psal.
2882 2484 3053 2534 xxxv,
3085 2468 3138 2537 8,
3172 2466 3250 2538 9).
3288 2466 3426 2521 Etiu
3475 2482 3607 2521 cen-

2001 2566 2195 2619 tesimo
2248 2563 2754 2633 vieesimoquinto:
2790 2562 3086 2628 Converte,
3122 2559 3352 2615 Domine
3384 2603 3398 2627 ,
3430 2558 3607 2629 capti-

2000 2658 2222 2712 vitatem
2257 2666 2502 2712 nostram
2531 2696 2547 2724 ,
2597 2656 2743 2711 sicut
2803 2662 3022 2709 torrens
3063 2652 3116 2706 in
3165 2651 3370 2707 Austro
3401 2651 3420 2725 (
3451 2649 3598 2705 Psal.

1998 2768 2168 2818 cxxv,
2201 2750 2278 2823 5).
2315 2752 2381 2806 Et
2420 2766 2592 2821 super
2620 2750 2945 2807 Salvatore:
2981 2746 3060 2803 De
3084 2756 3330 2803 torrente
3361 2745 3515 2802 bibet
3548 2745 3603 2802 in

2000 2847 2083 2899 via
2122 2843 2243 2914 (Ps.
2304 2859 2418 2912 etx,
2460 2844 2542 2914 7).
2575 2843 2707 2911 Quis
2734 2841 2878 2897 enim
2914 2839 3200 2895 hominum
3247 2839 3472 2910 gloriari
3505 2852 3605 2909 po-

2000 2947 2103 2992 test
2145 2947 2352 2992 castum
2386 2951 2446 2993 se
2490 2934 2693 2992 habere
2724 2950 2819 2991 cor
2846 2931 3030 3005 (Prov.
3062 2932 3201 3003 xx)?
3236 2933 3319 2989 vel
3348 2932 3416 2988 ad
3446 2933 3604 3003 cujus

2000 3040 2235 3083 mentem
2266 3044 2361 3098 per
2391 3028 2677 3084 oculorum
2705 3028 2975 3083 fenestras
2994 3025 3183 3096 ,jmors
3208 3026 3605 3096 concupiscen-

2002 3124 2089 3177 tim
2120 3138 2226 3178 nou
2262 3121 2511 3177 introibit
2559 3121 2668 3194 [AL
2704 3118 2973 3193 introivit]
3002 3117 3219 3191 (Jerem.
3264 3118 3341 3190 lx)
3368 3164 3382 3190 ,
3415 3125 3471 3174 et
3520 3118 3606 3190 (ut

288 3217 584 3291 signiﬁcat.
616 3218 747 3273 Post
774 3217 925 3273 mille
955 3222 1139 3272 autem
1179 3215 1392 3269 cubitos
1437 3212 1528 3284 qui
1573 3213 1893 3283 perveniunt
1922 3216 1966 3278 C
2004 3230 2192 3282 parum
2215 3215 2416 3285 dicam)
2442 3214 2608 3270 animi
2644 3213 2931 3269 titillatio?
2960 3212 3193 3267 Mundus
3216 3212 3365 3267 enim
3401 3213 3451 3265 in
3487 3226 3603 3267 nta-

288 3328 465 3384 usque
493 3312 562 3366 ad
605 3312 793 3375 talum,
825 3323 1050 3365 mensus
1089 3319 1173 3364 est
1217 3306 1355 3361 alios
1395 3306 1544 3361 mille
1583 3305 1799 3360 cubitos
1836 3305 1889 3358 in

290 3420 452 3475 aqua,
491 3414 548 3461 et
584 3403 892 3460 transduxit
933 3417 1021 3457 me
1062 3416 1234 3471 usque
1269 3399 1335 3455 ad
1377 3413 1572 3470 genua.
1629 3397 1760 3453 Post
1805 3412 1894 3453 re-

289 3497 609 3553 missionem
664 3495 935 3567 siquidem
994 3503 1365 3565 peccatorum,
1421 3501 1477 3547 et
1527 3493 1629 3545 iter
1678 3489 1895 3560 profec-

292 3603 485 3656 tuum,
546 3591 764 3662 quando
821 3588 1094 3659 paululum
1148 3585 1216 3641 de
1288 3584 1518 3640 terrenis
1573 3582 1640 3637 ad
1697 3581 1894 3638 altiora

292 3685 459 3757 589
513 3699 780 3740 conamur
831 3681 1171 3745 ascendere,
1205 3678 1473 3734 ﬂectimus
1524 3676 1752 3731 Domino
1800 3690 1898 3747 ge-

291 3796 397 3834 nua
415 3821 431 3845 ,
464 3778 683 3834 dicente
705 3776 995 3845 Aposmlo:
1023 3774 1096 3831 Ut
1124 3789 1286 3828 omne
1313 3787 1455 3842 genu
1495 3770 1750 3826 ﬂectatur
1779 3768 1893 3843 [Αι.

288 3876 541 3950 ﬂectat],
575 3873 914 3939 caelestium,
948 3871 1294 3929 terrestrium
1344 3880 1399 3924 et
1447 3868 1812 3923 infernorum:
1842 3877 1894 3922 et

292 3973 474 4029 omnis
521 3971 702 4042 lingua
744 3968 1073 4025 conﬁteatur
1097 4010 1111 4033 ,
1143 3965 1397 4036 quoniam
1443 3963 1708 4018 Dominus
1736 3960 1900 4018 Iesus

291 4069 545 4126 Christus
568 4068 622 4123 in
652 4067 821 4138 gloria
852 4073 939 4121 est
963 4063 1059 4118 Dei
1085 4061 1259 4117 Patris
1281 4057 1508 4133 (Philip.
1535 4074 1596 4127 ιι,
1622 4058 1733 4126 10).
1764 4055 1901 4112 'l‘er-

294 4165 374 4220 tio
414 4176 642 4218 mensus
671 4171 751 4217 est
793 4158 944 4215 mille
974 4158 1116 4212 alios
1158 4155 1372 4210 cubitos
1400 4195 1414 4219 ,
1445 4161 1501 4207 et
1542 4151 1895 4220 transduxit,

295 4257 469 4327 inquit
500 4297 513 4318 .
534 4270 623 4311 me
653 4269 750 4321 per
771 4267 966 4323 aquam
993 4264 1163 4321 usque
1190 4248 1257 4303 ad
1280 4261 1463 4304 renes.
1485 4245 1584 4301 His
1608 4245 1755 4301 enim
1778 4258 1904 4315 gra-

300 4352 572 4425 dibusad
603 4349 857 4405 sublimia
893 4344 1241 4417 pervenimus
1267 4360 1280 4395 :
1315 4356 1434 4411 qum
1465 4349 1644 4394 tamen
1673 4339 1789 4409 ipsa
1810 4352 1903 4393 su-

304 4446 488 4504 blimia
512 4459 686 4517 usque
707 4444 772 4498 ad
808 4442 1024 4497 lumbos
1053 4447 1112 4495 et
1140 4451 1302 4494 renes
1335 4435 1681 4505 perveniunt,
1707 4442 1766 4486 ut
1785 4448 1903 4487 om-

304 4542 389 4595 nis
420 4540 475 4595 iu
507 4538 664 4593 nobis
690 4534 943 4608 ignobilis
988 4532 1157 4588 libido
1194 4537 1507 4593 truncetur;
1541 4536 1596 4582 et
1620 4524 1905 4597 possidea-

1997 3307 2144 3378 ligno
2163 3309 2373 3378 positus
2407 3316 2493 3363 est
2513 3305 2556 3380 (l
2584 3307 2748 3361 Joan.
2772 3321 2827 3374 v,
2868 3306 2953 3375 l9)
2986 3322 2999 3370 ;
3031 3313 3088 3360 et
3109 3320 3139 3358 a
3162 3303 3395 3374 pueritia
3423 3317 3599 3375 appo-

1996 3401 2158 3455 situm
2186 3410 2273 3457 est
2314 3415 2412 3456 cor
2438 3400 2676 3456 hominis
2705 3399 2774 3455 ad
2808 3399 3009 3454 malum
3038 3440 3053 3466 ,
3088 3407 3147 3453 ut
3184 3412 3253 3453 ne
3282 3396 3444 3452 unius
3479 3397 3597 3468 qui-

1996 3495 2118 3549 dem
2147 3495 2254 3550 diei
2282 3510 2312 3548 a
2340 3494 2634 3550 nativitatis
2665 3510 2777 3550 sure
2804 3494 3031 3551 exordio
3063 3537 3078 3561 ,
3121 3492 3240 3549 sine
3265 3499 3492 3563 peccato
3532 3491 3608 3547 sit

2000 3588 2235 3642 humana
2258 3588 2501 3644 conditio
2533 3586 2677 3660 (Job.
2709 3587 2823 3659 xv).
2854 3585 3010 3643 Unde
3038 3594 3094 3641 et
3122 3585 3292 3641 David
3309 3585 3602 3641 conﬁtetur

2001 3682 2052 3735 in
2085 3682 2335 3751 psalmo:
2376 3682 2517 3739 Ecce
2564 3683 2708 3737 enim
2759 3679 2814 3735 in
2869 3678 3255 3751 iniquitatibus
3303 3687 3605 3750 conceptus

1998 3792 2141 3841 sum,
2158 3778 2276 3831 etin
2297 3776 2538 3848 peccatis
2555 3778 2807 3848 concepit
2829 3792 2917 3832 me
2938 3787 3113 3831 mater
3133 3790 3252 3831 mea
3282 3773 3399 3847 (Ps.
3430 3791 3485 3844 ι,
3510 3775 3594 3846 7).

1999 3869 2113 3925 Non
2147 3870 2526 3940 iniquitatibus
2559 3871 2750 3925 matris
2776 3884 2944 3939 meae,
2978 3868 3065 3923 vel
3103 3877 3254 3923 certe
3291 3867 3467 3936 meis,
3502 3864 3601 3922 sed

2002 3965 2055 4018 in
2087 3964 2466 4034 iniquitatibus
2498 3962 2750 4019 humanae
2776 3961 3132 4019 conditionis.
3158 3960 3317 4017 Unde
3365 3969 3420 4015 et
3455 3958 3605 4030 Apo-

2002 4059 2178 4115 stolus
2198 4058 2350 4114 dicit:
2384 4057 2652 4129 Regnavit
2685 4072 2834 4113 mors
2859 4057 2928 4112 ab
2954 4057 3122 4111 Adam
3154 4069 3329 4126 usque
3358 4053 3423 4109 ad
3456 4052 3609 4126 Moy-

2002 4168 2133 4218 sen,
2162 4155 2324 4208 etiam
2359 4167 2525 4224 super
2557 4169 2657 4208 eos
2682 4152 2773 4223 qui
2807 4167 2916 4207 non
2958 4156 3332 4221 peccaverunt
3370 4149 3424 4203 in
3453 4148 3605 4204 sinti-

2006 4245 2289 4303 litudinem
2320 4245 2788 4318 prtevaricationis
2819 4245 2951 4301 Adae
2985 4244 3163 4315 (Rom.
3198 4260 3229 4299 v
3254 4285 3270 4312 ,
3306 4241 3418 4316 14).
3449 4242 3605 4313 Quod

2006 4341 2222 4397 cubitos
2258 4356 2460 4413 genere
2491 4341 2830 4405 masculino,
2861 4349 2916 4394 et
2964 4356 3071 4394 non
3116 4339 3345 4395 neutrali
3374 4381 3388 4404 ,
3423 4338 3606 4394 cubita

2006 4434 2235 4491 dicimus
2266 4478 2280 4502 ,
2308 4435 2461 4506 juxta
2503 4435 2746 4505 regulam
2780 4436 3265 4505 grammaticorum
3292 4474 3308 4501 ,
3340 4442 3399 4489 et
3423 4432 3479 4486 in
3510 4446 3605 4487 su-

2009 4527 2315 4596 perioribus
2357 4516 2518 4583 doCui
2547 4572 2561 4596 ,
2596 4543 2703 4583 non
2732 4543 2835 4583 nos
2877 4527 3186 4597 ignorantia
3233 4526 3340 4583 hoc
3385 4526 3599 4595 facere,

303 4652 424 4692 mus
464 4632 954 4690 sanctificationem
984 4625 1236 4698 corporis
1261 4669 1275 4695 ,
1310 4625 1430 4678 sine
1468 4637 1571 4693 qua
1624 4634 1786 4676 nemo
1818 4619 1901 4673 vi-
1931 4619 1984 4679 D
2010 4621 2103 4675 sed
2136 4619 2533 4675 consuetudine
2590 4630 2812 4691 propter
2839 4620 3119 4690 simplices
3160 4634 3405 4691 quosque
3433 4628 3487 4675 et
3515 4619 3600 4675 in-

296 4730 390 4786 det
423 4729 616 4785 Deum.
654 4726 806 4782 Unde
843 4733 899 4780 et
938 4724 991 4779 in
1015 4722 1119 4778 hoc
1156 4718 1348 4777 eodem
1375 4716 1640 4789 propheta
1673 4714 1899 4786 (Supra

300 4823 425 4895 vut)
454 4841 467 4878 :
506 4838 535 4876 a
566 4820 798 4892 pedibus
830 4832 1001 4887 usque
1027 4816 1094 4871 ad
1126 4812 1341 4870 lumbos
1378 4813 1516 4865 Deus
1549 4810 1741 4879 igneus
1776 4822 1899 4863 cer-

299 4919 468 4974 nitur.
499 4914 910 4988 Iudigentenim
930 4913 1053 4984 igne
1082 4952 1096 4977 ,
1129 4918 1184 4965 et
1218 4906 1536 4979 purgatione
1558 4918 1724 4974 opera
1755 4902 1898 4959 lum-

301 5013 494 5069 borum
526 5055 542 5078 ,
577 5010 794 5066 dicente
822 5008 1003 5079 justo:
1037 5002 1304 5073 Quoniam
1337 4998 1503 5055 lumbi
1546 4995 1655 5053 mei
1697 4995 1896 5065 repleti

299 5117 430 5164 sunt
458 5103 800 5160 illusionibus
830 5099 955 5167 (Ps.
987 5111 1189 5159 xxxv",
1216 5092 1305 5163 8).
1340 5106 1441 5162 per
1470 5103 1609 5160 quos
1658 5088 1815 5143 nobis
1842 5096 1901 5143 et

302 5203 355 5256 in
390 5199 507 5264 die,
541 5204 599 5253 et
641 5194 694 5251 in
725 5193 965 5248 noctium
999 5189 1382 5261 phantasmate
1415 5183 1590 5238 illudit
1620 5180 1897 5238 inimicus.

304 5301 343 5353 A
382 5294 586 5351 lumbis
623 5304 756 5348 vero
788 5303 961 5356 usque
990 5285 1059 5342 ad
1097 5293 1259 5356 caput
1289 5292 1340 5339 et
1365 5283 1623 5338 verticem
1647 5322 1665 5348 ,
1698 5282 1903 5351 pretio-

302 5391 522 5447 εἰςείωο
549 5384 775 5442 metallo
801 5381 989 5440 electri
1032 5379 1243 5451 fulgore
1271 5375 1583 5446 resplendet
1610 5392 1625 5430 :
1678 5383 1743 5429 ut
1768 5372 1903 5429 nihil

305 5487 356 5540 in
386 5499 446 5539 se
476 5480 753 5538 sordidum
778 5523 792 5547 ,
843 5476 973 5533 nihil
1032 5474 1227 5528 habeat
1276 5471 1519 5527 vilitatis.
1573 5469 1729 5526 Unde
1761 5484 1906 5526 nunc

306 5587 502 5647 quarto
523 5575 720 5631 dicitur
746 5588 760 5625 :
794 5568 861 5625 Et
886 5584 1089 5624 mensus
1116 5575 1189 5621 est
1220 5564 1402 5632 millef,
1436 5562 1783 5631 subauditur,
1809 5577 1908 5619 cu-

311 5672 480 5739 bitos,
533 5676 815 5724 torrentem
869 5661 1059 5735 (quod
1114 5658 1258 5716 LXX
1307 5672 1415 5714 non
1459 5654 1908 5726 transtulerunt)

387 5860 411 5887 ι
438 5846 712 5903 Victorius
727 5844 866 5916 quod
886 5858 915 5916 ί
935 5849 993 5896 ιιι
1022 5838 1225 5895 referat
1244 5837 1320 5916 ad
1346 5836 1668 5916 calcaneum.

2005 4715 2227 4783 doctos,
2259 4729 2489 4783 quorum
2536 4713 2588 4769 in
2642 4714 3066 4785 congregatione
3122 4713 3379 4770 Ecclesiae
3427 4713 3607 4785 major

2006 4816 2088 4862 CSl
2143 4822 2422 4862 numerus.

2078 4900 2259 4975 (Vers.
2287 4900 2321 4957 6
2343 4901 2525 4973 seqq.)
2569 4900 2786 4957 Etdixit
2833 4902 2902 4956 ad
2942 4918 3056 4957 me:
3088 4900 3237 4958 Certe
3277 4901 3448 4958 vidisti
3476 4942 3494 4969 ,
3524 4900 3606 4971 ﬁli

2006 4994 2266 5059 hominis;
2298 5006 2345 5050 et
2391 4995 2569 5049 eduxit
2601 5011 2679 5049 me
2701 5037 2716 5062 ,
2749 5004 2798 5051 et
2826 4997 3072 5050 convertit
3101 4997 3171 5049 ad
3200 4996 3371 5064 ripam
3401 5003 3603 5048 torren-

2006 5087 2073 5140 tis
2100 5087 2235 5156 (sive
2262 5084 2537 5159 ﬂuminis).
2573 5087 2802 5161 Cumque
2826 5103 2909 5142 mc
2936 5089 3293 5144 convertissem
3318 5086 3456 5156 (sive
3481 5100 3606 5138 con-

2008 5178 2263 5249 vertisset)
2291 5224 2305 5247 ,
2338 5196 2451 5234 ecce
2478 5180 2530 5233 in
2556 5181 2671 5254 ripa
2708 5182 2949 5236 torrentis
2991 5181 3131 5255 (sive
3162 5176 3415 5252 ﬂuminis)
3461 5176 3607 5246 ligna

2010 5270 2175 5325 multa
2204 5272 2355 5327 nimis
2399 5273 2541 5342 (sive
2592 5274 2803 5329 arbores
2859 5273 3035 5330 multa:
3071 5271 3248 5342 nimis)
3286 5286 3352 5325 ea:
3389 5278 3607 5336 utraque

2009 5378 2179 5438 parte.
2214 5367 2281 5423 Et
2307 5371 2379 5423 ait
2407 5368 2473 5424 ad
2517 5385 2635 5425 me:
2663 5371 2824 5441 Aqua:
2857 5371 2972 5425 ista:
3014 5385 3131 5437 qua:
3175 5364 3508 5440 egrediuntur
3534 5361 3606 5417 ad

2010 5464 2237 5519 tumulos
2252 5463 2419 5519 sabuli
2443 5462 2669 5521 Orientis
2695 5464 2876 5539 [Vulg.
2920 5460 3267 5533 Orientalis],
3311 5469 3357 5514 et
3394 5457 3607 5512 descen-

2012 5559 2141 5612 dunt
2175 5560 2242 5611 ad
2286 5560 2445 5627 plana
2473 5560 2663 5615 deserti
2712 5560 2849 5631 (sive
2877 5575 3013 5629 aqua
3044 5558 3146 5610 ista
3177 5571 3295 5626 quas
3337 5551 3607 5627 egreditur

2009 5650 2065 5705 in
2090 5648 2366 5707 Galilwam
2393 5694 2407 5719 ,
2440 5666 2557 5722 qua!
2588 5653 2749 5723 vergit
2797 5650 2866 5705 ad
2918 5649 3183 5704 Orientem
3207 5692 3220 5716 ,
3252 5658 3298 5702 et
3338 5645 3614 5703 descendit

390 5921 413 5959 δ
458 5896 857 5977 ad
879 5896 1133 5971 Crtecum
1164 5953 1180 5980 ,
1213 5914 1342 5963 sicut
1382 5909 1573 5979 ﬂuvius
1621 5906 1765 5977 pacis
1796 5946 1812 5973 ,
1844 5914 1894 5960 et
1917 5905 2051 5961 sicut
2079 5912 2277 5957 torrens
2305 5896 2587 5954 inundans.

3505 286 3613 346 470
3702 280 3705 285 ’
