  <div class='ocr_page' id='page_1' title='image "/cluster/home/n/w/nwhite01/storage/ocr_20150623/25/hvd.32044015471394/243.png"; bbox 0 0 4054 6324; ppageno 0'>
   <div class='ocr_carea' id='block_1_1' title="bbox 440 195 538 252">
    <p class='ocr_par' dir='ltr' id='par_1_1' title="bbox 440 195 538 252">
     <span class='ocr_line' id='line_1_1' title="bbox 440 195 538 252; baseline 0.01 -1"><span class='ocrx_word' id='word_1_1' title='bbox 440 195 538 252; x_wconf 77' lang='grc'><strong><em>471</em></strong></span> 
     </span>
    </p>
   </div>
   <div class='ocr_carea' id='block_1_2' title="bbox 1711 178 2507 241">
    <p class='ocr_par' dir='ltr' id='par_1_2' title="bbox 1711 178 2507 241">
     <span class='ocr_line' id='line_1_2' title="bbox 1711 178 2507 241; baseline -0.003 -2"><span class='ocrx_word' id='word_1_2' title='bbox 1711 182 1767 239; x_wconf 87' lang='lat' dir='ltr'><strong><em>S.</em></strong></span> <span class='ocrx_word' id='word_1_3' title='bbox 1814 179 2086 241; x_wconf 82' lang='lat' dir='ltr'><strong><em>EUSEBII</em></strong></span> <span class='ocrx_word' id='word_1_4' title='bbox 2124 178 2507 238; x_wconf 77' lang='lat' dir='ltr'><strong><em>lllERONYMl</em></strong></span> 
     </span>
    </p>
   </div>
   <div class='ocr_carea' id='block_1_3' title="bbox 3618 186 3791 244">
    <p class='ocr_par' dir='ltr' id='par_1_3' title="bbox 3618 186 3791 244">
     <span class='ocr_line' id='line_1_3' title="bbox 3618 186 3791 244; baseline -0.012 -1"><span class='ocrx_word' id='word_1_5' title='bbox 3618 186 3715 244; x_wconf 72' lang='grc' dir='ltr'><strong><em>4ἷὲ</em></strong></span> <span class='ocrx_word' id='word_1_6' title='bbox 3784 198 3791 205; x_wconf 81' lang='lat'><strong>‘</strong></span> 
     </span>
    </p>
   </div>
   <div class='ocr_carea' id='block_1_4' title="bbox 435 293 3714 384">
    <p class='ocr_par' dir='ltr' id='par_1_4' title="bbox 435 293 3714 384">
     <span class='ocr_line' id='line_1_4' title="bbox 435 293 3714 384; baseline -0.004 -15"><span class='ocrx_word' id='word_1_7' title='bbox 435 313 505 369; x_wconf 80' lang='lat' dir='ltr'><strong><em>ad</em></strong></span> <span class='ocrx_word' id='word_1_8' title='bbox 533 310 822 384; x_wconf 80' lang='lat' dir='ltr'><strong><em>Arabiam),</em></strong></span> <span class='ocrx_word' id='word_1_9' title='bbox 851 308 1117 367; x_wconf 83' lang='lat' dir='ltr'><strong><em>intrabunt</em></strong></span> <span class='ocrx_word' id='word_1_10' title='bbox 1156 321 1316 373; x_wconf 86' lang='lat' dir='ltr'><strong><em>mare,</em></strong></span> <span class='ocrx_word' id='word_1_11' title='bbox 1350 313 1397 358; x_wconf 87' lang='lat' dir='ltr'><strong><em>et</em></strong></span> <span class='ocrx_word' id='word_1_12' title='bbox 1426 301 1666 370; x_wconf 67' lang='lat' dir='ltr'><strong><em>exibunt,</em></strong></span> <span class='ocrx_word' id='word_1_13' title='bbox 1699 309 1748 355; x_wconf 87' lang='lat' dir='ltr'><strong><em>et</em></strong></span> <span class='ocrx_word' id='word_1_14' title='bbox 1778 298 2041 353; x_wconf 87' lang='lat' dir='ltr'><strong><em>sanabun-</em></strong></span> <span class='ocrx_word' id='word_1_15' title='bbox 2068 302 2120 363; x_wconf 83' lang='grc' dir='ltr'><strong>Α</strong></span> <span class='ocrx_word' id='word_1_16' title='bbox 2146 296 2317 353; x_wconf 79' lang='lat' dir='ltr'><strong><em>fertur</em></strong></span> <span class='ocrx_word' id='word_1_17' title='bbox 2359 310 2513 351; x_wconf 89' lang='lat' dir='ltr'><strong><em>more</em></strong></span> <span class='ocrx_word' id='word_1_18' title='bbox 2546 294 2805 351; x_wconf 76' lang='lat' dir='ltr'><strong><em>torrentis</em></strong></span> <span class='ocrx_word' id='word_1_19' title='bbox 2826 337 2842 363; x_wconf 88' lang='lat'><strong><em>,</em></strong></span> <span class='ocrx_word' id='word_1_20' title='bbox 2883 302 2936 351; x_wconf 89' lang='lat' dir='ltr'><strong><em>et</em></strong></span> <span class='ocrx_word' id='word_1_21' title='bbox 2967 293 3192 362; x_wconf 77' lang='lat' dir='ltr'><strong><em>suscipit</em></strong></span> <span class='ocrx_word' id='word_1_22' title='bbox 3222 293 3287 349; x_wconf 87' lang='lat' dir='ltr'><strong><em>de</em></strong></span> <span class='ocrx_word' id='word_1_23' title='bbox 3316 294 3452 352; x_wconf 66' lang='lat' dir='ltr'><strong><em>coelo</em></strong></span> <span class='ocrx_word' id='word_1_24' title='bbox 3491 297 3714 370; x_wconf 86' lang='lat' dir='ltr'><strong><em>pluvias,</em></strong></span> 
     </span>
    </p>
   </div>
   <div class='ocr_carea' id='block_1_5' title="bbox 440 391 2046 482">
    <p class='ocr_par' dir='ltr' id='par_1_5' title="bbox 440 391 2046 482">
     <span class='ocr_line' id='line_1_5' title="bbox 440 391 2046 482; baseline -0.01 -19"><span class='ocrx_word' id='word_1_25' title='bbox 440 418 527 465; x_wconf 88' lang='lat' dir='ltr'><strong><em>tur</em></strong></span> <span class='ocrx_word' id='word_1_26' title='bbox 554 424 721 482; x_wconf 97' lang='lat' dir='ltr'><strong><em>aqum.</em></strong></span> <span class='ocrx_word' id='word_1_27' title='bbox 746 405 813 461; x_wconf 86' lang='lat' dir='ltr'><strong><em>Et</em></strong></span> <span class='ocrx_word' id='word_1_28' title='bbox 835 406 1003 461; x_wconf 86' lang='lat' dir='ltr'><strong><em>omnis</em></strong></span> <span class='ocrx_word' id='word_1_29' title='bbox 1033 405 1209 457; x_wconf 88' lang='lat' dir='ltr'><strong><em>anima</em></strong></span> <span class='ocrx_word' id='word_1_30' title='bbox 1238 400 1411 455; x_wconf 83' lang='lat' dir='ltr'><strong><em>vivens</em></strong></span> <span class='ocrx_word' id='word_1_31' title='bbox 1441 394 1549 470; x_wconf 87' lang='lat' dir='ltr'><strong><em>(vel</em></strong></span> <span class='ocrx_word' id='word_1_32' title='bbox 1572 391 1903 464; x_wconf 76' lang='lat' dir='ltr'><strong><em>animalium)</em></strong></span> <span class='ocrx_word' id='word_1_33' title='bbox 1933 408 2046 463; x_wconf 86' lang='lat' dir='ltr'><strong><em>qum</em></strong></span> 
     </span>
    </p>
   </div>
   <div class='ocr_carea' id='block_1_6' title="bbox 442 488 2047 576">
    <p class='ocr_par' dir='ltr' id='par_1_6' title="bbox 442 488 2047 576">
     <span class='ocr_line' id='line_1_6' title="bbox 442 488 2047 576; baseline -0.012 -17"><span class='ocrx_word' id='word_1_34' title='bbox 442 504 601 576; x_wconf 86' lang='lat' dir='ltr'><strong><em>serpit</em></strong></span> <span class='ocrx_word' id='word_1_35' title='bbox 653 502 789 573; x_wconf 86' lang='lat' dir='ltr'><strong><em>(sive</em></strong></span> <span class='ocrx_word' id='word_1_36' title='bbox 835 494 1216 571; x_wconf 88' lang='lat' dir='ltr'><strong><em>serpentium),</em></strong></span> <span class='ocrx_word' id='word_1_37' title='bbox 1250 506 1569 561; x_wconf 87' lang='lat' dir='ltr'><strong><em>quocumque</em></strong></span> <span class='ocrx_word' id='word_1_38' title='bbox 1613 488 1801 543; x_wconf 87' lang='lat' dir='ltr'><strong><em>venerit</em></strong></span> <span class='ocrx_word' id='word_1_39' title='bbox 1848 495 2047 541; x_wconf 77' lang='lat' dir='ltr'><strong><em>torrens</em></strong></span> 
     </span>
    </p>
   </div>
   <div class='ocr_carea' id='block_1_7' title="bbox 448 580 2048 669">
    <p class='ocr_par' dir='ltr' id='par_1_7' title="bbox 448 580 2048 669">
     <span class='ocr_line' id='line_1_7' title="bbox 448 580 2048 669; baseline -0.011 -19"><span class='ocrx_word' id='word_1_40' title='bbox 448 596 589 669; x_wconf 85' lang='lat' dir='ltr'><strong><em>(sive</em></strong></span> <span class='ocrx_word' id='word_1_41' title='bbox 629 592 864 667; x_wconf 82' lang='lat' dir='ltr'><strong><em>ﬂuvius),</em></strong></span> <span class='ocrx_word' id='word_1_42' title='bbox 899 592 1068 646; x_wconf 89' lang='lat' dir='ltr'><strong><em>vivet:</em></strong></span> <span class='ocrx_word' id='word_1_43' title='bbox 1100 598 1148 643; x_wconf 87' lang='lat' dir='ltr'><strong><em>et</em></strong></span> <span class='ocrx_word' id='word_1_44' title='bbox 1185 596 1335 642; x_wconf 84' lang='lat' dir='ltr'><strong><em>erunt</em></strong></span> <span class='ocrx_word' id='word_1_45' title='bbox 1366 585 1531 658; x_wconf 87' lang='lat' dir='ltr'><strong><em>pisces</em></strong></span> <span class='ocrx_word' id='word_1_46' title='bbox 1562 581 1717 636; x_wconf 86' lang='lat' dir='ltr'><strong><em>multi</em></strong></span> <span class='ocrx_word' id='word_1_47' title='bbox 1749 580 1875 635; x_wconf 87' lang='lat' dir='ltr'><strong><em>satis</em></strong></span> <span class='ocrx_word' id='word_1_48' title='bbox 1908 588 2048 649; x_wconf 87' lang='lat' dir='ltr'><strong><em>post-</em></strong></span> 
     </span>
    </p>
   </div>
   <div class='ocr_carea' id='block_1_8' title="bbox 448 673 2052 759">
    <p class='ocr_par' dir='ltr' id='par_1_8' title="bbox 448 673 2052 759">
     <span class='ocr_line' id='line_1_8' title="bbox 448 673 2052 759; baseline -0.012 -15"><span class='ocrx_word' id='word_1_49' title='bbox 448 705 602 759; x_wconf 86' lang='lat' dir='ltr'><strong><em>quam</em></strong></span> <span class='ocrx_word' id='word_1_50' title='bbox 641 688 865 742; x_wconf 79' lang='lat' dir='ltr'><strong><em>venerint</em></strong></span> <span class='ocrx_word' id='word_1_51' title='bbox 897 684 1024 739; x_wconf 73' lang='lat' dir='ltr'><strong><em>illuc</em></strong></span> <span class='ocrx_word' id='word_1_52' title='bbox 1066 698 1215 754; x_wconf 87' lang='lat' dir='ltr'><strong><em>aqum</em></strong></span> <span class='ocrx_word' id='word_1_53' title='bbox 1244 682 1357 736; x_wconf 88' lang='lat' dir='ltr'><strong><em>istm</em></strong></span> <span class='ocrx_word' id='word_1_54' title='bbox 1381 696 1399 733; x_wconf 81' lang='lat'><strong><em>.&#39;</em></strong></span> <span class='ocrx_word' id='word_1_55' title='bbox 1430 685 1478 732; x_wconf 87' lang='lat' dir='ltr'><strong><em>et</em></strong></span> <span class='ocrx_word' id='word_1_56' title='bbox 1509 674 1864 743; x_wconf 84' lang='lat' dir='ltr'><strong><em>sanabuntur,</em></strong></span> <span class='ocrx_word' id='word_1_57' title='bbox 1898 681 1945 728; x_wconf 90' lang='lat' dir='ltr'><strong><em>et</em></strong></span> <span class='ocrx_word' id='word_1_58' title='bbox 1979 673 2052 726; x_wconf 83' lang='lat' dir='ltr'><strong><em>vi-</em></strong></span> 
     </span>
    </p>
   </div>
   <div class='ocr_carea' id='block_1_9' title="bbox 445 765 2051 852">
    <p class='ocr_par' dir='ltr' id='par_1_9' title="bbox 445 765 2051 852">
     <span class='ocr_line' id='line_1_9' title="bbox 445 765 2051 852; baseline -0.012 -14"><span class='ocrx_word' id='word_1_59' title='bbox 445 792 561 838; x_wconf 87' lang='lat' dir='ltr'><strong><em>vent</em></strong></span> <span class='ocrx_word' id='word_1_60' title='bbox 608 782 785 836; x_wconf 87' lang='lat' dir='ltr'><strong><em>omnia</em></strong></span> <span class='ocrx_word' id='word_1_61' title='bbox 815 780 881 835; x_wconf 87' lang='lat' dir='ltr'><strong><em>ad</em></strong></span> <span class='ocrx_word' id='word_1_62' title='bbox 909 793 1025 852; x_wconf 84' lang='lat' dir='ltr'><strong><em>qum</em></strong></span> <span class='ocrx_word' id='word_1_63' title='bbox 1072 775 1264 831; x_wconf 87' lang='lat' dir='ltr'><strong><em>venerit</em></strong></span> <span class='ocrx_word' id='word_1_64' title='bbox 1296 783 1497 827; x_wconf 86' lang='lat' dir='ltr'><strong><em>torrens</em></strong></span> <span class='ocrx_word' id='word_1_65' title='bbox 1527 770 1664 843; x_wconf 59' lang='lat' dir='ltr'><strong><em>(sive</em></strong></span> <span class='ocrx_word' id='word_1_66' title='bbox 1711 767 1950 839; x_wconf 79' lang='lat' dir='ltr'><strong><em>ﬂuvius).</em></strong></span> <span class='ocrx_word' id='word_1_67' title='bbox 1985 765 2051 820; x_wconf 85' lang='lat' dir='ltr'><strong><em>Et</em></strong></span> 
     </span>
    </p>
   </div>
   <div class='ocr_carea' id='block_1_10' title="bbox 449 858 2053 945">
    <p class='ocr_par' dir='ltr' id='par_1_10' title="bbox 449 858 2053 945">
     <span class='ocr_line' id='line_1_10' title="bbox 449 858 2053 945; baseline -0.012 -14"><span class='ocrx_word' id='word_1_68' title='bbox 449 876 656 931; x_wconf 88' lang='lat' dir='ltr'><strong><em>stabunt</em></strong></span> <span class='ocrx_word' id='word_1_69' title='bbox 706 890 863 945; x_wconf 89' lang='lat' dir='ltr'><strong><em>super</em></strong></span> <span class='ocrx_word' id='word_1_70' title='bbox 906 870 1029 926; x_wconf 87' lang='lat' dir='ltr'><strong><em>illas</em></strong></span> <span class='ocrx_word' id='word_1_71' title='bbox 1076 871 1361 941; x_wconf 74' lang='lat' dir='ltr'><strong><em>piscatores</em></strong></span> <span class='ocrx_word' id='word_1_72' title='bbox 1389 865 1451 918; x_wconf 93' lang='lat' dir='ltr'><strong><em>ab</em></strong></span> <span class='ocrx_word' id='word_1_73' title='bbox 1492 860 1739 934; x_wconf 84' lang='lat' dir='ltr'><strong><em>Engaddi</em></strong></span> <span class='ocrx_word' id='word_1_74' title='bbox 1780 876 1939 930; x_wconf 83' lang='lat' dir='ltr'><strong><em>usque</em></strong></span> <span class='ocrx_word' id='word_1_75' title='bbox 1985 858 2053 911; x_wconf 87' lang='lat' dir='ltr'><strong><em>ad</em></strong></span> 
     </span>
    </p>
   </div>
   <div class='ocr_carea' id='block_1_11' title="bbox 450 955 2055 1044">
    <p class='ocr_par' dir='ltr' id='par_1_11' title="bbox 450 955 2055 1044">
     <span class='ocr_line' id='line_1_11' title="bbox 450 955 2055 1044; baseline -0.011 -19"><span class='ocrx_word' id='word_1_76' title='bbox 450 969 721 1044; x_wconf 82' lang='lat' dir='ltr'><strong><em>Engatlim</em></strong></span> <span class='ocrx_word' id='word_1_77' title='bbox 747 1012 762 1035; x_wconf 93' lang='lat'><strong><em>,</em></strong></span> <span class='ocrx_word' id='word_1_78' title='bbox 814 969 1025 1021; x_wconf 87' lang='lat' dir='ltr'><strong><em>siccatio</em></strong></span> <span class='ocrx_word' id='word_1_79' title='bbox 1065 978 1371 1035; x_wconf 87' lang='lat' dir='ltr'><strong><em>sagenarum</em></strong></span> <span class='ocrx_word' id='word_1_80' title='bbox 1413 960 1528 1014; x_wconf 87' lang='lat' dir='ltr'><strong><em>erit.</em></strong></span> <span class='ocrx_word' id='word_1_81' title='bbox 1565 958 1818 1014; x_wconf 83' lang='lat' dir='ltr'><strong><em>Plurimm</em></strong></span> <span class='ocrx_word' id='word_1_82' title='bbox 1862 955 2055 1025; x_wconf 80' lang='lat' dir='ltr'><strong><em>species</em></strong></span> 
     </span>
    </p>
   </div>
   <div class='ocr_carea' id='block_1_12' title="bbox 451 1048 2057 1137">
    <p class='ocr_par' dir='ltr' id='par_1_12' title="bbox 451 1048 2057 1137">
     <span class='ocr_line' id='line_1_12' title="bbox 451 1048 2057 1137; baseline -0.012 -16"><span class='ocrx_word' id='word_1_83' title='bbox 451 1074 601 1121; x_wconf 86' lang='lat' dir='ltr'><strong><em>erunt</em></strong></span> <span class='ocrx_word' id='word_1_84' title='bbox 629 1065 852 1137; x_wconf 82' lang='lat' dir='ltr'><strong><em>piscium</em></strong></span> <span class='ocrx_word' id='word_1_85' title='bbox 884 1065 995 1135; x_wconf 84' lang='lat' dir='ltr'><strong><em>ejus</em></strong></span> <span class='ocrx_word' id='word_1_86' title='bbox 1021 1077 1038 1115; x_wconf 92' lang='lat'><em>:</em></span> <span class='ocrx_word' id='word_1_87' title='bbox 1068 1060 1200 1114; x_wconf 87' lang='lat' dir='ltr'><strong><em>sicut</em></strong></span> <span class='ocrx_word' id='word_1_88' title='bbox 1230 1058 1394 1126; x_wconf 86' lang='lat' dir='ltr'><strong><em>pisces</em></strong></span> <span class='ocrx_word' id='word_1_89' title='bbox 1441 1054 1598 1108; x_wconf 83' lang='lat' dir='ltr'><strong><em>maris</em></strong></span> <span class='ocrx_word' id='word_1_90' title='bbox 1640 1052 1851 1123; x_wconf 89' lang='lat' dir='ltr'><strong><em>magni,</em></strong></span> <span class='ocrx_word' id='word_1_91' title='bbox 1878 1048 2057 1103; x_wconf 86' lang='lat' dir='ltr'><strong><em>multi-</em></strong></span> 
     </span>
    </p>
   </div>
   <div class='ocr_carea' id='block_1_13' title="bbox 450 1146 2056 1220">
    <p class='ocr_par' dir='ltr' id='par_1_13' title="bbox 450 1146 2056 1220">
     <span class='ocr_line' id='line_1_13' title="bbox 450 1146 2056 1220; baseline -0.01 -6"><span class='ocrx_word' id='word_1_92' title='bbox 450 1161 651 1215; x_wconf 80' lang='lat' dir='ltr'><strong><em>tudinis</em></strong></span> <span class='ocrx_word' id='word_1_93' title='bbox 683 1158 877 1211; x_wconf 82' lang='lat' dir='ltr'><strong><em>nimim.</em></strong></span> <span class='ocrx_word' id='word_1_94' title='bbox 912 1165 938 1193; x_wconf 68' lang='grc'><strong><em>⁸</em></strong></span> <span class='ocrx_word' id='word_1_95' title='bbox 971 1154 1036 1209; x_wconf 88' lang='lat' dir='ltr'><strong><em>In</em></strong></span> <span class='ocrx_word' id='word_1_96' title='bbox 1061 1155 1141 1208; x_wconf 84' lang='lat' dir='ltr'><strong><em>his</em></strong></span> <span class='ocrx_word' id='word_1_97' title='bbox 1173 1161 1349 1206; x_wconf 87' lang='lat' dir='ltr'><strong><em>autem</em></strong></span> <span class='ocrx_word' id='word_1_98' title='bbox 1391 1165 1505 1220; x_wconf 85' lang='lat' dir='ltr'><strong><em>qum</em></strong></span> <span class='ocrx_word' id='word_1_99' title='bbox 1549 1147 1890 1220; x_wconf 84' lang='lat' dir='ltr'><strong><em>egrediuntur</em></strong></span> <span class='ocrx_word' id='word_1_100' title='bbox 1913 1146 2056 1216; x_wconf 88' lang='lat' dir='ltr'><strong><em>ripas</em></strong></span> 
     </span>
    </p>
   </div>
   <div class='ocr_carea' id='block_1_14' title="bbox 456 1237 2055 1321">
    <p class='ocr_par' dir='ltr' id='par_1_14' title="bbox 456 1237 2055 1321">
     <span class='ocr_line' id='line_1_14' title="bbox 456 1237 2055 1321; baseline -0.011 -13"><span class='ocrx_word' id='word_1_101' title='bbox 456 1262 506 1309; x_wconf 86' lang='lat' dir='ltr'><strong><em>et</em></strong></span> <span class='ocrx_word' id='word_1_102' title='bbox 536 1261 656 1306; x_wconf 86' lang='lat' dir='ltr'><strong><em>sunt</em></strong></span> <span class='ocrx_word' id='word_1_103' title='bbox 686 1249 965 1321; x_wconf 85' lang='lat' dir='ltr'><strong><em>palustria,</em></strong></span> <span class='ocrx_word' id='word_1_104' title='bbox 1202 1261 1305 1299; x_wconf 93' lang='lat' dir='ltr'><strong><em>non</em></strong></span> <span class='ocrx_word' id='word_1_105' title='bbox 1344 1241 1703 1307; x_wconf 86' lang='lat' dir='ltr'><strong><em>sanabuntur,</em></strong></span> <span class='ocrx_word' id='word_1_106' title='bbox 1734 1239 1825 1295; x_wconf 82' lang='lat' dir='ltr'><strong><em>sed</em></strong></span> <span class='ocrx_word' id='word_1_107' title='bbox 1856 1237 2055 1311; x_wconf 68' lang='grc' dir='ltr'><strong><em>[ναῖε.</em></strong></span> 
     </span>
    </p>
   </div>
   <div class='ocr_carea' id='block_1_15' title="bbox 456 1334 2059 1417">
    <p class='ocr_par' dir='ltr' id='par_1_15' title="bbox 456 1334 2059 1417">
     <span class='ocr_line' id='line_1_15' title="bbox 456 1334 2059 1417; baseline -0.007 -17"><span class='ocrx_word' id='word_1_108' title='bbox 456 1345 604 1417; x_wconf 78' lang='lat' dir='ltr'><strong><em>quia]</em></strong></span> <span class='ocrx_word' id='word_1_109' title='bbox 636 1345 689 1399; x_wconf 90' lang='lat' dir='ltr'><strong><em>in</em></strong></span> <span class='ocrx_word' id='word_1_110' title='bbox 733 1344 932 1397; x_wconf 87' lang='lat' dir='ltr'><strong><em>salinas</em></strong></span> <span class='ocrx_word' id='word_1_111' title='bbox 964 1342 1248 1396; x_wconf 87' lang='lat' dir='ltr'><strong><em>dabuntur.</em></strong></span> <span class='ocrx_word' id='word_1_112' title='bbox 1300 1338 1369 1392; x_wconf 86' lang='lat' dir='ltr'><strong><em>Et</em></strong></span> <span class='ocrx_word' id='word_1_113' title='bbox 1401 1354 1559 1407; x_wconf 87' lang='lat' dir='ltr'><strong><em>super</em></strong></span> <span class='ocrx_word' id='word_1_114' title='bbox 1586 1344 1859 1390; x_wconf 82' lang='lat' dir='ltr'><strong><em>torrentem</em></strong></span> <span class='ocrx_word' id='word_1_115' title='bbox 1903 1334 2059 1407; x_wconf 83' lang='lat' dir='ltr'><strong><em>(sive</em></strong></span> 
     </span>
    </p>
   </div>
   <div class='ocr_carea' id='block_1_16' title="bbox 457 1438 2061 1516">
    <p class='ocr_par' dir='ltr' id='par_1_16' title="bbox 457 1438 2061 1516">
     <span class='ocr_line' id='line_1_16' title="bbox 457 1438 2061 1516; baseline -0.009 -21"><span class='ocrx_word' id='word_1_116' title='bbox 457 1439 698 1516; x_wconf 85' lang='lat' dir='ltr'><strong><em>ﬂuvium)</em></strong></span> <span class='ocrx_word' id='word_1_117' title='bbox 726 1441 920 1494; x_wconf 89' lang='lat' dir='ltr'><strong><em>orietur</em></strong></span> <span class='ocrx_word' id='word_1_118' title='bbox 951 1439 1006 1492; x_wconf 90' lang='lat' dir='ltr'><strong><em>in</em></strong></span> <span class='ocrx_word' id='word_1_119' title='bbox 1039 1438 1171 1509; x_wconf 87' lang='lat' dir='ltr'><strong><em>ripis</em></strong></span> <span class='ocrx_word' id='word_1_120' title='bbox 1219 1438 1333 1508; x_wconf 84' lang='lat' dir='ltr'><strong><em>ejus</em></strong></span> <span class='ocrx_word' id='word_1_121' title='bbox 1363 1449 1427 1487; x_wconf 82' lang='lat' dir='ltr'><strong><em>ea:</em></strong></span> <span class='ocrx_word' id='word_1_122' title='bbox 1453 1440 1673 1502; x_wconf 88' lang='lat' dir='ltr'><strong><em>utraque</em></strong></span> <span class='ocrx_word' id='word_1_123' title='bbox 1723 1438 1865 1498; x_wconf 83' lang='lat' dir='ltr'><strong><em>parte</em></strong></span> <span class='ocrx_word' id='word_1_124' title='bbox 1914 1444 2061 1483; x_wconf 89' lang='lat' dir='ltr'><strong><em>omne</em></strong></span> 
     </span>
    </p>
   </div>
   <div class='ocr_carea' id='block_1_17' title="bbox 458 1524 2062 1606">
    <p class='ocr_par' dir='ltr' id='par_1_17' title="bbox 458 1524 2062 1606">
     <span class='ocr_line' id='line_1_17' title="bbox 458 1524 2062 1606; baseline -0.009 -17"><span class='ocrx_word' id='word_1_125' title='bbox 458 1536 659 1606; x_wconf 86' lang='lat' dir='ltr'><strong><em>lignum</em></strong></span> <span class='ocrx_word' id='word_1_126' title='bbox 681 1533 990 1604; x_wconf 78' lang='lat' dir='ltr'><strong><em>pomiferum</em></strong></span> <span class='ocrx_word' id='word_1_127' title='bbox 1034 1529 1172 1601; x_wconf 85' lang='lat' dir='ltr'><strong><em>(sive</em></strong></span> <span class='ocrx_word' id='word_1_128' title='bbox 1204 1526 1540 1599; x_wconf 79' lang='lat' dir='ltr'><strong><em>frugiferum)</em></strong></span> <span class='ocrx_word' id='word_1_129' title='bbox 1570 1568 1584 1591; x_wconf 89' lang='lat'><strong><em>,</em></strong></span> <span class='ocrx_word' id='word_1_130' title='bbox 1621 1540 1723 1578; x_wconf 91' lang='lat' dir='ltr'><strong><em>non</em></strong></span> <span class='ocrx_word' id='word_1_131' title='bbox 1755 1524 1949 1595; x_wconf 78' lang='lat' dir='ltr'><strong><em>deﬂuat</em></strong></span> <span class='ocrx_word' id='word_1_132' title='bbox 1978 1526 2062 1592; x_wconf 77' lang='lat' dir='ltr'><strong><em>{o-</em></strong></span> 
     </span>
    </p>
   </div>
   <div class='ocr_carea' id='block_1_18' title="bbox 460 1615 2062 1698">
    <p class='ocr_par' dir='ltr' id='par_1_18' title="bbox 460 1615 2062 1698">
     <span class='ocr_line' id='line_1_18' title="bbox 460 1615 2062 1698; baseline -0.009 -15"><span class='ocrx_word' id='word_1_133' title='bbox 460 1629 590 1683; x_wconf 82' lang='lat' dir='ltr'><strong><em>tium</em></strong></span> <span class='ocrx_word' id='word_1_134' title='bbox 619 1643 683 1682; x_wconf 75' lang='lat' dir='ltr'><strong><em>ex</em></strong></span> <span class='ocrx_word' id='word_1_135' title='bbox 711 1643 769 1682; x_wconf 89' lang='lat' dir='ltr'><strong><em>eo</em></strong></span> <span class='ocrx_word' id='word_1_136' title='bbox 803 1627 941 1698; x_wconf 85' lang='lat' dir='ltr'><strong><em>(sive</em></strong></span> <span class='ocrx_word' id='word_1_137' title='bbox 965 1640 1066 1678; x_wconf 85' lang='lat' dir='ltr'><strong><em>non</em></strong></span> <span class='ocrx_word' id='word_1_138' title='bbox 1089 1624 1425 1677; x_wconf 83' lang='lat' dir='ltr'><strong><em>inveterascet</em></strong></span> <span class='ocrx_word' id='word_1_139' title='bbox 1448 1636 1509 1675; x_wconf 84' lang='lat' dir='ltr'><strong><em>ea:</em></strong></span> <span class='ocrx_word' id='word_1_140' title='bbox 1531 1615 1648 1687; x_wconf 91' lang='lat' dir='ltr'><strong><em>eo):</em></strong></span> <span class='ocrx_word' id='word_1_141' title='bbox 1675 1627 1833 1673; x_wconf 88' lang='lat' dir='ltr'><strong><em>etnon</em></strong></span> <span class='ocrx_word' id='word_1_142' title='bbox 1861 1616 2062 1686; x_wconf 82' lang='lat' dir='ltr'><strong><em>deﬁciet</em></strong></span> 
     </span>
    </p>
   </div>
   <div class='ocr_carea' id='block_1_19' title="bbox 2149 386 3715 460">
    <p class='ocr_par' dir='ltr' id='par_1_19' title="bbox 2149 386 3715 460">
     <span class='ocr_line' id='line_1_19' title="bbox 2149 386 3715 460; baseline 0.003 -15"><span class='ocrx_word' id='word_1_143' title='bbox 2149 388 2218 445; x_wconf 86' lang='lat' dir='ltr'><strong><em>de</em></strong></span> <span class='ocrx_word' id='word_1_144' title='bbox 2248 403 2354 459; x_wconf 91' lang='lat' dir='ltr'><strong><em>quo</em></strong></span> <span class='ocrx_word' id='word_1_145' title='bbox 2391 386 2445 444; x_wconf 91' lang='lat' dir='ltr'><strong><em>in</em></strong></span> <span class='ocrx_word' id='word_1_146' title='bbox 2493 386 2775 458; x_wconf 65' lang='lat' dir='ltr'><strong><em>prieterita</em></strong></span> <span class='ocrx_word' id='word_1_147' title='bbox 2805 387 3041 443; x_wconf 84' lang='lat' dir='ltr'><strong><em>diximus</em></strong></span> <span class='ocrx_word' id='word_1_148' title='bbox 3068 387 3337 455; x_wconf 84' lang='lat' dir='ltr'><strong><em>lectione,</em></strong></span> <span class='ocrx_word' id='word_1_149' title='bbox 3369 389 3480 460; x_wconf 89' lang='lat' dir='ltr'><strong><em>ipse</em></strong></span> <span class='ocrx_word' id='word_1_150' title='bbox 3516 406 3545 445; x_wconf 89' lang='lat' dir='ltr'><strong><em>a</em></strong></span> <span class='ocrx_word' id='word_1_151' title='bbox 3586 391 3715 449; x_wconf 76' lang='lat' dir='ltr'><strong><em>LXX</em></strong></span> 
     </span>
    </p>
   </div>
   <div class='ocr_carea' id='block_1_20' title="bbox 2150 480 3720 557">
    <p class='ocr_par' dir='ltr' id='par_1_20' title="bbox 2150 480 3720 557">
     <span class='ocr_line' id='line_1_20' title="bbox 2150 480 3720 557; baseline -0.004 -19"><span class='ocrx_word' id='word_1_152' title='bbox 2150 483 2311 557; x_wconf 74' lang='lat'><strong><em>592</em></strong></span> <span class='ocrx_word' id='word_1_153' title='bbox 2333 482 2637 553; x_wconf 90' lang='lat' dir='ltr'><strong><em>appellatur</em></strong></span> <span class='ocrx_word' id='word_1_154' title='bbox 2655 480 2869 542; x_wconf 83' lang='lat' dir='ltr'><strong><em>fluvius.</em></strong></span> <span class='ocrx_word' id='word_1_155' title='bbox 2892 496 2959 538; x_wconf 90' lang='lat' dir='ltr'><strong><em>eo</em></strong></span> <span class='ocrx_word' id='word_1_156' title='bbox 2983 483 3124 552; x_wconf 88' lang='lat' dir='ltr'><strong><em>quod</em></strong></span> <span class='ocrx_word' id='word_1_157' title='bbox 3147 492 3431 552; x_wconf 89' lang='lat' dir='ltr'><strong><em>perpetuas</em></strong></span> <span class='ocrx_word' id='word_1_158' title='bbox 3454 499 3612 554; x_wconf 82' lang='lat' dir='ltr'><strong><em>aquas</em></strong></span> <span class='ocrx_word' id='word_1_159' title='bbox 3634 487 3720 542; x_wconf 87' lang='lat' dir='ltr'><strong><em>ba.</em></strong></span> 
     </span>
    </p>
   </div>
   <div class='ocr_carea' id='block_1_21' title="bbox 2151 573 3722 645">
    <p class='ocr_par' dir='ltr' id='par_1_21' title="bbox 2151 573 3722 645">
     <span class='ocr_line' id='line_1_21' title="bbox 2151 573 3722 645; baseline 0.005 -14"><span class='ocrx_word' id='word_1_160' title='bbox 2151 576 2303 631; x_wconf 88' lang='lat' dir='ltr'><strong><em>beat:</em></strong></span> <span class='ocrx_word' id='word_1_161' title='bbox 2322 591 2420 631; x_wconf 86' lang='lat' dir='ltr'><strong><em>nec</em></strong></span> <span class='ocrx_word' id='word_1_162' title='bbox 2444 574 2509 631; x_wconf 91' lang='lat' dir='ltr'><strong><em>de</em></strong></span> <span class='ocrx_word' id='word_1_163' title='bbox 2535 574 2737 645; x_wconf 88' lang='lat' dir='ltr'><strong><em>pluviis</em></strong></span> <span class='ocrx_word' id='word_1_164' title='bbox 2761 573 2886 630; x_wconf 88' lang='lat' dir='ltr'><strong><em>hinc</em></strong></span> <span class='ocrx_word' id='word_1_165' title='bbox 2905 574 3030 631; x_wconf 91' lang='lat' dir='ltr'><strong><em>inde</em></strong></span> <span class='ocrx_word' id='word_1_166' title='bbox 3052 574 3332 643; x_wconf 89' lang='lat' dir='ltr'><strong><em>collectas,</em></strong></span> <span class='ocrx_word' id='word_1_167' title='bbox 3348 576 3437 632; x_wconf 88' lang='lat' dir='ltr'><strong><em>sed</em></strong></span> <span class='ocrx_word' id='word_1_168' title='bbox 3461 577 3525 635; x_wconf 89' lang='lat' dir='ltr'><strong><em>de</em></strong></span> <span class='ocrx_word' id='word_1_169' title='bbox 3546 579 3654 634; x_wconf 83' lang='lat' dir='ltr'><strong><em>vivo</em></strong></span> <span class='ocrx_word' id='word_1_170' title='bbox 3674 590 3722 639; x_wconf 88' lang='lat' dir='ltr'><strong><em>et</em></strong></span> 
     </span>
    </p>
   </div>
   <div class='ocr_carea' id='block_1_22' title="bbox 2153 670 3716 743">
    <p class='ocr_par' dir='ltr' id='par_1_22' title="bbox 2153 670 3716 743">
     <span class='ocr_line' id='line_1_22' title="bbox 2153 670 3716 743; baseline 0.004 -17"><span class='ocrx_word' id='word_1_171' title='bbox 2153 679 2413 742; x_wconf 86' lang='lat' dir='ltr'><strong><em>perpetuo</em></strong></span> <span class='ocrx_word' id='word_1_172' title='bbox 2466 670 2616 726; x_wconf 83' lang='lat' dir='ltr'><strong><em>fonte</em></strong></span> <span class='ocrx_word' id='word_1_173' title='bbox 2668 680 2973 726; x_wconf 76' lang='lat' dir='ltr'><strong><em>manantes.</em></strong></span> <span class='ocrx_word' id='word_1_174' title='bbox 3006 671 3080 727; x_wconf 90' lang='lat' dir='ltr'><strong><em>De</em></strong></span> <span class='ocrx_word' id='word_1_175' title='bbox 3111 688 3220 743; x_wconf 90' lang='lat' dir='ltr'><strong><em>quo</em></strong></span> <span class='ocrx_word' id='word_1_176' title='bbox 3269 670 3428 729; x_wconf 82' lang='lat' dir='ltr'><strong><em>ﬂuvio</em></strong></span> <span class='ocrx_word' id='word_1_177' title='bbox 3457 677 3618 731; x_wconf 89' lang='lat' dir='ltr'><strong><em>multa</em></strong></span> <span class='ocrx_word' id='word_1_178' title='bbox 3667 678 3716 733; x_wconf 91' lang='lat' dir='ltr'><strong><em>in</em></strong></span> 
     </span>
    </p>
   </div>
   <div class='ocr_carea' id='block_1_23' title="bbox 2156 763 3724 836">
    <p class='ocr_par' dir='ltr' id='par_1_23' title="bbox 2156 763 3724 836">
     <span class='ocr_line' id='line_1_23' title="bbox 2156 763 3724 836; baseline 0.003 -16"><span class='ocrx_word' id='word_1_179' title='bbox 2156 763 2453 835; x_wconf 89' lang='lat' dir='ltr'><strong><em>Scripturis</em></strong></span> <span class='ocrx_word' id='word_1_180' title='bbox 2502 764 2707 819; x_wconf 80' lang='lat' dir='ltr'><strong><em>sanctis</em></strong></span> <span class='ocrx_word' id='word_1_181' title='bbox 2762 766 3034 836; x_wconf 82' lang='lat' dir='ltr'><strong><em>legimus;</em></strong></span> <span class='ocrx_word' id='word_1_182' title='bbox 3087 764 3183 820; x_wconf 91' lang='lat' dir='ltr'><strong><em>sed</em></strong></span> <span class='ocrx_word' id='word_1_183' title='bbox 3232 765 3286 820; x_wconf 92' lang='lat' dir='ltr'><strong><em>in</em></strong></span> <span class='ocrx_word' id='word_1_184' title='bbox 3335 768 3724 836; x_wconf 68' lang='lat' dir='ltr'><strong><em>prmsentiarnm</em></strong></span> 
     </span>
    </p>
   </div>
   <div class='ocr_carea' id='block_1_24' title="bbox 2157 859 3728 931">
    <p class='ocr_par' dir='ltr' id='par_1_24' title="bbox 2157 859 3728 931">
     <span class='ocr_line' id='line_1_24' title="bbox 2157 859 3728 931; baseline 0.005 -18"><span class='ocrx_word' id='word_1_185' title='bbox 2157 874 2327 931; x_wconf 88' lang='lat' dir='ltr'><strong><em>pauca</em></strong></span> <span class='ocrx_word' id='word_1_186' title='bbox 2377 859 2604 917; x_wconf 81' lang='lat' dir='ltr'><strong><em>dicenda</em></strong></span> <span class='ocrx_word' id='word_1_187' title='bbox 2642 869 2818 928; x_wconf 89' lang='lat' dir='ltr'><strong><em>sunt,</em></strong></span> <span class='ocrx_word' id='word_1_188' title='bbox 2868 875 2930 916; x_wconf 89' lang='lat' dir='ltr'><strong><em>ac</em></strong></span> <span class='ocrx_word' id='word_1_189' title='bbox 2976 861 3209 931; x_wconf 91' lang='lat' dir='ltr'><strong><em>primum</em></strong></span> <span class='ocrx_word' id='word_1_190' title='bbox 3261 860 3426 917; x_wconf 87' lang='lat' dir='ltr'><strong><em>illud:</em></strong></span> <span class='ocrx_word' id='word_1_191' title='bbox 3484 862 3728 921; x_wconf 86' lang='lat' dir='ltr'><strong><em>Fluminis</em></strong></span> 
     </span>
    </p>
   </div>
   <div class='ocr_carea' id='block_1_25' title="bbox 2158 952 3727 1027">
    <p class='ocr_par' dir='ltr' id='par_1_25' title="bbox 2158 952 3727 1027">
     <span class='ocr_line' id='line_1_25' title="bbox 2158 952 3727 1027; baseline 0.004 -19"><span class='ocrx_word' id='word_1_192' title='bbox 2158 954 2394 1022; x_wconf 87' lang='lat' dir='ltr'><strong><em>impetus</em></strong></span> <span class='ocrx_word' id='word_1_193' title='bbox 2424 954 2662 1008; x_wconf 79' lang='lat' dir='ltr'><strong><em>laetiﬁcat</em></strong></span> <span class='ocrx_word' id='word_1_194' title='bbox 2687 954 2964 1009; x_wconf 88' lang='lat' dir='ltr'><strong><em>civitatem</em></strong></span> <span class='ocrx_word' id='word_1_195' title='bbox 3006 954 3103 1009; x_wconf 86' lang='lat' dir='ltr'><strong><em>Dei</em></strong></span> <span class='ocrx_word' id='word_1_196' title='bbox 3141 952 3263 1024; x_wconf 82' lang='lat' dir='ltr'><strong><em>(Ps.</em></strong></span> <span class='ocrx_word' id='word_1_197' title='bbox 3309 970 3411 1011; x_wconf 79' lang='lat' dir='ltr'><strong><em>XLV</em></strong></span> <span class='ocrx_word' id='word_1_198' title='bbox 3433 997 3446 1022; x_wconf 89' lang='lat'><strong><em>,</em></strong></span> <span class='ocrx_word' id='word_1_199' title='bbox 3470 956 3549 1027; x_wconf 70' lang='grc'><strong><em>4).</em></strong></span> <span class='ocrx_word' id='word_1_200' title='bbox 3580 958 3641 1012; x_wconf 86' lang='grc' dir='ltr'><strong><em>Ει</em></strong></span> <span class='ocrx_word' id='word_1_201' title='bbox 3680 961 3727 1015; x_wconf 89' lang='lat' dir='ltr'><strong><em>in</em></strong></span> 
     </span>
    </p>
   </div>
   <div class='ocr_carea' id='block_1_26' title="bbox 2158 1049 3733 1125">
    <p class='ocr_par' dir='ltr' id='par_1_26' title="bbox 2158 1049 3733 1125">
     <span class='ocr_line' id='line_1_26' title="bbox 2158 1049 3733 1125; baseline 0.004 -21"><span class='ocrx_word' id='word_1_202' title='bbox 2158 1049 2267 1104; x_wconf 89' lang='lat' dir='ltr'><strong><em>alio</em></strong></span> <span class='ocrx_word' id='word_1_203' title='bbox 2295 1050 2453 1104; x_wconf 91' lang='lat' dir='ltr'><strong><em>loco:</em></strong></span> <span class='ocrx_word' id='word_1_204' title='bbox 2487 1049 2715 1105; x_wconf 88' lang='lat' dir='ltr'><strong><em>Flumen</em></strong></span> <span class='ocrx_word' id='word_1_205' title='bbox 2757 1049 2855 1104; x_wconf 92' lang='lat' dir='ltr'><strong><em>Dei</em></strong></span> <span class='ocrx_word' id='word_1_206' title='bbox 2907 1050 3173 1120; x_wconf 90' lang='lat' dir='ltr'><strong><em>repletum</em></strong></span> <span class='ocrx_word' id='word_1_207' title='bbox 3211 1058 3296 1106; x_wconf 92' lang='lat' dir='ltr'><strong><em>est</em></strong></span> <span class='ocrx_word' id='word_1_208' title='bbox 3326 1052 3511 1123; x_wconf 88' lang='lat' dir='ltr'><strong><em>aquis,</em></strong></span> <span class='ocrx_word' id='word_1_209' title='bbox 3540 1069 3733 1125; x_wconf 62' lang='lat' dir='ltr'><strong><em>pratpa-</em></strong></span> 
     </span>
    </p>
   </div>
   <div class='ocr_carea' id='block_1_27' title="bbox 2161 1144 3730 1220">
    <p class='ocr_par' dir='ltr' id='par_1_27' title="bbox 2161 1144 3730 1220">
     <span class='ocr_line' id='line_1_27' title="bbox 2161 1144 3730 1220; baseline 0.003 -21"><span class='ocrx_word' id='word_1_210' title='bbox 2161 1145 2291 1199; x_wconf 88' lang='lat' dir='ltr'><strong><em>rasti</em></strong></span> <span class='ocrx_word' id='word_1_211' title='bbox 2319 1144 2496 1200; x_wconf 92' lang='lat' dir='ltr'><strong><em>cibum</em></strong></span> <span class='ocrx_word' id='word_1_212' title='bbox 2521 1159 2739 1211; x_wconf 89' lang='lat' dir='ltr'><strong><em>eorum,</em></strong></span> <span class='ocrx_word' id='word_1_213' title='bbox 2759 1144 2882 1215; x_wconf 84' lang='lat' dir='ltr'><strong><em>quia</em></strong></span> <span class='ocrx_word' id='word_1_214' title='bbox 2912 1145 2989 1200; x_wconf 90' lang='lat' dir='ltr'><strong><em>sic</em></strong></span> <span class='ocrx_word' id='word_1_215' title='bbox 3013 1156 3096 1200; x_wconf 88' lang='lat' dir='ltr'><strong><em>est</em></strong></span> <span class='ocrx_word' id='word_1_216' title='bbox 3118 1146 3442 1217; x_wconf 56' lang='lat' dir='ltr'><strong><em>praeparatio</em></strong></span> <span class='ocrx_word' id='word_1_217' title='bbox 3465 1144 3491 1184; x_wconf 72' lang='grc' dir='ltr'>ἀ</span> <span class='ocrx_word' id='word_1_218' title='bbox 3518 1158 3601 1202; x_wconf 91' lang='lat' dir='ltr'><strong><em>tua</em></strong></span> <span class='ocrx_word' id='word_1_219' title='bbox 3623 1148 3730 1220; x_wconf 85' lang='lat' dir='ltr'><strong><em>(Ps.</em></strong></span> 
     </span>
    </p>
   </div>
   <div class='ocr_carea' id='block_1_28' title="bbox 2162 1239 3735 1310">
    <p class='ocr_par' dir='ltr' id='par_1_28' title="bbox 2162 1239 3735 1310">
     <span class='ocr_line' id='line_1_28' title="bbox 2162 1239 3735 1310; baseline 0.002 -16"><span class='ocrx_word' id='word_1_220' title='bbox 2162 1254 2282 1294; x_wconf 83' lang='lat' dir='ltr'><strong><em>thv</em></strong></span> <span class='ocrx_word' id='word_1_221' title='bbox 2310 1280 2324 1303; x_wconf 94' lang='lat'><strong><em>,</em></strong></span> <span class='ocrx_word' id='word_1_222' title='bbox 2357 1239 2469 1309; x_wconf 80' lang='grc'><strong><em>10).</em></strong></span> <span class='ocrx_word' id='word_1_223' title='bbox 2506 1239 2853 1310; x_wconf 79' lang='lat' dir='ltr'><strong><em>Rursumque</em></strong></span> <span class='ocrx_word' id='word_1_224' title='bbox 2895 1239 3218 1308; x_wconf 83' lang='lat' dir='ltr'><strong><em>pluraliter:</em></strong></span> <span class='ocrx_word' id='word_1_225' title='bbox 3253 1239 3608 1296; x_wconf 86' lang='lat' dir='ltr'><strong><em>Elevaverunt</em></strong></span> <span class='ocrx_word' id='word_1_226' title='bbox 3648 1241 3735 1298; x_wconf 85' lang='lat' dir='ltr'><strong><em>llu-</em></strong></span> 
     </span>
    </p>
   </div>
   <div class='ocr_carea' id='block_1_29' title="bbox 2163 1332 3734 1403">
    <p class='ocr_par' dir='ltr' id='par_1_29' title="bbox 2163 1332 3734 1403">
     <span class='ocr_line' id='line_1_29' title="bbox 2163 1332 3734 1403; baseline 0.003 -17"><span class='ocrx_word' id='word_1_227' title='bbox 2163 1333 2333 1398; x_wconf 88' lang='lat' dir='ltr'><strong><em>mina,</em></strong></span> <span class='ocrx_word' id='word_1_228' title='bbox 2367 1332 2633 1400; x_wconf 91' lang='lat' dir='ltr'><strong><em>Domine,</em></strong></span> <span class='ocrx_word' id='word_1_229' title='bbox 2666 1333 3024 1388; x_wconf 83' lang='lat' dir='ltr'><strong><em>elevaverunt</em></strong></span> <span class='ocrx_word' id='word_1_230' title='bbox 3045 1332 3266 1388; x_wconf 77' lang='lat' dir='ltr'><strong><em>[lumina</em></strong></span> <span class='ocrx_word' id='word_1_231' title='bbox 3294 1348 3457 1389; x_wconf 86' lang='lat' dir='ltr'><strong><em>voces</em></strong></span> <span class='ocrx_word' id='word_1_232' title='bbox 3477 1349 3599 1391; x_wconf 88' lang='lat' dir='ltr'><strong><em>suas</em></strong></span> <span class='ocrx_word' id='word_1_233' title='bbox 3618 1377 3631 1403; x_wconf 82' lang='lat'><strong><em>,</em></strong></span> <span class='ocrx_word' id='word_1_234' title='bbox 3662 1344 3681 1372; x_wconf 73' lang='grc' dir='ltr'>ε</span> <span class='ocrx_word' id='word_1_235' title='bbox 3708 1352 3734 1391; x_wconf 88' lang='lat' dir='ltr'><strong><em>a</em></strong></span> 
     </span>
    </p>
   </div>
   <div class='ocr_carea' id='block_1_30' title="bbox 2164 1428 3737 1499">
    <p class='ocr_par' dir='ltr' id='par_1_30' title="bbox 2164 1428 3737 1499">
     <span class='ocr_line' id='line_1_30' title="bbox 2164 1428 3737 1499; baseline 0.001 -16"><span class='ocrx_word' id='word_1_236' title='bbox 2164 1428 2393 1483; x_wconf 80' lang='lat' dir='ltr'><strong><em>vocibus</em></strong></span> <span class='ocrx_word' id='word_1_237' title='bbox 2447 1441 2710 1499; x_wconf 89' lang='lat' dir='ltr'><strong><em>aquarum</em></strong></span> <span class='ocrx_word' id='word_1_238' title='bbox 2764 1428 3104 1484; x_wconf 88' lang='lat' dir='ltr'><strong><em>multarum:</em></strong></span> <span class='ocrx_word' id='word_1_239' title='bbox 3161 1429 3441 1485; x_wconf 87' lang='lat' dir='ltr'><strong><em>Mirabiles</em></strong></span> <span class='ocrx_word' id='word_1_240' title='bbox 3491 1430 3737 1485; x_wconf 84' lang='lat' dir='ltr'><strong><em>elationes</em></strong></span> 
     </span>
    </p>
   </div>
   <div class='ocr_carea' id='block_1_31' title="bbox 2168 1520 3740 1596">
    <p class='ocr_par' dir='ltr' id='par_1_31' title="bbox 2168 1520 3740 1596">
     <span class='ocr_line' id='line_1_31' title="bbox 2168 1520 3740 1596; baseline 0.001 -19"><span class='ocrx_word' id='word_1_241' title='bbox 2168 1522 2332 1577; x_wconf 86' lang='lat' dir='ltr'><strong><em>maris</em></strong></span> <span class='ocrx_word' id='word_1_242' title='bbox 2364 1520 2485 1596; x_wconf 85' lang='lat' dir='ltr'><strong><em>(Ps.</em></strong></span> <span class='ocrx_word' id='word_1_243' title='bbox 2533 1537 2672 1591; x_wconf 85' lang='lat' dir='ltr'><strong><em>xcu,</em></strong></span> <span class='ocrx_word' id='word_1_244' title='bbox 2721 1522 2865 1593; x_wconf 68' lang='lat'><strong><em>2-4).</em></strong></span> <span class='ocrx_word' id='word_1_245' title='bbox 2903 1523 2972 1578; x_wconf 87' lang='lat' dir='ltr'><strong><em>Et</em></strong></span> <span class='ocrx_word' id='word_1_246' title='bbox 3020 1524 3072 1578; x_wconf 93' lang='lat' dir='ltr'><strong><em>in</em></strong></span> <span class='ocrx_word' id='word_1_247' title='bbox 3105 1523 3239 1579; x_wconf 85' lang='lat' dir='ltr'><strong><em>Isaia</em></strong></span> <span class='ocrx_word' id='word_1_248' title='bbox 3276 1542 3289 1579; x_wconf 90' lang='lat'><strong>:</strong></span> <span class='ocrx_word' id='word_1_249' title='bbox 3323 1523 3536 1579; x_wconf 85' lang='lat' dir='ltr'><strong><em>Faciam</em></strong></span> <span class='ocrx_word' id='word_1_250' title='bbox 3566 1525 3613 1579; x_wconf 87' lang='lat' dir='ltr'><strong><em>itt</em></strong></span> <span class='ocrx_word' id='word_1_251' title='bbox 3652 1524 3740 1579; x_wconf 87' lang='lat' dir='ltr'><strong><em>de-</em></strong></span> 
     </span>
    </p>
   </div>
   <div class='ocr_carea' id='block_1_32' title="bbox 2167 1615 3744 1691">
    <p class='ocr_par' dir='ltr' id='par_1_32' title="bbox 2167 1615 3744 1691">
     <span class='ocr_line' id='line_1_32' title="bbox 2167 1615 3744 1691; baseline 0.001 -21"><span class='ocrx_word' id='word_1_252' title='bbox 2167 1624 2317 1671; x_wconf 89' lang='lat' dir='ltr'><strong><em>serto</em></strong></span> <span class='ocrx_word' id='word_1_253' title='bbox 2347 1617 2524 1682; x_wconf 90' lang='lat' dir='ltr'><strong><em>viam,</em></strong></span> <span class='ocrx_word' id='word_1_254' title='bbox 2557 1626 2614 1672; x_wconf 90' lang='lat' dir='ltr'><strong><em>et</em></strong></span> <span class='ocrx_word' id='word_1_255' title='bbox 2646 1617 2697 1672; x_wconf 93' lang='lat' dir='ltr'><strong><em>in</em></strong></span> <span class='ocrx_word' id='word_1_256' title='bbox 2733 1615 2877 1672; x_wconf 88' lang='lat' dir='ltr'><strong><em>invio</em></strong></span> <span class='ocrx_word' id='word_1_257' title='bbox 2918 1616 3138 1672; x_wconf 87' lang='lat' dir='ltr'><strong><em>flumina</em></strong></span> <span class='ocrx_word' id='word_1_258' title='bbox 3165 1615 3322 1691; x_wconf 86' lang='lat' dir='ltr'><strong><em>(Isai.</em></strong></span> <span class='ocrx_word' id='word_1_259' title='bbox 3351 1633 3509 1685; x_wconf 80' lang='lat' dir='ltr'><strong><em>xuu,</em></strong></span> <span class='ocrx_word' id='word_1_260' title='bbox 3543 1615 3648 1688; x_wconf 77' lang='lat' dir='ltr'><strong><em>l9).</em></strong></span> <span class='ocrx_word' id='word_1_261' title='bbox 3683 1616 3744 1672; x_wconf 87' lang='lat' dir='ltr'><strong><em>Et</em></strong></span> 
     </span>
    </p>
   </div>
   <div class='ocr_carea' id='block_1_33' title="bbox 460 1708 3744 1794">
    <p class='ocr_par' dir='ltr' id='par_1_33' title="bbox 460 1708 3744 1794">
     <span class='ocr_line' id='line_1_33' title="bbox 460 1708 3744 1794; baseline -0.003 -17"><span class='ocrx_word' id='word_1_262' title='bbox 460 1723 663 1794; x_wconf 75' lang='lat' dir='ltr'><strong><em>{ructus</em></strong></span> <span class='ocrx_word' id='word_1_263' title='bbox 685 1718 933 1793; x_wconf 75' lang='lat' dir='ltr'><strong><em>ejus.Per</em></strong></span> <span class='ocrx_word' id='word_1_264' title='bbox 953 1716 1190 1789; x_wconf 88' lang='lat' dir='ltr'><strong><em>singulos</em></strong></span> <span class='ocrx_word' id='word_1_265' title='bbox 1218 1730 1414 1770; x_wconf 85' lang='lat' dir='ltr'><strong><em>menses</em></strong></span> <span class='ocrx_word' id='word_1_266' title='bbox 1436 1710 1615 1780; x_wconf 72' lang='lat' dir='ltr'><strong><em>a/feret</em></strong></span> <span class='ocrx_word' id='word_1_267' title='bbox 1641 1711 1901 1784; x_wconf 85' lang='lat' dir='ltr'><strong><em>primitiva</em></strong></span> <span class='ocrx_word' id='word_1_268' title='bbox 1924 1708 2066 1781; x_wconf 83' lang='lat' dir='ltr'><strong><em>(sive</em></strong></span> <span class='ocrx_word' id='word_1_269' title='bbox 2099 1712 2145 1772; x_wconf 87' lang='grc' dir='ltr'><strong>Β</strong></span> <span class='ocrx_word' id='word_1_270' title='bbox 2174 1711 2227 1765; x_wconf 93' lang='lat' dir='ltr'><strong><em>in</em></strong></span> <span class='ocrx_word' id='word_1_271' title='bbox 2259 1711 2366 1767; x_wconf 86' lang='lat' dir='ltr'><strong><em>alio</em></strong></span> <span class='ocrx_word' id='word_1_272' title='bbox 2398 1710 2642 1779; x_wconf 82' lang='lat' dir='ltr'><strong><em>ejusdem</em></strong></span> <span class='ocrx_word' id='word_1_273' title='bbox 2662 1711 2781 1767; x_wconf 89' lang='lat' dir='ltr'><strong><em>loco</em></strong></span> <span class='ocrx_word' id='word_1_274' title='bbox 2813 1711 3154 1767; x_wconf 78' lang='lat' dir='ltr'><strong><em>manifestius</em></strong></span> <span class='ocrx_word' id='word_1_275' title='bbox 3181 1730 3193 1767; x_wconf 96' lang='lat'><strong>:</strong></span> <span class='ocrx_word' id='word_1_276' title='bbox 3222 1712 3521 1783; x_wconf 85' lang='lat' dir='ltr'><strong><em>Apparebit</em></strong></span> <span class='ocrx_word' id='word_1_277' title='bbox 3549 1710 3600 1767; x_wconf 85' lang='lat' dir='ltr'><strong><em>in</em></strong></span> <span class='ocrx_word' id='word_1_278' title='bbox 3628 1710 3744 1766; x_wconf 84' lang='lat' dir='ltr'><strong><em>Sion</em></strong></span> 
     </span>
    </p>
   </div>
   <div class='ocr_carea' id='block_1_34' title="bbox 458 1803 2065 1881">
    <p class='ocr_par' dir='ltr' id='par_1_34' title="bbox 458 1803 2065 1881">
     <span class='ocr_line' id='line_1_34' title="bbox 458 1803 2065 1881; baseline -0.008 -13"><span class='ocrx_word' id='word_1_279' title='bbox 458 1813 847 1869; x_wconf 87' lang='lat' dir='ltr'><strong><em>innovabuntur</em></strong></span> <span class='ocrx_word' id='word_1_280' title='bbox 896 1808 1096 1881; x_wconf 76' lang='lat' dir='ltr'><strong><em>munia)</em></strong></span> <span class='ocrx_word' id='word_1_281' title='bbox 1125 1828 1140 1875; x_wconf 91' lang='lat'><strong><em>;</em></strong></span> <span class='ocrx_word' id='word_1_282' title='bbox 1171 1810 1297 1880; x_wconf 83' lang='lat' dir='ltr'><strong><em>quia</em></strong></span> <span class='ocrx_word' id='word_1_283' title='bbox 1342 1821 1490 1877; x_wconf 86' lang='lat' dir='ltr'><strong><em>aqum</em></strong></span> <span class='ocrx_word' id='word_1_284' title='bbox 1521 1809 1635 1877; x_wconf 85' lang='lat' dir='ltr'><strong><em>ejus</em></strong></span> <span class='ocrx_word' id='word_1_285' title='bbox 1664 1804 1729 1858; x_wconf 85' lang='lat' dir='ltr'><strong><em>de</em></strong></span> <span class='ocrx_word' id='word_1_286' title='bbox 1767 1803 2065 1858; x_wconf 86' lang='lat' dir='ltr'><strong><em>sanctuario</em></strong></span> 
     </span>
    </p>
   </div>
   <div class='ocr_carea' id='block_1_35' title="bbox 461 1896 2066 1980">
    <p class='ocr_par' dir='ltr' id='par_1_35' title="bbox 461 1896 2066 1980">
     <span class='ocr_line' id='line_1_35' title="bbox 461 1896 2066 1980; baseline -0.009 -17"><span class='ocrx_word' id='word_1_287' title='bbox 461 1908 791 1980; x_wconf 86' lang='lat' dir='ltr'><strong><em>egredieutur</em></strong></span> <span class='ocrx_word' id='word_1_288' title='bbox 811 1948 824 1972; x_wconf 93' lang='lat'><strong><em>,</em></strong></span> <span class='ocrx_word' id='word_1_289' title='bbox 853 1914 899 1959; x_wconf 88' lang='lat' dir='ltr'><strong><em>et</em></strong></span> <span class='ocrx_word' id='word_1_290' title='bbox 927 1905 1024 1961; x_wconf 88' lang='lat' dir='ltr'><strong><em>erit</em></strong></span> <span class='ocrx_word' id='word_1_291' title='bbox 1050 1904 1249 1975; x_wconf 77' lang='lat' dir='ltr'><strong><em>fructus</em></strong></span> <span class='ocrx_word' id='word_1_292' title='bbox 1276 1906 1389 1973; x_wconf 86' lang='lat' dir='ltr'><strong><em>ejus</em></strong></span> <span class='ocrx_word' id='word_1_293' title='bbox 1416 1902 1469 1954; x_wconf 93' lang='lat' dir='ltr'><strong><em>in</em></strong></span> <span class='ocrx_word' id='word_1_294' title='bbox 1496 1900 1664 1953; x_wconf 88' lang='lat' dir='ltr'><strong><em>cibum</em></strong></span> <span class='ocrx_word' id='word_1_295' title='bbox 1687 1941 1700 1964; x_wconf 92' lang='lat'><strong><em>,</em></strong></span> <span class='ocrx_word' id='word_1_296' title='bbox 1729 1906 1776 1952; x_wconf 87' lang='lat' dir='ltr'><strong><em>et</em></strong></span> <span class='ocrx_word' id='word_1_297' title='bbox 1805 1898 1933 1970; x_wconf 76' lang='lat' dir='ltr'><strong><em>[alia</em></strong></span> <span class='ocrx_word' id='word_1_298' title='bbox 1954 1896 2066 1966; x_wconf 83' lang='lat' dir='ltr'><strong><em>ejus</em></strong></span> 
     </span>
    </p>
   </div>
   <div class='ocr_carea' id='block_1_36' title="bbox 460 1989 2064 2071">
    <p class='ocr_par' dir='ltr' id='par_1_36' title="bbox 460 1989 2064 2071">
     <span class='ocr_line' id='line_1_36' title="bbox 460 1989 2064 2071; baseline -0.007 -16"><span class='ocrx_word' id='word_1_299' title='bbox 460 2002 529 2055; x_wconf 72' lang='lat' dir='ltr'><strong><em>(ut</em></strong></span> <span class='ocrx_word' id='word_1_300' title='bbox 578 2001 893 2055; x_wconf 86' lang='lat' dir='ltr'><strong><em>medicinam</em></strong></span> <span class='ocrx_word' id='word_1_301' title='bbox 926 1996 1087 2071; x_wconf 84' lang='lat' dir='ltr'><strong><em>(sive</em></strong></span> <span class='ocrx_word' id='word_1_302' title='bbox 1125 2007 1171 2051; x_wconf 84' lang='lat' dir='ltr'><strong><em>ct</em></strong></span> <span class='ocrx_word' id='word_1_303' title='bbox 1200 1995 1434 2051; x_wconf 87' lang='lat' dir='ltr'><strong><em>ascensio</em></strong></span> <span class='ocrx_word' id='word_1_304' title='bbox 1467 1997 1581 2067; x_wconf 85' lang='lat' dir='ltr'><strong><em>ejus</em></strong></span> <span class='ocrx_word' id='word_1_305' title='bbox 1628 1993 1697 2046; x_wconf 88' lang='lat' dir='ltr'><strong><em>ad</em></strong></span> <span class='ocrx_word' id='word_1_306' title='bbox 1745 1989 2064 2063; x_wconf 85' lang='lat' dir='ltr'><strong><em>sanitatem).</em></strong></span> 
     </span>
    </p>
   </div>
   <div class='ocr_carea' id='block_1_37' title="bbox 460 2083 2071 2163">
    <p class='ocr_par' dir='ltr' id='par_1_37' title="bbox 460 2083 2071 2163">
     <span class='ocr_line' id='line_1_37' title="bbox 460 2083 2071 2163; baseline -0.007 -13"><span class='ocrx_word' id='word_1_307' title='bbox 460 2094 656 2150; x_wconf 88' lang='lat' dir='ltr'><strong><em>Totum</em></strong></span> <span class='ocrx_word' id='word_1_308' title='bbox 706 2092 1003 2163; x_wconf 89' lang='lat' dir='ltr'><strong><em>capitulum</em></strong></span> <span class='ocrx_word' id='word_1_309' title='bbox 1047 2104 1378 2163; x_wconf 91' lang='lat' dir='ltr'><strong><em>quamquam</em></strong></span> <span class='ocrx_word' id='word_1_310' title='bbox 1437 2087 1709 2158; x_wconf 88' lang='lat' dir='ltr'><strong><em>prolixum</em></strong></span> <span class='ocrx_word' id='word_1_311' title='bbox 1766 2085 1876 2151; x_wconf 90' lang='lat' dir='ltr'><strong><em>sit,</em></strong></span> <span class='ocrx_word' id='word_1_312' title='bbox 1907 2083 2071 2139; x_wconf 89' lang='lat' dir='ltr'><strong><em>simul</em></strong></span> 
     </span>
    </p>
   </div>
   <div class='ocr_carea' id='block_1_38' title="bbox 461 2181 2065 2262">
    <p class='ocr_par' dir='ltr' id='par_1_38' title="bbox 461 2181 2065 2262">
     <span class='ocr_line' id='line_1_38' title="bbox 461 2181 2065 2262; baseline -0.009 -16"><span class='ocrx_word' id='word_1_313' title='bbox 461 2204 669 2262; x_wconf 89' lang='lat' dir='ltr'><strong><em>ponere</em></strong></span> <span class='ocrx_word' id='word_1_314' title='bbox 700 2187 882 2251; x_wconf 83' lang='lat' dir='ltr'><strong><em>volui,</em></strong></span> <span class='ocrx_word' id='word_1_315' title='bbox 916 2202 985 2242; x_wconf 90' lang='lat' dir='ltr'><strong><em>ne</em></strong></span> <span class='ocrx_word' id='word_1_316' title='bbox 1030 2199 1253 2241; x_wconf 90' lang='lat' dir='ltr'><strong><em>sensum</em></strong></span> <span class='ocrx_word' id='word_1_317' title='bbox 1296 2181 1531 2254; x_wconf 78' lang='lat' dir='ltr'><strong><em>legentis</em></strong></span> <span class='ocrx_word' id='word_1_318' title='bbox 1572 2182 2023 2250; x_wconf 88' lang='lat' dir='ltr'><strong><em>interrumperem</em></strong></span> <span class='ocrx_word' id='word_1_319' title='bbox 2050 2222 2065 2245; x_wconf 94' lang='lat'><strong><em>,</em></strong></span> 
     </span>
    </p>
   </div>
   <div class='ocr_carea' id='block_1_39' title="bbox 460 2273 2069 2349">
    <p class='ocr_par' dir='ltr' id='par_1_39' title="bbox 460 2273 2069 2349">
     <span class='ocr_line' id='line_1_39' title="bbox 460 2273 2069 2349; baseline -0.008 -10"><span class='ocrx_word' id='word_1_320' title='bbox 460 2293 514 2341; x_wconf 89' lang='lat' dir='ltr'><strong><em>et</em></strong></span> <span class='ocrx_word' id='word_1_321' title='bbox 544 2281 801 2338; x_wconf 88' lang='lat' dir='ltr'><strong><em>lectionis</em></strong></span> <span class='ocrx_word' id='word_1_322' title='bbox 829 2280 965 2337; x_wconf 86' lang='lat' dir='ltr'><strong><em>ordo</em></strong></span> <span class='ocrx_word' id='word_1_323' title='bbox 991 2280 1199 2336; x_wconf 90' lang='lat' dir='ltr'><strong><em>divisus</em></strong></span> <span class='ocrx_word' id='word_1_324' title='bbox 1227 2281 1281 2333; x_wconf 92' lang='lat' dir='ltr'><strong><em>in</em></strong></span> <span class='ocrx_word' id='word_1_325' title='bbox 1304 2285 1485 2349; x_wconf 87' lang='lat' dir='ltr'><strong><em>partes</em></strong></span> <span class='ocrx_word' id='word_1_326' title='bbox 1511 2322 1525 2345; x_wconf 89' lang='lat'><strong><em>,</em></strong></span> <span class='ocrx_word' id='word_1_327' title='bbox 1561 2275 1834 2331; x_wconf 86' lang='lat' dir='ltr'><strong><em>audientis</em></strong></span> <span class='ocrx_word' id='word_1_328' title='bbox 1864 2273 2069 2328; x_wconf 88' lang='lat' dir='ltr'><strong><em>intelli-</em></strong></span> 
     </span>
    </p>
   </div>
   <div class='ocr_carea' id='block_1_40' title="bbox 464 2366 2075 2449">
    <p class='ocr_par' dir='ltr' id='par_1_40' title="bbox 464 2366 2075 2449">
     <span class='ocr_line' id='line_1_40' title="bbox 464 2366 2075 2449; baseline -0.007 -16"><span class='ocrx_word' id='word_1_329' title='bbox 464 2376 706 2449; x_wconf 79' lang='lat' dir='ltr'><strong><em>gentiam</em></strong></span> <span class='ocrx_word' id='word_1_330' title='bbox 748 2374 1123 2431; x_wconf 87' lang='lat' dir='ltr'><strong><em>conturbaret.</em></strong></span> <span class='ocrx_word' id='word_1_331' title='bbox 1153 2372 1507 2442; x_wconf 86' lang='lat' dir='ltr'><strong><em>Primumque</em></strong></span> <span class='ocrx_word' id='word_1_332' title='bbox 1546 2368 1840 2449; x_wconf 75' lang='lat' dir='ltr'><strong><em>dicendurn</em></strong></span> <span class='ocrx_word' id='word_1_333' title='bbox 1873 2410 1887 2435; x_wconf 93' lang='lat'><strong><em>,</em></strong></span> <span class='ocrx_word' id='word_1_334' title='bbox 1928 2366 2075 2435; x_wconf 92' lang='lat' dir='ltr'><strong><em>quod</em></strong></span> 
     </span>
    </p>
   </div>
   <div class='ocr_carea' id='block_1_41' title="bbox 465 2445 2077 2546">
    <p class='ocr_par' dir='ltr' id='par_1_41' title="bbox 465 2445 2077 2546">
     <span class='ocr_line' id='line_1_41' title="bbox 465 2445 2077 2546; baseline -0.009 -17"><span class='ocrx_word' id='word_1_335' title='bbox 465 2445 567 2546; x_wconf 76' lang='lat' dir='ltr'><strong><em>pro</em></strong></span> <span class='ocrx_word' id='word_1_336' title='bbox 598 2479 853 2528; x_wconf 89' lang='lat' dir='ltr'><strong><em>torrente</em></strong></span> <span class='ocrx_word' id='word_1_337' title='bbox 902 2470 954 2524; x_wconf 92' lang='lat' dir='ltr'><strong><em>in</em></strong></span> <span class='ocrx_word' id='word_1_338' title='bbox 1001 2468 1273 2524; x_wconf 85' lang='lat' dir='ltr'><strong><em>Hebraico</em></strong></span> <span class='ocrx_word' id='word_1_339' title='bbox 1312 2465 1514 2521; x_wconf 90' lang='lat' dir='ltr'><strong><em>dicitur</em></strong></span> <span class='ocrx_word' id='word_1_340' title='bbox 1543 2479 1721 2521; x_wconf 68' lang='lat' dir='ltr'><strong><em>unum.</em></strong></span> <span class='ocrx_word' id='word_1_341' title='bbox 1756 2445 1967 2533; x_wconf 60' lang='grc' dir='ltr'><strong><em>(ιω),</em></strong></span> <span class='ocrx_word' id='word_1_342' title='bbox 2022 2469 2077 2516; x_wconf 90' lang='lat' dir='ltr'><strong><em>et</em></strong></span> 
     </span>
    </p>
   </div>
   <div class='ocr_carea' id='block_1_42' title="bbox 469 2555 2077 2638">
    <p class='ocr_par' dir='ltr' id='par_1_42' title="bbox 469 2555 2077 2638">
     <span class='ocr_line' id='line_1_42' title="bbox 469 2555 2077 2638; baseline -0.011 -13"><span class='ocrx_word' id='word_1_343' title='bbox 469 2567 662 2625; x_wconf 86' lang='lat' dir='ltr'><strong><em>Graeco</em></strong></span> <span class='ocrx_word' id='word_1_344' title='bbox 694 2579 949 2622; x_wconf 88' lang='lat' dir='ltr'><strong><em>sermone</em></strong></span> <span class='ocrx_word' id='word_1_345' title='bbox 979 2562 1303 2638; x_wconf 80' lang='grc' dir='ltr'><strong><em>χειμάρρους</em></strong></span> <span class='ocrx_word' id='word_1_346' title='bbox 1330 2558 1635 2631; x_wconf 85' lang='lat' dir='ltr'><strong><em>appellatur</em></strong></span> <span class='ocrx_word' id='word_1_347' title='bbox 1662 2599 1676 2623; x_wconf 87' lang='lat'><strong><em>,</em></strong></span> <span class='ocrx_word' id='word_1_348' title='bbox 1711 2555 1857 2612; x_wconf 81' lang='lat' dir='ltr'><strong><em>LXX</em></strong></span> <span class='ocrx_word' id='word_1_349' title='bbox 1883 2556 2077 2626; x_wconf 86' lang='lat' dir='ltr'><strong><em>ﬂumen</em></strong></span> 
     </span>
    </p>
   </div>
   <div class='ocr_carea' id='block_1_43' title="bbox 470 2649 2077 2725">
    <p class='ocr_par' dir='ltr' id='par_1_43' title="bbox 470 2649 2077 2725">
     <span class='ocr_line' id='line_1_43' title="bbox 470 2649 2077 2725; baseline -0.007 -10"><span class='ocrx_word' id='word_1_350' title='bbox 470 2659 887 2717; x_wconf 88' lang='lat' dir='ltr'><strong><em>transtulerunt.</em></strong></span> <span class='ocrx_word' id='word_1_351' title='bbox 942 2656 1150 2711; x_wconf 85' lang='lat' dir='ltr'><strong><em>Deinde</em></strong></span> <span class='ocrx_word' id='word_1_352' title='bbox 1202 2669 1302 2725; x_wconf 89' lang='lat' dir='ltr'><strong><em>pro</em></strong></span> <span class='ocrx_word' id='word_1_353' title='bbox 1343 2652 1607 2717; x_wconf 64' lang='lat' dir='ltr'><strong><em>Galilaea,</em></strong></span> <span class='ocrx_word' id='word_1_354' title='bbox 1642 2666 1764 2724; x_wconf 69' lang='lat' dir='ltr'><strong><em>qua:</em></strong></span> <span class='ocrx_word' id='word_1_355' title='bbox 1812 2649 2077 2706; x_wconf 86' lang='lat' dir='ltr'><strong><em>Hebraice</em></strong></span> 
     </span>
    </p>
   </div>
   <div class='ocr_carea' id='block_1_44' title="bbox 468 2733 2078 2821">
    <p class='ocr_par' dir='ltr' id='par_1_44' title="bbox 468 2733 2078 2821">
     <span class='ocr_line' id='line_1_44' title="bbox 468 2733 2078 2821; baseline -0.004 -13"><span class='ocrx_word' id='word_1_356' title='bbox 468 2753 667 2809; x_wconf 85' lang='lat' dir='ltr'><strong><em>dicitur</em></strong></span> <span class='ocrx_word' id='word_1_357' title='bbox 714 2766 909 2807; x_wconf 69' lang='lat' dir='ltr'><strong><em>GALILA</em></strong></span> <span class='ocrx_word' id='word_1_358' title='bbox 968 2733 1202 2821; x_wconf 59' lang='lat'><strong><em>(3575:),</em></strong></span> <span class='ocrx_word' id='word_1_359' title='bbox 1233 2748 1430 2818; x_wconf 81' lang='lat' dir='ltr'><strong><em>Aquila</em></strong></span> <span class='ocrx_word' id='word_1_360' title='bbox 1459 2746 1488 2786; x_wconf 65' lang='grc' dir='ltr'>δ</span> <span class='ocrx_word' id='word_1_361' title='bbox 1519 2747 1657 2809; x_wconf 78' lang='grc' dir='ltr'><strong><em>θῖνας</em></strong></span> <span class='ocrx_word' id='word_1_362' title='bbox 1688 2748 2078 2817; x_wconf 85' lang='lat' dir='ltr'><strong><em>interpretatus</em></strong></span> 
     </span>
    </p>
   </div>
   <div class='ocr_carea' id='block_1_45' title="bbox 476 2838 2080 2915">
    <p class='ocr_par' dir='ltr' id='par_1_45' title="bbox 476 2838 2080 2915">
     <span class='ocr_line' id='line_1_45' title="bbox 476 2838 2080 2915; baseline -0.006 -13"><span class='ocrx_word' id='word_1_363' title='bbox 476 2846 548 2902; x_wconf 89' lang='lat' dir='ltr'><strong><em>sit</em></strong></span> <span class='ocrx_word' id='word_1_364' title='bbox 573 2889 588 2913; x_wconf 94' lang='lat'><strong><em>,</em></strong></span> <span class='ocrx_word' id='word_1_365' title='bbox 620 2843 766 2915; x_wconf 89' lang='lat' dir='ltr'><strong><em>quod</em></strong></span> <span class='ocrx_word' id='word_1_366' title='bbox 800 2844 1036 2899; x_wconf 90' lang='lat' dir='ltr'><strong><em>tumulos</em></strong></span> <span class='ocrx_word' id='word_1_367' title='bbox 1061 2843 1334 2913; x_wconf 75' lang='lat' dir='ltr'><strong><em>significat</em></strong></span> <span class='ocrx_word' id='word_1_368' title='bbox 1364 2856 1651 2897; x_wconf 87' lang='lat' dir='ltr'><strong><em>arenarum</em></strong></span> <span class='ocrx_word' id='word_1_369' title='bbox 1678 2857 1693 2908; x_wconf 95' lang='lat'><strong><em>;</em></strong></span> <span class='ocrx_word' id='word_1_370' title='bbox 1720 2838 2080 2912; x_wconf 84' lang='lat' dir='ltr'><strong><em>Symmachus</em></strong></span> 
     </span>
    </p>
   </div>
   <div class='ocr_carea' id='block_1_46' title="bbox 476 2931 2080 3016">
    <p class='ocr_par' dir='ltr' id='par_1_46' title="bbox 476 2931 2080 3016">
     <span class='ocr_line' id='line_1_46' title="bbox 476 2931 2080 3016; baseline -0.004 -22"><span class='ocrx_word' id='word_1_371' title='bbox 476 2939 732 3016; x_wconf 78' lang='grc' dir='ltr'><strong><em>μεθόριον,</em></strong></span> <span class='ocrx_word' id='word_1_372' title='bbox 765 2936 910 3008; x_wconf 90' lang='lat' dir='ltr'><strong><em>quod</em></strong></span> <span class='ocrx_word' id='word_1_373' title='bbox 962 2950 1250 3007; x_wconf 89' lang='lat' dir='ltr'><strong><em>possumus</em></strong></span> <span class='ocrx_word' id='word_1_374' title='bbox 1303 2932 1606 2989; x_wconf 83' lang='lat' dir='ltr'><strong><em>transferre</em></strong></span> <span class='ocrx_word' id='word_1_375' title='bbox 1634 2932 1939 3003; x_wconf 83' lang='lat' dir='ltr'><strong><em>conﬁnium.</em></strong></span> <span class='ocrx_word' id='word_1_376' title='bbox 1976 2931 2080 2987; x_wconf 87' lang='lat' dir='ltr'><strong><em>Pro</em></strong></span> 
     </span>
    </p>
   </div>
   <div class='ocr_carea' id='block_1_47' title="bbox 477 3024 2078 3100">
    <p class='ocr_par' dir='ltr' id='par_1_47' title="bbox 477 3024 2078 3100">
     <span class='ocr_line' id='line_1_47' title="bbox 477 3024 2078 3100; baseline -0.005 -13"><span class='ocrx_word' id='word_1_377' title='bbox 477 3031 676 3087; x_wconf 85' lang='lat' dir='ltr'><strong><em>Arabia</em></strong></span> <span class='ocrx_word' id='word_1_378' title='bbox 711 3045 927 3100; x_wconf 90' lang='lat' dir='ltr'><strong><em>quoque</em></strong></span> <span class='ocrx_word' id='word_1_379' title='bbox 965 3028 1349 3100; x_wconf 85' lang='lat' dir='ltr'><strong><em>Symmachus,</em></strong></span> <span class='ocrx_word' id='word_1_380' title='bbox 1378 3027 1776 3081; x_wconf 82' lang='lat' dir='ltr'><strong><em>inhabitabilem</em></strong></span> <span class='ocrx_word' id='word_1_381' title='bbox 1806 3038 1823 3091; x_wconf 90' lang='lat'><strong><em>;</em></strong></span> <span class='ocrx_word' id='word_1_382' title='bbox 1863 3024 2078 3096; x_wconf 79' lang='lat' dir='ltr'><strong><em>Aquila,</em></strong></span> 
     </span>
    </p>
   </div>
   <div class='ocr_carea' id='block_1_48' title="bbox 2172 1801 3742 1875">
    <p class='ocr_par' dir='ltr' id='par_1_48' title="bbox 2172 1801 3742 1875">
     <span class='ocr_line' id='line_1_48' title="bbox 2172 1801 3742 1875; baseline 0 -16"><span class='ocrx_word' id='word_1_383' title='bbox 2172 1803 2363 1859; x_wconf 86' lang='lat' dir='ltr'><strong><em>fluvius</em></strong></span> <span class='ocrx_word' id='word_1_384' title='bbox 2415 1802 2718 1860; x_wconf 89' lang='lat' dir='ltr'><strong><em>decurrens</em></strong></span> <span class='ocrx_word' id='word_1_385' title='bbox 2763 1804 3033 1874; x_wconf 76' lang='lat' dir='ltr'><strong><em>gloriosus</em></strong></span> <span class='ocrx_word' id='word_1_386' title='bbox 3073 1806 3123 1859; x_wconf 90' lang='lat' dir='ltr'><strong><em>in</em></strong></span> <span class='ocrx_word' id='word_1_387' title='bbox 3165 1813 3309 1859; x_wconf 86' lang='lat' dir='ltr'><strong><em>terra</em></strong></span> <span class='ocrx_word' id='word_1_388' title='bbox 3335 1805 3532 1860; x_wconf 88' lang='lat' dir='ltr'><strong><em>sitienti</em></strong></span> <span class='ocrx_word' id='word_1_389' title='bbox 3582 1801 3742 1875; x_wconf 87' lang='lat' dir='ltr'><strong><em>(Isai.</em></strong></span> 
     </span>
    </p>
   </div>
   <div class='ocr_carea' id='block_1_49' title="bbox 2173 1896 3747 1969">
    <p class='ocr_par' dir='ltr' id='par_1_49' title="bbox 2173 1896 3747 1969">
     <span class='ocr_line' id='line_1_49' title="bbox 2173 1896 3747 1969; baseline -0.001 -16"><span class='ocrx_word' id='word_1_390' title='bbox 2173 1913 2329 1966; x_wconf 84' lang='lat' dir='ltr'><strong><em>thv,</em></strong></span> <span class='ocrx_word' id='word_1_391' title='bbox 2360 1899 2439 1968; x_wconf 83' lang='grc'><strong><em>5).</em></strong></span> <span class='ocrx_word' id='word_1_392' title='bbox 2492 1896 2667 1969; x_wconf 89' lang='lat' dir='ltr'><strong><em>Super</em></strong></span> <span class='ocrx_word' id='word_1_393' title='bbox 2722 1898 2863 1953; x_wconf 86' lang='lat' dir='ltr'><strong><em>hunc</em></strong></span> <span class='ocrx_word' id='word_1_394' title='bbox 2914 1898 3142 1954; x_wconf 85' lang='lat' dir='ltr'><strong><em>ﬂuvium</em></strong></span> <span class='ocrx_word' id='word_1_395' title='bbox 3173 1907 3335 1953; x_wconf 85' lang='lat' dir='ltr'><strong><em>erant</em></strong></span> <span class='ocrx_word' id='word_1_396' title='bbox 3384 1898 3598 1954; x_wconf 87' lang='lat' dir='ltr'><strong><em>arbores</em></strong></span> <span class='ocrx_word' id='word_1_397' title='bbox 3644 1897 3747 1968; x_wconf 83' lang='lat' dir='ltr'><strong><em>plu-</em></strong></span> 
     </span>
    </p>
   </div>
   <div class='ocr_carea' id='block_1_50' title="bbox 2172 1993 3753 2065">
    <p class='ocr_par' dir='ltr' id='par_1_50' title="bbox 2172 1993 3753 2065">
     <span class='ocr_line' id='line_1_50' title="bbox 2172 1993 3753 2065; baseline -0.001 -17"><span class='ocrx_word' id='word_1_398' title='bbox 2172 1993 2328 2050; x_wconf 72' lang='lat' dir='ltr'><strong><em>rima:</em></strong></span> <span class='ocrx_word' id='word_1_399' title='bbox 2357 2007 2422 2047; x_wconf 83' lang='lat' dir='ltr'><strong><em>ex</em></strong></span> <span class='ocrx_word' id='word_1_400' title='bbox 2463 2001 2689 2063; x_wconf 88' lang='lat' dir='ltr'><strong><em>utraque</em></strong></span> <span class='ocrx_word' id='word_1_401' title='bbox 2728 2004 2885 2063; x_wconf 89' lang='lat' dir='ltr'><strong><em>parte</em></strong></span> <span class='ocrx_word' id='word_1_402' title='bbox 2934 1994 3109 2065; x_wconf 74' lang='lat' dir='ltr'><strong><em>ripm;</em></strong></span> <span class='ocrx_word' id='word_1_403' title='bbox 3146 2001 3205 2050; x_wconf 90' lang='lat' dir='ltr'><strong><em>ut</em></strong></span> <span class='ocrx_word' id='word_1_404' title='bbox 3234 1995 3381 2050; x_wconf 86' lang='lat' dir='ltr'><strong><em>inter</em></strong></span> <span class='ocrx_word' id='word_1_405' title='bbox 3410 1993 3515 2050; x_wconf 92' lang='lat' dir='ltr'><strong><em>duo</em></strong></span> <span class='ocrx_word' id='word_1_406' title='bbox 3559 1994 3753 2050; x_wconf 86' lang='lat' dir='ltr'><strong><em>scilicet</em></strong></span> 
     </span>
    </p>
   </div>
   <div class='ocr_carea' id='block_1_51' title="bbox 2177 2085 3755 2158">
    <p class='ocr_par' dir='ltr' id='par_1_51' title="bbox 2177 2085 3755 2158">
     <span class='ocr_line' id='line_1_51' title="bbox 2177 2085 3755 2158; baseline -0.001 -16"><span class='ocrx_word' id='word_1_407' title='bbox 2177 2085 2569 2156; x_wconf 89' lang='lat' dir='ltr'><strong><em>Instrumenta,</em></strong></span> <span class='ocrx_word' id='word_1_408' title='bbox 2600 2095 2757 2142; x_wconf 89' lang='lat' dir='ltr'><strong><em>vetus</em></strong></span> <span class='ocrx_word' id='word_1_409' title='bbox 2788 2096 2843 2142; x_wconf 89' lang='lat' dir='ltr'><strong><em>et</em></strong></span> <span class='ocrx_word' id='word_1_410' title='bbox 2870 2103 3096 2158; x_wconf 90' lang='lat' dir='ltr'><strong><em>novum,</em></strong></span> <span class='ocrx_word' id='word_1_411' title='bbox 3128 2090 3351 2145; x_wconf 86' lang='lat' dir='ltr'><strong><em>clausus</em></strong></span> <span class='ocrx_word' id='word_1_412' title='bbox 3392 2099 3633 2147; x_wconf 88' lang='lat' dir='ltr'><strong><em>curreret</em></strong></span> <span class='ocrx_word' id='word_1_413' title='bbox 3666 2086 3755 2141; x_wconf 83' lang='lat' dir='ltr'><strong><em>llu-</em></strong></span> 
     </span>
    </p>
   </div>
   <div class='ocr_carea' id='block_1_52' title="bbox 2176 2179 3755 2253">
    <p class='ocr_par' dir='ltr' id='par_1_52' title="bbox 2176 2179 3755 2253">
     <span class='ocr_line' id='line_1_52' title="bbox 2176 2179 3755 2253; baseline -0.001 -19"><span class='ocrx_word' id='word_1_414' title='bbox 2176 2180 2317 2235; x_wconf 90' lang='lat' dir='ltr'><strong><em>vius.</em></strong></span> <span class='ocrx_word' id='word_1_415' title='bbox 2366 2179 2534 2251; x_wconf 82' lang='lat' dir='ltr'><strong><em>Ligna</em></strong></span> <span class='ocrx_word' id='word_1_416' title='bbox 2584 2188 2765 2236; x_wconf 90' lang='lat' dir='ltr'><strong><em>autem</em></strong></span> <span class='ocrx_word' id='word_1_417' title='bbox 2795 2180 2960 2235; x_wconf 90' lang='lat' dir='ltr'><strong><em>multa</em></strong></span> <span class='ocrx_word' id='word_1_418' title='bbox 2993 2223 3007 2247; x_wconf 90' lang='lat'><strong><em>,</em></strong></span> <span class='ocrx_word' id='word_1_419' title='bbox 3039 2182 3127 2238; x_wconf 90' lang='lat' dir='ltr'><strong><em>vel</em></strong></span> <span class='ocrx_word' id='word_1_420' title='bbox 3168 2182 3395 2240; x_wconf 85' lang='lat' dir='ltr'><strong><em>arbores</em></strong></span> <span class='ocrx_word' id='word_1_421' title='bbox 3437 2181 3682 2253; x_wconf 88' lang='lat' dir='ltr'><strong><em>plurimas</em></strong></span> <span class='ocrx_word' id='word_1_422' title='bbox 3708 2191 3755 2234; x_wconf 89' lang='lat' dir='ltr'><strong><em>et</em></strong></span> 
     </span>
    </p>
   </div>
   <div class='ocr_carea' id='block_1_53' title="bbox 2177 2272 3756 2348">
    <p class='ocr_par' dir='ltr' id='par_1_53' title="bbox 2177 2272 3756 2348">
     <span class='ocr_line' id='line_1_53' title="bbox 2177 2272 3756 2348; baseline -0.003 -18"><span class='ocrx_word' id='word_1_423' title='bbox 2177 2274 2377 2330; x_wconf 89' lang='lat' dir='ltr'><strong><em>multas</em></strong></span> <span class='ocrx_word' id='word_1_424' title='bbox 2405 2275 2599 2341; x_wconf 88' lang='lat' dir='ltr'><strong><em>nimis,</em></strong></span> <span class='ocrx_word' id='word_1_425' title='bbox 2634 2274 2756 2330; x_wconf 88' lang='lat' dir='ltr'><strong><em>illas</em></strong></span> <span class='ocrx_word' id='word_1_426' title='bbox 2806 2275 3043 2331; x_wconf 87' lang='lat' dir='ltr'><strong><em>arbitror</em></strong></span> <span class='ocrx_word' id='word_1_427' title='bbox 3087 2290 3222 2348; x_wconf 89' lang='lat' dir='ltr'><strong><em>quas</em></strong></span> <span class='ocrx_word' id='word_1_428' title='bbox 3254 2277 3308 2331; x_wconf 91' lang='lat' dir='ltr'><strong><em>in</em></strong></span> <span class='ocrx_word' id='word_1_429' title='bbox 3339 2275 3586 2347; x_wconf 85' lang='lat' dir='ltr'><strong><em>paradiso</em></strong></span> <span class='ocrx_word' id='word_1_430' title='bbox 3626 2272 3756 2327; x_wconf 87' lang='lat' dir='ltr'><strong><em>Scri-</em></strong></span> 
     </span>
    </p>
   </div>
   <div class='ocr_carea' id='block_1_54' title="bbox 2176 2368 3756 2441">
    <p class='ocr_par' dir='ltr' id='par_1_54' title="bbox 2176 2368 3756 2441">
     <span class='ocr_line' id='line_1_54' title="bbox 2176 2368 3756 2441; baseline -0.001 -18"><span class='ocrx_word' id='word_1_431' title='bbox 2176 2377 2338 2441; x_wconf 89' lang='lat' dir='ltr'><strong><em>ptura</em></strong></span> <span class='ocrx_word' id='word_1_432' title='bbox 2368 2378 2766 2425; x_wconf 90' lang='lat' dir='ltr'><strong><em>commemorat</em></strong></span> <span class='ocrx_word' id='word_1_433' title='bbox 2786 2369 2965 2439; x_wconf 88' lang='lat' dir='ltr'><strong><em>pomis</em></strong></span> <span class='ocrx_word' id='word_1_434' title='bbox 2985 2369 3152 2426; x_wconf 80' lang='lat' dir='ltr'><strong><em>variis</em></strong></span> <span class='ocrx_word' id='word_1_435' title='bbox 3178 2370 3491 2435; x_wconf 88' lang='lat' dir='ltr'><strong><em>abundare;</em></strong></span> <span class='ocrx_word' id='word_1_436' title='bbox 3514 2368 3756 2435; x_wconf 89' lang='lat' dir='ltr'><strong><em>docetque</em></strong></span> 
     </span>
    </p>
   </div>
   <div class='ocr_carea' id='block_1_55' title="bbox 2181 2462 3752 2537">
    <p class='ocr_par' dir='ltr' id='par_1_55' title="bbox 2181 2462 3752 2537">
     <span class='ocr_line' id='line_1_55' title="bbox 2181 2462 3752 2537; baseline -0.002 -19"><span class='ocrx_word' id='word_1_437' title='bbox 2181 2463 2505 2535; x_wconf 89' lang='lat' dir='ltr'><strong><em>prophetam</em></strong></span> <span class='ocrx_word' id='word_1_438' title='bbox 2552 2463 2754 2519; x_wconf 92' lang='lat' dir='ltr'><strong><em>ductor</em></strong></span> <span class='ocrx_word' id='word_1_439' title='bbox 2803 2464 3037 2534; x_wconf 86' lang='lat' dir='ltr'><strong><em>praevius</em></strong></span> <span class='ocrx_word' id='word_1_440' title='bbox 3067 2474 3123 2521; x_wconf 86' lang='lat' dir='ltr'><strong><em>et</em></strong></span> <span class='ocrx_word' id='word_1_441' title='bbox 3167 2466 3462 2537; x_wconf 82' lang='lat' dir='ltr'><strong><em>magister,</em></strong></span> <span class='ocrx_word' id='word_1_442' title='bbox 3510 2474 3563 2521; x_wconf 89' lang='lat' dir='ltr'><strong><em>et</em></strong></span> <span class='ocrx_word' id='word_1_443' title='bbox 3605 2462 3752 2519; x_wconf 88' lang='lat' dir='ltr'><strong><em>dicit:</em></strong></span> 
     </span>
    </p>
   </div>
   <div class='ocr_carea' id='block_1_56' title="bbox 2180 2557 3755 2630">
    <p class='ocr_par' dir='ltr' id='par_1_56' title="bbox 2180 2557 3755 2630">
     <span class='ocr_line' id='line_1_56' title="bbox 2180 2557 3755 2630; baseline -0.003 -16"><span class='ocrx_word' id='word_1_444' title='bbox 2180 2557 2351 2628; x_wconf 80' lang='lat' dir='ltr'><strong><em>Aquae</em></strong></span> <span class='ocrx_word' id='word_1_445' title='bbox 2376 2557 2496 2613; x_wconf 71' lang='lat' dir='ltr'><strong><em>istae</em></strong></span> <span class='ocrx_word' id='word_1_446' title='bbox 2523 2572 2649 2629; x_wconf 77' lang='lat' dir='ltr'><strong><em>qua:</em></strong></span> <span class='ocrx_word' id='word_1_447' title='bbox 2679 2557 3034 2628; x_wconf 84' lang='lat' dir='ltr'><strong><em>egrediuntur</em></strong></span> <span class='ocrx_word' id='word_1_448' title='bbox 3063 2600 3079 2626; x_wconf 90' lang='lat'><strong><em>,</em></strong></span> <span class='ocrx_word' id='word_1_449' title='bbox 3126 2559 3211 2614; x_wconf 90' lang='lat' dir='ltr'><strong><em>vel</em></strong></span> <span class='ocrx_word' id='word_1_450' title='bbox 3246 2559 3302 2613; x_wconf 93' lang='lat' dir='ltr'><strong><em>in</em></strong></span> <span class='ocrx_word' id='word_1_451' title='bbox 3325 2557 3612 2630; x_wconf 49' lang='lat' dir='ltr'><strong><em>(Galilaeam</em></strong></span> <span class='ocrx_word' id='word_1_452' title='bbox 3638 2570 3755 2627; x_wconf 83' lang='lat' dir='ltr'><strong><em>gen-</em></strong></span> 
     </span>
    </p>
   </div>
   <div class='ocr_carea' id='block_1_57' title="bbox 2181 2646 3758 2725">
    <p class='ocr_par' dir='ltr' id='par_1_57' title="bbox 2181 2646 3758 2725">
     <span class='ocr_line' id='line_1_57' title="bbox 2181 2646 3758 2725; baseline -0.004 -17"><span class='ocrx_word' id='word_1_453' title='bbox 2181 2654 2316 2708; x_wconf 87' lang='lat' dir='ltr'><strong><em>tium</em></strong></span> <span class='ocrx_word' id='word_1_454' title='bbox 2344 2695 2360 2720; x_wconf 92' lang='lat'><strong><em>,</em></strong></span> <span class='ocrx_word' id='word_1_455' title='bbox 2389 2652 2543 2723; x_wconf 83' lang='lat' dir='ltr'><strong><em>juxta</em></strong></span> <span class='ocrx_word' id='word_1_456' title='bbox 2574 2651 2717 2707; x_wconf 77' lang='lat' dir='ltr'><strong><em>LXX</em></strong></span> <span class='ocrx_word' id='word_1_457' title='bbox 2740 2694 2753 2717; x_wconf 92' lang='lat'><strong><em>,</em></strong></span> <span class='ocrx_word' id='word_1_458' title='bbox 2798 2652 2885 2708; x_wconf 88' lang='lat' dir='ltr'><strong><em>vel</em></strong></span> <span class='ocrx_word' id='word_1_459' title='bbox 2928 2652 3019 2725; x_wconf 91' lang='lat' dir='ltr'><strong><em>(ut</em></strong></span> <span class='ocrx_word' id='word_1_460' title='bbox 3059 2653 3236 2707; x_wconf 86' lang='lat' dir='ltr'><strong><em>verius</em></strong></span> <span class='ocrx_word' id='word_1_461' title='bbox 3267 2653 3323 2708; x_wconf 90' lang='lat' dir='ltr'><strong><em>in</em></strong></span> <span class='ocrx_word' id='word_1_462' title='bbox 3352 2651 3579 2709; x_wconf 66' lang='lat' dir='ltr'><strong><em>llebrteo</em></strong></span> <span class='ocrx_word' id='word_1_463' title='bbox 3601 2646 3758 2705; x_wconf 86' lang='lat' dir='ltr'><strong><em>conti-</em></strong></span> 
     </span>
    </p>
   </div>
   <div class='ocr_carea' id='block_1_58' title="bbox 2183 2741 3759 2819">
    <p class='ocr_par' dir='ltr' id='par_1_58' title="bbox 2183 2741 3759 2819">
     <span class='ocr_line' id='line_1_58' title="bbox 2183 2741 3759 2819; baseline -0.006 -16"><span class='ocrx_word' id='word_1_464' title='bbox 2183 2747 2375 2819; x_wconf 89' lang='lat' dir='ltr'><strong><em>netur)</em></strong></span> <span class='ocrx_word' id='word_1_465' title='bbox 2414 2746 2482 2802; x_wconf 90' lang='lat' dir='ltr'><strong><em>ad</em></strong></span> <span class='ocrx_word' id='word_1_466' title='bbox 2511 2746 2745 2802; x_wconf 89' lang='lat' dir='ltr'><strong><em>tumulos</em></strong></span> <span class='ocrx_word' id='word_1_467' title='bbox 2775 2746 2948 2801; x_wconf 87' lang='lat' dir='ltr'><strong><em>sabuli</em></strong></span> <span class='ocrx_word' id='word_1_468' title='bbox 2981 2746 3283 2802; x_wconf 85' lang='lat' dir='ltr'><strong><em>Orientalis</em></strong></span> <span class='ocrx_word' id='word_1_469' title='bbox 3305 2791 3320 2815; x_wconf 91' lang='lat'><strong><em>,</em></strong></span> <span class='ocrx_word' id='word_1_470' title='bbox 3362 2756 3418 2804; x_wconf 91' lang='lat' dir='ltr'><strong><em>et</em></strong></span> <span class='ocrx_word' id='word_1_471' title='bbox 3446 2741 3759 2802; x_wconf 88' lang='lat' dir='ltr'><strong><em>descendunt</em></strong></span> 
     </span>
    </p>
   </div>
   <div class='ocr_carea' id='block_1_59' title="bbox 2182 2841 3754 2913">
    <p class='ocr_par' dir='ltr' id='par_1_59' title="bbox 2182 2841 3754 2913">
     <span class='ocr_line' id='line_1_59' title="bbox 2182 2841 3754 2913; baseline -0.005 -14"><span class='ocrx_word' id='word_1_472' title='bbox 2182 2843 2249 2899; x_wconf 91' lang='lat' dir='ltr'><strong><em>ad</em></strong></span> <span class='ocrx_word' id='word_1_473' title='bbox 2275 2842 2429 2913; x_wconf 90' lang='lat' dir='ltr'><strong><em>plana</em></strong></span> <span class='ocrx_word' id='word_1_474' title='bbox 2462 2842 2702 2910; x_wconf 89' lang='lat' dir='ltr'><strong><em>deserti,</em></strong></span> <span class='ocrx_word' id='word_1_475' title='bbox 2734 2841 2821 2898; x_wconf 86' lang='lat' dir='ltr'><strong><em>vel</em></strong></span> <span class='ocrx_word' id='word_1_476' title='bbox 2854 2842 2919 2896; x_wconf 88' lang='lat' dir='ltr'><strong><em>ad</em></strong></span> <span class='ocrx_word' id='word_1_477' title='bbox 2947 2842 3210 2899; x_wconf 74' lang='lat' dir='ltr'><strong><em>Arabiam</em></strong></span> <span class='ocrx_word' id='word_1_478' title='bbox 3231 2882 3245 2908; x_wconf 89' lang='lat'><strong><em>,</em></strong></span> <span class='ocrx_word' id='word_1_479' title='bbox 3278 2843 3561 2899; x_wconf 89' lang='lat' dir='ltr'><strong><em>intrabunt</em></strong></span> <span class='ocrx_word' id='word_1_480' title='bbox 3584 2853 3718 2895; x_wconf 87' lang='lat' dir='ltr'><strong><em>mare</em></strong></span> <span class='ocrx_word' id='word_1_481' title='bbox 3741 2881 3754 2904; x_wconf 92' lang='lat'><strong><em>,</em></strong></span> 
     </span>
    </p>
   </div>
   <div class='ocr_carea' id='block_1_60' title="bbox 2186 2928 3760 3009">
    <p class='ocr_par' dir='ltr' id='par_1_60' title="bbox 2186 2928 3760 3009">
     <span class='ocr_line' id='line_1_60' title="bbox 2186 2928 3760 3009; baseline -0.004 -20"><span class='ocrx_word' id='word_1_482' title='bbox 2186 2936 2269 2993; x_wconf 89' lang='lat' dir='ltr'><strong><em>vel</em></strong></span> <span class='ocrx_word' id='word_1_483' title='bbox 2298 2936 2364 2990; x_wconf 89' lang='lat' dir='ltr'><strong><em>ad</em></strong></span> <span class='ocrx_word' id='word_1_484' title='bbox 2387 2937 2565 2991; x_wconf 83' lang='lat' dir='ltr'><strong><em>exitus</em></strong></span> <span class='ocrx_word' id='word_1_485' title='bbox 2589 2936 2785 3003; x_wconf 88' lang='lat' dir='ltr'><strong><em>maris,</em></strong></span> <span class='ocrx_word' id='word_1_486' title='bbox 2820 2945 2877 2991; x_wconf 90' lang='lat' dir='ltr'><strong><em>et</em></strong></span> <span class='ocrx_word' id='word_1_487' title='bbox 2904 2936 3247 2992; x_wconf 83' lang='lat' dir='ltr'><strong><em>sanabuntur</em></strong></span> <span class='ocrx_word' id='word_1_488' title='bbox 3276 2952 3459 3009; x_wconf 64' lang='lat' dir='ltr'><strong><em>aqua).</em></strong></span> <span class='ocrx_word' id='word_1_489' title='bbox 3487 2938 3657 3006; x_wconf 84' lang='lat' dir='ltr'><strong><em>Aquas</em></strong></span> <span class='ocrx_word' id='word_1_490' title='bbox 3683 2928 3760 2985; x_wconf 87' lang='lat' dir='ltr'><strong><em>vel</em></strong></span> 
     </span>
    </p>
   </div>
   <div class='ocr_carea' id='block_1_61' title="bbox 2185 3023 3760 3101">
    <p class='ocr_par' dir='ltr' id='par_1_61' title="bbox 2185 3023 3760 3101">
     <span class='ocr_line' id='line_1_61' title="bbox 2185 3023 3760 3101; baseline -0.005 -17"><span class='ocrx_word' id='word_1_491' title='bbox 2185 3028 2439 3099; x_wconf 87' lang='lat' dir='ltr'><strong><em>baptismi</em></strong></span> <span class='ocrx_word' id='word_1_492' title='bbox 2467 3029 2693 3099; x_wconf 81' lang='lat' dir='ltr'><strong><em>gratiam</em></strong></span> <span class='ocrx_word' id='word_1_493' title='bbox 2722 3071 2735 3094; x_wconf 95' lang='lat'><strong><em>,</em></strong></span> <span class='ocrx_word' id='word_1_494' title='bbox 2768 3028 2855 3084; x_wconf 86' lang='lat' dir='ltr'><strong><em>vel</em></strong></span> <span class='ocrx_word' id='word_1_495' title='bbox 2886 3027 3274 3099; x_wconf 77' lang='lat' dir='ltr'><strong><em>Evangelicam</em></strong></span> <span class='ocrx_word' id='word_1_496' title='bbox 3310 3027 3617 3101; x_wconf 78' lang='lat' dir='ltr'><strong><em>signiﬁcare</em></strong></span> <span class='ocrx_word' id='word_1_497' title='bbox 3644 3023 3760 3079; x_wconf 91' lang='lat' dir='ltr'><strong><em>doc-</em></strong></span> 
     </span>
    </p>
   </div>
   <div class='ocr_carea' id='block_1_62' title="bbox 476 3116 3759 3196">
    <p class='ocr_par' dir='ltr' id='par_1_62' title="bbox 476 3116 3759 3196">
     <span class='ocr_line' id='line_1_62' title="bbox 476 3116 3759 3196; baseline -0.004 -11"><span class='ocrx_word' id='word_1_498' title='bbox 476 3124 702 3180; x_wconf 77' lang='lat' dir='ltr'><strong><em>humilia</em></strong></span> <span class='ocrx_word' id='word_1_499' title='bbox 733 3124 821 3178; x_wconf 73' lang='lat' dir='ltr'><strong><em>vel</em></strong></span> <span class='ocrx_word' id='word_1_500' title='bbox 866 3122 1062 3195; x_wconf 76' lang='lat' dir='ltr'><strong><em>plana;</em></strong></span> <span class='ocrx_word' id='word_1_501' title='bbox 1115 3121 1423 3177; x_wconf 78' lang='lat' dir='ltr'><strong><em>Tlleodolio</em></strong></span> <span class='ocrx_word' id='word_1_502' title='bbox 1450 3164 1464 3190; x_wconf 85' lang='lat'><strong><em>,</em></strong></span> <span class='ocrx_word' id='word_1_503' title='bbox 1504 3132 1525 3159; x_wconf 75' lang='grc' dir='ltr'><strong>ο</strong></span> <span class='ocrx_word' id='word_1_504' title='bbox 1561 3121 1735 3175; x_wconf 77' lang='grc' dir='ltr'><strong><em>Αναὺα</em></strong></span> <span class='ocrx_word' id='word_1_505' title='bbox 1787 3120 2080 3175; x_wconf 65' lang='grc' dir='ltr'><strong><em>ῑτδηεωιε-</em></strong></span> <span class='ocrx_word' id='word_1_506' title='bbox 2112 3118 2159 3183; x_wconf 85' lang='lat' dir='ltr'><strong>C</strong></span> <span class='ocrx_word' id='word_1_507' title='bbox 2192 3126 2424 3195; x_wconf 87' lang='lat' dir='ltr'><strong><em>trinam,</em></strong></span> <span class='ocrx_word' id='word_1_508' title='bbox 2457 3123 2660 3180; x_wconf 89' lang='lat' dir='ltr'><strong><em>dudum</em></strong></span> <span class='ocrx_word' id='word_1_509' title='bbox 2695 3123 2956 3180; x_wconf 83' lang='lat' dir='ltr'><strong><em>diximus.</em></strong></span> <span class='ocrx_word' id='word_1_510' title='bbox 2988 3124 3120 3193; x_wconf 71' lang='lat' dir='ltr'><strong><em>Qua:</em></strong></span> <span class='ocrx_word' id='word_1_511' title='bbox 3162 3125 3207 3179; x_wconf 91' lang='lat' dir='ltr'><strong><em>si</em></strong></span> <span class='ocrx_word' id='word_1_512' title='bbox 3253 3124 3601 3196; x_wconf 82' lang='lat' dir='ltr'><strong><em>egrediantur</em></strong></span> <span class='ocrx_word' id='word_1_513' title='bbox 3620 3118 3681 3175; x_wconf 91' lang='lat' dir='ltr'><strong><em>de</em></strong></span> <span class='ocrx_word' id='word_1_514' title='bbox 3704 3116 3759 3172; x_wconf 90' lang='lat' dir='ltr'><strong><em>li-</em></strong></span> 
     </span>
    </p>
   </div>
   <div class='ocr_carea' id='block_1_63' title="bbox 478 3214 2081 3288">
    <p class='ocr_par' dir='ltr' id='par_1_63' title="bbox 478 3214 2081 3288">
     <span class='ocr_line' id='line_1_63' title="bbox 478 3214 2081 3288; baseline -0.006 -12"><span class='ocrx_word' id='word_1_515' title='bbox 478 3227 627 3276; x_wconf 82' lang='lat' dir='ltr'><strong><em>runt.</em></strong></span> <span class='ocrx_word' id='word_1_516' title='bbox 657 3219 907 3273; x_wconf 81' lang='lat' dir='ltr'><strong><em>Dicamus</em></strong></span> <span class='ocrx_word' id='word_1_517' title='bbox 947 3232 1077 3288; x_wconf 82' lang='lat' dir='ltr'><strong><em>ergo</em></strong></span> <span class='ocrx_word' id='word_1_518' title='bbox 1123 3216 1251 3287; x_wconf 90' lang='lat' dir='ltr'><strong><em>quid</em></strong></span> <span class='ocrx_word' id='word_1_519' title='bbox 1285 3216 1444 3270; x_wconf 90' lang='lat' dir='ltr'><strong><em>nobis</em></strong></span> <span class='ocrx_word' id='word_1_520' title='bbox 1473 3214 1724 3271; x_wconf 87' lang='lat' dir='ltr'><strong><em>videatur</em></strong></span> <span class='ocrx_word' id='word_1_521' title='bbox 1752 3214 1803 3269; x_wconf 92' lang='lat' dir='ltr'><strong><em>in</em></strong></span> <span class='ocrx_word' id='word_1_522' title='bbox 1832 3214 2081 3287; x_wconf 86' lang='lat' dir='ltr'><strong><em>singulis.</em></strong></span> 
     </span>
    </p>
   </div>
   <div class='ocr_carea' id='block_1_64' title="bbox 482 3310 2087 3385">
    <p class='ocr_par' dir='ltr' id='par_1_64' title="bbox 482 3310 2087 3385">
     <span class='ocr_line' id='line_1_64' title="bbox 482 3310 2087 3385; baseline -0.003 -14"><span class='ocrx_word' id='word_1_523' title='bbox 482 3313 581 3371; x_wconf 83' lang='lat' dir='ltr'><strong><em>Vir</em></strong></span> <span class='ocrx_word' id='word_1_524' title='bbox 624 3314 713 3370; x_wconf 91' lang='lat' dir='ltr'><strong><em>ille</em></strong></span> <span class='ocrx_word' id='word_1_525' title='bbox 740 3313 835 3385; x_wconf 92' lang='lat' dir='ltr'><strong><em>qui</em></strong></span> <span class='ocrx_word' id='word_1_526' title='bbox 875 3324 993 3370; x_wconf 87' lang='lat' dir='ltr'><strong><em>erat</em></strong></span> <span class='ocrx_word' id='word_1_527' title='bbox 1021 3312 1216 3368; x_wconf 87' lang='lat' dir='ltr'><strong><em>ductor</em></strong></span> <span class='ocrx_word' id='word_1_528' title='bbox 1249 3310 1581 3379; x_wconf 84' lang='lat' dir='ltr'><strong><em>Ezechielis,</em></strong></span> <span class='ocrx_word' id='word_1_529' title='bbox 1611 3319 1921 3366; x_wconf 90' lang='lat' dir='ltr'><strong><em>commonet</em></strong></span> <span class='ocrx_word' id='word_1_530' title='bbox 1963 3325 2087 3381; x_wconf 87' lang='lat' dir='ltr'><strong><em>pro-</em></strong></span> 
     </span>
    </p>
   </div>
   <div class='ocr_carea' id='block_1_65' title="bbox 481 3406 2090 3481">
    <p class='ocr_par' dir='ltr' id='par_1_65' title="bbox 481 3406 2090 3481">
     <span class='ocr_line' id='line_1_65' title="bbox 481 3406 2090 3481; baseline -0.001 -17"><span class='ocrx_word' id='word_1_531' title='bbox 481 3408 702 3481; x_wconf 90' lang='lat' dir='ltr'><strong><em>phetam</em></strong></span> <span class='ocrx_word' id='word_1_532' title='bbox 727 3450 742 3476; x_wconf 86' lang='lat'><strong><em>,</em></strong></span> <span class='ocrx_word' id='word_1_533' title='bbox 786 3417 847 3464; x_wconf 92' lang='lat' dir='ltr'><strong><em>ut</em></strong></span> <span class='ocrx_word' id='word_1_534' title='bbox 886 3408 1204 3479; x_wconf 78' lang='lat' dir='ltr'><strong><em>diligentius</em></strong></span> <span class='ocrx_word' id='word_1_535' title='bbox 1246 3408 1523 3463; x_wconf 86' lang='lat' dir='ltr'><strong><em>intueatur</em></strong></span> <span class='ocrx_word' id='word_1_536' title='bbox 1554 3416 1611 3463; x_wconf 90' lang='lat' dir='ltr'><strong><em>et</em></strong></span> <span class='ocrx_word' id='word_1_537' title='bbox 1648 3406 1874 3473; x_wconf 88' lang='lat' dir='ltr'><strong><em>videat,</em></strong></span> <span class='ocrx_word' id='word_1_538' title='bbox 1913 3414 1970 3461; x_wconf 90' lang='lat' dir='ltr'><strong><em>et</em></strong></span> <span class='ocrx_word' id='word_1_539' title='bbox 1998 3422 2090 3462; x_wconf 85' lang='lat' dir='ltr'><strong><em>oc-</em></strong></span> 
     </span>
    </p>
   </div>
   <div class='ocr_carea' id='block_1_66' title="bbox 482 3490 2088 3577">
    <p class='ocr_par' dir='ltr' id='par_1_66' title="bbox 482 3490 2088 3577">
     <span class='ocr_line' id='line_1_66' title="bbox 482 3490 2088 3577; baseline -0.003 -16"><span class='ocrx_word' id='word_1_540' title='bbox 482 3505 630 3561; x_wconf 90' lang='lat' dir='ltr'><strong><em>culta</em></strong></span> <span class='ocrx_word' id='word_1_541' title='bbox 660 3490 923 3577; x_wconf 76' lang='lat' dir='ltr'><strong><em>mysteria</em></strong></span> <span class='ocrx_word' id='word_1_542' title='bbox 965 3504 1144 3559; x_wconf 90' lang='lat' dir='ltr'><strong><em>oculis</em></strong></span> <span class='ocrx_word' id='word_1_543' title='bbox 1174 3504 1374 3560; x_wconf 89' lang='lat' dir='ltr'><strong><em>mentis</em></strong></span> <span class='ocrx_word' id='word_1_544' title='bbox 1404 3502 1674 3559; x_wconf 90' lang='lat' dir='ltr'><strong><em>attendat.</em></strong></span> <span class='ocrx_word' id='word_1_545' title='bbox 1704 3502 1877 3558; x_wconf 81' lang='lat' dir='ltr'><strong><em>Vocat</em></strong></span> <span class='ocrx_word' id='word_1_546' title='bbox 1906 3511 2088 3557; x_wconf 90' lang='lat' dir='ltr'><strong><em>autem</em></strong></span> 
     </span>
    </p>
   </div>
   <div class='ocr_carea' id='block_1_67' title="bbox 486 3584 2087 3667">
    <p class='ocr_par' dir='ltr' id='par_1_67' title="bbox 486 3584 2087 3667">
     <span class='ocr_line' id='line_1_67' title="bbox 486 3584 2087 3667; baseline -0.002 -14"><span class='ocrx_word' id='word_1_547' title='bbox 486 3598 657 3653; x_wconf 86' lang='lat' dir='ltr'><strong><em>lilium</em></strong></span> <span class='ocrx_word' id='word_1_548' title='bbox 689 3597 926 3653; x_wconf 90' lang='lat' dir='ltr'><strong><em>hominis</em></strong></span> <span class='ocrx_word' id='word_1_549' title='bbox 950 3640 964 3664; x_wconf 91' lang='lat'><strong><em>,</em></strong></span> <span class='ocrx_word' id='word_1_550' title='bbox 997 3597 1081 3652; x_wconf 87' lang='lat' dir='ltr'><strong><em>vel</em></strong></span> <span class='ocrx_word' id='word_1_551' title='bbox 1120 3596 1174 3651; x_wconf 90' lang='lat' dir='ltr'><strong><em>in</em></strong></span> <span class='ocrx_word' id='word_1_552' title='bbox 1212 3596 1437 3667; x_wconf 80' lang='lat' dir='ltr'><strong><em>ﬁguram</em></strong></span> <span class='ocrx_word' id='word_1_553' title='bbox 1485 3596 1700 3651; x_wconf 90' lang='lat' dir='ltr'><strong><em>Domini</em></strong></span> <span class='ocrx_word' id='word_1_554' title='bbox 1746 3584 2087 3659; x_wconf 79' lang='lat' dir='ltr'><strong><em>salvatoris;</em></strong></span> 
     </span>
    </p>
   </div>
   <div class='ocr_carea' id='block_1_68' title="bbox 488 3690 2090 3761">
    <p class='ocr_par' dir='ltr' id='par_1_68' title="bbox 488 3690 2090 3761">
     <span class='ocr_line' id='line_1_68' title="bbox 488 3690 2090 3761; baseline -0.006 -11"><span class='ocrx_word' id='word_1_555' title='bbox 488 3702 545 3750; x_wconf 90' lang='lat' dir='ltr'><strong><em>et</em></strong></span> <span class='ocrx_word' id='word_1_556' title='bbox 574 3697 718 3749; x_wconf 88' lang='lat' dir='ltr'><strong><em>enim</em></strong></span> <span class='ocrx_word' id='word_1_557' title='bbox 760 3690 1005 3747; x_wconf 80' lang='lat' dir='ltr'><strong><em>Ezechiel</em></strong></span> <span class='ocrx_word' id='word_1_558' title='bbox 1043 3691 1464 3761; x_wconf 87' lang='lat' dir='ltr'><strong><em>interpretatur,</em></strong></span> <span class='ocrx_word' id='word_1_559' title='bbox 1499 3690 1772 3760; x_wconf 75' lang='lat' dir='ltr'><strong><em>fortitudo,</em></strong></span> <span class='ocrx_word' id='word_1_560' title='bbox 1802 3690 1885 3744; x_wconf 89' lang='lat' dir='ltr'><strong><em>vel</em></strong></span> <span class='ocrx_word' id='word_1_561' title='bbox 1924 3690 2090 3757; x_wconf 89' lang='lat' dir='ltr'><strong><em>impe-</em></strong></span> 
     </span>
    </p>
   </div>
   <div class='ocr_carea' id='block_1_69' title="bbox 486 3781 2096 3853">
    <p class='ocr_par' dir='ltr' id='par_1_69' title="bbox 486 3781 2096 3853">
     <span class='ocr_line' id='line_1_69' title="bbox 486 3781 2096 3853; baseline -0.003 -13"><span class='ocrx_word' id='word_1_562' title='bbox 486 3788 623 3841; x_wconf 87' lang='lat' dir='ltr'><strong><em>rium</em></strong></span> <span class='ocrx_word' id='word_1_563' title='bbox 650 3785 746 3839; x_wconf 90' lang='lat' dir='ltr'><strong><em>Dei</em></strong></span> <span class='ocrx_word' id='word_1_564' title='bbox 772 3802 790 3839; x_wconf 88' lang='lat'><strong><em>:</em></strong></span> <span class='ocrx_word' id='word_1_565' title='bbox 823 3785 910 3839; x_wconf 89' lang='lat' dir='ltr'><strong><em>vel</em></strong></span> <span class='ocrx_word' id='word_1_566' title='bbox 940 3794 1091 3841; x_wconf 89' lang='lat' dir='ltr'><strong><em>certe</em></strong></span> <span class='ocrx_word' id='word_1_567' title='bbox 1120 3784 1627 3839; x_wconf 89' lang='lat' dir='ltr'><strong><em>adcommotioncm</em></strong></span> <span class='ocrx_word' id='word_1_568' title='bbox 1659 3782 1968 3853; x_wconf 82' lang='lat' dir='ltr'><strong><em>fragilitatis</em></strong></span> <span class='ocrx_word' id='word_1_569' title='bbox 1993 3781 2096 3835; x_wconf 88' lang='lat' dir='ltr'><strong><em>lm-</em></strong></span> 
     </span>
    </p>
   </div>
   <div class='ocr_carea' id='block_1_70' title="bbox 490 3876 2095 3943">
    <p class='ocr_par' dir='ltr' id='par_1_70' title="bbox 490 3876 2095 3943">
     <span class='ocr_line' id='line_1_70' title="bbox 490 3876 2095 3943; baseline -0.002 -10"><span class='ocrx_word' id='word_1_570' title='bbox 490 3892 703 3942; x_wconf 67' lang='lat' dir='ltr'><strong><em>manaz;</em></strong></span> <span class='ocrx_word' id='word_1_571' title='bbox 740 3892 810 3933; x_wconf 91' lang='lat' dir='ltr'><strong><em>ne</em></strong></span> <span class='ocrx_word' id='word_1_572' title='bbox 832 3876 1185 3933; x_wconf 83' lang='lat' dir='ltr'><strong><em>obliviscatur</em></strong></span> <span class='ocrx_word' id='word_1_573' title='bbox 1206 3877 1537 3933; x_wconf 89' lang='lat' dir='ltr'><strong><em>conditionis</em></strong></span> <span class='ocrx_word' id='word_1_574' title='bbox 1560 3892 1672 3933; x_wconf 65' lang='lat' dir='ltr'><strong><em>suae</em></strong></span> <span class='ocrx_word' id='word_1_575' title='bbox 1700 3918 1715 3943; x_wconf 94' lang='lat'><strong><em>,</em></strong></span> <span class='ocrx_word' id='word_1_576' title='bbox 1748 3876 1875 3930; x_wconf 91' lang='lat' dir='ltr'><strong><em>dum</em></strong></span> <span class='ocrx_word' id='word_1_577' title='bbox 1899 3876 1947 3931; x_wconf 92' lang='lat' dir='ltr'><strong><em>ei</em></strong></span> <span class='ocrx_word' id='word_1_578' title='bbox 1983 3892 2095 3930; x_wconf 84' lang='lat' dir='ltr'><strong><em>ma-</em></strong></span> 
     </span>
    </p>
   </div>
   <div class='ocr_carea' id='block_1_71' title="bbox 487 3968 2097 4043">
    <p class='ocr_par' dir='ltr' id='par_1_71' title="bbox 487 3968 2097 4043">
     <span class='ocr_line' id='line_1_71' title="bbox 487 3968 2097 4043; baseline -0.002 -18"><span class='ocrx_word' id='word_1_579' title='bbox 487 3986 593 4043; x_wconf 79' lang='lat' dir='ltr'><strong><em>gna</em></strong></span> <span class='ocrx_word' id='word_1_580' title='bbox 617 3978 988 4025; x_wconf 88' lang='lat' dir='ltr'><strong><em>monstrantur</em></strong></span> <span class='ocrx_word' id='word_1_581' title='bbox 1016 3988 1027 4024; x_wconf 75' lang='grc' dir='ltr'>ε</span> <span class='ocrx_word' id='word_1_582' title='bbox 1062 3980 1116 4025; x_wconf 91' lang='lat' dir='ltr'><strong><em>et</em></strong></span> <span class='ocrx_word' id='word_1_583' title='bbox 1137 3969 1531 4025; x_wconf 89' lang='lat' dir='ltr'><strong><em>commonitum</em></strong></span> <span class='ocrx_word' id='word_1_584' title='bbox 1560 3968 1712 4025; x_wconf 86' lang='lat' dir='ltr'><strong><em>ducit</em></strong></span> <span class='ocrx_word' id='word_1_585' title='bbox 1739 4010 1753 4033; x_wconf 93' lang='lat'><strong><em>,</em></strong></span> <span class='ocrx_word' id='word_1_586' title='bbox 1788 3976 1949 4038; x_wconf 88' lang='lat' dir='ltr'><strong><em>atque</em></strong></span> <span class='ocrx_word' id='word_1_587' title='bbox 1966 3982 2097 4024; x_wconf 89' lang='lat' dir='ltr'><strong><em>con-</em></strong></span> 
     </span>
    </p>
   </div>
   <div class='ocr_carea' id='block_1_72' title="bbox 491 4064 2094 4136">
    <p class='ocr_par' dir='ltr' id='par_1_72' title="bbox 491 4064 2094 4136">
     <span class='ocr_line' id='line_1_72' title="bbox 491 4064 2094 4136; baseline -0.002 -13"><span class='ocrx_word' id='word_1_588' title='bbox 491 4066 659 4123; x_wconf 85' lang='lat' dir='ltr'><strong><em>vertit</em></strong></span> <span class='ocrx_word' id='word_1_589' title='bbox 696 4064 763 4120; x_wconf 89' lang='lat' dir='ltr'><strong><em>ad</em></strong></span> <span class='ocrx_word' id='word_1_590' title='bbox 784 4066 953 4136; x_wconf 90' lang='lat' dir='ltr'><strong><em>ripam</em></strong></span> <span class='ocrx_word' id='word_1_591' title='bbox 987 4065 1243 4122; x_wconf 87' lang='lat' dir='ltr'><strong><em>torrentis</em></strong></span> <span class='ocrx_word' id='word_1_592' title='bbox 1269 4106 1283 4130; x_wconf 87' lang='lat'><strong><em>,</em></strong></span> <span class='ocrx_word' id='word_1_593' title='bbox 1317 4072 1375 4117; x_wconf 90' lang='lat' dir='ltr'><strong><em>ut</em></strong></span> <span class='ocrx_word' id='word_1_594' title='bbox 1400 4064 1662 4134; x_wconf 90' lang='lat' dir='ltr'><strong><em>quoniam</em></strong></span> <span class='ocrx_word' id='word_1_595' title='bbox 1696 4064 1930 4119; x_wconf 89' lang='lat' dir='ltr'><strong><em>mediam</em></strong></span> <span class='ocrx_word' id='word_1_596' title='bbox 1964 4079 2094 4134; x_wconf 89' lang='lat' dir='ltr'><strong><em>pro-</em></strong></span> 
     </span>
    </p>
   </div>
   <div class='ocr_carea' id='block_1_73' title="bbox 492 4156 2095 4231">
    <p class='ocr_par' dir='ltr' id='par_1_73' title="bbox 492 4156 2095 4231">
     <span class='ocr_line' id='line_1_73' title="bbox 492 4156 2095 4231; baseline -0.003 -14"><span class='ocrx_word' id='word_1_597' title='bbox 492 4160 818 4217; x_wconf 88' lang='lat' dir='ltr'><strong><em>funditatem</em></strong></span> <span class='ocrx_word' id='word_1_598' title='bbox 845 4160 1082 4215; x_wconf 87' lang='lat' dir='ltr'><strong><em>transire</em></strong></span> <span class='ocrx_word' id='word_1_599' title='bbox 1120 4174 1229 4214; x_wconf 89' lang='lat' dir='ltr'><strong><em>non</em></strong></span> <span class='ocrx_word' id='word_1_600' title='bbox 1260 4165 1516 4231; x_wconf 89' lang='lat' dir='ltr'><strong><em>potuerat</em></strong></span> <span class='ocrx_word' id='word_1_601' title='bbox 1537 4157 1645 4230; x_wconf 80' lang='grc' dir='ltr'><strong><em>[ΑΙ.</em></strong></span> <span class='ocrx_word' id='word_1_602' title='bbox 1676 4156 1948 4230; x_wconf 88' lang='lat' dir='ltr'><strong><em>poterat],</em></strong></span> <span class='ocrx_word' id='word_1_603' title='bbox 1982 4158 2095 4212; x_wconf 90' lang='lat' dir='ltr'><strong><em>sal-</em></strong></span> 
     </span>
    </p>
   </div>
   <div class='ocr_carea' id='block_1_74' title="bbox 496 4250 2092 4325">
    <p class='ocr_par' dir='ltr' id='par_1_74' title="bbox 496 4250 2092 4325">
     <span class='ocr_line' id='line_1_74' title="bbox 496 4250 2092 4325; baseline -0.003 -13"><span class='ocrx_word' id='word_1_604' title='bbox 496 4264 606 4313; x_wconf 90' lang='lat' dir='ltr'><strong><em>tem</em></strong></span> <span class='ocrx_word' id='word_1_605' title='bbox 638 4271 698 4311; x_wconf 90' lang='lat' dir='ltr'><strong><em>ea</em></strong></span> <span class='ocrx_word' id='word_1_606' title='bbox 723 4269 843 4325; x_wconf 65' lang='lat' dir='ltr'><strong><em>quae</em></strong></span> <span class='ocrx_word' id='word_1_607' title='bbox 867 4254 921 4307; x_wconf 92' lang='lat' dir='ltr'><strong><em>in</em></strong></span> <span class='ocrx_word' id='word_1_608' title='bbox 951 4252 1085 4325; x_wconf 91' lang='lat' dir='ltr'><strong><em>ripis</em></strong></span> <span class='ocrx_word' id='word_1_609' title='bbox 1116 4261 1241 4308; x_wconf 86' lang='lat' dir='ltr'><strong><em>sunt</em></strong></span> <span class='ocrx_word' id='word_1_610' title='bbox 1260 4264 1632 4321; x_wconf 85' lang='lat' dir='ltr'><strong><em>recognoscat.</em></strong></span> <span class='ocrx_word' id='word_1_611' title='bbox 1664 4250 1910 4322; x_wconf 84' lang='lat' dir='ltr'><strong><em>Cumque</em></strong></span> <span class='ocrx_word' id='word_1_612' title='bbox 1931 4294 1946 4319; x_wconf 93' lang='lat'><strong><em>,</em></strong></span> <span class='ocrx_word' id='word_1_613' title='bbox 1979 4251 2092 4319; x_wconf 88' lang='lat' dir='ltr'><strong><em>ait,</em></strong></span> 
     </span>
    </p>
   </div>
   <div class='ocr_carea' id='block_1_75' title="bbox 496 4344 2100 4416">
    <p class='ocr_par' dir='ltr' id='par_1_75' title="bbox 496 4344 2100 4416">
     <span class='ocr_line' id='line_1_75' title="bbox 496 4344 2100 4416; baseline -0.003 -11"><span class='ocrx_word' id='word_1_614' title='bbox 496 4363 586 4405; x_wconf 90' lang='lat' dir='ltr'><strong><em>me</em></strong></span> <span class='ocrx_word' id='word_1_615' title='bbox 604 4348 1020 4413; x_wconf 80' lang='lat' dir='ltr'><strong><em>convertissem,</em></strong></span> <span class='ocrx_word' id='word_1_616' title='bbox 1047 4349 1160 4402; x_wconf 85' lang='lat' dir='ltr'><strong><em>sive</em></strong></span> <span class='ocrx_word' id='word_1_617' title='bbox 1180 4347 1273 4403; x_wconf 89' lang='lat' dir='ltr'><strong><em>ille</em></strong></span> <span class='ocrx_word' id='word_1_618' title='bbox 1296 4362 1382 4402; x_wconf 89' lang='lat' dir='ltr'><strong><em>me</em></strong></span> <span class='ocrx_word' id='word_1_619' title='bbox 1396 4345 1775 4413; x_wconf 86' lang='lat' dir='ltr'><strong><em>convertisset,</em></strong></span> <span class='ocrx_word' id='word_1_620' title='bbox 1798 4345 1888 4416; x_wconf 90' lang='lat' dir='ltr'><strong><em>qui</em></strong></span> <span class='ocrx_word' id='word_1_621' title='bbox 1908 4344 2100 4401; x_wconf 90' lang='lat' dir='ltr'><strong><em>ductor</em></strong></span> 
     </span>
    </p>
   </div>
   <div class='ocr_carea' id='block_1_76' title="bbox 496 4439 2094 4512">
    <p class='ocr_par' dir='ltr' id='par_1_76' title="bbox 496 4439 2094 4512">
     <span class='ocr_line' id='line_1_76' title="bbox 496 4439 2094 4512; baseline -0.003 -12"><span class='ocrx_word' id='word_1_622' title='bbox 496 4452 618 4500; x_wconf 89' lang='lat' dir='ltr'><strong><em>erat</em></strong></span> <span class='ocrx_word' id='word_1_623' title='bbox 644 4453 698 4498; x_wconf 91' lang='lat' dir='ltr'><strong><em>et</em></strong></span> <span class='ocrx_word' id='word_1_624' title='bbox 729 4443 964 4499; x_wconf 89' lang='lat' dir='ltr'><strong><em>monitor</em></strong></span> <span class='ocrx_word' id='word_1_625' title='bbox 991 4460 1005 4510; x_wconf 92' lang='lat'><strong><em>;</em></strong></span> <span class='ocrx_word' id='word_1_626' title='bbox 1039 4457 1167 4499; x_wconf 90' lang='lat' dir='ltr'><strong><em>ecce</em></strong></span> <span class='ocrx_word' id='word_1_627' title='bbox 1199 4443 1251 4497; x_wconf 93' lang='lat' dir='ltr'><strong><em>in</em></strong></span> <span class='ocrx_word' id='word_1_628' title='bbox 1284 4442 1400 4512; x_wconf 90' lang='lat' dir='ltr'><strong><em>ripa</em></strong></span> <span class='ocrx_word' id='word_1_629' title='bbox 1426 4443 1687 4497; x_wconf 89' lang='lat' dir='ltr'><strong><em>torrentis</em></strong></span> <span class='ocrx_word' id='word_1_630' title='bbox 1708 4481 1725 4508; x_wconf 93' lang='lat'><strong><em>,</em></strong></span> <span class='ocrx_word' id='word_1_631' title='bbox 1757 4441 1872 4495; x_wconf 88' lang='lat' dir='ltr'><strong><em>sive</em></strong></span> <span class='ocrx_word' id='word_1_632' title='bbox 1898 4439 2047 4495; x_wconf 85' lang='lat' dir='ltr'><strong><em>ﬂuvii</em></strong></span> <span class='ocrx_word' id='word_1_633' title='bbox 2080 4483 2094 4505; x_wconf 92' lang='lat'><strong><em>,</em></strong></span> 
     </span>
    </p>
   </div>
   <div class='ocr_carea' id='block_1_77' title="bbox 2193 3211 3761 3290">
    <p class='ocr_par' dir='ltr' id='par_1_77' title="bbox 2193 3211 3761 3290">
     <span class='ocr_line' id='line_1_77' title="bbox 2193 3211 3761 3290; baseline -0.006 -15"><span class='ocrx_word' id='word_1_634' title='bbox 2193 3221 2339 3276; x_wconf 92' lang='lat' dir='ltr'><strong><em>mine</em></strong></span> <span class='ocrx_word' id='word_1_635' title='bbox 2367 3219 2553 3290; x_wconf 89' lang='lat' dir='ltr'><strong><em>templi</em></strong></span> <span class='ocrx_word' id='word_1_636' title='bbox 2606 3219 2851 3286; x_wconf 90' lang='lat' dir='ltr'><strong><em>Domini,</em></strong></span> <span class='ocrx_word' id='word_1_637' title='bbox 2881 3229 2936 3275; x_wconf 92' lang='lat' dir='ltr'><strong><em>et</em></strong></span> <span class='ocrx_word' id='word_1_638' title='bbox 2963 3218 3337 3290; x_wconf 79' lang='lat' dir='ltr'><strong><em>Apostolicam</em></strong></span> <span class='ocrx_word' id='word_1_639' title='bbox 3388 3224 3598 3274; x_wconf 90' lang='lat' dir='ltr'><strong><em>teneant</em></strong></span> <span class='ocrx_word' id='word_1_640' title='bbox 3622 3211 3761 3268; x_wconf 89' lang='lat' dir='ltr'><strong><em>disci-</em></strong></span> 
     </span>
    </p>
   </div>
   <div class='ocr_carea' id='block_1_78' title="bbox 2191 3306 3763 3386">
    <p class='ocr_par' dir='ltr' id='par_1_78' title="bbox 2191 3306 3763 3386">
     <span class='ocr_line' id='line_1_78' title="bbox 2191 3306 3763 3386; baseline -0.006 -17"><span class='ocrx_word' id='word_1_641' title='bbox 2191 3315 2395 3386; x_wconf 90' lang='lat' dir='ltr'><strong><em>plinam</em></strong></span> <span class='ocrx_word' id='word_1_642' title='bbox 2419 3356 2433 3381; x_wconf 89' lang='lat'><strong><em>,</em></strong></span> <span class='ocrx_word' id='word_1_643' title='bbox 2466 3313 2701 3369; x_wconf 91' lang='lat' dir='ltr'><strong><em>tumulos</em></strong></span> <span class='ocrx_word' id='word_1_644' title='bbox 2730 3313 2903 3369; x_wconf 89' lang='lat' dir='ltr'><strong><em>sabuli</em></strong></span> <span class='ocrx_word' id='word_1_645' title='bbox 2922 3354 2936 3377; x_wconf 92' lang='lat'><strong><em>,</em></strong></span> <span class='ocrx_word' id='word_1_646' title='bbox 2970 3314 3189 3370; x_wconf 88' lang='lat' dir='ltr'><strong><em>steriles</em></strong></span> <span class='ocrx_word' id='word_1_647' title='bbox 3218 3314 3373 3385; x_wconf 90' lang='lat' dir='ltr'><strong><em>prius</em></strong></span> <span class='ocrx_word' id='word_1_648' title='bbox 3394 3357 3408 3381; x_wconf 92' lang='lat'><strong><em>,</em></strong></span> <span class='ocrx_word' id='word_1_649' title='bbox 3443 3322 3497 3369; x_wconf 90' lang='lat' dir='ltr'><strong><em>et</em></strong></span> <span class='ocrx_word' id='word_1_650' title='bbox 3524 3306 3763 3365; x_wconf 80' lang='lat' dir='ltr'><strong><em>infertiles</em></strong></span> 
     </span>
    </p>
   </div>
   <div class='ocr_carea' id='block_1_79' title="bbox 2197 3402 3766 3477">
    <p class='ocr_par' dir='ltr' id='par_1_79' title="bbox 2197 3402 3766 3477">
     <span class='ocr_line' id='line_1_79' title="bbox 2197 3402 3766 3477; baseline -0.006 -15"><span class='ocrx_word' id='word_1_651' title='bbox 2197 3409 2399 3464; x_wconf 87' lang='lat' dir='ltr'><strong><em>faciunt</em></strong></span> <span class='ocrx_word' id='word_1_652' title='bbox 2426 3422 2550 3463; x_wconf 87' lang='lat' dir='ltr'><strong><em>esse</em></strong></span> <span class='ocrx_word' id='word_1_653' title='bbox 2581 3406 2895 3477; x_wconf 81' lang='lat' dir='ltr'><strong><em>frugiferos,</em></strong></span> <span class='ocrx_word' id='word_1_654' title='bbox 2928 3416 2981 3463; x_wconf 92' lang='lat' dir='ltr'><strong><em>et</em></strong></span> <span class='ocrx_word' id='word_1_655' title='bbox 3002 3406 3185 3462; x_wconf 87' lang='lat' dir='ltr'><strong><em>omnia</em></strong></span> <span class='ocrx_word' id='word_1_656' title='bbox 3210 3407 3371 3477; x_wconf 87' lang='lat' dir='ltr'><strong><em>plana</em></strong></span> <span class='ocrx_word' id='word_1_657' title='bbox 3394 3415 3553 3476; x_wconf 88' lang='lat' dir='ltr'><strong><em>atque</em></strong></span> <span class='ocrx_word' id='word_1_658' title='bbox 3574 3402 3766 3458; x_wconf 88' lang='lat' dir='ltr'><strong><em>deserta</em></strong></span> 
     </span>
    </p>
   </div>
   <div class='ocr_carea' id='block_1_80' title="bbox 2194 3493 3764 3575">
    <p class='ocr_par' dir='ltr' id='par_1_80' title="bbox 2194 3493 3764 3575">
     <span class='ocr_line' id='line_1_80' title="bbox 2194 3493 3764 3575; baseline -0.007 -18"><span class='ocrx_word' id='word_1_659' title='bbox 2194 3503 2268 3557; x_wconf 87' lang='lat' dir='ltr'><strong><em>ita</em></strong></span> <span class='ocrx_word' id='word_1_660' title='bbox 2297 3502 2615 3575; x_wconf 76' lang='lat' dir='ltr'><strong><em>irrigantur,</em></strong></span> <span class='ocrx_word' id='word_1_661' title='bbox 2648 3511 2709 3557; x_wconf 89' lang='lat' dir='ltr'><strong><em>ut</em></strong></span> <span class='ocrx_word' id='word_1_662' title='bbox 2737 3502 3052 3572; x_wconf 82' lang='lat' dir='ltr'><strong><em>exprimant</em></strong></span> <span class='ocrx_word' id='word_1_663' title='bbox 3080 3502 3134 3557; x_wconf 91' lang='lat' dir='ltr'><strong><em>in</em></strong></span> <span class='ocrx_word' id='word_1_664' title='bbox 3163 3516 3222 3557; x_wconf 89' lang='lat' dir='ltr'><strong><em>se</em></strong></span> <span class='ocrx_word' id='word_1_665' title='bbox 3246 3499 3602 3558; x_wconf 82' lang='lat' dir='ltr'><strong><em>Jerichontini</em></strong></span> <span class='ocrx_word' id='word_1_666' title='bbox 3633 3493 3764 3551; x_wconf 88' lang='lat' dir='ltr'><strong><em>lluvii</em></strong></span> 
     </span>
    </p>
   </div>
   <div class='ocr_carea' id='block_1_81' title="bbox 2194 3590 3766 3669">
    <p class='ocr_par' dir='ltr' id='par_1_81' title="bbox 2194 3590 3766 3669">
     <span class='ocr_line' id='line_1_81' title="bbox 2194 3590 3766 3669; baseline -0.006 -16"><span class='ocrx_word' id='word_1_667' title='bbox 2194 3605 2595 3653; x_wconf 80' lang='lat' dir='ltr'><strong><em>sacramentum</em></strong></span> <span class='ocrx_word' id='word_1_668' title='bbox 2616 3595 2705 3667; x_wconf 87' lang='lat' dir='ltr'><strong><em>(IV</em></strong></span> <span class='ocrx_word' id='word_1_669' title='bbox 2732 3597 2860 3668; x_wconf 82' lang='lat' dir='ltr'><strong><em>Reg.</em></strong></span> <span class='ocrx_word' id='word_1_670' title='bbox 2894 3595 2956 3669; x_wconf 87' lang='grc' dir='ltr'><strong><em>ιι)</em></strong></span> <span class='ocrx_word' id='word_1_671' title='bbox 2983 3614 2995 3652; x_wconf 89' lang='lat'>:</span> <span class='ocrx_word' id='word_1_672' title='bbox 3019 3612 3180 3668; x_wconf 91' lang='lat' dir='ltr'><strong><em>quem</em></strong></span> <span class='ocrx_word' id='word_1_673' title='bbox 3212 3596 3442 3653; x_wconf 78' lang='lat' dir='ltr'><strong><em>Eliszeus</em></strong></span> <span class='ocrx_word' id='word_1_674' title='bbox 3464 3590 3766 3664; x_wconf 80' lang='lat' dir='ltr'><strong><em>Evangelico</em></strong></span> 
     </span>
    </p>
   </div>
   <div class='ocr_carea' id='block_1_82' title="bbox 2197 3686 3771 3761">
    <p class='ocr_par' dir='ltr' id='par_1_82' title="bbox 2197 3686 3771 3761">
     <span class='ocr_line' id='line_1_82' title="bbox 2197 3686 3771 3761; baseline -0.008 -14"><span class='ocrx_word' id='word_1_675' title='bbox 2197 3700 2253 3747; x_wconf 90' lang='lat' dir='ltr'><strong><em>et</em></strong></span> <span class='ocrx_word' id='word_1_676' title='bbox 2269 3691 2586 3761; x_wconf 81' lang='lat' dir='ltr'><strong><em>Apostolico</em></strong></span> <span class='ocrx_word' id='word_1_677' title='bbox 2609 3692 2827 3747; x_wconf 86' lang='lat' dir='ltr'><strong><em>curavit</em></strong></span> <span class='ocrx_word' id='word_1_678' title='bbox 2844 3691 2983 3756; x_wconf 85' lang='lat' dir='ltr'><strong><em>sale,</em></strong></span> <span class='ocrx_word' id='word_1_679' title='bbox 3010 3691 3279 3745; x_wconf 88' lang='lat' dir='ltr'><strong><em>intantum</em></strong></span> <span class='ocrx_word' id='word_1_680' title='bbox 3312 3699 3372 3746; x_wconf 89' lang='lat' dir='ltr'><strong><em>ut</em></strong></span> <span class='ocrx_word' id='word_1_681' title='bbox 3398 3688 3488 3745; x_wconf 88' lang='lat' dir='ltr'><strong><em>ubi</em></strong></span> <span class='ocrx_word' id='word_1_682' title='bbox 3513 3686 3655 3759; x_wconf 86' lang='lat' dir='ltr'><strong><em>prius</em></strong></span> <span class='ocrx_word' id='word_1_683' title='bbox 3675 3691 3771 3736; x_wconf 77' lang='lat' dir='ltr'><strong><em>ste-</em></strong></span> 
     </span>
    </p>
   </div>
   <div class='ocr_carea' id='block_1_83' title="bbox 2198 3776 3771 3854">
    <p class='ocr_par' dir='ltr' id='par_1_83' title="bbox 2198 3776 3771 3854">
     <span class='ocr_line' id='line_1_83' title="bbox 2198 3776 3771 3854; baseline -0.006 -13"><span class='ocrx_word' id='word_1_684' title='bbox 2198 3787 2373 3841; x_wconf 84' lang='lat' dir='ltr'><strong><em>rilitas</em></strong></span> <span class='ocrx_word' id='word_1_685' title='bbox 2401 3785 2578 3841; x_wconf 83' lang='lat' dir='ltr'><strong><em>fuerat</em></strong></span> <span class='ocrx_word' id='word_1_686' title='bbox 2606 3795 2660 3842; x_wconf 90' lang='lat' dir='ltr'><strong><em>et</em></strong></span> <span class='ocrx_word' id='word_1_687' title='bbox 2691 3801 2870 3854; x_wconf 91' lang='lat' dir='ltr'><strong><em>mors,</em></strong></span> <span class='ocrx_word' id='word_1_688' title='bbox 2902 3787 2973 3842; x_wconf 93' lang='lat' dir='ltr'><strong><em>ibi</em></strong></span> <span class='ocrx_word' id='word_1_689' title='bbox 3007 3788 3228 3843; x_wconf 87' lang='lat' dir='ltr'><strong><em>ubertas</em></strong></span> <span class='ocrx_word' id='word_1_690' title='bbox 3256 3796 3409 3844; x_wconf 88' lang='lat' dir='ltr'><strong><em>esset</em></strong></span> <span class='ocrx_word' id='word_1_691' title='bbox 3434 3795 3487 3841; x_wconf 87' lang='lat' dir='ltr'><strong><em>et</em></strong></span> <span class='ocrx_word' id='word_1_692' title='bbox 3515 3784 3637 3838; x_wconf 89' lang='lat' dir='ltr'><strong><em>vita.</em></strong></span> <span class='ocrx_word' id='word_1_693' title='bbox 3672 3776 3771 3833; x_wconf 85' lang='lat' dir='ltr'><strong><em>Nec</em></strong></span> 
     </span>
    </p>
   </div>
   <div class='ocr_carea' id='block_1_84' title="bbox 2199 3874 3773 3949">
    <p class='ocr_par' dir='ltr' id='par_1_84' title="bbox 2199 3874 3773 3949">
     <span class='ocr_line' id='line_1_84' title="bbox 2199 3874 3773 3949; baseline -0.006 -15"><span class='ocrx_word' id='word_1_694' title='bbox 2199 3879 2373 3934; x_wconf 91' lang='lat' dir='ltr'><strong><em>solum</em></strong></span> <span class='ocrx_word' id='word_1_695' title='bbox 2403 3879 2623 3935; x_wconf 87' lang='lat' dir='ltr'><strong><em>deserta</em></strong></span> <span class='ocrx_word' id='word_1_696' title='bbox 2652 3889 2958 3949; x_wconf 84' lang='lat' dir='ltr'><strong><em>sanarunt,</em></strong></span> <span class='ocrx_word' id='word_1_697' title='bbox 3010 3880 3106 3937; x_wconf 90' lang='lat' dir='ltr'><strong><em>sed</em></strong></span> <span class='ocrx_word' id='word_1_698' title='bbox 3156 3884 3371 3937; x_wconf 90' lang='lat' dir='ltr'><strong><em>intrant</em></strong></span> <span class='ocrx_word' id='word_1_699' title='bbox 3407 3894 3552 3935; x_wconf 87' lang='lat' dir='ltr'><strong><em>mare</em></strong></span> <span class='ocrx_word' id='word_1_700' title='bbox 3598 3874 3773 3931; x_wconf 88' lang='lat' dir='ltr'><strong><em>Orien-</em></strong></span> 
     </span>
    </p>
   </div>
   <div class='ocr_carea' id='block_1_85' title="bbox 2201 3971 3774 4045">
    <p class='ocr_par' dir='ltr' id='par_1_85' title="bbox 2201 3971 3774 4045">
     <span class='ocr_line' id='line_1_85' title="bbox 2201 3971 3774 4045; baseline -0.006 -19"><span class='ocrx_word' id='word_1_701' title='bbox 2201 3971 2339 4038; x_wconf 89' lang='lat' dir='ltr'><strong><em>tale,</em></strong></span> <span class='ocrx_word' id='word_1_702' title='bbox 2373 3987 2524 4028; x_wconf 86' lang='lat' dir='ltr'><strong><em>mare</em></strong></span> <span class='ocrx_word' id='word_1_703' title='bbox 2552 3972 2808 4029; x_wconf 88' lang='lat' dir='ltr'><strong><em>videlicet</em></strong></span> <span class='ocrx_word' id='word_1_704' title='bbox 2861 3981 3131 4030; x_wconf 85' lang='lat' dir='ltr'><strong><em>mortuum</em></strong></span> <span class='ocrx_word' id='word_1_705' title='bbox 3160 3975 3214 4029; x_wconf 90' lang='lat' dir='ltr'><strong><em>in</em></strong></span> <span class='ocrx_word' id='word_1_706' title='bbox 3253 3990 3368 4045; x_wconf 88' lang='lat' dir='ltr'><strong><em>quo</em></strong></span> <span class='ocrx_word' id='word_1_707' title='bbox 3414 3972 3545 4029; x_wconf 87' lang='lat' dir='ltr'><strong><em>nihil</em></strong></span> <span class='ocrx_word' id='word_1_708' title='bbox 3586 3972 3774 4041; x_wconf 77' lang='lat' dir='ltr'><strong><em>poterat</em></strong></span> 
     </span>
    </p>
   </div>
   <div class='ocr_carea' id='block_1_86' title="bbox 2201 4064 3772 4139">
    <p class='ocr_par' dir='ltr' id='par_1_86' title="bbox 2201 4064 3772 4139">
     <span class='ocr_line' id='line_1_86' title="bbox 2201 4064 3772 4139; baseline -0.005 -17"><span class='ocrx_word' id='word_1_709' title='bbox 2201 4081 2321 4122; x_wconf 84' lang='lat' dir='ltr'><strong><em>esse</em></strong></span> <span class='ocrx_word' id='word_1_710' title='bbox 2370 4068 2532 4124; x_wconf 91' lang='lat' dir='ltr'><strong><em>vitale</em></strong></span> <span class='ocrx_word' id='word_1_711' title='bbox 2564 4110 2580 4137; x_wconf 93' lang='lat'><strong><em>,</em></strong></span> <span class='ocrx_word' id='word_1_712' title='bbox 2628 4077 2682 4123; x_wconf 89' lang='lat' dir='ltr'><strong><em>et</em></strong></span> <span class='ocrx_word' id='word_1_713' title='bbox 2733 4083 2882 4125; x_wconf 87' lang='lat' dir='ltr'><strong><em>mare</em></strong></span> <span class='ocrx_word' id='word_1_714' title='bbox 2931 4070 3371 4134; x_wconf 87' lang='lat' dir='ltr'><strong><em>amarissimum,</em></strong></span> <span class='ocrx_word' id='word_1_715' title='bbox 3421 4067 3560 4139; x_wconf 90' lang='lat' dir='ltr'><strong><em>quod</em></strong></span> <span class='ocrx_word' id='word_1_716' title='bbox 3604 4064 3772 4121; x_wconf 83' lang='lat' dir='ltr'><strong><em>Graece</em></strong></span> 
     </span>
    </p>
   </div>
   <div class='ocr_carea' id='block_1_87' title="bbox 2199 4164 3773 4245">
    <p class='ocr_par' dir='ltr' id='par_1_87' title="bbox 2199 4164 3773 4245">
     <span class='ocr_line' id='line_1_87' title="bbox 2199 4164 3773 4245; baseline -0.01 -15"><span class='ocrx_word' id='word_1_717' title='bbox 2199 4168 2371 4241; x_wconf 78' lang='grc' dir='ltr'><strong>λίμνην</strong></span> <span class='ocrx_word' id='word_1_718' title='bbox 2403 4166 2420 4206; x_wconf 63' lang='grc' dir='ltr'>ί</span> <span class='ocrx_word' id='word_1_719' title='bbox 2452 4169 2752 4245; x_wconf 76' lang='grc' dir='ltr'><strong><em>ἁσφαλτῖτιν</em></strong></span> <span class='ocrx_word' id='word_1_720' title='bbox 2782 4215 2796 4238; x_wconf 89' lang='grc'><em>,</em></span> <span class='ocrx_word' id='word_1_721' title='bbox 2847 4170 2897 4225; x_wconf 86' lang='lat' dir='ltr'><strong><em>id</em></strong></span> <span class='ocrx_word' id='word_1_722' title='bbox 2931 4177 3015 4225; x_wconf 88' lang='lat' dir='ltr'><strong><em>est</em></strong></span> <span class='ocrx_word' id='word_1_723' title='bbox 3042 4212 3057 4236; x_wconf 88' lang='lat'><strong><em>,</em></strong></span> <span class='ocrx_word' id='word_1_724' title='bbox 3100 4180 3343 4242; x_wconf 81' lang='lat' dir='ltr'><strong><em>stagnum</em></strong></span> <span class='ocrx_word' id='word_1_725' title='bbox 3397 4164 3650 4223; x_wconf 73' lang='lat' dir='ltr'><strong><em>bituminis</em></strong></span> <span class='ocrx_word' id='word_1_726' title='bbox 3691 4175 3773 4215; x_wconf 64' lang='grc' dir='ltr'><strong><em>το-</em></strong></span> 
     </span>
    </p>
   </div>
   <div class='ocr_carea' id='block_1_88' title="bbox 2200 4254 3776 4336">
    <p class='ocr_par' dir='ltr' id='par_1_88' title="bbox 2200 4254 3776 4336">
     <span class='ocr_line' id='line_1_88' title="bbox 2200 4254 3776 4336; baseline -0.003 -21"><span class='ocrx_word' id='word_1_727' title='bbox 2200 4271 2345 4315; x_wconf 90' lang='lat' dir='ltr'><strong><em>cant.</em></strong></span> <span class='ocrx_word' id='word_1_728' title='bbox 2374 4261 2535 4334; x_wconf 80' lang='lat'><strong>593</strong></span> <span class='ocrx_word' id='word_1_729' title='bbox 2565 4263 2861 4335; x_wconf 76' lang='lat' dir='ltr'><strong><em>Mirumque</em></strong></span> <span class='ocrx_word' id='word_1_730' title='bbox 2891 4264 2945 4319; x_wconf 91' lang='lat' dir='ltr'><strong><em>in</em></strong></span> <span class='ocrx_word' id='word_1_731' title='bbox 3000 4264 3219 4319; x_wconf 91' lang='lat' dir='ltr'><strong><em>modum</em></strong></span> <span class='ocrx_word' id='word_1_732' title='bbox 3257 4264 3414 4336; x_wconf 73' lang='lat' dir='ltr'><strong><em>aquis</em></strong></span> <span class='ocrx_word' id='word_1_733' title='bbox 3458 4254 3776 4331; x_wconf 80' lang='lat' dir='ltr'><strong><em>Evangelicis</em></strong></span> 
     </span>
    </p>
   </div>
   <div class='ocr_carea' id='block_1_89' title="bbox 2202 4351 3778 4429">
    <p class='ocr_par' dir='ltr' id='par_1_89' title="bbox 2202 4351 3778 4429">
     <span class='ocr_line' id='line_1_89' title="bbox 2202 4351 3778 4429; baseline -0.006 -21"><span class='ocrx_word' id='word_1_734' title='bbox 2202 4370 2356 4424; x_wconf 62' lang='lat' dir='ltr'><strong><em>aqua}</em></strong></span> <span class='ocrx_word' id='word_1_735' title='bbox 2380 4369 2646 4411; x_wconf 85' lang='lat' dir='ltr'><strong><em>sanantur</em></strong></span> <span class='ocrx_word' id='word_1_736' title='bbox 2665 4367 2917 4420; x_wconf 61' lang='lat' dir='ltr'><strong><em>mortua},</em></strong></span> <span class='ocrx_word' id='word_1_737' title='bbox 2955 4372 3077 4427; x_wconf 68' lang='lat' dir='ltr'><strong><em>qua:</em></strong></span> <span class='ocrx_word' id='word_1_738' title='bbox 3110 4356 3180 4412; x_wconf 88' lang='lat' dir='ltr'><strong><em>ab</em></strong></span> <span class='ocrx_word' id='word_1_739' title='bbox 3211 4371 3279 4412; x_wconf 90' lang='lat' dir='ltr'><strong><em>eo</em></strong></span> <span class='ocrx_word' id='word_1_740' title='bbox 3309 4358 3456 4429; x_wconf 91' lang='lat' dir='ltr'><strong><em>quod</em></strong></span> <span class='ocrx_word' id='word_1_741' title='bbox 3488 4353 3620 4410; x_wconf 89' lang='lat' dir='ltr'><strong><em>nihil</em></strong></span> <span class='ocrx_word' id='word_1_742' title='bbox 3654 4351 3700 4405; x_wconf 92' lang='lat' dir='ltr'><strong><em>in</em></strong></span> <span class='ocrx_word' id='word_1_743' title='bbox 3727 4360 3778 4400; x_wconf 89' lang='lat' dir='ltr'><strong><em>se</em></strong></span> 
     </span>
    </p>
   </div>
   <div class='ocr_carea' id='block_1_90' title="bbox 2204 4442 3775 4519">
    <p class='ocr_par' dir='ltr' id='par_1_90' title="bbox 2204 4442 3775 4519">
     <span class='ocr_line' id='line_1_90' title="bbox 2204 4442 3775 4519; baseline -0.005 -19"><span class='ocrx_word' id='word_1_744' title='bbox 2204 4446 2367 4502; x_wconf 89' lang='lat' dir='ltr'><strong><em>vitale</em></strong></span> <span class='ocrx_word' id='word_1_745' title='bbox 2389 4446 2646 4519; x_wconf 86' lang='lat' dir='ltr'><strong><em>habeant,</em></strong></span> <span class='ocrx_word' id='word_1_746' title='bbox 2672 4464 2873 4505; x_wconf 89' lang='lat' dir='ltr'><strong><em>nomen</em></strong></span> <span class='ocrx_word' id='word_1_747' title='bbox 2897 4450 3092 4506; x_wconf 91' lang='lat' dir='ltr'><strong><em>mortis</em></strong></span> <span class='ocrx_word' id='word_1_748' title='bbox 3113 4452 3320 4505; x_wconf 67' lang='lat' dir='ltr'><strong><em>sortitae</em></strong></span> <span class='ocrx_word' id='word_1_749' title='bbox 3345 4459 3495 4507; x_wconf 89' lang='lat' dir='ltr'><strong><em>sunt.</em></strong></span> <span class='ocrx_word' id='word_1_750' title='bbox 3517 4446 3629 4503; x_wconf 86' lang='lat' dir='ltr'><strong><em>Non</em></strong></span> <span class='ocrx_word' id='word_1_751' title='bbox 3648 4442 3775 4499; x_wconf 89' lang='lat' dir='ltr'><strong><em>enim</em></strong></span> 
     </span>
    </p>
   </div>
   <div class='ocr_carea' id='block_1_91' title="bbox 499 4529 3782 4614">
    <p class='ocr_par' dir='ltr' id='par_1_91' title="bbox 499 4529 3782 4614">
     <span class='ocr_line' id='line_1_91' title="bbox 499 4529 3782 4614; baseline -0.002 -23"><span class='ocrx_word' id='word_1_752' title='bbox 499 4535 644 4605; x_wconf 76' lang='lat' dir='ltr'><strong><em>ligna</em></strong></span> <span class='ocrx_word' id='word_1_753' title='bbox 669 4536 835 4590; x_wconf 90' lang='lat' dir='ltr'><strong><em>multa</em></strong></span> <span class='ocrx_word' id='word_1_754' title='bbox 864 4577 878 4601; x_wconf 95' lang='lat'><strong><em>,</em></strong></span> <span class='ocrx_word' id='word_1_755' title='bbox 910 4536 997 4590; x_wconf 87' lang='lat' dir='ltr'><strong><em>vel</em></strong></span> <span class='ocrx_word' id='word_1_756' title='bbox 1030 4536 1256 4592; x_wconf 89' lang='lat' dir='ltr'><strong><em>arbores</em></strong></span> <span class='ocrx_word' id='word_1_757' title='bbox 1287 4534 1540 4607; x_wconf 66' lang='lat' dir='ltr'><strong><em>plurima:</em></strong></span> <span class='ocrx_word' id='word_1_758' title='bbox 1584 4534 1748 4590; x_wconf 86' lang='lat' dir='ltr'><strong><em>nimis</em></strong></span> <span class='ocrx_word' id='word_1_759' title='bbox 1768 4549 1838 4590; x_wconf 90' lang='lat' dir='ltr'><strong><em>ex</em></strong></span> <span class='ocrx_word' id='word_1_760' title='bbox 1865 4544 2097 4605; x_wconf 89' lang='lat' dir='ltr'><strong><em>utraque</em></strong></span> <span class='ocrx_word' id='word_1_761' title='bbox 2126 4529 2178 4589; x_wconf 90' lang='lat' dir='ltr'><strong><em>D</em></strong></span> <span class='ocrx_word' id='word_1_762' title='bbox 2204 4550 2474 4597; x_wconf 89' lang='lat' dir='ltr'><strong><em>noverant</em></strong></span> <span class='ocrx_word' id='word_1_763' title='bbox 2511 4559 2635 4597; x_wconf 89' lang='lat' dir='ltr'><strong><em>eum</em></strong></span> <span class='ocrx_word' id='word_1_764' title='bbox 2686 4544 2777 4614; x_wconf 91' lang='lat' dir='ltr'><strong><em>qui</em></strong></span> <span class='ocrx_word' id='word_1_765' title='bbox 2821 4543 2955 4599; x_wconf 89' lang='lat' dir='ltr'><strong><em>dicit</em></strong></span> <span class='ocrx_word' id='word_1_766' title='bbox 2982 4561 2997 4599; x_wconf 90' lang='lat'><strong>:</strong></span> <span class='ocrx_word' id='word_1_767' title='bbox 3046 4543 3163 4614; x_wconf 79' lang='lat' dir='ltr'><strong><em>Ego</em></strong></span> <span class='ocrx_word' id='word_1_768' title='bbox 3206 4559 3325 4600; x_wconf 89' lang='lat' dir='ltr'><strong><em>sum</em></strong></span> <span class='ocrx_word' id='word_1_769' title='bbox 3358 4544 3471 4600; x_wconf 89' lang='lat' dir='ltr'><strong><em>vita</em></strong></span> <span class='ocrx_word' id='word_1_770' title='bbox 3516 4551 3571 4597; x_wconf 87' lang='lat' dir='ltr'><strong><em>et</em></strong></span> <span class='ocrx_word' id='word_1_771' title='bbox 3596 4536 3782 4594; x_wconf 89' lang='lat' dir='ltr'><strong><em>veritas</em></strong></span> 
     </span>
    </p>
   </div>
   <div class='ocr_carea' id='block_1_92' title="bbox 500 4628 2097 4701">
    <p class='ocr_par' dir='ltr' id='par_1_92' title="bbox 500 4628 2097 4701">
     <span class='ocr_line' id='line_1_92' title="bbox 500 4628 2097 4701; baseline 0.002 -18"><span class='ocrx_word' id='word_1_772' title='bbox 500 4638 682 4701; x_wconf 89' lang='lat' dir='ltr'><strong><em>parte.</em></strong></span> <span class='ocrx_word' id='word_1_773' title='bbox 733 4628 975 4685; x_wconf 83' lang='lat' dir='ltr'><strong><em>Torrens</em></strong></span> <span class='ocrx_word' id='word_1_774' title='bbox 1023 4628 1129 4686; x_wconf 89' lang='lat' dir='ltr'><strong><em>iste</em></strong></span> <span class='ocrx_word' id='word_1_775' title='bbox 1173 4629 1266 4700; x_wconf 87' lang='lat' dir='ltr'><strong><em>qui</em></strong></span> <span class='ocrx_word' id='word_1_776' title='bbox 1317 4642 1415 4699; x_wconf 91' lang='lat' dir='ltr'><strong><em>pro</em></strong></span> <span class='ocrx_word' id='word_1_777' title='bbox 1455 4643 1719 4701; x_wconf 87' lang='lat' dir='ltr'><strong><em>aquarum</em></strong></span> <span class='ocrx_word' id='word_1_778' title='bbox 1763 4628 2097 4686; x_wconf 83' lang='lat' dir='ltr'><strong><em>abundantia</em></strong></span> 
     </span>
    </p>
   </div>
   <div class='ocr_carea' id='block_1_93' title="bbox 574 4856 2091 4929">
    <p class='ocr_par' dir='ltr' id='par_1_93' title="bbox 574 4856 2091 4929">
     <span class='ocr_line' id='line_1_93' title="bbox 574 4856 2091 4929; baseline -0.002 -13"><span class='ocrx_word' id='word_1_779' title='bbox 574 4870 602 4900; x_wconf 71' lang='grc' dir='ltr'><strong>α</strong></span> <span class='ocrx_word' id='word_1_780' title='bbox 643 4857 917 4929; x_wconf 70' lang='grc' dir='ltr'><strong><em>Ρινωρθηίι</em></strong></span> <span class='ocrx_word' id='word_1_781' title='bbox 940 4858 1067 4915; x_wconf 88' lang='lat' dir='ltr'><strong><em>huic</em></strong></span> <span class='ocrx_word' id='word_1_782' title='bbox 1094 4858 1366 4915; x_wconf 87' lang='lat' dir='ltr'><strong><em>versiculo</em></strong></span> <span class='ocrx_word' id='word_1_783' title='bbox 1394 4856 1600 4914; x_wconf 81' lang='lat' dir='ltr'><strong><em>Victor.</em></strong></span> <span class='ocrx_word' id='word_1_784' title='bbox 1628 4858 1861 4913; x_wconf 88' lang='lat' dir='ltr'><strong><em>alterum</em></strong></span> <span class='ocrx_word' id='word_1_785' title='bbox 1884 4898 1909 4929; x_wconf 16' lang='grc' dir='ltr'><strong><em>,ν</em></strong></span> <span class='ocrx_word' id='word_1_786' title='bbox 1928 4871 2091 4928; x_wconf 89' lang='lat' dir='ltr'><strong><em>quem</em></strong></span> 
     </span>
    </p>
   </div>
   <div class='ocr_carea' id='block_1_94' title="bbox 494 4928 2095 5004">
    <p class='ocr_par' dir='ltr' id='par_1_94' title="bbox 494 4928 2095 5004">
     <span class='ocr_line' id='line_1_94' title="bbox 494 4928 2095 5004; baseline -0.006 -11"><span class='ocrx_word' id='word_1_787' title='bbox 494 4928 1124 5004; x_wconf 68' lang='lat' dir='ltr'><strong><em>Hieronymianumesse</em></strong></span> <span class='ocrx_word' id='word_1_788' title='bbox 1155 4930 1343 5004; x_wconf 77' lang='lat' dir='ltr'><strong><em>probat</em></strong></span> <span class='ocrx_word' id='word_1_789' title='bbox 1369 4946 1437 4985; x_wconf 84' lang='lat' dir='ltr'><strong><em>ex</em></strong></span> <span class='ocrx_word' id='word_1_790' title='bbox 1459 4932 1700 4985; x_wconf 81' lang='lat' dir='ltr'><strong><em>Subnexa</em></strong></span> <span class='ocrx_word' id='word_1_791' title='bbox 1725 4928 2095 5004; x_wconf 81' lang='lat' dir='ltr'><strong><em>expositione.</em></strong></span> 
     </span>
    </p>
   </div>
   <div class='ocr_carea' id='block_1_95' title="bbox 498 5001 2097 5076">
    <p class='ocr_par' dir='ltr' id='par_1_95' title="bbox 498 5001 2097 5076">
     <span class='ocr_line' id='line_1_95' title="bbox 498 5001 2097 5076; baseline -0.005 -14"><span class='ocrx_word' id='word_1_792' title='bbox 498 5010 592 5067; x_wconf 90' lang='lat' dir='ltr'><strong><em>Sic</em></strong></span> <span class='ocrx_word' id='word_1_793' title='bbox 614 5001 744 5060; x_wconf 42' lang='lat' dir='ltr'><strong><em>ver—0</em></strong></span> <span class='ocrx_word' id='word_1_794' title='bbox 772 5004 946 5076; x_wconf 51' lang='lat' dir='ltr'><strong><em>legit}</em></strong></span> <span class='ocrx_word' id='word_1_795' title='bbox 983 5001 1049 5056; x_wconf 86' lang='lat' dir='ltr'><strong><em>In</em></strong></span> <span class='ocrx_word' id='word_1_796' title='bbox 1092 5002 1345 5057; x_wconf 87' lang='lat' dir='ltr'><strong><em>littoribus</em></strong></span> <span class='ocrx_word' id='word_1_797' title='bbox 1375 5010 1547 5076; x_wconf 76' lang='lat' dir='ltr'><strong><em>autem</em></strong></span> <span class='ocrx_word' id='word_1_798' title='bbox 1598 5004 1710 5076; x_wconf 89' lang='lat' dir='ltr'><strong><em>ejus</em></strong></span> <span class='ocrx_word' id='word_1_799' title='bbox 1734 5047 1749 5076; x_wconf 88' lang='lat'><strong><em>,</em></strong></span> <span class='ocrx_word' id='word_1_800' title='bbox 1776 5012 1825 5055; x_wconf 89' lang='lat' dir='ltr'><strong><em>et</em></strong></span> <span class='ocrx_word' id='word_1_801' title='bbox 1852 5002 1913 5076; x_wconf 82' lang='lat' dir='ltr'><strong><em>in</em></strong></span> <span class='ocrx_word' id='word_1_802' title='bbox 1947 5002 2097 5067; x_wconf 84' lang='lat' dir='ltr'><strong><em>palu-</em></strong></span> 
     </span>
    </p>
   </div>
   <div class='ocr_carea' id='block_1_96' title="bbox 501 5073 2100 5143">
    <p class='ocr_par' dir='ltr' id='par_1_96' title="bbox 501 5073 2100 5143">
     <span class='ocr_line' id='line_1_96' title="bbox 501 5073 2100 5143; baseline -0.006 -6"><span class='ocrx_word' id='word_1_803' title='bbox 501 5079 691 5137; x_wconf 85' lang='lat' dir='ltr'><strong><em>stribus</em></strong></span> <span class='ocrx_word' id='word_1_804' title='bbox 711 5119 725 5141; x_wconf 94' lang='lat'><strong><em>,</em></strong></span> <span class='ocrx_word' id='word_1_805' title='bbox 769 5073 885 5129; x_wconf 80' lang='lat' dir='ltr'><strong><em>sive</em></strong></span> <span class='ocrx_word' id='word_1_806' title='bbox 912 5073 980 5129; x_wconf 86' lang='lat' dir='ltr'><strong><em>In</em></strong></span> <span class='ocrx_word' id='word_1_807' title='bbox 1010 5075 1091 5130; x_wconf 86' lang='lat' dir='ltr'><strong><em>his</em></strong></span> <span class='ocrx_word' id='word_1_808' title='bbox 1133 5083 1337 5137; x_wconf 86' lang='lat' dir='ltr'><strong><em>autem,</em></strong></span> <span class='ocrx_word' id='word_1_809' title='bbox 1370 5085 1475 5130; x_wconf 90' lang='lat' dir='ltr'><strong><em>etc.</em></strong></span> <span class='ocrx_word' id='word_1_810' title='bbox 1510 5073 1641 5141; x_wconf 74' lang='lat' dir='ltr'><strong><em>Qua:</em></strong></span> <span class='ocrx_word' id='word_1_811' title='bbox 1671 5075 1820 5143; x_wconf 91' lang='lat' dir='ltr'><strong><em>prior</em></strong></span> <span class='ocrx_word' id='word_1_812' title='bbox 1851 5074 2013 5127; x_wconf 89' lang='lat' dir='ltr'><strong><em>lectio</em></strong></span> <span class='ocrx_word' id='word_1_813' title='bbox 2044 5082 2100 5127; x_wconf 92' lang='lat' dir='ltr'><strong><em>et</em></strong></span> 
     </span>
    </p>
   </div>
   <div class='ocr_carea' id='block_1_97' title="bbox 502 5146 2123 5219">
    <p class='ocr_par' dir='ltr' id='par_1_97' title="bbox 502 5146 2123 5219">
     <span class='ocr_line' id='line_1_97' title="bbox 502 5146 2123 5219; baseline -0.004 -12"><span class='ocrx_word' id='word_1_814' title='bbox 502 5153 555 5207; x_wconf 89' lang='lat' dir='ltr'><strong><em>in</em></strong></span> <span class='ocrx_word' id='word_1_815' title='bbox 581 5150 807 5219; x_wconf 81' lang='lat' dir='ltr'><strong><em>Vulgata</em></strong></span> <span class='ocrx_word' id='word_1_816' title='bbox 836 5162 963 5214; x_wconf 75' lang='lat' dir='ltr'><strong><em>eet;</em></strong></span> <span class='ocrx_word' id='word_1_817' title='bbox 998 5158 1287 5217; x_wconf 88' lang='lat' dir='ltr'><strong><em>utramque</em></strong></span> <span class='ocrx_word' id='word_1_818' title='bbox 1333 5162 1464 5201; x_wconf 86' lang='lat' dir='ltr'><strong><em>vero</em></strong></span> <span class='ocrx_word' id='word_1_819' title='bbox 1504 5152 1603 5200; x_wconf 81' lang='lat' dir='ltr'><strong><em>abs</em></strong></span> <span class='ocrx_word' id='word_1_820' title='bbox 1650 5146 1983 5219; x_wconf 80' lang='lat' dir='ltr'><strong><em>llieronymo</em></strong></span> <span class='ocrx_word' id='word_1_821' title='bbox 2016 5154 2123 5200; x_wconf 84' lang='lat' dir='ltr'><strong><em>re-&#39;</em></strong></span> 
     </span>
    </p>
   </div>
   <div class='ocr_carea' id='block_1_98' title="bbox 499 5216 2101 5289">
    <p class='ocr_par' dir='ltr' id='par_1_98' title="bbox 499 5216 2101 5289">
     <span class='ocr_line' id='line_1_98' title="bbox 499 5216 2101 5289; baseline -0.004 -12"><span class='ocrx_word' id='word_1_822' title='bbox 499 5222 629 5279; x_wconf 85' lang='lat' dir='ltr'><strong><em>ferri</em></strong></span> <span class='ocrx_word' id='word_1_823' title='bbox 670 5216 922 5275; x_wconf 71' lang='lat' dir='ltr'><strong><em>autumat</em></strong></span> <span class='ocrx_word' id='word_1_824' title='bbox 951 5263 965 5285; x_wconf 91' lang='lat'><strong><em>,</em></strong></span> <span class='ocrx_word' id='word_1_825' title='bbox 1000 5216 1209 5289; x_wconf 77' lang='lat' dir='ltr'><strong><em>quippe</em></strong></span> <span class='ocrx_word' id='word_1_826' title='bbox 1247 5234 1372 5274; x_wconf 90' lang='lat' dir='ltr'><strong><em>cum</em></strong></span> <span class='ocrx_word' id='word_1_827' title='bbox 1421 5228 1657 5289; x_wconf 88' lang='lat' dir='ltr'><strong><em>utraque</em></strong></span> <span class='ocrx_word' id='word_1_828' title='bbox 1700 5216 1820 5287; x_wconf 90' lang='lat' dir='ltr'><strong><em>ejus</em></strong></span> <span class='ocrx_word' id='word_1_829' title='bbox 1846 5225 1917 5270; x_wconf 80' lang='lat' dir='ltr'><strong><em>stt</em></strong></span> <span class='ocrx_word' id='word_1_830' title='bbox 1946 5258 1961 5283; x_wconf 94' lang='lat'><strong><em>,</em></strong></span> <span class='ocrx_word' id='word_1_831' title='bbox 1994 5231 2101 5271; x_wconf 91' lang='lat' dir='ltr'><strong><em>non</em></strong></span> 
     </span>
    </p>
   </div>
   <div class='ocr_carea' id='block_1_99' title="bbox 500 5290 2002 5357">
    <p class='ocr_par' dir='ltr' id='par_1_99' title="bbox 500 5290 2002 5357">
     <span class='ocr_line' id='line_1_99' title="bbox 500 5290 2002 5357; baseline -0.003 -10"><span class='ocrx_word' id='word_1_832' title='bbox 500 5295 671 5349; x_wconf 87' lang='lat' dir='ltr'><strong><em>altera</em></strong></span> <span class='ocrx_word' id='word_1_833' title='bbox 702 5291 873 5357; x_wconf 80' lang='lat' dir='ltr'><strong><em>LXX,</em></strong></span> <span class='ocrx_word' id='word_1_834' title='bbox 906 5292 981 5347; x_wconf 91' lang='lat' dir='ltr'><strong><em>illi</em></strong></span> <span class='ocrx_word' id='word_1_835' title='bbox 1010 5293 1153 5345; x_wconf 89' lang='lat' dir='ltr'><strong><em>enim</em></strong></span> <span class='ocrx_word' id='word_1_836' title='bbox 1184 5290 1344 5347; x_wconf 88' lang='lat' dir='ltr'><strong><em>aliter</em></strong></span> <span class='ocrx_word' id='word_1_837' title='bbox 1372 5291 1548 5347; x_wconf 88' lang='lat' dir='ltr'><strong><em>locum</em></strong></span> <span class='ocrx_word' id='word_1_838' title='bbox 1585 5290 2002 5345; x_wconf 85' lang='lat' dir='ltr'><strong><em>transtulerunt.</em></strong></span> 
     </span>
    </p>
   </div>
   <div class='ocr_carea' id='block_1_100' title="bbox 576 5361 2101 5435">
    <p class='ocr_par' dir='ltr' id='par_1_100' title="bbox 576 5361 2101 5435">
     <span class='ocr_line' id='line_1_100' title="bbox 576 5361 2101 5435; baseline -0.002 -17"><span class='ocrx_word' id='word_1_839' title='bbox 576 5364 602 5403; x_wconf 73' lang='grc' dir='ltr'>δ</span> <span class='ocrx_word' id='word_1_840' title='bbox 643 5364 913 5435; x_wconf 81' lang='lat' dir='ltr'><strong><em>Corrupte</em></strong></span> <span class='ocrx_word' id='word_1_841' title='bbox 948 5372 1065 5420; x_wconf 87' lang='lat' dir='ltr'><strong><em>erat</em></strong></span> <span class='ocrx_word' id='word_1_842' title='bbox 1108 5365 1274 5426; x_wconf 83' lang='grc' dir='ltr'><strong><em>θεινὰς</em></strong></span> <span class='ocrx_word' id='word_1_843' title='bbox 1324 5378 1423 5434; x_wconf 90' lang='lat' dir='ltr'><strong><em>pro</em></strong></span> <span class='ocrx_word' id='word_1_844' title='bbox 1469 5365 1606 5425; x_wconf 82' lang='grc' dir='ltr'><strong><em>θίνας</em></strong></span> <span class='ocrx_word' id='word_1_845' title='bbox 1630 5403 1644 5428; x_wconf 92' lang='grc'><em>,</em></span> <span class='ocrx_word' id='word_1_846' title='bbox 1679 5370 1732 5415; x_wconf 91' lang='lat' dir='ltr'><strong><em>et</em></strong></span> <span class='ocrx_word' id='word_1_847' title='bbox 1769 5361 1930 5432; x_wconf 80' lang='lat' dir='ltr'><strong><em>paulo</em></strong></span> <span class='ocrx_word' id='word_1_848' title='bbox 1966 5367 2101 5435; x_wconf 82' lang='lat' dir='ltr'><strong><em>post</em></strong></span> 
     </span>
    </p>
   </div>
   <div class='ocr_carea' id='block_1_101' title="bbox 504 5434 2096 5515">
    <p class='ocr_par' dir='ltr' id='par_1_101' title="bbox 504 5434 2096 5515">
     <span class='ocr_line' id='line_1_101' title="bbox 504 5434 2096 5515; baseline -0.005 -22"><span class='ocrx_word' id='word_1_849' title='bbox 504 5434 895 5515; x_wconf 48' lang='lat' dir='ltr'><strong><em>Errémepro</em></strong></span> <span class='ocrx_word' id='word_1_850' title='bbox 940 5436 1188 5515; x_wconf 80' lang='grc' dir='ltr'><strong><em>μεθόριον.</em></strong></span> <span class='ocrx_word' id='word_1_851' title='bbox 1220 5438 1340 5515; x_wconf 48' lang='grc' dir='ltr'><strong><em>Μςςλ</em></strong></span> <span class='ocrx_word' id='word_1_852' title='bbox 1360 5435 1794 5515; x_wconf 69' lang='lat' dir='ltr'><strong><em>Sangerntanen.</em></strong></span> <span class='ocrx_word' id='word_1_853' title='bbox 1844 5434 2096 5504; x_wconf 74' lang='lat' dir='ltr'><strong><em>castigat.</em></strong></span> 
     </span>
    </p>
   </div>
   <div class='ocr_carea' id='block_1_102' title="bbox 504 5507 1699 5569">
    <p class='ocr_par' dir='ltr' id='par_1_102' title="bbox 504 5507 1699 5569">
     <span class='ocr_line' id='line_1_102' title="bbox 504 5507 1699 5569; baseline -0.003 -6"><span class='ocrx_word' id='word_1_854' title='bbox 504 5507 707 5564; x_wconf 71' lang='lat' dir='ltr'><strong><em>Confer</em></strong></span> <span class='ocrx_word' id='word_1_855' title='bbox 753 5507 1191 5564; x_wconf 74' lang='lat' dir='ltr'><strong><em>Commentarios</em></strong></span> <span class='ocrx_word' id='word_1_856' title='bbox 1220 5510 1273 5563; x_wconf 90' lang='lat' dir='ltr'><strong><em>in</em></strong></span> <span class='ocrx_word' id='word_1_857' title='bbox 1301 5507 1442 5563; x_wconf 81' lang='lat' dir='ltr'><strong><em>Osee</em></strong></span> <span class='ocrx_word' id='word_1_858' title='bbox 1473 5521 1577 5569; x_wconf 83' lang='lat' dir='ltr'><strong><em>xu,</em></strong></span> <span class='ocrx_word' id='word_1_859' title='bbox 1610 5508 1699 5560; x_wconf 83' lang='lat' dir='ltr'><strong><em>Il.</em></strong></span> 
     </span>
    </p>
   </div>
   <div class='ocr_carea' id='block_1_103' title="bbox 582 5575 2095 5646">
    <p class='ocr_par' dir='ltr' id='par_1_103' title="bbox 582 5575 2095 5646">
     <span class='ocr_line' id='line_1_103' title="bbox 582 5575 2095 5646; baseline -0.003 -13"><span class='ocrx_word' id='word_1_860' title='bbox 582 5591 604 5619; x_wconf 76' lang='grc' dir='ltr'><strong>ο</strong></span> <span class='ocrx_word' id='word_1_861' title='bbox 649 5579 921 5636; x_wconf 88' lang='lat' dir='ltr'><strong><em>Hactenus</em></strong></span> <span class='ocrx_word' id='word_1_862' title='bbox 944 5584 1140 5637; x_wconf 85' lang='lat' dir='ltr'><strong><em>vitiose</em></strong></span> <span class='ocrx_word' id='word_1_863' title='bbox 1165 5581 1363 5635; x_wconf 88' lang='lat' dir='ltr'><strong><em>lectum</em></strong></span> <span class='ocrx_word' id='word_1_864' title='bbox 1393 5590 1506 5642; x_wconf 87' lang='lat' dir='ltr'><strong><em>est,</em></strong></span> <span class='ocrx_word' id='word_1_865' title='bbox 1533 5577 1729 5632; x_wconf 85' lang='lat' dir='ltr'><strong><em>Arabas</em></strong></span> <span class='ocrx_word' id='word_1_866' title='bbox 1750 5618 1764 5641; x_wconf 86' lang='lat'><strong><em>,</em></strong></span> <span class='ocrx_word' id='word_1_867' title='bbox 1787 5590 1885 5646; x_wconf 89' lang='lat' dir='ltr'><strong><em>pro</em></strong></span> <span class='ocrx_word' id='word_1_868' title='bbox 1897 5575 2095 5644; x_wconf 82' lang='lat' dir='ltr'><strong><em>Araba,</em></strong></span> 
     </span>
    </p>
   </div>
   <div class='ocr_carea' id='block_1_104' title="bbox 504 5648 2097 5725">
    <p class='ocr_par' dir='ltr' id='par_1_104' title="bbox 504 5648 2097 5725">
     <span class='ocr_line' id='line_1_104' title="bbox 504 5648 2097 5725; baseline -0.001 -18"><span class='ocrx_word' id='word_1_869' title='bbox 504 5652 618 5708; x_wconf 82' lang='lat' dir='ltr'><strong><em>sive</em></strong></span> <span class='ocrx_word' id='word_1_870' title='bbox 663 5653 865 5725; x_wconf 81' lang='grc' dir='ltr'><strong><em>ἀραϐὰ,</em></strong></span> <span class='ocrx_word' id='word_1_871' title='bbox 900 5669 1003 5723; x_wconf 88' lang='lat' dir='ltr'><strong><em>qua</em></strong></span> <span class='ocrx_word' id='word_1_872' title='bbox 1049 5666 1182 5707; x_wconf 89' lang='lat' dir='ltr'><strong><em>voce</em></strong></span> <span class='ocrx_word' id='word_1_873' title='bbox 1222 5652 1563 5725; x_wconf 80' lang='lat' dir='ltr'><strong><em>Theodotion</em></strong></span> <span class='ocrx_word' id='word_1_874' title='bbox 1615 5652 1947 5725; x_wconf 33' lang='lat' dir='ltr'><strong><em>planitiem“,</em></strong></span> <span class='ocrx_word' id='word_1_875' title='bbox 1982 5648 2097 5705; x_wconf 88' lang='lat' dir='ltr'><strong><em>sive</em></strong></span> 
     </span>
    </p>
   </div>
   <div class='ocr_carea' id='block_1_105' title="bbox 503 5720 2093 5795">
    <p class='ocr_par' dir='ltr' id='par_1_105' title="bbox 503 5720 2093 5795">
     <span class='ocr_line' id='line_1_105' title="bbox 503 5720 2093 5795; baseline 0.001 -18"><span class='ocrx_word' id='word_1_876' title='bbox 503 5725 663 5793; x_wconf 83' lang='lat' dir='ltr'><strong><em>plana</em></strong></span> <span class='ocrx_word' id='word_1_877' title='bbox 693 5720 807 5795; x_wconf 81' lang='lat' dir='ltr'><strong><em>loca</em></strong></span> <span class='ocrx_word' id='word_1_878' title='bbox 838 5720 930 5781; x_wconf 75' lang='lat' dir='ltr'><strong><em>est</em></strong></span> <span class='ocrx_word' id='word_1_879' title='bbox 948 5725 1357 5795; x_wconf 79' lang='lat' dir='ltr'><strong><em>interpretatus.</em></strong></span> <span class='ocrx_word' id='word_1_880' title='bbox 1396 5723 1533 5780; x_wconf 84' lang='lat' dir='ltr'><strong><em>Vide</em></strong></span> <span class='ocrx_word' id='word_1_881' title='bbox 1568 5731 1703 5795; x_wconf 66' lang='lat' dir='ltr'><strong><em>tom,</em></strong></span> <span class='ocrx_word' id='word_1_882' title='bbox 1742 5720 1842 5795; x_wconf 88' lang='lat' dir='ltr'><strong><em>IlI,</em></strong></span> <span class='ocrx_word' id='word_1_883' title='bbox 1894 5720 2093 5778; x_wconf 89' lang='lat' dir='ltr'><strong><em>librum</em></strong></span> 
     </span>
    </p>
   </div>
   <div class='ocr_carea' id='block_1_106' title="bbox 500 5792 1993 5866">
    <p class='ocr_par' dir='ltr' id='par_1_106' title="bbox 500 5792 1993 5866">
     <span class='ocr_line' id='line_1_106' title="bbox 500 5792 1993 5866; baseline -0.001 -15"><span class='ocrx_word' id='word_1_884' title='bbox 500 5792 570 5854; x_wconf 84' lang='lat' dir='ltr'><strong><em>de</em></strong></span> <span class='ocrx_word' id='word_1_885' title='bbox 599 5794 778 5866; x_wconf 86' lang='lat' dir='ltr'><strong><em>Locis,</em></strong></span> <span class='ocrx_word' id='word_1_886' title='bbox 807 5796 873 5855; x_wconf 88' lang='lat' dir='ltr'><strong><em>ad</em></strong></span> <span class='ocrx_word' id='word_1_887' title='bbox 902 5792 1119 5853; x_wconf 82' lang='lat' dir='ltr'><strong><em>nomina</em></strong></span> <span class='ocrx_word' id='word_1_888' title='bbox 1140 5796 1368 5851; x_wconf 77' lang='lat' dir='ltr'><strong><em>Araboth</em></strong></span> <span class='ocrx_word' id='word_1_889' title='bbox 1388 5795 1559 5865; x_wconf 86' lang='lat' dir='ltr'><strong><em>moab,</em></strong></span> <span class='ocrx_word' id='word_1_890' title='bbox 1583 5804 1635 5852; x_wconf 87' lang='lat' dir='ltr'><strong><em>et</em></strong></span> <span class='ocrx_word' id='word_1_891' title='bbox 1668 5792 1863 5865; x_wconf 84' lang='lat' dir='ltr'><strong><em>Araba,</em></strong></span> <span class='ocrx_word' id='word_1_892' title='bbox 1886 5801 1993 5851; x_wconf 89' lang='lat' dir='ltr'><strong><em>etc.</em></strong></span> 
     </span>
    </p>
   </div>
   <div class='ocr_carea' id='block_1_107' title="bbox 2207 4632 3781 4709">
    <p class='ocr_par' dir='ltr' id='par_1_107' title="bbox 2207 4632 3781 4709">
     <span class='ocr_line' id='line_1_107' title="bbox 2207 4632 3781 4709; baseline 0 -20"><span class='ocrx_word' id='word_1_893' title='bbox 2207 4632 2385 4705; x_wconf 81' lang='lat' dir='ltr'><strong><em>(Joan.</em></strong></span> <span class='ocrx_word' id='word_1_894' title='bbox 2430 4650 2539 4703; x_wconf 85' lang='lat' dir='ltr'><strong><em>xtv,</em></strong></span> <span class='ocrx_word' id='word_1_895' title='bbox 2575 4637 2649 4708; x_wconf 89' lang='lat'><strong><em>6).</em></strong></span> <span class='ocrx_word' id='word_1_896' title='bbox 2688 4637 2756 4693; x_wconf 81' lang='lat' dir='ltr'><strong><em>Et</em></strong></span> <span class='ocrx_word' id='word_1_897' title='bbox 2784 4652 2979 4694; x_wconf 85' lang='lat' dir='ltr'><strong><em>revera</em></strong></span> <span class='ocrx_word' id='word_1_898' title='bbox 3022 4637 3177 4709; x_wconf 82' lang='lat' dir='ltr'><strong><em>iuxta</em></strong></span> <span class='ocrx_word' id='word_1_899' title='bbox 3209 4639 3453 4696; x_wconf 88' lang='lat' dir='ltr'><strong><em>litteram</em></strong></span> <span class='ocrx_word' id='word_1_900' title='bbox 3502 4636 3781 4701; x_wconf 78' lang='lat' dir='ltr'><strong><em>hucusque</em></strong></span> 
     </span>
    </p>
   </div>
   <div class='ocr_carea' id='block_1_108' title="bbox 2274 4854 3782 4935">
    <p class='ocr_par' dir='ltr' id='par_1_108' title="bbox 2274 4854 3782 4935">
     <span class='ocr_line' id='line_1_108' title="bbox 2274 4854 3782 4935; baseline 0.001 -22"><span class='ocrx_word' id='word_1_901' title='bbox 2274 4854 2301 4895; x_wconf 74' lang='grc' dir='ltr'><em>ά</em></span> <span class='ocrx_word' id='word_1_902' title='bbox 2343 4858 2548 4915; x_wconf 82' lang='lat' dir='ltr'><strong><em>Victor.</em></strong></span> <span class='ocrx_word' id='word_1_903' title='bbox 2590 4861 2702 4931; x_wconf 84' lang='lat' dir='ltr'><strong><em>ejus</em></strong></span> <span class='ocrx_word' id='word_1_904' title='bbox 2728 4860 2845 4935; x_wconf 69' lang='lat' dir='ltr'><strong><em>:‘pro</em></strong></span> <span class='ocrx_word' id='word_1_905' title='bbox 2875 4871 2965 4917; x_wconf 82' lang='lat' dir='ltr'><strong><em>tua</em></strong></span> <span class='ocrx_word' id='word_1_906' title='bbox 3000 4863 3066 4918; x_wconf 91' lang='lat' dir='ltr'><strong><em>ad</em></strong></span> <span class='ocrx_word' id='word_1_907' title='bbox 3112 4863 3358 4935; x_wconf 69' lang='lat' dir='ltr'><strong><em>Vulgata:</em></strong></span> <span class='ocrx_word' id='word_1_908' title='bbox 3400 4860 3692 4935; x_wconf 79' lang='lat' dir='ltr'><strong><em>exemplar.</em></strong></span> <span class='ocrx_word' id='word_1_909' title='bbox 3732 4856 3782 4912; x_wconf 85' lang='lat' dir='ltr'><strong><em>In</em></strong></span> 
     </span>
    </p>
   </div>
   <div class='ocr_carea' id='block_1_109' title="bbox 2206 4929 3785 5058">
    <p class='ocr_par' dir='ltr' id='par_1_109' title="bbox 2206 4929 3785 5058">
     <span class='ocr_line' id='line_1_109' title="bbox 2206 4929 3785 5058; baseline -0.003 -72"><span class='ocrx_word' id='word_1_910' title='bbox 2206 4929 2399 5058; x_wconf 47' lang='lat' dir='ltr'><strong><em>glriath</em></strong></span> <span class='ocrx_word' id='word_1_911' title='bbox 2448 4929 2701 4988; x_wconf 88' lang='lat' dir='ltr'><strong><em>neutrum</em></strong></span> <span class='ocrx_word' id='word_1_912' title='bbox 2751 4929 2987 5007; x_wconf 80' lang='lat' dir='ltr'><strong><em>legitur.</em></strong></span> <span class='ocrx_word' id='word_1_913' title='bbox 3048 4936 3167 4992; x_wconf 87' lang='lat' dir='ltr'><strong><em>Vid.</em></strong></span> <span class='ocrx_word' id='word_1_914' title='bbox 3218 4929 3380 5007; x_wconf 77' lang='lat' dir='ltr'><strong><em>épist.</em></strong></span> <span class='ocrx_word' id='word_1_915' title='bbox 3438 4936 3505 4991; x_wconf 88' lang='lat' dir='ltr'><strong><em>ad</em></strong></span> <span class='ocrx_word' id='word_1_916' title='bbox 3560 4934 3686 4990; x_wconf 91' lang='lat' dir='ltr'><strong><em>Sun.</em></strong></span> <span class='ocrx_word' id='word_1_917' title='bbox 3735 4936 3785 4983; x_wconf 91' lang='lat' dir='ltr'><strong><em>et</em></strong></span> 
     </span>
     <span class='ocr_line' id='line_1_110' title="bbox 2342 5022 2413 5058; baseline 0.056 -4"><span class='ocrx_word' id='word_1_918' title='bbox 2342 5022 2369 5054; x_wconf 64' lang='lat' dir='ltr'><strong><em>t‘</em></strong></span> <span class='ocrx_word' id='word_1_919' title='bbox 2397 5042 2413 5058; x_wconf 76' lang='grc' dir='ltr'><strong>ο</strong></span> 
     </span>
    </p>
   </div>
   <div class='ocr_carea' id='block_1_110' title="bbox 2282 5074 3785 5152">
    <p class='ocr_par' dir='ltr' id='par_1_110' title="bbox 2282 5074 3785 5152">
     <span class='ocr_line' id='line_1_111' title="bbox 2282 5074 3785 5152; baseline -0.003 -21"><span class='ocrx_word' id='word_1_920' title='bbox 2282 5083 2305 5152; x_wconf 75' lang='lat'><strong><em>_°</em></strong></span> <span class='ocrx_word' id='word_1_921' title='bbox 2346 5074 2571 5152; x_wconf 78' lang='lat' dir='ltr'><strong><em>supplet</em></strong></span> <span class='ocrx_word' id='word_1_922' title='bbox 2620 5077 2707 5134; x_wconf 90' lang='lat' dir='ltr'><strong><em>hic</em></strong></span> <span class='ocrx_word' id='word_1_923' title='bbox 2753 5078 2949 5134; x_wconf 88' lang='lat' dir='ltr'><strong><em>iterum</em></strong></span> <span class='ocrx_word' id='word_1_924' title='bbox 3002 5079 3278 5137; x_wconf 86' lang='lat' dir='ltr'><strong><em>Victorius</em></strong></span> <span class='ocrx_word' id='word_1_925' title='bbox 3322 5076 3641 5152; x_wconf 80' lang='lat' dir='ltr'><strong><em>integrando</em></strong></span> <span class='ocrx_word' id='word_1_926' title='bbox 3682 5083 3785 5131; x_wconf 85' lang='lat' dir='ltr'><strong><em>tex-</em></strong></span> 
     </span>
    </p>
   </div>
   <div class='ocr_carea' id='block_1_111' title="bbox 2211 5146 3304 5223">
    <p class='ocr_par' dir='ltr' id='par_1_111' title="bbox 2211 5146 3304 5223">
     <span class='ocr_line' id='line_1_112' title="bbox 2211 5146 3304 5223; baseline 0.005 -22"><span class='ocrx_word' id='word_1_927' title='bbox 2211 5146 2311 5223; x_wconf 70' lang='lat' dir='ltr'><strong><em>tui,</em></strong></span> <span class='ocrx_word' id='word_1_928' title='bbox 2342 5146 2666 5223; x_wconf 79' lang='lat' dir='ltr'><strong><em>elevaverunt</em></strong></span> <span class='ocrx_word' id='word_1_929' title='bbox 2696 5153 2915 5222; x_wconf 85' lang='lat' dir='ltr'><strong><em>ﬂumina</em></strong></span> <span class='ocrx_word' id='word_1_930' title='bbox 2946 5154 3139 5223; x_wconf 83' lang='lat' dir='ltr'><strong><em>ﬂuctus</em></strong></span> <span class='ocrx_word' id='word_1_931' title='bbox 3162 5172 3304 5209; x_wconf 90' lang='lat' dir='ltr'><strong><em>suos.</em></strong></span> 
     </span>
    </p>
   </div>
   <div class='ocr_carea' id='block_1_112' title="bbox 2287 5218 3785 5299">
    <p class='ocr_par' dir='ltr' id='par_1_112' title="bbox 2287 5218 3785 5299">
     <span class='ocr_line' id='line_1_113' title="bbox 2287 5218 3785 5299; baseline -0.002 -19"><span class='ocrx_word' id='word_1_932' title='bbox 2287 5218 2308 5299; x_wconf 52' lang='grc' dir='ltr'><strong>ξ</strong></span> <span class='ocrx_word' id='word_1_933' title='bbox 2350 5219 2524 5299; x_wconf 44' lang='lat' dir='ltr'><strong><em>All“?!</em></strong></span> <span class='ocrx_word' id='word_1_934' title='bbox 2575 5218 3142 5299; x_wconf 36' lang='grc' dir='ltr'><strong><em>ῦΐεὶ-ξ-ἀσφάλιιέην-ρΐο</em></strong></span> <span class='ocrx_word' id='word_1_935' title='bbox 3175 5227 3493 5299; x_wconf 79' lang='grc' dir='ltr'><strong><em>ἀσφαλτῖτιν.</em></strong></span> <span class='ocrx_word' id='word_1_936' title='bbox 3522 5222 3785 5299; x_wconf 76' lang='lat' dir='ltr'><strong><em>Ja_m_ver0</em></strong></span> 
     </span>
    </p>
   </div>
   <div class='ocr_carea' id='block_1_113' title="bbox 2218 5292 3784 5368">
    <p class='ocr_par' dir='ltr' id='par_1_113' title="bbox 2218 5292 3784 5368">
     <span class='ocr_line' id='line_1_114' title="bbox 2218 5292 3784 5368; baseline -0.001 -24"><span class='ocrx_word' id='word_1_937' title='bbox 2218 5292 2341 5346; x_wconf 89' lang='lat' dir='ltr'><strong><em>huic</em></strong></span> <span class='ocrx_word' id='word_1_938' title='bbox 2370 5293 2630 5368; x_wconf 73' lang='grc' dir='ltr'><strong><em>ςκύτᾷπτου</em></strong></span> <span class='ocrx_word' id='word_1_939' title='bbox 2660 5292 2973 5368; x_wconf 80' lang='lat' dir='ltr'><strong><em>Hieronymi</em></strong></span> <span class='ocrx_word' id='word_1_940' title='bbox 3025 5292 3333 5354; x_wconf 78' lang='lat' dir='ltr'><strong><em>testimonio</em></strong></span> <span class='ocrx_word' id='word_1_941' title='bbox 3361 5300 3430 5351; x_wconf 88' lang='lat' dir='ltr'><strong><em>de</em></strong></span> <span class='ocrx_word' id='word_1_942' title='bbox 3460 5296 3617 5368; x_wconf 84' lang='lat' dir='ltr'><strong><em>nimia</em></strong></span> <span class='ocrx_word' id='word_1_943' title='bbox 3650 5292 3784 5368; x_wconf 80' lang='lat' dir='ltr'><strong><em>lacus</em></strong></span> 
     </span>
    </p>
   </div>
   <div class='ocr_carea' id='block_1_114' title="bbox 2214 5359 3783 5425">
    <p class='ocr_par' dir='ltr' id='par_1_114' title="bbox 2214 5359 3783 5425">
     <span class='ocr_line' id='line_1_115' title="bbox 2214 5359 3783 5425; baseline -0.002 -8"><span class='ocrx_word' id='word_1_944' title='bbox 2214 5364 2579 5421; x_wconf 83' lang='lat' dir='ltr'><strong><em>amaritudine</em></strong></span> <span class='ocrx_word' id='word_1_945' title='bbox 2624 5369 2762 5422; x_wconf 81' lang='lat' dir='ltr'><strong><em>adde</em></strong></span> <span class='ocrx_word' id='word_1_946' title='bbox 2794 5359 3278 5424; x_wconf 77' lang='lat' dir='ltr'><strong><em>luéulentissimum</em></strong></span> <span class='ocrx_word' id='word_1_947' title='bbox 3330 5369 3518 5425; x_wconf 88' lang='lat' dir='ltr'><strong><em>Galeni</em></strong></span> <span class='ocrx_word' id='word_1_948' title='bbox 3552 5367 3643 5421; x_wconf 91' lang='lat' dir='ltr'><strong><em>lib.</em></strong></span> <span class='ocrx_word' id='word_1_949' title='bbox 3668 5379 3697 5417; x_wconf 85' lang='lat' dir='ltr'><strong><em>v</em></strong></span> <span class='ocrx_word' id='word_1_950' title='bbox 3722 5359 3783 5414; x_wconf 88' lang='lat' dir='ltr'><strong><em>de</em></strong></span> 
     </span>
    </p>
   </div>
   <div class='ocr_carea' id='block_1_115' title="bbox 2209 5432 3777 5509">
    <p class='ocr_par' dir='ltr' id='par_1_115' title="bbox 2209 5432 3777 5509">
     <span class='ocr_line' id='line_1_116' title="bbox 2209 5432 3777 5509; baseline -0.004 -18"><span class='ocrx_word' id='word_1_951' title='bbox 2209 5435 2549 5506; x_wconf 85' lang='lat' dir='ltr'><strong><em>Simplicium</em></strong></span> <span class='ocrx_word' id='word_1_952' title='bbox 2582 5440 3102 5495; x_wconf 76' lang='lat' dir='ltr'><strong><em>medicamentorum</em></strong></span> <span class='ocrx_word' id='word_1_953' title='bbox 3137 5442 3484 5496; x_wconf 86' lang='lat' dir='ltr'><strong><em>facultatibus</em></strong></span> <span class='ocrx_word' id='word_1_954' title='bbox 3512 5485 3525 5509; x_wconf 93' lang='lat'><strong><em>,</em></strong></span> <span class='ocrx_word' id='word_1_955' title='bbox 3558 5432 3777 5509; x_wconf 82' lang='lat' dir='ltr'><strong><em>cap._l9.</em></strong></span> 
     </span>
    </p>
   </div>
   <div class='ocr_carea' id='block_1_116' title="bbox 2206 5506 3776 5590">
    <p class='ocr_par' dir='ltr' id='par_1_116' title="bbox 2206 5506 3776 5590">
     <span class='ocr_line' id='line_1_117' title="bbox 2206 5506 3776 5590; baseline -0.002 -31"><span class='ocrx_word' id='word_1_956' title='bbox 2206 5509 2386 5590; x_wconf 51' lang='lat' dir='ltr'><strong><em>{atque</em></strong></span> <span class='ocrx_word' id='word_1_957' title='bbox 2422 5510 2511 5590; x_wconf 79' lang='lat' dir='ltr'><strong><em>ubi</em></strong></span> <span class='ocrx_word' id='word_1_958' title='bbox 2558 5522 2721 5583; x_wconf 79' lang='lat' dir='ltr'><strong><em>negat</em></strong></span> <span class='ocrx_word' id='word_1_959' title='bbox 2753 5512 2811 5567; x_wconf 92' lang='lat' dir='ltr'><strong><em>S.</em></strong></span> <span class='ocrx_word' id='word_1_960' title='bbox 2851 5511 3054 5590; x_wconf 89' lang='lat' dir='ltr'><strong><em>Doctor</em></strong></span> <span class='ocrx_word' id='word_1_961' title='bbox 3076 5555 3091 5582; x_wconf 94' lang='lat'><strong><em>,</em></strong></span> <span class='ocrx_word' id='word_1_962' title='bbox 3126 5530 3194 5590; x_wconf 87' lang='lat' dir='ltr'><strong><em>ne</em></strong></span> <span class='ocrx_word' id='word_1_963' title='bbox 3220 5506 3529 5590; x_wconf 61' lang='lat' dir='ltr'><strong><em>cocliteolas</em></strong></span> <span class='ocrx_word' id='word_1_964' title='bbox 3572 5506 3776 5590; x_wconf 68' lang='lat' dir='ltr'><strong><em>quidem</em></strong></span> 
     </span>
    </p>
   </div>
   <div class='ocr_carea' id='block_1_117' title="bbox 2208 5582 3777 5654">
    <p class='ocr_par' dir='ltr' id='par_1_117' title="bbox 2208 5582 3777 5654">
     <span class='ocr_line' id='line_1_118' title="bbox 2208 5582 3777 5654; baseline 0.001 -18"><span class='ocrx_word' id='word_1_965' title='bbox 2208 5582 2352 5654; x_wconf 68' lang='lat' dir='ltr'><strong><em>inter</em></strong></span> <span class='ocrx_word' id='word_1_966' title='bbox 2402 5582 2525 5654; x_wconf 70' lang='lat' dir='ltr'><strong><em>ejus</em></strong></span> <span class='ocrx_word' id='word_1_967' title='bbox 2588 5582 2759 5654; x_wconf 84' lang='lat' dir='ltr'><strong><em>aquas</em></strong></span> <span class='ocrx_word' id='word_1_968' title='bbox 2821 5587 3045 5650; x_wconf 87' lang='lat' dir='ltr'><strong><em>vivere,</em></strong></span> <span class='ocrx_word' id='word_1_969' title='bbox 3102 5589 3246 5641; x_wconf 87' lang='lat' dir='ltr'><strong><em>scias</em></strong></span> <span class='ocrx_word' id='word_1_970' title='bbox 3308 5582 3691 5654; x_wconf 80' lang='lat' dir='ltr'><strong><em>Manndrelium</em></strong></span> <span class='ocrx_word' id='word_1_971' title='bbox 3751 5588 3777 5627; x_wconf 77' lang='lat' dir='ltr'><strong><em>a</em></strong></span> 
     </span>
    </p>
   </div>
   <div class='ocr_carea' id='block_1_118' title="bbox 2206 5650 3779 5794">
    <p class='ocr_par' dir='ltr' id='par_1_118' title="bbox 2206 5650 3779 5794">
     <span class='ocr_line' id='line_1_119' title="bbox 2206 5650 3779 5794; baseline -0.004 -86"><span class='ocrx_word' id='word_1_972' title='bbox 2206 5650 2454 5794; x_wconf 45' lang='lat' dir='ltr'><strong><em>{glande</em></strong></span> <span class='ocrx_word' id='word_1_973' title='bbox 2480 5650 2760 5713; x_wconf 82' lang='lat' dir='ltr'><strong><em>laudatum</em></strong></span> <span class='ocrx_word' id='word_1_974' title='bbox 2788 5657 2993 5729; x_wconf 89' lang='lat' dir='ltr'><strong><em>aliquot</em></strong></span> <span class='ocrx_word' id='word_1_975' title='bbox 3027 5658 3243 5716; x_wconf 87' lang='lat' dir='ltr'><strong><em>tradere</em></strong></span> <span class='ocrx_word' id='word_1_976' title='bbox 3268 5657 3335 5715; x_wconf 88' lang='lat' dir='ltr'><strong><em>ad</em></strong></span> <span class='ocrx_word' id='word_1_977' title='bbox 3372 5657 3526 5713; x_wconf 90' lang='lat' dir='ltr'><strong><em>littus</em></strong></span> <span class='ocrx_word' id='word_1_978' title='bbox 3555 5652 3667 5725; x_wconf 89' lang='lat' dir='ltr'><strong><em>ejus</em></strong></span> <span class='ocrx_word' id='word_1_979' title='bbox 3701 5661 3779 5705; x_wconf 61' lang='lat' dir='ltr'><strong><em>reo</em></strong></span> 
     </span>
     <span class='ocr_line' id='line_1_120' title="bbox 2304 5741 2396 5784; baseline 0.054 -5"><span class='ocrx_word' id='word_1_980' title='bbox 2304 5741 2396 5784; x_wconf 86' lang='lat' dir='ltr'><strong><em>trt.</em></strong></span> 
     </span>
    </p>
   </div>
   <div class='ocr_carea' id='block_1_119' title="bbox 2304 5741 2396 5784">
    <p class='ocr_par' dir='ltr' id='par_1_119' title="bbox 2304 5741 2396 5784">
     <span class='ocr_line' id='line_1_121' title="bbox 2304 5741 2396 5784; baseline 0.054 -5"><span class='ocrx_word' id='word_1_981' title='bbox 2304 5741 2396 5784; x_wconf 78' lang='lat' dir='ltr'><strong><em>Il‘l.</em></strong></span> 
     </span>
    </p>
   </div>
  </div>
