4108 6338
297 326 394 381 475

916 315 1577 377 COMMENTARIORUM
1616 314 1682 373 IN
1724 311 2169 373 EZECHIELEM
2209 313 2339 371 LIB.
2383 313 2524 384 XlV,
2566 311 2719 373 CAP.
2764 312 2973 373 XLVII.

3490 312 3596 375 ιη

296 444 423 501 nihil
452 443 606 516 quod
634 443 839 515 spiret,
871 449 929 498 et
958 440 1134 513 possit
1162 438 1443 503 incedere,
1485 451 1600 509 pra:
1626 436 1888 494 amaritu-
1916 435 1966 499 Α
1992 449 2051 490 tu
2072 478 2086 503 ,
2113 434 2228 505 εξ).
2269 435 2415 490 Dixit
2443 435 2588 492 enim
2634 437 2873 509 populus
2920 436 3235 510 impatiens,
3270 443 3325 490 et
3356 433 3603 491 dolorem

294 538 413 595 dine
446 536 647 604 nimia,
683 537 735 590 in
779 535 883 591 hoc
932 533 1069 589 mari
1115 532 1348 604 reperiri
1397 539 1618 604 potest:
1663 546 1765 587 nec
1794 546 1889 587 eo-

292 629 515 686 ehleolze
548 628 768 700 quidem
818 627 1080 698 parvique
1108 624 1390 683 vermiculi
1421 633 1479 679 et
1523 623 1804 695 anguillaz,
1832 632 1887 679 et

292 708 484 783 ctetera
506 724 868 780 animantium
894 724 1011 779 sive
1038 722 1377 793 serpentium
1400 736 1627 793 genera,
1653 734 1884 791 quorum

289 818 451 889 magis
508 817 839 890 corpuscula
875 830 1168 888 possumus
1218 831 1380 872 nosse
1432 831 1593 887 quam
1644 815 1884 870 nomina.

290 911 529 980 Denique
561 912 605 966 si
627 910 882 966 Iordanis
907 918 1102 965 auctus
1134 908 1402 964 imbribus
1432 909 1607 980 pisces
1638 908 1764 963 illuc
1796 907 1884 963 in-

286 1006 453 1061 ﬂuens
482 1005 752 1075 rapuerit,
784 1004 970 1060 statim
1021 1002 1354 1071 moriuntur,
1384 1012 1436 1058 et
1481 1002 1772 1074 pinguibus
1828 1017 1887 1057 a-

284 1102 397 1172 quis
426 1108 811 1171 supernatant.
838 1099 976 1156 Cum
1004 1099 1124 1155 haec
1152 1099 1337 1169 itaque
1355 1098 1488 1154 nihil
1519 1096 1767 1154 utilitatis
1790 1097 1885 1153 ha-

283 1194 474 1260 beant,
532 1202 597 1249 ut
631 1194 866 1266 simplex
910 1209 1095 1250 sermo
1150 1202 1403 1263 testatur,
1463 1194 1630 1249 etiam
1660 1193 1708 1248 si
1739 1193 1885 1249 facta

284 1287 522 1355 fuerint,
590 1288 735 1358 quod
788 1288 956 1344 stulta
988 1288 1303 1344 Judteorum
1333 1288 1656 1357 superstitio
1685 1287 1880 1354 credit,

278 1381 415 1451 juxta
449 1379 873 1453 intelligentiam
906 1383 1211 1452 spiritalem
1253 1383 1469 1440 Domini
1514 1392 1756 1439 torrente
1783 1400 1881 1440 cu-

281 1485 426 1541 ratae,
452 1477 740 1532 habebunt
768 1478 948 1549 pisces
979 1477 1266 1549 plurimos,
1305 1488 1361 1535 et
1389 1478 1579 1536 vivent
1601 1480 1783 1534 omnia
1811 1478 1879 1533 ad

277 1584 389 1642 qua:
429 1580 656 1627 torrens
687 1574 787 1627 iste
824 1573 1167 1642 pervenerit;
1202 1573 1275 1627 ita
1318 1582 1373 1628 ιιι
1404 1571 1706 1643 piscatores
1737 1580 1881 1628 stent

277 1679 434 1737 super
480 1665 637 1736 ripas
667 1665 736 1721 ab
766 1664 1031 1738 Engaddi,
1080 1681 1255 1738 usque
1292 1666 1359 1722 ad
1393 1665 1657 1739 Engallim
1686 1684 1702 1719 :
1740 1681 1876 1737 quo-

275 1773 383 1815 rum
414 1759 575 1828 prius
604 1762 804 1831 fontem
832 1803 845 1829 ,
878 1762 995 1817 sive
1023 1760 1231 1815 oculum
1274 1761 1411 1816 hwdi
1440 1776 1457 1815 :
1487 1776 1722 1832 sequens
1750 1762 1869 1833 {on-

1994 530 2285 587 vulnerum
2346 545 2571 587 suorum
2629 531 2832 588 diutius
2888 532 3032 589 ferre
3099 548 3206 588 non
3279 529 3603 587 sustinens:

1993 624 2272 680 Transivit
2316 633 2501 694 testas,
2562 626 2879 696 pertransiit
2927 626 3151 692 messis,
3184 634 3238 681 et
3269 638 3369 680 nos
3409 621 3602 679 salvati

1992 734 2099 774 non
2130 733 2339 775 sumus.
2374 717 2529 774 Unde
2562 718 2845 790 respondit
2876 720 2956 774 eis
2983 720 3282 777 Dominus:
3324 716 3597 787 Numquid

1989 812 2171 868 resina
2194 826 2301 868 non
2328 821 2410 867 est
2448 811 2501 868 in
2537 810 2765 877 Galaad,
2800 820 2895 868 aut
2924 811 3119 867 medici
3172 826 3282 867 non
3324 819 3457 866 sunt
3483 810 3598 865 ibi?

1988 905 2169 972 Quare
2198 920 2304 961 non
2334 906 2587 962 ascendit
2612 906 2826 962 sanatio
2857 904 2983 961 ﬁlim
3022 904 3209 978 populi
3240 906 3345 960 mei
3375 903 3591 980 (Jerem.

1988 1014 2111 1068 vur,
2161 998 2288 1072 22)?
2339 1000 2405 1055 Et
2457 1000 2577 1070 ipse
2628 998 2901 1056 Jeremias
2947 997 3302 1067 vociferatur,
3333 1008 3389 1054 et
3416 998 3591 1054 dicit:

1988 1094 2132 1148 Sana
2170 1107 2277 1158 me,
2328 1092 2578 1161 Domine,
2611 1100 2667 1149 et
2708 1092 2949 1149 sanabor
2980 1109 2992 1148 :
3039 1090 3249 1147 salvum
3284 1106 3369 1147 me
3400 1090 3505 1159 fac,
3540 1100 3596 1147 et

1985 1188 2168 1243 salvus
2198 1203 2293 1243 ero
2344 1186 2562 1259 (Jerem.
2600 1204 2778 1253 xxvii,
2817 1187 2930 1259 14).
2977 1186 3219 1258 Denique
3267 1186 3450 1258 angeli
3502 1186 3594 1257 qui

1986 1283 2251 1355 prtesides
2271 1291 2428 1339 erant
2453 1283 2640 1354 populi
2671 1282 2987 1339 Judaeorum
3014 1297 3081 1338 eo
3107 1292 3351 1349 tempore
3374 1280 3594 1350 quando

1986 1377 2247 1434 clamavit
2281 1378 2572 1434 mttltitudo
2623 1378 2910 1448 insipiens,
2962 1386 3018 1432 et
3067 1377 3167 1445 ait,
3215 1375 3445 1447 Sanguis
3478 1375 3595 1444 ejus

1984 1485 2147 1541 super
2169 1485 2290 1537 nos,
2324 1481 2378 1526 et
2407 1486 2573 1542 super
2606 1471 2746 1526 ﬁlios
2766 1478 2986 1526 nostros
3009 1468 3232 1542 (Matth.
3262 1482 3445 1532 xxvii,
3465 1465 3592 1536 25);

1983 1578 2057 1638 et,
2098 1566 2287 1624 Velnm
2320 1568 2506 1634 templi
2535 1568 2766 1623 scissum
2796 1578 2902 1634 εει,
2934 1575 2990 1622 et
3018 1566 3197 1621 omnia
3234 1565 3590 1621 Hebraeorum

1983 1669 2324 1719 sacramenta
2354 1669 2618 1727 reserata,
2651 1660 3049 1732 responderunt
3088 1657 3431 1730 praecipienti
3479 1656 3587 1711 Do-

1983 1759 2132 1814 mino
2157 1800 2171 1824 ,
2220 1766 2383 1828 atque
2430 1757 2693 1812 dixerunt
2725 1776 2738 1812 :
2788 1755 3112 1818 Curavimus
3141 1754 3506 1828 Babylonem,
3538 1761 3594 1809 et

277 1861 366 1906 tem
405 1851 686 1909 oculumve
743 1855 1027 1908 vitulorum
1075 1863 1256 1910 sonat.
1307 1854 1574 1923 Engallim
1630 1856 1771 1909 enim
1820 1855 1872 1910 in
1905 1844 1954 1905 B
1982 1867 2089 1908 non
2132 1862 2217 1908 est
2257 1859 2444 1907 sanata
2480 1869 2491 1905 :
2525 1852 2897 1920 relinquamus
2926 1866 3045 1906 eam
3099 1848 3320 1922 (Jerem.
3371 1863 3457 1916 ιι,
3505 1847 3586 1919 9),

274 1945 548 2017 principio
574 1955 660 2004 est
694 1948 861 2003 maris
892 1947 1109 2012 Mortni,
1142 1947 1238 2003 ubi
1265 1946 1519 2004 Jordanis
1553 1948 1872 2019 ingreditur.

273 2037 506 2109 Engaddi
551 2055 707 2108 vero,
738 2040 830 2096 ubi
879 2040 1065 2095 linitur
1112 2048 1276 2109 atque
1317 2041 1680 2096 consumitur.
1728 2040 1873 2097 Mare

271 2142 440 2189 autem
473 2134 756 2191 Mortuum
810 2136 939 2192 illud
985 2145 1116 2207 puto
1157 2151 1302 2203 esse,
1334 2136 1403 2193 de
1431 2151 1538 2207 quo
1582 2136 1872 2193 Zacharias

271 2226 501 2299 loquitur
538 2246 556 2283 :
592 2226 649 2284 In
680 2229 772 2286 die
815 2229 903 2284 illa
935 2228 1252 2301 egredietur
1284 2244 1422 2301 aqua
1452 2230 1645 2286 vivens
1676 2231 1747 2286 de
1776 2230 1870 2287 Je-

269 2320 523 2389 rusalem,
557 2330 613 2378 et
641 2322 880 2378 medium
922 2321 1039 2393 ejus
1096 2323 1148 2377 in
1203 2337 1354 2378 mare
1396 2323 1630 2393 primum
1682 2322 1865 2397 (Zach.

270 2428 380 2480 XIV,
407 2413 486 2487 8).
523 2415 723 2471 Daniel
752 2430 967 2487 quoque
997 2416 1052 2471 in
1084 2415 1201 2470 lucc
1237 2416 1400 2472 verba
1431 2417 1705 2471 consentit
1731 2434 1743 2471 :
1778 2416 1871 2472 Vi-

271 2506 479 2574 debam,
530 2517 589 2564 et
618 2523 752 2565 ecce
799 2517 1035 2581 quatuor
1066 2510 1209 2565 venti
1250 2510 1373 2565 ςαξιὶ
1408 2510 1776 2566 innitebantur
1815 2512 1867 2566 in

269 2600 391 2656 mari
420 2615 628 2672 magno
654 2601 818 2675 (Dan.
844 2618 915 2657 vri
937 2646 951 2669 ,
983 2602 1061 2675 2).
1095 2602 1163 2658 Et
1193 2602 1363 2658 David
1400 2621 1414 2660 :
1448 2604 1725 2660 Mirabiles
1751 2605 1867 2660 ela-

272 2695 437 2751 tiones
464 2697 645 2752 maris
674 2695 847 2769 (Psnl.
884 2712 1022 2766 xcu,
1056 2697 1137 2768 4).
1171 2697 1237 2752 Et
1264 2713 1327 2753 ex
1358 2712 1592 2768 persona
1616 2698 1869 2753 Salvato-

269 2787 338 2842 ris
367 2787 419 2842 in
448 2789 670 2859 psalmo
703 2807 717 2845 :
754 2788 891 2844 Veni
922 2790 976 2845 in
1019 2788 1346 2859 profundum
1406 2790 1575 2845 maris
1621 2799 1676 2847 et
1724 2799 1865 2846 tem~

271 2888 440 2952 pestas
469 2882 746 2940 demersit
775 2883 1069 2955 me(Psal.
1113 2901 1309 2949 vaitt,
1358 2884 1439 2956 2).
1488 2884 1601 2940 Rex
1651 2901 1867 2957 quoque

271 2973 479 3048 Egypti
510 2977 671 3047 juxta
701 2979 957 3035 eumdem
990 2979 1334 3036 Ezechielcm
1368 2978 1535 3035 draco
1563 2982 1869 3051 appellatur

272 3066 473 3137 (Ezech.
507 3072 714 3142 xxxii),
748 3071 841 3142 qui
887 3072 1103 3127 habitat
1129 3076 1181 3127 in
1216 3073 1373 3143 mari,
1424 3081 1479 3128 et
1511 3073 1735 3128 ventilat
1766 3073 1866 3129 ﬁu-

271 3163 499 3220 minibus
531 3166 685 3235 quasi
726 3167 988 3222 cornibus
1017 3168 1152 3222 suis.
1188 3166 1256 3221 Et
1298 3166 1535 3229 iterum.
1571 3166 1687 3222 Hoc
1716 3183 1868 3229 mare

1980 1949 2167 2002 urbem
2201 1944 2460 2000 videlicet
2507 1942 2851 1999 confusionis
2902 1952 3064 2014 atque
3109 1942 3389 1997 vitiorum.
3436 1937 3590 1996 Unde

1976 2048 2031 2095 et
2064 2038 2337 2106 Josephus
2364 2038 2418 2093 in
2467 2054 2565 2093 sua
2598 2044 2788 2093 narrat
2818 2036 3084 2105 llistoria,
3114 2035 3260 2107 quod
3302 2044 3588 2107 postquam

1978 2134 2240 2190 Dominus
2270 2133 2569 2188 cruciﬁxus
2615 2146 2719 2203 est,
2770 2141 2825 2187 et
2878 2132 3059 2187 velum
3113 2131 3300 2202 templi
3350 2130 3583 2186 scissum

1975 2236 2080 2294 est,
2115 2227 2234 2283 sive
2263 2226 2515 2281 liminare
2553 2226 2741 2296 templi
2774 2225 3005 2280 fractum
3033 2224 3269 2291 corruit,
3297 2224 3479 2279 audita
3517 2222 3588 2282 sit

1978 2319 2006 2359 ι’
2031 2335 2134 2375 vox
2166 2320 2218 2375 in
2247 2319 2428 2391 adytis
2447 2318 2645 2389 templi
2674 2318 2933 2374 virtutum
2962 2317 3293 2384 caelestium,
3322 2316 3587 2372 Transea-

1974 2432 2089 2471 mus
2109 2432 2173 2470 ea:
2192 2414 2273 2469 his
2304 2414 2531 2469 sedibus.
2566 2414 2681 2469 lloc
2713 2423 2886 2469 totum
2918 2429 3024 2470 non
3049 2412 3348 2483 superﬂuo,
3374 2412 3469 2469 sed
3488 2427 3583 2469 ne-

1974 2510 2217 2567 cessario
2245 2510 2452 2591 dictum
2484 2511 2579 2574 sit,
2613 2510 2737 2582 quia
2782 2526 2934 2567 mare
2985 2510 3278 2577 Mortuum,
3322 2508 3585 2565 influente

1975 2606 2029 2659 in
2066 2618 2124 2660 se
2154 2603 2378 2660 ﬂumine
2431 2604 2667 2672 Domini,
2702 2604 2903 2660 dicitur
2947 2620 3068 2661 esse
3095 2614 3364 2660 curatum.
3401 2604 3580 2675 Super

1974 2698 2077 2754 hoc
2106 2714 2256 2755 mare
2284 2699 2352 2753 ab
2382 2698 2647 2769 Engaddi,
2691 2701 2841 2755 oculo
2882 2709 2930 2754 et
2961 2703 3104 2771 fonte
3147 2698 3306 2767 haedi,
3354 2698 3446 2770 qui
3477 2714 3575 2769 pro

1972 2801 2198 2863 peccato
2224 2806 2443 2863 semper
2472 2791 2700 2848 oll‘ertur
2733 2793 2800 2847 ad
2836 2793 3124 2863 Eugallim,
3170 2793 3365 2864 fontem
3389 2792 3579 2847 vitulo—

1974 2904 2108 2954 rum,
2142 2888 2233 2958 qui
2263 2894 2575 2941 mactantur
2618 2886 2872 2953 Domino,
2922 2897 2977 2942 et
3020 2887 3305 2942 imitantur
3346 2884 3579 2940 vitulum

1972 2996 2174 3038 cornua
2203 2980 2523 3038 efferentem
2548 2989 2606 3038 et
2634 2982 2884 3053 ungulas,
2919 2982 3008 3053 qui
3040 2982 3092 3037 in
3125 2990 3256 3053 typo
3284 2981 3582 3037 Salvatoris

1973 3078 2039 3132 ad
2068 3078 2238 3134 altare
2271 3085 2565 3143 mactatur,
2610 3087 2774 3132 erunt
2801 3077 3125 3147 piscatores,
3170 3075 3368 3146 quibus
3403 3074 3579 3143 loqui-

1976 3179 2061 3226 tur
2096 3172 2360 3228 Dominus
2408 3170 2575 3227 Jesns
2608 3188 2621 3225 :
2655 3170 2851 3227 Venite
2903 3170 2971 3225 ad
3004 3186 3113 3236 me,
3161 3180 3215 3224 et
3257 3168 3450 3224 faciam
3481 3183 3580 3224 vos

272 3272 514 3329 magnum
550 3268 605 3314 et
634 3260 932 3331 Spatiosum
967 3259 1145 3332 (Psal.
1176 3274 1297 3323 Clll,
1343 3257 1460 3330 9.5).
1495 3258 1649 3326 Quod
1688 3273 1877 3327 quam-
1905 3250 1950 3312 C
1987 3266 2287 3335 piscatores
2336 3265 2618 3320 hominum
2667 3264 2882 3337 (Matth.
2919 3281 3006 3328 αν,
3045 3262 3135 3334 l9)
3166 3282 3176 3317 :
3209 3263 3275 3318 de.
3301 3264 3497 3334 quibus
3527 3271 3581 3317 et

270 3352 349 3407 diu
377 3370 487 3409 non
521 3355 824 3425 susceperit
856 3356 909 3411 in
964 3370 1027 3411 se
1060 3371 1227 3427 aquas
1270 3354 1531 3422 ﬂuminis,
1590 3361 1703 3411 sive
1756 3364 1866 3411 tor-

272 3448 447 3514 rentis,
484 3463 655 3504 omne
685 3449 828 3519 quod
868 3450 921 3504 in
953 3465 1012 3505 se
1042 3450 1225 3516 habet,
1264 3450 1587 3516 mortiﬁcat;
1622 3450 1716 3505 sed
1762 3451 1866 3505 Do-

270 3542 434 3599 minus
464 3542 541 3599 de
562 3559 670 3615 quo
699 3543 902 3599 dictum
931 3553 1017 3601 est
1040 3586 1055 3611 ,
1090 3544 1394 3612 Percutiet,
1428 3555 1481 3601 et
1508 3545 1720 3601 curabit
1745 3555 1867 3617 post

272 3633 395 3690 duos
420 3635 568 3702 dies,
600 3644 657 3692 et
688 3637 740 3691 in
769 3637 857 3693 die
886 3639 1052 3694 tertio
1081 3652 1391 3708 surgemus,
1439 3648 1493 3695 et
1535 3640 1781 3695 vivemus
1810 3640 1863 3695 in

274 3741 562 3799 conspectu
580 3728 703 3799 ejus
729 3728 887 3801 (Osee
919 3745 969 3783 vi
988 3771 1000 3795 ,
1022 3727 1114 3801 23)
1140 3773 1153 3793 ,
1183 3729 1301 3798 ipse
1327 3730 1566 3802 loquitur
1595 3732 1647 3786 in
1672 3731 1862 3788 eodem

272 3817 534 3892 Propheta
592 3821 775 3878 Osee:
840 3822 951 3894 Ego
1007 3823 1258 3893 colligavi
1313 3823 1591 3894 Ephraini,
1646 3802 1897 3895 suscepi.

272 3927 381 3969 eum
413 3918 470 3971 in
508 3916 736 3972 brachio
780 3931 924 3979 meo,
956 3926 1010 3972 et
1044 3932 1148 3971 non
1180 3928 1578 3988 cognoverunt,
1624 3918 1747 3987 quia
1778 3933 1864 3973 sa—

272 4008 379 4064 navi
410 4024 511 4065 eos
544 4009 598 4065 in
635 4019 659 4047 ει
682 4011 1034 4079 corruptione
1060 4009 1295 4066 hominis
1333 4012 1488 4084 (Osee
1516 4029 1599 4079 xr,
1634 4011 1721 4085 9);
1759 4014 1854 4085 qui

272 4102 581 4158 vulneratus
608 4112 692 4158 est
723 4114 947 4175 propter
980 4114 1198 4175 peccata
1233 4116 1440 4167 nostra.
1475 4105 1639 4180 594¹
1685 4117 1741 4163 et
1781 4108 1864 4162 in-

274 4194 515 4253 firmatus
545 4213 643 4267 pro
673 4197 1050 4267 iniquitatibus
1104 4200 1327 4257 nostris.
1379 4201 1666 4270 Disciplina
1715 4203 1862 4272 pacis

272 4299 458 4347 nostra:
487 4306 653 4362 super
681 4306 829 4359 eum,
861 4300 916 4347 et
949 4292 1119 4348 livore
1146 4292 1265 4363 ejus
1290 4294 1467 4349 sanati
1488 4308 1675 4349 sumus
1705 4292 1858 4366 (Isni.

273 4397 382 4451 un,
410 4386 496 4456 5).
526 4386 646 4457 Ipse
687 4387 830 4442 istud
865 4402 1014 4442 mare
1055 4387 1200 4458 quod
1247 4397 1331 4443 est
1374 4388 1757 4456 salsissimum,
1810 4400 1865 4446 et

270 4477 425 4533 nimia
455 4479 823 4536 amaritudine
856 4488 1153 4545 mortuum,
1186 4496 1281 4535 sua
1311 4490 1488 4537 morte
1509 4484 1739 4551 sanavit,
1767 4481 1859 4554 qui

270 4567 389 4627 dicit
408 4588 514 4643 per
542 4571 735 4629 Isaiam
772 4592 783 4629 :
830 4574 1066 4645 Spiritus
1098 4574 1313 4630 Domini
1345 4590 1515 4644 super
1556 4591 1663 4645 me,
1702 4592 1861 4647 prop-

1971 3360 2269 3417 Jeremias:
2297 3361 2440 3416 Ecce
2471 3375 2596 3430 ego,
2629 3360 2824 3431 inquit,
2855 3360 3067 3414 mittam
3113 3358 3411 3428 piscatores
3438 3356 3576 3427 (Jer.

1970 3468 2088 3519 xvi,
2125 3451 2235 3523 l6).
2266 3451 2335 3507 Et
2363 3452 2613 3522 plurima:
2644 3454 2875 3522 species,
2908 3451 3074 3506 immo
3105 3464 3304 3522 genera
3344 3449 3571 3521 piscium

1968 3554 2133 3602 erunt
2160 3547 2211 3601 in
2239 3547 2373 3601 mari
2396 3545 2667 3617 quondam
2694 3554 2931 3600 mortuo.
2962 3544 3112 3612 Quos
3142 3544 3318 3625 pisces
3342 3541 3409 3597 ad
3436 3541 3571 3598 dex-

1970 3654 2138 3701 teram
2172 3654 2382 3714 partem
2416 3643 2641 3713 jubente
2689 3643 2921 3698 Domino
2968 3640 3205 3696 extraxit
3255 3640 3470 3705 Petrus,
3518 3648 3574 3694 et

1968 3748 2128 3794 erant
2159 3739 2320 3812 595
2350 3747 2569 3835 centum
2618 3736 3008 3819 quinquaginta
3053 3744 3166 3791 tres
3200 3753 3211 3788 :
3247 3738 3317 3788 ita
3369 3742 3425 3789 ut
3458 3748 3573 3803 prae

1969 3834 2319 3889 multitudine
2345 3828 2533 3888 eorum
2569 3832 2706 3888 retia
2754 3833 3141 3903 rumperentur
3190 3828 3375 3897 (Joan.
3424 3829 3570 3898 xxi).

1968 3928 2134 3981 Aiunt
2156 3938 2337 3983 autem
2369 3928 2458 3997 qui
2493 3926 2564 3981 de
2587 3926 2946 3981 animantium
2977 3925 3257 3995 scripsere
3286 3923 3493 3979 naturis
3520 3931 3576 3978 et

1970 4022 2327 4092 proprietate,
2356 4021 2753 4091 ﬂlli‘o‘thturtxé
2785 4028 2893 4074 tam
2930 4018 3145 4084 Latino,
3176 4033 3335 4087 quam
3379 4016 3572 4073 Grmco

1968 4112 2209 4169 didicere
2258 4127 2512 4168 sermone
2545 4159 2558 4182 ,
2604 4104 2677 4167 de
2699 4113 2898 4183 quibus
2935 4122 2957 4149 ο
2990 4110 3268 4187 Oppianus
3295 4109 3569 4189 Cilixest,

1970 4216 2127 4275 poeta
2158 4205 2531 4273 doctissimus,
2564 4217 2798 4259 centum
2852 4203 3242 4274 quinquaginta
3298 4190 3397 4256 tria
3452 4215 3572 4255 esse

1966 4311 2163 4368 genera
2198 4298 2427 4366 piscium
2452 4313 2573 4367 qua:
2609 4297 2790 4351 omnia
2834 4305 2990 4367 capta
3036 4305 3162 4350 sunt
3186 4294 3254 4348 ab
3282 4294 3567 4364 apostolis,

1967 4401 2022 4448 et
2052 4392 2188 4448 nihil
2216 4393 2480 4448 remansit
2524 4392 2822 4461 iucaptnm,
2859 4391 2986 4445 dum
3013 4400 3067 4446 et
3098 4388 3308 4445 nobiles
3338 4398 3392 4443 et
3422 4390 3572 4457 igno—

1966 4487 2128 4552 biles,
2161 4487 2358 4541 divites
2385 4496 2437 4541 et
2465 4500 2755 4557 pauperes,
2791 4496 2844 4539 et
2888 4499 3049 4538 omne
3077 4498 3252 4555 genus
3288 4482 3570 4537 hominum

1965 4579 2033 4635 de
2079 4579 2211 4634 mari
2243 4579 2402 4649 hujus
2449 4580 2634 4634 sa'culi
2677 4577 2983 4633 extrahitur
3029 4577 3093 4631 ad
3127 4576 3382 4631 salutem.
3414 4576 3569 4644 Quod

271 4671 346 4718 ter
366 4665 511 4736 quod
543 4667 700 4721 unxit
750 4680 870 4732 me;
917 4666 1299 4737 evangelizare
1332 4667 1658 4738 pauperibus
1712 4668 1860 4723 misit
1890 4665 1936 4723 D
1962 4681 2143 4727 autem
2172 4674 2417 4743 sequitur
2447 4690 2456 4726 :
2494 4669 2560 4724 In
2596 4671 2855 4727 littoribus
2902 4673 3036 4742 ejus,
3061 4679 3110 4723 et
3148 4671 3201 4723 in
3225 4668 3565 4739 palustribus,

271 4772 377 4824 me;
407 4776 606 4818 sanare
632 4777 727 4818 eos
748 4762 841 4833 qui
874 4762 1094 4817 contriti
1123 4770 1248 4817 sunt
1271 4762 1607 4833 corde(lsai.
1636 4779 1749 4827 LXI,
1781 4763 1854 4832 l).

272 4848 412 4910 Unde
439 4863 495 4909 et
536 4871 630 4925 per
655 4855 948 4912 Jeremiam
980 4855 1227 4911 clamitat
1264 4874 1275 4911 :
1308 4854 1725 4921 Convertimini,
1762 4855 1856 4910 ﬁlii

271 4955 657 5018 convertentes,
685 4959 743 5005 et
767 4948 976 5006 sanabo
1004 4949 1362 5006 contritiones
1391 4958 1603 5006 vestras
1634 4947 1853 5023 (Jerem.

332 5139 355 5167 ⁸
393 5132 527 5188 Cum
559 5132 784 5189 Rabano
811 5141 866 5188 et
905 5131 1151 5188 Victorio
1192 5132 1424 5205 legimus
1474 5134 1808 5205 corruptione
1834 5151 1853 5189 :

273 5214 359 5270 pro
378 5219 485 5276 quo
504 5214 660 5260 antea
684 5213 805 5260 erat
821 5205 1168 5276 correptione.
1193 5204 1249 5260 In
1272 5204 1466 5260 Graeco
1492 5213 1671 5260 autem
1704 5216 1855 5261 textu

272 5285 341 5354 est
369 5277 416 5354 ἐν
444 5274 707 5354 διαρθορᾶ,
741 5278 794 5332 in
824 5274 1178 5348 corruptione,
1212 5277 1303 5332 tibi
1331 5284 1387 5331 et
1430 5278 1708 5354 ἀνθρώπων
1759 5295 1857 5349 pro

271 5345 519 5422 Mpciinou
535 5345 767 5422 legitur.

333 5417 664 5491 57Josephos
692 5422 783 5477 lib.
816 5438 888 5476 vtt
914 5421 982 5479 de
1014 5422 1156 5477 bello
1190 5420 1434 5487 Iudaico,
1468 5435 1587 5491 cap.
1612 5422 1703 5488 Η,
1730 5438 1858 5477 nar-

271 5499 345 5563 rat
373 5490 510 5547 hanc
542 5509 727 5550 vocem
762 5493 930 5550 fuisse
972 5494 1257 5549 auditam:
1305 5493 1400 5549 sed
1453 5490 1559 5547 nou
1619 5493 1859 5563 loquitur

272 5560 333 5617 de
360 5562 611 5629 pa~sione
645 5565 880 5634 Domini,
909 5571 1055 5620 unde
1084 5567 1317 5636 benigne
1350 5560 1702 5626 intelligenda
1732 5575 1859 5622 sunt

274 5636 435 5709 verba
459 5636 798 5709 Hieronymi,
828 5653 935 5693 non
965 5638 1033 5694 ad
1064 5640 1241 5693 vivum
1284 5639 1607 5694 resecando.
1671 5638 1852 5709 Mur.

310 5716 359 5787 ,ο
404 5705 624 5787 (lodices
653 5705 781 5765 mss.
816 5711 998 5787 legunt
1029 5710 1131 5787 hoc
1160 5710 1341 5787 modo,
1375 5711 1439 5787 de
1459 5711 1642 5787 quibus
1664 5708 1862 5781 Oppia-

272 5778 407 5853 nicus
435 5778 571 5835 Cilix
590 5791 661 5853 est
686 5791 835 5851 poeta
856 5783 1203 5837 doctissimus.
1229 5783 1356 5846 Alii,
1376 5778 1720 5853 Appianicus,
1748 5778 1853 5836 etc.

272 5845 386 5905 Fuit
415 5868 572 5927 porro
592 5845 871 5923 Oppianus
898 5870 1096 5927 genere
1120 5871 1147 5909 a
1176 5845 1352 5912 Zerbo
1379 5845 1581 5911 Cilicia:
1611 5858 1853 5919 civitate,

273 5927 324 5975 et
368 5924 584 5995 scripsit
633 5924 1358 5999 alumna}elegantissimis
1408 5929 1678 5995 versibus,
1735 5942 1857 5997 qua:

1955 4766 2071 4821 sive
2100 4764 2155 4819 in
2198 4765 2285 4820 his
2316 4781 2435 4835 qua:
2468 4774 2621 4820 extra
2669 4764 2851 4818 littora
2882 4752 3257 4834 egrediuntur,
3289 4779 3438 4832 aqua:
3465 4777 3567 4815 non

1955 4861 2303 4924 sanabuntur,
2334 4858 2467 4912 illud
2499 4858 2727 4913 latenter
2758 4857 3021 4923 ostendit,
3057 4854 3201 4926 quod
3248 4854 3337 4925 qui
3371 4855 3425 4908 in
3452 4847 3568 4908 Noe

1956 4967 2082 5008 area
2127 4968 2233 5008 non
2269 4951 2457 5019 fuerit,
2512 4960 2701 5022 pereat
2748 4957 3015 5022 regnante
3061 4948 3267 5004 diluvio
3302 4966 3315 5004 :
3347 4957 3399 5003 et
3429 4961 3566 5018 quos

1962 5135 2201 5191 Antonio
2254 5135 2570 5206 Imperatori
2616 5135 2801 5191 Severi
2853 5133 2965 5188 ﬁlio
3006 5133 3221 5197 obtulit,
3284 5147 3388 5187 non
3444 5132 3564 5189 sine

1960 5208 2222 5263 doctrinae
2272 5205 2383 5262 sua:
2438 5211 2672 5262 maxima
2724 5206 3218 5262 commendatione.
3270 5205 3448 5261 MART.
3493 5236 3565 5246 —-

1960 5279 2089 5352 Mss.
2142 5296 2336 5335 omnes
2390 5278 2765 5352 Oppianicum,
2811 5279 2899 5352 vel
2955 5278 3559 5352 Appianicum__vocant.

1967 5351 2136 5423 Vulgo
2156 5363 2334 5407 autem
2364 5348 2641 5420 Oppianus
2667 5351 2816 5405 audit
2842 5348 3233 5423 Anaztrrhqurs,
3254 5348 3413 5423 Cilix,
3431 5364 3562 5423 poe-

1964 5434 2013 5479 ta
2055 5421 2389 5479 notissimus.
2426 5424 2480 5480 Ι‹Ι
2514 5439 2651 5481 vero
2694 5438 2956 5494 perquam
2997 5421 3230 5484 erudite,
3273 5421 3419 5491 quod
3453 5421 3563 5491 pis-

1962 5496 2105 5552 cium
2134 5507 2210 5551 tet
2232 5511 2430 5565 genera
2454 5507 2600 5566 aptat
2642 5496 3003 5567 Hieronymus
3045 5494 3285 5549 historize
3331 5494 3561 5567 Joannis

1963 5584 2073 5635 χχι,
2110 5570 2195 5635 ll,
2229 5569 2298 5623 de
2327 5565 2547 5623 centum
2582 5565 2974 5639 quinquaginta
3014 5567 3182 5621 tribus
3224 5565 3464 5636 piscibus
3492 5566 3562 5619 ab

1960 5641 2222 5710 apostolis
2254 5646 2424 5709 captis
2456 5650 2511 5695 et
2552 5656 2580 5694 a
2629 5640 2792 5693 Petro
2834 5640 3043 5710 tractis
3072 5639 3123 5692 in
3181 5649 3419 5701 terram;
3453 5654 3561 5707 quo

1961 5727 2194 5767 numero
2220 5720 2277 5767 et
2302 5713 2360 5769 S.
2392 5712 2729 5781 Augustinus
2771 5712 2822 5765 in
2871 5726 2993 5765 eum
3036 5709 3216 5765 locum
3266 5710 3559 5779 signiﬁcari

1960 5784 2143 5849 docet,
2171 5800 2233 5839 ex
2259 5783 2404 5839 omni
2425 5796 2652 5853 genere,
2681 5792 2832 5838 sorte
2856 5797 2919 5838 ac
2936 5790 3081 5838 statu
3109 5781 3393 5838 hominum
3414 5782 3559 5839 elec-

1963 5860 2166 5914 tionem
2191 5856 2244 5911 in
2273 5856 2554 5913 ctelestem
2587 5854 2839 5924 patriam.
