4108 6338
467 321 574 376 47ῗὶ

1719 319 1774 374 S.
1824 312 2096 372 EUSEBII
2135 307 2524 372 HIERONYMI

3671 317 3778 374 ΠΒ

465 439 566 493 ista
591 437 784 491 ﬂuvius
815 449 922 489 non
955 431 1222 504 attigerit,
1255 447 1364 486 non
1399 431 1702 502 Suscipiunt
1732 434 2017 487 sanitatem
2044 446 2059 497 ;
2089 431 2139 491 A
2167 429 2338 496 habet,
2371 431 2515 488 LXX
2543 432 2964 499 transtulerunt,
3006 441 3341 505 augmentum
3380 431 3618 503 funiculi.
3649 431 3776 490 Ete-

466 529 562 587 sed
595 527 647 584 iu
681 528 903 595 salinas,
943 526 1142 598 inquit,
1194 525 1494 593 dabuntur,
1541 526 1696 596 juxta
1744 525 1875 581 illud
1922 522 2067 595 quod

464 624 728 694 scriptum
759 631 881 678 est:
917 620 1212 678 Pestilente
1231 623 1520 694 flagellato,
1551 619 1747 702 stultus
1769 615 2071 688 sapientior

463 719 569 774 erit
598 714 782 785 (Prov.
816 730 929 780 xix,
969 714 1084 787 25).
1119 715 1388 772 Erudiunt
1416 717 1560 772 enim
1601 714 1772 769 bonos
1815 712 2065 781 exempla

467 812 734 882 pejorum.
772 809 902 867 Sive
933 810 988 865 in
1017 811 1222 866 salinas
1251 810 1545 876 dabuntur,
1577 809 1731 880 juxta
1759 807 1894 862 illud
1921 805 2067 877 quod

462 904 516 959 in
552 902 850 975 Evangelio
875 902 1136 974 scriptum
1163 915 1246 960 eSt
1273 923 1286 961 :
1315 905 1523 961 Bonum
1553 909 1636 959 est
1664 901 1740 956 sal
1774 901 1854 956 :si
1886 911 2065 956 autem

461 996 540 1052 sal
566 994 888 1051 infamatum
915 995 1099 1063 fuerit,
1129 999 1181 1051 in
1203 997 1336 1052 nihil
1363 993 1832 1067 estutile(MattIt.
1854 1009 1907 1059 v,
1936 995 2065 1064 i3):

464 1099 523 1145 ut
551 1091 604 1145 in
639 1102 959 1161 perpetuum
990 1090 1235 1164 frugibus
1257 1101 1484 1148 careant
1511 1101 1566 1147 et
1596 1091 1799 1146 virore.
1832 1089 1988 1159 Quod
2014 1097 2069 1145 et

462 1183 592 1238 urbs
621 1189 739 1252 post
773 1184 983 1239 ruinam
1013 1185 1127 1240 sale
1158 1198 1454 1256 conspersa
1495 1185 1856 1241 demonstrat.
1889 1183 2065 1254 Super

462 1285 762 1332 torrentem
793 1293 924 1333 vero
955 1279 1069 1334 sive
1110 1277 1330 1334 fluvium
1367 1278 1578 1335 orietur
1604 1280 1657 1333 in
1693 1277 1824 1349 ripis
1852 1277 1969 1348 ejus
2000 1293 2064 1332 ex

463 1380 690 1442 utraque
722 1381 870 1442 parte
901 1388 1065 1430 omne
1094 1374 1296 1444 lignum
1329 1374 1677 1445 pomiferum,
1718 1373 1837 1428 sive
1865 1385 1920 1427 ut
1945 1389 2060 1427 om-

464 1479 561 1519 nes
587 1480 716 1521 voce
732 1480 973 1521 consona
1001 1467 1416 1529 transtulerunt,
1442 1467 1702 1544 βρώσιμον
1722 1465 1832 1539 [AL
1855 1464 2064 1546 βρῶμα]

466 1560 608 1632 quod
633 1562 813 1617 cibum
846 1557 901 1617 et
931 1577 1109 1618 escam
1143 1563 1349 1628 tribuit,
1373 1572 1428 1618 et
1455 1562 1595 1634 quod
1631 1561 1810 1616 mandi
1839 1569 2018 1629 potest
2047 1577 2062 1618 :

463 1655 877 1726 appellaturque
937 1655 1116 1726 lingua
1163 1655 1465 1719 llebraica,
1521 1663 1546 1690 ἰ
1603 1669 1816 1710 ιλοωι.
1863 1637 2063 1725 (538D)

461 1758 517 1804 et
550 1746 684 1802 nihil
707 1747 855 1817 juxta
889 1747 1236 1819 Septuaginta
1260 1755 1564 1803 veterascet
1592 1746 1644 1801 in
1678 1761 1764 1812 eo,
1795 1747 1891 1802 sed
1925 1761 2064 1815 quo-

2174 523 2284 577 nim
2327 523 2526 597 Joseplt
2574 523 2970 593 interpretatur
3005 535 3375 600 augmentum;
3417 539 3531 580 rem
3576 523 3777 582 intelli-

2171 624 2358 684 gentes
2381 633 2479 687 pro
2503 616 2746 679 nomine.
2775 627 2831 673 et
2849 618 3334 674 lectorisanimum
3355 618 3772 677 confundentes.

2173 706 2457 765 Subtracta
2502 711 2646 766 enim
2680 710 2916 767 Levitica
2948 713 3116 779 tribu,
3160 723 3215 768 et
3261 711 3448 782 templi
3487 712 3776 770 sacriﬁciis

2171 802 2443 873 delegata,
2474 803 2830 859 remanebant
2881 804 3138 862 undecim
3187 804 3382 873 tribus,
3414 820 3644 875 quarum
3677 806 3778 862 tri-

2172 897 2272 952 bus
2300 897 2503 968 Josepb
2533 897 2708 954 divisa
2729 909 2810 954 est
2839 899 2893 954 in
2921 899 3080 966 duas,
3103 899 3387 972 prraim,
3413 907 3469 955 et
3496 900 3773 968 Manasse,

2170 989 2259 1060 qui
2292 989 2546 1045 dixerunt
2575 990 2644 1046 ad
2669 990 2836 1047 Josue
2862 991 3034 1048 lilium
3063 991 3182 1047 Nun
3211 1011 3224 1047 :
3256 993 3439 1058 Quare
3461 991 3656 1048 dedisti
3673 993 3776 1050 mi-

2173 1085 2226 1140 bi
2272 1086 2680 1156 possessionem
2729 1088 2891 1142 sortis
2922 1096 2978 1143 et
3025 1086 3257 1144 funiculi
3303 1085 3482 1154 unius,
3516 1101 3639 1142 cum
3669 1086 3774 1143 sim

2173 1189 2334 1234 tantas
2382 1180 2762 1249 multitudinis,
2815 1191 2870 1238 et
2915 1179 3256 1239 benedixerit
3285 1181 3416 1238 mihi
3462 1181 3775 1239 Dominus?

2169 1275 2374 1342 Quibus
2398 1275 2686 1346 respondit
2711 1277 2880 1332 Josue
2907 1295 2920 1332 :
2969 1277 3024 1334 Si
3056 1278 3289 1350 populus
3321 1277 3520 1333 multus
3552 1292 3634 1344 es,
3678 1291 3772 1333 as-

2169 1367 2342 1423 cende
2371 1369 2425 1422 in
2453 1368 2671 1434 silvam,
2705 1379 2760 1424 et
2795 1370 3020 1426 suceide
3048 1371 3141 1426 tibi
3173 1372 3350 1442 spatia
3379 1371 3432 1426 in
3466 1379 3612 1426 terra
3633 1370 3776 1429 Phe-

2173 1463 2332 1519 ιιεηί
2377 1473 2436 1520 et
2466 1464 2756 1535 Bapbaim,
2787 1465 2921 1536 quia
2950 1473 3184 1536 angusta
3229 1475 3314 1521 est
3365 1464 3461 1522 tibi
3497 1466 3778 1535 possessio

2173 1558 2372 1614 montis
2404 1558 2662 1630 Epltraim
2691 1557 2828 1630 (los.
2864 1575 2995 1626 xvn,
3032 1558 3120 1626 14,
3151 1557 3267 1629 15).
3305 1560 3368 1614 Et
3398 1560 3592 1616 iterum
3627 1576 3640 1614 :
3681 1559 3776 1616 Di-

2171 1654 2355 1720 xitque
2405 1650 2569 1707 Josue
2621 1651 2687 1706 ad
2755 1653 2979 1710 domum
3046 1652 3303 1723 prraim
3355 1663 3408 1709 et
3466 1652 3769 1710 Manasse:

2170 1744 2332 1818 597
2381 1746 2620 1816 Populus
2669 1746 2874 1802 multus
2913 1761 3004 1810 es,
3057 1757 3110 1802 et
3140 1762 3354 1818 magnae
3378 1747 3768 1803 fortitudinis:

460 1843 592 1897 tidie
625 1844 1028 1899 innovabantur
1051 1844 1236 1914 fruges
1267 1843 1406 1910 ejus,
1443 1841 1555 1898 sive
1595 1857 1700 1897 non
1734 1842 1939 1898 defluet
1985 1841 2066 1897 fo-
2096 1831 2146 1892 Β
2174 1854 2280 1895 non
2313 1839 2547 1896 habebis
2578 1849 2791 1897 sortem
2819 1855 3016 1906 unam,
3060 1839 3158 1896 sed
3191 1840 3454 1896 transibis
3493 1841 3560 1894 ad
3615 1855 3776 1896 mon-

459 1933 590 1990 lium
623 1953 687 1991 ex
731 1950 818 2005 eo,
853 1945 906 1992 et
937 1952 1043 1992 non
1069 1935 1278 1992 deficiet
1315 1935 1524 1992 fructus
1557 1937 1711 2006 ejus;
1753 1936 1905 2005 juxta
1938 1936 2068 1993 illud

460 2031 602 2101 quod
631 2032 682 2085 in
718 2033 892 2101 primo
918 2032 1126 2103 psalmo
1151 2032 1416 2102 scriptum
1445 2039 1528 2086 est
1553 2048 1566 2084 ι
1591 2031 1655 2085 Ει
1687 2031 1790 2085 erit
1815 2038 2066 2102 tanquam

459 2125 660 2196 lignum
693 2125 836 2196 quod
860 2127 1156 2196 plantatum
1185 2135 1266 2181 est
1298 2139 1460 2180 secus
1487 2125 1756 2180 decursus
1781 2141 2064 2196 aquarum,

458 2215 601 2290 quod
633 2218 866 2276 fructum
897 2234 1053 2274 suum
1085 2219 1238 2275 dabit
1265 2219 1320 2274 in
1352 2229 1602 2290 tempore
1632 2233 1753 2286 suo,
1787 2229 1841 2275 et
1879 2219 2066 2275 folium

459 2311 576 2381 ejus
601 2329 710 2368 non
740 2313 941 2368 deﬂuet
971 2312 1146 2383 (Psal.
1189 2330 1234 2380 ι,
1267 2314 1348 2383 5).
1395 2313 1501 2368 Per
1549 2313 1821 2383 singulos,
1867 2312 2064 2382 inquit,

461 2420 681 2462 menses
711 2404 902 2462 afferet
948 2406 1242 2476 pritnitiva,
1273 2409 1388 2462 sive
1433 2415 1489 2462 ut
1520 2406 1572 2462 in
1630 2403 1776 2461 LXX
1803 2405 2065 2473 scriptum

460 2510 541 2556 est
570 2518 582 2554 :
625 2498 853 2555 Fructus
879 2505 989 2574 ejus
1019 2501 1073 2554 in
1109 2500 1438 2554 renovatione
1479 2498 1560 2553 sui
1593 2499 1852 2570 primitiva
1883 2497 2068 2564 dabit;

458 2603 512 2650 ut
537 2611 730 2651 omnes
754 2595 1090 2652 credentium
1116 2593 1321 2650 fructus.
1349 2594 1600 2664 primitia:
1625 2594 1754 2658 sint,
1786 2601 1842 2648 et
1865 2589 2066 2662 singuli

458 2704 680 2746 menses
708 2689 937 2758 singulis
990 2689 1260 2759 apostolis
1313 2688 1656 2756 deputentur.
1718 2686 1830 2740 Hoc
1883 2695 2064 2740 autem

453 2785 693 2848 eveniet,
725 2783 977 2852 quoniam
1012 2797 1167 2853 aquae
1194 2782 1313 2854 ejus
1343 2781 1412 2838 de
1439 2781 1754 2836 sanctuario
1780 2779 2068 2848 egredien-

458 2883 590 2930 tur:
632 2875 710 2932 Ne
743 2886 993 2947 putemus
1041 2877 1283 2946 riparum
1337 2889 1480 2940 esse,
1511 2875 1599 2930 vel
1645 2873 1924 2939 arborum,
1973 2883 2064 2928 aut

459 2970 752 3037 mensium,
776 2968 940 3041 596
963 2977 1234 3024 tantarum
1261 2967 1475 3040 frugum
1500 2966 1913 3034 abundantiam,
1937 2965 2066 3022 red-

455 3061 531 3116 dit
565 3076 759 3117 cauSas
789 3063 1076 3131 ubertatis,
1133 3072 1189 3118 et
1237 3063 1404 3118 infert
1433 3079 1446 3116 :
1491 3062 1623 3128 Quia
1655 3075 1809 3132 aqua:
1847 3060 1968 3132 ejus
1996 3059 2065 3116 de

455 3158 770 3213 sanctuario
815 3157 1188 3228 egredientnr.
1247 3156 1364 3212 Non
1417 3171 1546 3226 ergo
1589 3156 1828 3211 volentis
1881 3169 2062 3226 neque

451 3253 746 3319 currentis,
775 3252 868 3308 sed
901 3253 1210 3308 miserantis
1241 3251 1335 3306 Dei
1369 3261 1453 3306 est
1481 3250 1662 3323 (Rom.
1697 3265 1774 3315 ιχ,
1801 3248 1916 3320 16).
1956 3248 2064 3304 Ho—
2090 3232 2136 3298 C

453 3361 568 3399 I'llllt
592 3344 834 3400 omnium
862 3346 1136 3416 lignorum
1167 3346 1534 3416 principatum
1570 3353 1722 3400 tenet
1744 3344 1950 3414 lignum
1983 3343 2062 3397 vi-

451 3445 541 3500 tae,
576 3437 717 3507 quod
750 3438 1073 3509 intelligitur
1101 3439 1388 3510 sapientia,
1417 3437 1486 3492 de
1511 3453 1614 3507 qua
1640 3436 1904 3507 scriptum
1933 3443 2055 3492 est:

347 3547 356 3552 “
452 3529 678 3602 Liguutn
710 3532 834 3586 vita:
864 3544 947 3586 εει
978 3532 1230 3587 omnibus
1252 3531 1607 3588 credentibus
1640 3532 1692 3585 in
1727 3547 1845 3586 eam
1869 3531 2055 3603 (Prov.

449 3623 553 3688 In).
583 3623 827 3694 llludque
858 3625 1003 3696 qutid
1034 3625 1239 3680 dicitur
1268 3643 1280 3679 :
1311 3623 1379 3679 Et
1412 3635 1559 3681 erunt
1611 3626 1811 3697 fructus
1855 3626 1967 3696 ejus
2005 3627 2060 3681 in

449 3717 638 3783 cibum,
667 3727 716 3772 et
744 3719 925 3789 folium
953 3720 1064 3790 ejus
1087 3718 1154 3772 ad
1179 3719 1520 3786 medicinam,
1545 3719 1860 3775 divinorum
1893 3720 2061 3776 libro-

452 3829 572 3869 rum
596 3823 936 3870 sacramenta
961 3815 1300 3872 demonstrat
1328 3834 1340 3870 :
1369 3831 1602 3887 quorum
1633 3797 1866 3872 alterum
1895 3817 2060 3888 perti-

450 3915 544 3962 net
567 3906 634 3961 ad
665 3907 922 3975 litteram,
953 3908 1186 3965 alterum
1228 3909 1293 3964 ad
1321 3909 1572 3978 spiritum
1609 3926 1623 3964 :
1649 3917 1706 3964 ut
1735 3910 1901 3966 verba
1930 3910 2060 3966 sitn-

457 3999 618 4068 plicia
651 3999 1025 4072 intelligamus
1053 4004 1104 4056 in
1129 4002 1294 4066 foliis,
1313 4001 1366 4056 in
1396 4001 1661 4057 fruetibus
1679 4019 1808 4058 vero
1832 4017 2056 4059 sensum

451 4093 730 4148 latentem.
761 4093 911 4151 Sicut
947 4095 1094 4151 enim
1122 4097 1350 4152 scientia
1373 4095 1780 4167 Scripturarum
1815 4097 1962 4152 ducit
1991 4098 2059 4155 ad

451 4201 620 4258 regna
669 4189 968 4255 caelorum;
1016 4198 1073 4244 et
1106 4191 1314 4261 praebet
1345 4190 1501 4245 nobis
1534 4204 1727 4260 panem
1758 4191 1850 4262 qui
1879 4191 2012 4247 dicit
2042 4209 2056 4248 :

457 4279 568 4350 Ego
593 4297 712 4336 sum
747 4283 926 4352 panis,
955 4283 1049 4353 qui
1077 4282 1144 4338 de
1170 4283 1312 4339 caelo
1336 4283 1594 4339 descendi
1617 4283 1800 4357 (Joan.
1819 4300 1872 4340 Vt
1891 4328 1904 4353 ,
1924 4285 2015 4356 41)
2042 4305 2055 4342 :

449 4373 528 4428 sic
558 4372 683 4429 folia
716 4375 833 4445 ejus
863 4377 1126 4432 moralem
1154 4375 1459 4432 doctrinam
1509 4377 1816 4448 continent,
1852 4389 1908 4436 et
1955 4382 2057 4436 tri-

455 4465 624 4521 buunt
644 4467 958 4535 sanitatem,
994 4479 1050 4524 ut
1079 4469 1420 4540 peccantium
1455 4481 1646 4525 curent
1672 4471 1924 4528 vulnera.
1953 4472 2059 4530 Pro

454 4558 597 4613 foliis
628 4573 751 4629 qua:
802 4559 1070 4617 llebraice
1099 4561 1355 4617 dicuntur
1401 4578 1504 4618 ALB
1557 4546 1778 4636 (nbit),
1831 4575 2058 4637 propter

451 4649 601 4704 verbi
623 4661 678 4705 et
702 4654 856 4706 vocis
879 4651 1322 4721 similitudinem,
1347 4651 1490 4709 LXX
1517 4634 1866 4712 ascensionem
1885 4634 2056 4714 trans-
2084 4634 2133 4694 1)

455 4741 728 4812 tulerunt,
757 4743 902 4815 quod
933 4753 991 4801 et
1035 4747 1209 4817 ipsum
1242 4748 1322 4802 sic
1351 4748 1580 4804 edisseri
1614 4760 1816 4820 potest,
1847 4759 1906 4806 ut
1932 4760 2056 4822 post

450 4836 604 4893 cibos
639 4838 936 4909 fructuum,
972 4841 1259 4897 verborum
1295 4845 1514 4899 monitis
1545 4844 1610 4900 ad
1640 4846 1884 4902 coelestia
1915 4861 2052 4903 con-

453 4931 804 4988 scendatnus.

523 5025 706 5097 (Vers.
736 5028 826 5096 l5,
855 5027 970 5100 Ην.)
1013 5029 1142 5086 Ηωο
1171 5031 1298 5086 dicit
1327 5030 1583 5087 Dominus
1626 5033 1764 5088 Deus
1793 5051 1810 5088 :
1847 5033 1948 5089 Hic
1980 5045 2055 5090 est

451 5125 703 5177 terminus
719 5123 770 5177 in
798 5140 918 5196 quo;
939 5126 1262 5196 possitlebitis
1291 5135 1480 5181 terram
1501 5129 1554 5182 in
1593 5127 1867 5183 duodecim
1888 5129 2052 5184 tribu-

452 5213 544 5267 bus
593 5213 782 5285 lsrael,
825 5213 944 5288 qtlia
981 5215 1173 5291 Josrph
1221 5219 1477 5285 duplicem
1531 5221 1824 5292 funiculum
1876 5221 2047 5278 habet.

454 5305 793 5364 Possidebitis
820 5321 988 5366 autem
1028 5330 1142 5366 cant
1168 5313 1362 5384 singuli
1393 5330 1537 5385 atque
1563 5324 1618 5369 ut
1661 5319 1823 5386 frater
1845 5335 1990 5386 suus,
2024 5316 2050 5358 δ

448 5400 501 5454 in
525 5417 682 5470 quam
710 5401 873 5456 levavi
913 5421 1126 5458 nmnum
1170 5421 1356 5472 meam,
1389 5416 1444 5461 nt
1471 5407 1652 5463 darem
1682 5411 1921 5481 patribus
1945 5427 2056 5466 ves-

452 5492 545 5544 tris
578 5507 596 5546 :
628 5502 676 5546 et
713 5494 859 5548 cadet
886 5503 1028 5550 terra
1048 5494 1314 5552 hwcrobis
1336 5500 1388 5553 in
1421 5501 1816 5573 possessionem.
1851 5500 1956 5558 Pro
1987 5518 2054 5560 eo

451 5585 592 5655 quod
625 5602 726 5642 nos
753 5587 1015 5657 diximus,
1080 5591 1202 5655 quia
1229 5591 1428 5666 Ioseph
1469 5594 1729 5664 duplicent
1761 5599 2055 5668 funiculum

525 5773 554 5804 ο
590 5765 649 5820 In
680 5766 803 5821 aliis
836 5767 992 5823 libris
1016 5777 1074 5824 et
1101 5770 1334 5828 fortasse
1363 5771 1569 5828 rectius
1591 5787 1864 5831 ιιΑΑειιΑι.

523 5835 550 5875 δ
606 5836 690 5918 Ad
739 5838 984 5918 Vulgata;
1011 5845 1307 5918 _e§_et_nplar
1356 5843 1626 5918 Victorius
1661 5861 1818 5918 super
1853 5863 2046 5917 quam;

445 5924 573 5972 nam
599 5910 654 5966 in
676 5916 945 5985 ᾳκαηιτῶν
965 5911 1110 5976 LXX
1139 5913 1434 5976 lectionem
1461 5915 1576 5975 vult
1601 5910 1744 5974 esse;

2175 1940 2309 1998 tem,
2339 1941 2394 1988 et
2417 1932 2668 1989 succides
2697 1932 2794 1988 tibi
2824 1942 2992 2003 atque
3031 1932 3298 2004 purgabis
3327 1933 3391 1988 ad
3417 1932 3776 1990 habitandum

2175 2028 2373 2099 spatia,
2415 2037 2469 2083 et
2499 2029 2708 2097 poteris
2736 2028 2875 2083 ultra
2905 2027 3243 2096 procedere,
3279 2042 3403 2083 cum
3437 2027 3779 2084 subverteris

2172 2121 2540 2178 Chananteum
2559 2167 2573 2191 ,
2602 2137 2764 2193 quem
2797 2121 2936 2177 dicis
2969 2120 3189 2178 ferreos
3218 2121 3427 2187 habere
3454 2134 3653 2178 currus
3673 2163 3686 2188 ,
3718 2129 3782 2177 et

2173 2231 2296 2291 esse
2325 2215 2691 2271 fortissimum
2728 2213 2924 2286 (Ibid.,
2956 2214 3072 2285 27).
3110 2214 3223 2270 Hoc
3270 2224 3570 2287 propterea
3621 2215 3780 2273 dixe-

2173 2313 2300 2376 rim,
2331 2311 2456 2381 quia
2487 2326 2632 2366 nunc
2669 2310 2953 2382 Scriptura
2981 2323 3378 2368 commemorat
3408 2311 3637 2384 Josepb,
3671 2314 3777 2370 hoc

2173 2414 2282 2473 est,
2329 2403 2590 2474 Ephraim
2625 2414 2680 2460 et
2710 2404 2965 2460 alanasse
2992 2403 3270 2476 duplicem
3307 2405 3510 2462 habere
3555 2406 3776 2462 funicu-

2173 2497 2306 2552 lum.
2367 2495 2612 2568 Singulte
2675 2509 2860 2551 autem
2914 2499 3088 2552 tribus
3141 2497 3297 2568 juxta
3358 2499 3775 2556 multitudinem

2171 2603 2350 2655 suam,
2386 2588 2613 2660 u-qualia
2646 2588 2924 2658 accipiunt
2986 2599 3145 2645 terrae
3177 2589 3352 2660 spatia
3379 2632 3393 2656 ,
3426 2605 3774 2662 nequaquam

2170 2682 2401 2737 arbitrio
2421 2682 2750 2749 dividentis,
2778 2685 2873 2738 sed
2912 2695 3063 2738 sorte
3093 2699 3215 2754 quae
3259 2685 3313 2742 in
3345 2684 3565 2742 Domini
3615 2695 3775 2758 pote-

2169 2784 2310 2830 state
2340 2775 2614 2830 consistit.
2669 2777 2918 2848 Denique
2942 2779 3009 2845 ,ἐι
3050 2777 3166 2846 ipse
3211 2777 3380 2834 Josue
3426 2779 3519 2850 qui
3557 2765 3774 2836 divisor

2169 2881 2330 2928 terrae
2353 2870 2476 2939 fuit,
2511 2887 2617 2927 non
2652 2873 2928 2944 propriam
2959 2873 3060 2928 sibi
3087 2874 3367 2944 separavit
3417 2882 3620 2930 terram
3644 2917 3658 2942 ,
3697 2889 3770 2932 ne

2168 2966 2431 3036 optimam
2455 2966 2694 3037 elegisse
2717 2965 3038 3031 videretur;
3074 2965 3175 3022 sed
3211 2966 3418 3037 accepit
3449 2983 3478 3024 a
3509 2968 3774 3040 principi-

2169 3060 2269 3116 bus
2324 3061 2570 3116 omnium
2619 3061 2858 3116 trilmum
2921 3061 3427 3120 Tltamnatbsaretb
3483 3064 3537 3119 in
3581 3072 3771 3122 monte

2172 3153 2464 3224 Ephraim.

2242 3249 2424 3322 (Vers.
2457 3250 2524 3304 i5
2551 3247 2734 3321 seqq.)
2777 3247 2882 3303 Hic
2907 3259 2980 3304 est
3010 3259 3186 3304 autem
3232 3251 3484 3307 terminus
3523 3259 3674 3308 terra
3697 3253 3767 3308 ad

2167 3344 2383 3417 plagam
2417 3332 2916 3413 Septentrionalem,
2947 3362 2979 3398 a
3003 3347 3136 3399 mari
3159 3361 3381 3419 magna,
3417 3349 3502 3402 via
3532 3346 3766 3403 Etltalon

2163 3437 2480 3491 uenientibus
2497 3435 2734 3501 Sadada,
2762 3435 2976 3504 Emath,
2995 3437 3243 3506 Berotlta,
3269 3437 3537 3506 Sabarim,
3555 3455 3669 3510 qua:
3687 3448 3767 3495 est

2162 3531 2294 3584 inter
2321 3542 2342 3568 ο
2373 3530 2596 3586 medium
2625 3528 2890 3594 Damasci,
2919 3540 2965 3584 et
2991 3532 3274 3601 confinium
3295 3530 3486 3588 Emath
3521 3549 3534 3587 :
3564 3535 3765 3588 atrium

2163 3623 2361 3678 Thicon
2386 3623 2567 3696 [Vulg.
2594 3623 2778 3679 domus
2796 3622 3088 3696 Atlhicon],
3112 3641 3230 3696 quae
3249 3633 3326 3680 est
3340 3626 3498 3695 juxta
3514 3627 3764 3682 terminos

2165 3715 2347 3770 Auran
2395 3717 2536 3788 (sive
2583 3715 2956 3788 Auranitidis).
3003 3716 3072 3771 Et
3121 3718 3218 3772 erit
3258 3720 3504 3774 terminus
3551 3735 3584 3772 a
3630 3719 3763 3774 mari

2164 3825 2328 3881 usque
2351 3809 2421 3862 ad
2446 3809 2634 3863 atrium
2659 3807 2708 3863 E
2716 3826 2817 3864 non
2846 3809 2993 3883 (sive
3021 3809 3351 3882 Seraranan)
3381 3812 3626 3868 terminus
3647 3809 3765 3868 Da-

2163 3903 2344 3971 masci,
2368 3912 2416 3958 et
2443 3902 2506 3956 ab
2537 3901 2797 3974 Aquilone
2832 3905 2900 3958 ad
2941 3905 3253 3975 Aquilonem
3281 3907 3530 3961 terminus
3566 3906 3762 3962 Emath

2165 3998 2322 4069 plaga
2355 3997 2534 4072 [Vulg.
2563 4008 2612 4052 et
2654 3998 2905 4053 terminus
2947 3997 3175 4065 Ematlt;
3227 4001 3386 4073 plaga
3431 4000 3632 4074 autem]
3665 3999 3766 4057 Se-

2162 4090 2552 4164 ptentrionalis.
2619 4090 2767 4145 Inter
2825 4091 3494 4166 descriptionetnLterrte
3555 4105 3764 4152 sanetae

2164 4187 2458 4244 duodecim
2492 4187 2733 4242 tribuum
2758 4186 2924 4242 Josue
2957 4187 3049 4242 lilii
3092 4188 3236 4252 Non,
3267 4196 3320 4244 et
3341 4204 3466 4260 quae
3496 4171 3764 4261 nuncper

2161 4281 2504 4338 Ezechielem
2538 4281 2657 4336 ﬁeri
2691 4283 3020 4351 imperatur,
3058 4282 3165 4338 hoc
3214 4284 3472 4351 interest,
3505 4284 3652 4355 quod
3684 4284 3760 4342 ibi

2161 4377 2306 4432 inter
2339 4378 2512 4432 tribus
2539 4385 2690 4432 sorte
2716 4388 2862 4431 terra
2879 4377 3169 4444 dividitur,
3197 4379 3286 4433 ltic
3315 4378 3536 4434 Domini
3563 4380 3763 4451 juben-

2162 4471 2228 4528 tis
2257 4471 2485 4527 arbitrio
2525 4470 2835 4541 delegatur.
2887 4468 2944 4525 ln
2991 4469 3352 4527 Numerorum
3399 4473 3568 4541 igitur
3617 4473 3762 4529 libro

2161 4563 2358 4636 (Nunt.
2395 4561 2586 4634 uuv)
2611 4608 2626 4632 ,
2681 4564 2736 4618 in
2764 4578 2873 4634 quo
2903 4565 3086 4620 omnis
3131 4575 3274 4621 terra
3316 4567 3762 4637 repromissionis

2161 4673 2258 4732 per
2303 4669 2540 4728 quatuor
2585 4657 2775 4728 plagas
2824 4658 2972 4712 brevi
3029 4672 3288 4716 sermone
3335 4659 3639 4728 dividitur,
3693 4661 3761 4717 ab

2163 4755 2452 4828 Aquilone,
2487 4753 2540 4809 id
2568 4764 2654 4808 est
2679 4799 2692 4823 ,
2748 4753 2902 4824 plaga
2947 4752 3381 4824 Septenttionali
3415 4756 3515 4809 ista
3549 4755 3764 4811 descri-

2163 4849 2277 4919 ptio
2299 4857 2427 4903 est:
2467 4845 2636 4900 Porro
2679 4846 2749 4899 ad
2789 4845 3264 4916 Septentrionalen:
3314 4858 3517 4918 partem
3569 4848 3754 4920 [Vulg.

2160 4939 2393 5014 plagam]
2419 4956 2452 4993 a
2479 4941 2612 4992 mari
2643 4955 2830 5010 magna
2853 4939 3061 4994 termini
3090 4940 3360 5008 incipient,
3406 4942 3758 5008 pervenientes

2161 5053 2320 5108 usque
2346 5035 2414 5088 ad
2437 5042 2664 5088 montem
2689 5034 3020 5101 altissimum,
3054 5051 3087 5088 a
3127 5051 3224 5104 quo
3252 5035 3421 5090 renies
3462 5035 3644 5108 [Vulg.
3674 5054 3760 5092 re-

2162 5128 2326 5200 nient]
2353 5130 2406 5182 in
2435 5126 2655 5193 Emam,
2688 5143 2846 5198 usque
2885 5126 2956 5180 ad
3012 5128 3258 5180 terminos
3304 5126 3522 5183 Sadada
3547 5172 3561 5197 ,
3613 5129 3759 5185 ibunt

2163 5221 2392 5292 conﬁnia
2425 5237 2584 5292 usque
2633 5217 2912 5292 Zephroua
2936 5230 2984 5273 et
3013 5219 3191 5274 villam
3223 5219 3390 5275 Etiam
3418 5265 3430 5286 ,
3464 5224 3580 5278 sive
3627 5223 3759 5279 Aser

2166 5315 2339 5370 Euan.
2372 5315 2680 5384 Dicuntque
2725 5313 2938 5368 Hebrmi
2989 5314 3485 5384 Septentrionalem
3546 5317 3759 5389 plagam

2163 5412 2404 5483 incipere
2429 5426 2456 5464 a
2491 5411 2628 5466 mari
2663 5425 2890 5480 magno,
2921 5410 3068 5481 quod
3101 5409 3432 5478 Palaestinae,
3459 5411 3758 5480 Phoenicis,

2162 5515 2216 5562 et
2247 5504 2419 5578 Syriae
2451 5519 2572 5574 qua:
2604 5503 2915 5574 appellatur
2945 5502 3124 5570 (Itale,
3147 5501 3473 5576 Ciliciteque
3525 5514 3761 5576 praeten-

2161 5599 2315 5654 ditur
2337 5597 2624 5654 littoribus
2644 5638 2658 5664 ,
2688 5605 2744 5652 et
2767 5611 2864 5668 per
2884 5592 3179 5669 Egyptum
3215 5596 3390 5652 tendit
3417 5596 3482 5654 ad
3505 5597 3757 5670 Libyam.

2229 5789 2255 5816 ιο
2290 5777 2497 5833 Victor.
2519 5775 2657 5830 inter
2682 5775 2963 5848 terminum
2991 5773 3262 5848 Damasci,
3313 5783 3446 5848 etc.,
3497 5790 3566 5832 ex
3595 5775 3756 5848 Vulg.

2154 5849 2419 5905 Hebraico
2438 5890 2453 5914 ,
2475 5849 2704 5920 ipsoque
2735 5845 3052 5918 Hieronymi
3072 5845 3504 5904 Commentario.
