4108 6338
524 276 591 285 sv.

278 283 376 340 I77

899 279 1556 340 COMMENTARIORUM
1601 280 1666 338 IN
1709 278 2143 339 EZECllIEI.EM
2188 280 2313 340 LIB.
2361 284 2500 342 XIV.
2541 283 2695 342 CAP.
2736 283 2947 343 XLVII.

3458 289 3563 346 478

280 402 418 472 Quod
444 410 637 458 autem
665 401 805 457 dicit
837 421 849 457 ε
881 400 1196 457 Pervenient
1223 403 1431 456 tirmiui
1453 416 1615 474 usque
1638 404 1709 458 ad
1728 418 1874 457 mon-
1902 404 1954 466 Α
1982 405 2032 458 in
2066 420 2174 475 quo
2219 415 2271 459 et
2320 402 2604 475 apostolus
2651 406 2853 462 Paulus
2884 406 3021 477 (Act.
3060 406 3133 481 ix)
3176 423 3205 463 a
3246 407 3430 465 furore
3471 409 3567 465 Ju-

281 510 369 552 tem
420 493 739 549 altissimum
789 494 996 567 (Num.
1029 510 1196 550 xntv
1223 536 1237 561 ,
1272 494 1378 565 7),
1437 495 1598 551 iidem
1657 495 1873 551 Hebraei

281 599 641 658 uutumant,
671 590 757 647 rel
805 593 1076 645 Amanum
1122 601 1365 646 montem
1404 592 1743 663 signiﬁcari,
1786 592 1875 649 vel

278 684 508 740 Taurum
536 722 553 747 ,
591 682 739 753 quod
776 684 937 738 nobis
967 682 1185 739 videtur
1214 683 1379 758 598
1404 685 1607 741 verius.
1658 685 1702 738 A
1749 698 1873 755 quo,

279 777 461 847 inquit,
494 776 669 830 venies
692 777 746 830 iu
772 774 986 843 Emath,
1018 792 1142 848 quae
1168 793 1315 833 nunc
1356 778 1665 850 Epiphania
1698 779 1876 835 nomi-

283 880 451 938 natur,
503 870 582 925 ab
623 870 896 926 Antiocho
928 871 1314 927 crudelissimo
1361 881 1719 945 tyrannorum
1774 888 1876 929 no-

286 966 425 1021 mine
448 973 796 1020 commutato
830 983 843 1020 :
879 980 1006 1021 nam
1038 974 1466 1037 cognomentum
1496 967 1691 1024 habuit.
1737 968 1877 1025 Ἐπι-

280 1062 443 1131 me.
474 1056 657 1128 Usque
678 1058 747 1111 ad
771 1060 1039 1128 terminos,
1067 1060 1265 1130 inquit,
1299 1060 1538 1127 Sadada,
1579 1064 1671 1133 qui
1722 1063 1876 1118 locus

277 1162 325 1207 et
353 1151 407 1206 in
453 1154 719 1221 praesenti
775 1152 1086 1209 Ezechielis
1117 1153 1349 1225 ponitur
1393 1156 1673 1222 lectione,
1726 1156 1876 1210 ibunt

278 1244 497 1315 conﬁnia
518 1262 686 1316 usque
708 1245 1012 1317 Zephroua,
1045 1263 1208 1319 quam
1238 1249 1427 1304 urbem
1460 1247 1625 1304 hodie
1656 1249 1878 1323 Zephy-

279 1345 405 1399 rium
430 1342 701 1414 oppidum
732 1344 936 1401 Cilicizc
960 1356 1178 1401 vocant.
1214 1344 1240 1384 ι)
1274 1346 1387 1402 Hoc
1409 1356 1589 1401 autem
1623 1346 1767 1417 quod
1792 1361 1878 1401 se-

279 1437 449 1507 quitur
478 1454 492 1489 :
527 1434 603 1490 Et
626 1436 755 1492 villa
777 1436 970 1503 Euam,
990 1454 1085 1508 pro
1108 1454 1216 1510 quo
1237 1440 1292 1493 in
1324 1440 1594 1496 Hebraico
1615 1439 1878 1509 scriptum

277 1535 373 1593 est,
404 1542 545 1583 ASEB
578 1544 725 1617 isnon
757 1530 893 1617 (πων
919 1532 1072 1601 Ἴωνι)
1102 1572 1118 1598 ,
1152 1531 1270 1587 sive
1304 1530 1459 1586 Euan
1484 1574 1499 1597 ,
1545 1543 1601 1585 et
1632 1546 1879 1603 prteseus

280 1622 515 1680 continet
552 1615 733 1678 locus.
766 1615 833 1678 Et
865 1625 1085 1680 interim
1106 1624 1411 1680 secundum
1444 1625 1729 1681 historiam
1756 1627 1882 1681 bre-

282 1716 407 1771 viter
436 1716 733 1772 strinxisse
763 1714 1023 1783 solliciat,
1049 1729 1103 1773 et
1128 1728 1235 1774 tam
1259 1717 1625 1775 Numerorum
1652 1759 1666 1783 ,
1712 1733 1876 1790 quam

1976 498 2131 553 daico
2172 510 2229 555 et
2260 496 2527 555 effusione
2574 496 2949 557 Ecclesiasdci
3001 502 3283 574 sanguinis
3310 547 3327 573 ,
3380 504 3568 559 lumen

1976 594 2228 649 cmcitate
2255 592 2634 663 conspexit,et
2663 604 2943 665 assumpto
2964 594 3142 652 cilicio
3169 596 3575 668 persecutionis

1979 688 2201 754 veteris,
2234 686 2595 759 Evangelium
2649 685 2966 758 prmdicavit
2992 735 3005 757 ,
3058 700 3115 745 ut
3159 691 3475 761 perveniret
3503 690 3573 750 ad

1975 782 2175 837 atrium
2206 778 2374 837 fontis
2407 783 2622 847 :eterni,
2648 791 2699 835 et
2734 783 2786 837 in
2827 783 3096 853 Aquilone
3124 784 3395 857 quondam
3421 786 3571 859 posi-

1980 888 2088 940 tus,
2112 875 2556 947 apprehenderet
2585 875 2874 931 terminum
2902 878 3174 933 veritatis.

2053 971 2236 1041 (Vers.
2266 970 2379 1040 18.)
2408 967 2578 1026 Porro
2611 971 2769 1041 plaga
2799 967 3085 1024 Orientalis
3133 968 3197 1025 de
3243 970 3412 1027 medio
3461 972 3570 1027 Au-

1978 1080 2097 1129 rau,
2127 1072 2174 1119 et
2202 1063 2265 1117 dc
2298 1062 2469 1117 medio
2497 1060 2768 1128 Damasci,
2792 1072 2837 1117 et
2862 1061 2927 1117 de
2954 1064 3123 1117 medio
3155 1063 3380 1131 Galaad,
3412 1072 3460 1119 et
3508 1067 3575 1123 de

1979 1156 2151 1211 medio
2182 1164 2334 1211 terra:
2354 1154 2525 1211 Israel
2560 1171 2577 1210 :
2605 1152 2857 1210 Iordanis
2887 1146 3295 1227 disterminans,
3343 1157 3413 1211 ad
3432 1175 3576 1215 mare

1981 1247 2234 1304 orientale
2267 1248 2545 1303 metiemini
2567 1246 2753 1321 [Vulg.
2785 1246 2937 1303 addit
2957 1248 3133 1321 etiam]
3161 1249 3372 1322 plagam
3398 1250 3578 1307 Orien-

1981 1346 2160 1401 tatem.
2220 1342 2326 1400 Pro
2375 1358 2481 1414 quo
2530 1343 2582 1398 in
2625 1342 2988 1399 Numerorum
3026 1343 3164 1398 libro
3207 1345 3280 1399 ita
3312 1345 3579 1415 scriptum

1982 1438 2158 1508 reperi
2188 1456 2201 1492 :
2229 1435 2361 1491 Inde
2403 1437 2677 1490 metientur
2716 1437 2843 1505 ﬁnes
2872 1446 3052 1490 contra
3100 1435 3414 1491 Orientalem
3461 1439 3577 1509 pla—

1982 1549 2101 1604 gam
2136 1531 2199 1585 de
2219 1530 2341 1586 rilla
2366 1529 2542 1600 Euan,
2577 1530 2675 1584 hoc
2705 1536 2802 1596 est,
2837 1530 2964 1585 Aser
2989 1530 3165 1597 Euan,
3190 1546 3351 1600 usque
3373 1528 3578 1603 Sepha-

1986 1644 2072 1680 ma
2105 1642 2123 1681 :
2152 1637 2199 1680 et
2229 1629 2292 1679 de
2332 1624 2595 1695 Sephama
2631 1624 2939 1679 descendent
2969 1625 3174 1679 termini
3206 1622 3369 1678 Rebla
3399 1633 3582 1679 contra

1985 1722 2179 1791 fontem
2205 1736 2223 1773 :
2246 1719 2370 1774 inde
2395 1718 2691 1788 pervenient
2714 1724 2893 1771 contra
2919 1715 3179 1772 Orientem
3202 1717 3256 1770 in
3285 1730 3428 1770 mare
3448 1712 3579 1769 Clie-

283 1807 586 1863 Esechielis
616 1807 1050 1879 descriptionem
1080 1810 1185 1865 sibi
1222 1824 1292 1865 ex
1326 1810 1499 1866 latere
1542 1811 1833 1881 copulasse
1863 1827 1874 1865 ε
1910 1813 1957 1873 Β
1985 1814 2185 1878 ncreth,
2213 1822 2260 1866 et
2288 1813 2498 1867 tendent
2521 1828 2679 1883 usque
2706 1812 2776 1865 ad
2800 1810 3123 1876 Iordanem,
3157 1819 3204 1863 et
3235 1810 3303 1863 ad
3335 1810 3577 1863 ultimum

280 1912 329 1957 ut
371 1902 616 1971 prudens
663 1904 835 1958 lector
865 1903 1162 1974 intelligat,
1195 1904 1246 1959 in
1277 1904 1500 1975 quibus,
1536 1905 1620 1959 vel
1655 1904 1877 1973 eadem,

281 1994 355 2050 vel
376 1995 586 2061 vicina,
618 1995 709 2051 vel
743 1995 960 2052 diversa
982 1998 1494 2053 commemorarint.
1524 1999 1677 2054 Nunc
1701 1998 1872 2053 inter-

280 2089 500 2159 pretatis
533 2090 857 2145 nominibus
883 2091 1225 2162 singulorum
1250 2133 1267 2159 ,
1320 2106 1617 2163 sequamur
1667 2106 1873 2163 anago-

280 2197 391 2253 gen,
440 2181 668 2253 etquid
714 2182 870 2238 nobis
898 2183 1148 2239 videatur
1176 2185 1227 2239 in
1259 2185 1532 2256 singulis,
1596 2184 1881 2255 prarbente

281 2273 521 2340 Domino,
565 2274 926 2331 disseramus.
958 2274 1195 2331 Ethalou
1217 2280 1630 2348 interpretatur,
1662 2278 1881 2332 incuna-

279 2365 386 2420 bula
422 2368 668 2422 maeroris
694 2384 713 2421 :
741 2367 959 2425 Sadada
983 2408 999 2435 ,
1048 2370 1186 2424 latus
1234 2372 1369 2441 ejus,
1418 2387 1447 2425 a
1481 2371 1677 2436 latere,
1708 2385 1817 2425 non
1846 2384 1877 2426 a

284 2461 577 2517 latitudine
607 2463 892 2533 intellige:
928 2463 1143 2530 Emam,
1188 2468 1360 2535 furor,
1396 2465 1487 2536 qui
1521 2464 1711 2522 Grtcce
1739 2464 1874 2519 dici-

286 2566 376 2615 tur.
404 2557 570 2630 χόλος
603 2576 615 2611 :
645 2556 897 2628 Berotlta,
939 2559 1124 2631 putei:
1148 2559 1415 2625 Subarim,
1440 2560 1689 2613 circuitus
1734 2574 1881 2612 mou-

282 2652 436 2705 tium:
460 2648 782 2719 Damascus,
805 2654 1020 2724 sanguis
1048 2655 1186 2707 sacci
1208 2662 1262 2709 et
1284 2654 1450 2707 osculi
1474 2698 1487 2719 ,
1516 2653 1639 2708 sive
1678 2653 1874 2724 poculi.

284 2744 498 2799 Domum
560 2755 741 2800 autem
770 2784 786 2812 ,
837 2746 954 2801 sive
993 2748 1193 2801 atrium
1238 2746 1440 2801 Thicon
1467 2790 1480 2815 ,
1516 2745 1878 2817 Symmachus

286 2840 699 2910 interpretatur,
734 2841 1198 2908 atriummedium,
1231 2839 1378 2910 quod
1423 2840 1602 2912 pergit
1657 2839 1723 2896 ad
1777 2848 1881 2895 ter-

285 2933 446 2986 minos
489 2934 705 2989 Auran.
740 2933 909 3004 Igitur
939 2931 1164 2999 Thicon,
1200 2935 1422 2987 medium
1449 2944 1649 2989 sonat:
1677 2936 1877 3004 Auran,

286 3040 429 3097 quam
455 3026 610 3082 LXX
640 3028 692 3082 in
718 3026 970 3083 Grai-cum
1006 3036 1226 3083 vertere
1273 3043 1617 3098 sermonem,
1655 3029 1882 3084 Aurani-

286 3119 413 3186 tidis,
435 3120 798 3174 iracundiam.
832 3119 983 3187 Aser,
1008 3129 1190 3175 autem
1224 3120 1400 3191 Euan,
1432 3136 1552 3191 quae
1581 3131 1664 3177 est
1693 3122 1882 3177 termi-

289 3228 375 3265 nus
399 3212 691 3279 Damasci,
722 3211 778 3267 in
805 3213 990 3284 lingua
1021 3222 1209 3268 nostra

291 3303 746 3375 Septentrionalis
778 3306 948 3377 igitur
981 3306 1140 3377 plaga
1194 3306 1389 3376 incipit
1430 3322 1460 3361 a
1499 3308 1635 3362 mari
1684 3322 1882 3378 magno

291 3412 375 3468 per
397 3400 545 3456 viam
577 3398 801 3454 Elhaton
824 3438 838 3462 ,
870 3399 1015 3471 quod
1069 3399 1472 3471 interpretatur
1494 3444 1507 3468 ,
1569 3400 1882 3455 incunabula

290 3494 536 3557 maeroris,
561 3501 617 3548 et
648 3508 745 3562 per
774 3491 1150 3561 ptenitentiam
1198 3494 1348 3548 venit
1392 3493 1459 3549 ad
1489 3493 1703 3550 Satlada
1725 3535 1739 3561 ,
1787 3493 1878 3548 ubi

292 3593 448 3640 estex
475 3583 656 3639 latere
701 3583 1024 3639 declinatio.
1075 3584 1442 3657 Intelligimus
1478 3588 1628 3642 enim
1671 3588 1885 3657 impen—

292 3678 497 3732 dentem
530 3677 689 3733 nobis
730 3678 952 3745 Emath,
990 3677 1094 3734 hoc
1125 3690 1231 3745 est,
1263 3680 1694 3752 indignationem
1728 3682 1828 3738 Dei
1865 3697 1878 3737 :

293 3770 393 3828 sive
422 3771 643 3838 Emath,
677 3774 913 3828 veritate
965 3784 1278 3844 comperta,
1333 3775 1665 3845 aperiuntur
1725 3777 1883 3833 nobis

296 3866 422 3934 putei
452 3866 719 3933 Berotha,
751 3883 891 3937 quos
923 3868 1175 3924 foderunt
1201 3869 1482 3940 principes
1507 3911 1521 3934 ,
1579 3871 1876 3939 Abraham,

295 3958 444 4029 Isaac,
481 3969 538 4016 et
565 3959 738 4016 Iacob
772 3977 786 4015 :
837 3961 1110 4032 longoque
1154 3963 1390 4017 circuitu
1425 3965 1773 4033 pervenimus
1806 3963 1872 4018 ad

297 4066 501 4111 montes
534 4053 809 4122 Sabarim,
857 4056 955 4126 qui,
984 4056 1143 4124 positi
1178 4066 1307 4111 sunt
1354 4058 1495 4112 inter
1529 4058 1877 4125 Damascum,

297 4146 387 4203 hoc
407 4158 517 4215 est,
541 4148 865 4218 sanguinem
891 4147 1096 4213 cilicii,
1131 4158 1183 4202 et
1234 4149 1534 4204 conﬁnium
1572 4149 1787 4215 Ematlt,
1825 4158 1884 4205 ut

296 4254 447 4310 supra
478 4240 718 4297 diximus
737 4280 754 4308 ,
796 4242 1068 4297 veritatis.
1092 4240 1248 4297 Sicut
1270 4242 1415 4298 enim
1465 4259 1560 4313 per
1589 4258 1882 4301 tumrorem

296 4334 627 4391 declinamus
660 4336 803 4391 mala
833 4336 1238 4405 impendentia,
1267 4348 1326 4392 et
1369 4352 1436 4392 ex
1468 4337 1639 4393 latere
1666 4338 1879 4393 devita-

300 4445 405 4485 mus
438 4448 452 4484 :
491 4430 571 4486 sic
603 4430 1103 4501 postsanguinem,
1138 4438 1195 4486 et
1222 4430 1457 4487 cilicium
1490 4431 1615 4485 vita:
1658 4433 1883 4503 sangui-

299 4527 473 4593 nariae,
493 4535 785 4597 antequam
801 4526 1082 4581 veniamus
1112 4524 1178 4580 ad
1209 4524 1443 4580 conﬁnia
1472 4526 1691 4592 Emath,
1716 4526 1882 4600 599

1980 1906 2287 1961 claudentur
2328 1905 2482 1959 mari.
2527 1904 2706 1975 Supra
2744 1903 2958 1959 dixerat
2987 1920 2998 1956 τ
3028 1901 3097 1957 Et
3129 1902 3224 1956 erit
3263 1902 3512 1956 terminus
3544 1917 3577 1956 a

1979 2000 2113 2056 mari
2144 2015 2305 2071 usque
2332 1999 2400 2053 ad
2425 1999 2551 2053 Aser
2577 1997 2725 2053 Enon
2748 2040 2762 2066 ,
2808 1999 3057 2053 terminus
3086 1994 3338 2052 Damasci
3384 1995 3577 2069 (Num.

1980 2108 2167 2159 xxxtv,
2200 2092 2287 2159 it),
2325 2092 2434 2163 tt).
2469 2091 2513 2147 A
2549 2091 2655 2147 line
2684 2090 2845 2159 igitur
2872 2088 3333 2160 Septentrionalis
3377 2088 3577 2162 plagae,

1982 2187 2084 2243 hoc
2135 2196 2255 2265 eSt,_
2299 2188 2439 2243 atrio
2470 2186 2641 2252 Euan,
2697 2185 2926 2241 tendunt
2956 2182 3093 2240 lines
3122 2183 3278 2253 juxta
3310 2182 3583 2238 Numero-

1981 2297 2099 2337 rum
2149 2281 2345 2337 librum
2375 2296 2551 2351 usque
2590 2278 2865 2349 Scphama
2897 2320 2911 2344 ,
2964 2290 3125 2348 quam
3179 2274 3391 2331 lfebrtci
3434 2274 3581 2346 Apa-

1981 2378 2149 2433 miam
2183 2374 2470 2430 nominant
2498 2392 2511 2429 :
2544 2381 2599 2427 et
2626 2371 2695 2428 de
2719 2370 2943 2440 Apamia
2978 2366 3324 2425 descendunt
3354 2364 3576 2422 termini

1983 2474 2033 2527 in
2066 2470 2260 2535 Rebla,
2290 2484 2414 2540 qua:
2445 2480 2591 2523 nunc
2622 2466 2797 2538 Syria:
2821 2471 3046 2518 vocatur
3088 2459 3397 2518 Antiochia.
3426 2458 3492 2515 Et
3517 2465 3579 2515 ut

1980 2563 2122 2621 scias
2150 2558 2373 2619 Reblam
2407 2559 2550 2616 hanc
2576 2558 2889 2631 signiﬁcare
2922 2556 3136 2626 urbem,
3187 2570 3306 2627 qua:
3340 2568 3487 2609 nunc
3519 2552 3575 2611 in

1983 2659 2137 2731 Syria
2158 2656 2309 2713 Caele
2337 2653 2674 2710 nobilissima
2697 2662 2799 2715 est,
2824 2651 3075 2721 sequitur
3100 2666 3113 2703 :
3141 2647 3333 2703 Contra
3360 2647 3578 2719 fontem,

1981 2770 2141 2825 quem
2170 2751 2517 2823 perSpicuum
2550 2758 2636 2806 est
2680 2745 2977 2819 signiﬁcari
3010 2744 3289 2815 Daphnem
3317 2761 3329 2797 ε
3363 2743 3430 2799 de
3471 2756 3580 2812 quo

1985 2849 2133 2905 fonte
2160 2846 2472 2917 supradicta
2504 2844 2634 2900 urbs
2659 2843 2816 2914 aquis
2842 2837 3328 2897 abundantissimis
3351 2836 3576 2893 fruitur.

1987 2944 2083 2997 llic
2110 2952 2291 2996 autem
2319 2943 2471 2995 locus
2503 2953 2531 2992 a
2565 2936 2718 2993 Coeo
2748 2934 3014 3005 Pompeio
3039 2976 3055 3003 ,
3088 2932 3177 3005 qui
3231 2930 3439 3003 primus
3485 2931 3581 2986 Ju-

1982 3035 2154 3090 d:ram
2178 3032 2423 3088 Romano
2453 3030 2673 3100 subegit
2696 3028 2948 3096 imperio,
2977 3023 3195 3081 militari
3229 3038 3389 3079 manu
3408 3032 3581 3076 ccon-

1984 3128 2124 3182 situs
2145 3135 2263 3192 est;
2290 3133 2343 3180 et
2368 3124 2436 3179 ah
2460 3138 2525 3179 eo
2549 3125 2699 3192 juxta
2725 3120 2961 3177 fabulam
2994 3127 3295 3190 poetarum,
3326 3115 3581 3188 Daphnes

1295 3215 1439 3285 citur
1461 3216 1656 3268 atrium
1695 3215 1874 3286 fontis.
1908 3202 1953 3270 C
1987 3234 2185 3274 nomen
2216 3217 2450 3287 accepit,
2475 3216 2547 3271 ob
2568 3215 2750 3268 lauros
2778 3223 2827 3268 et
2853 3212 3161 3285 cyparissos
3182 3251 3197 3277 ,
3250 3222 3371 3278 quae
3419 3207 3578 3262 arbo-

1988 3326 2081 3365 res
2110 3311 2163 3365 in
2196 3311 2315 3380 ipso
2345 3308 2467 3362 loco
2499 3305 2960 3377 l‘rcquentissimm
2990 3309 3139 3356 sunt.
3195 3299 3341 3361 Inde,
3385 3299 3578 3369 inquit,

1989 3408 2311 3472 pervenient
2342 3400 2560 3458 termini
2611 3410 2801 3456 contra
2855 3395 3185 3452 Orientalem
3248 3394 3457 3463 plagam
3512 3389 3580 3445 ad

1989 3510 2138 3550 mare
2191 3492 2541 3557 Clienereth,
2598 3503 2775 3560 usque
2817 3488 2884 3543 ad
2932 3496 3183 3557 stagnum
3236 3482 3575 3557 'l‘yberiadis.

1988 3589 2132 3644 Mare
2163 3598 2341 3644 autem
2376 3586 2596 3653 dicitur,
2628 3596 2752 3639 cum
2786 3581 2979 3638 habeat
3000 3579 3189 3635 dulces
3204 3576 3370 3649 800
3386 3586 3576 3645 aquas,

1983 3686 2132 3753 juxta
2193 3682 2395 3738 idioma
2440 3681 2888 3750 Scripturarum,
2957 3692 3064 3747 quo
3123 3674 3582 3744 congregationcs

1988 3793 2248 3850 aquarum
2280 3777 2624 3848 appellantur
2665 3773 2855 3850 maria.
2917 3773 2981 3827 Et
3036 3769 3298 3833 tendent,
3362 3766 3579 3836 inquit,

1990 3849 2209 3929 termini
2237 3886 2411 3942 usque
2434 3849 2844 3933 Jordanempet
2874 3865 2942 3922 ad
2973 3865 3223 3921 ultimum
3255 3859 3580 3916 claudentur

1989 3968 2151 4034 mari,
2181 3966 2263 4021 vel
2317 3965 2451 4020 mari
2504 3972 2719 4018 mortuo
2744 4003 2758 4025 ,
2810 3961 2898 4017 vel
2926 3970 2981 4013 ut
3008 3959 3098 4014 alii
3132 3966 3351 4028 putant,
3392 3954 3579 4025 lingua

1989 4061 2159 4114 maris
2193 4057 2383 4123 Rubri,
2419 4057 2469 4110 in
2505 4055 2659 4125 cujus
2689 4054 2869 4108 littore
2910 4050 3067 4107 Attila
3114 4048 3295 4119 posita
3332 4056 3451 4111 est,
3487 4044 3577 4101 ubi

1988 4166 2134 4207 nunc
2184 4159 2430 4206 moratur
2469 4148 2670 4218 Legio,
2718 4153 2774 4201 ct
2820 4143 3134 4216 przcsidium
3186 4141 3580 4198 Romanorum.

1987 4246 2101 4300 Hoc
2153 4246 2306 4315 juxta
2357 4243 2717 4298 Numerorum
2777 4238 2974 4293 librum
3022 4236 3227 4291 dictum
3270 4235 3363 4290 sit.
3414 4232 3579 4289 Juxta

1988 4339 2327 4397 Ezechielem
2350 4352 2486 4394 vero
2522 4336 2592 4392 de
2616 4335 2797 4391 medio
2827 4336 3009 4389 Auran
3055 4348 3069 4386 :
3118 4330 3264 4401 quod
3296 4338 3379 4386 est
3426 4328 3585 4400 Oppi-

1986 4434 2115 4489 dum
2144 4433 2395 4489 Damasci
2437 4434 2490 4488 in
2527 4429 2864 4495 solitudine,
2915 4434 2975 4479 et
3024 4425 3095 4481 de
3140 4425 3321 4480 medio
3351 4421 3583 4490 Galaad,

1986 4530 2075 4597 qui
2109 4542 2265 4583 mons
2289 4527 2480 4583 Libani
2512 4524 2742 4580 collibus
2790 4524 3077 4593 copulatus
3124 4519 3322 4577 cecidit
3362 4517 3417 4573 in
3463 4531 3582 4572 sor-

296 4617 577 4675 circuimus
602 4627 657 4673 et
678 4618 1040 4688 pervenimus
1062 4616 1128 4672 ad
1156 4627 1394 4685 montes,
1420 4618 1491 4675 de
1514 4620 1711 4688 quibus
1743 4622 1880 4675 seri-
1906 4609 1957 4670 D
1988 4629 2095 4676 tem
2126 4619 2343 4687 Ruben,
2384 4629 2438 4675 et
2467 4619 2583 4676 Gad
2603 4663 2616 4685 ,
2645 4629 2701 4673 et
2726 4616 2965 4672 dimidiae
2995 4614 3167 4671 tribus
3208 4612 3455 4668 Manasse
3482 4654 3496 4678 ,
3527 4614 3586 4665 et

298 4723 437 4783 ptum
486 4721 574 4768 est
610 4730 624 4767 :
657 4710 860 4767 Montes
908 4713 962 4766 in
994 4712 1216 4766 circuitu
1249 4713 1394 4783 ejus,
1440 4710 1507 4766 Et
1549 4711 1804 4767 Dominus
1827 4713 1883 4768 in

297 4809 509 4863 circuitu
540 4806 719 4877 populi
748 4806 832 4860 sui
859 4804 1040 4875 (Psal.
1064 4819 1248 4872 cxstv,
1277 4804 1357 4879 2).
1382 4807 1486 4873 Qui
1522 4806 1675 4860 locus
1696 4806 1885 4875 appel-

297 4901 445 4970 latur,
496 4903 698 4957 atrium
754 4899 961 4956 Thicon
983 4938 1000 4965 ,
1036 4902 1139 4956 hoc
1172 4909 1278 4966 est,
1307 4902 1500 4955 atrium
1542 4902 1793 4967 medium,
1825 4909 1885 4956 ut

299 4994 678 5065 interpretatus
707 5002 793 5049 est
814 4992 1215 5066 Symmachus,
1259 4993 1412 5063 juxta
1448 4993 1713 5049 terminos
1765 4992 1881 5048 Au-

303 5103 410 5157 ran,
438 5088 581 5160 quod
612 5086 949 5143 iracundiam
973 5096 1157 5154 sonat,
1191 5095 1245 5142 et
1272 5098 1394 5141 cum
1425 5086 1690 5156 propheta
1737 5087 1886 5142 dica-

302 5195 410 5237 mus
449 5180 639 5239 :lrant
685 5179 899 5235 Domini
945 5180 1208 5236 sustinebo
1233 5220 1246 5243 ,
1287 5180 1532 5249 quoniam
1579 5181 1786 5251 peccavi
1838 5180 1887 5235 ei

299 5270 480 5343 (Ilion.
517 5289 591 5343 IV,
621 5272 703 5343 9).
741 5272 808 5327 Et
837 5286 869 5327 a
910 5272 1045 5328 mari
1078 5286 1252 5341 usque
1288 5272 1554 5327 terminos
1597 5272 1881 5339 Damasci;

363 5466 389 5495 ι
413 5458 717 5528 Prorogant
755 5454 903 5511 enim
945 5451 1159 5528 IIebraei
1205 5450 1430 5522 hujusce
1475 5451 1663 5528 lateris
1692 5451 1879 5528 termi-

302 5544 414 5597 nos,
444 5526 526 5585 vel
557 5522 829 5585 A'manum
856 5569 870 5594 ,
928 5525 1041 5597 vel,
1064 5523 1303 5597 Taurum
1357 5522 1732 5597 intelligentes
1774 5524 1877 5597 sub

304 5593 547 5656 altissimi
583 5598 783 5655 montis
816 5596 1109 5663 vocabulo,
1142 5596 1283 5665 quod
1309 5595 1488 5651 verius
1505 5593 1753 5665 plerique
1786 5596 1872 5651 in-

305 5681 663 5742 terpretantur
694 5671 761 5727 de
787 5669 1030 5738 Libano,
1063 5683 1390 5739 quamquam
1429 5666 1591 5723 aliter
1625 5667 1712 5722 hic
1745 5684 1870 5723 sen-

310 5746 379 5816 tit,
394 5744 775 5816 Hieronymus.

369 5813 396 5853 ιι
428 5816 577 5871 Ilunc
598 5810 789 5870 'locum
840 5814 1190 5884 depravatum
1222 5810 1469 5884 legimus
1509 5810 1651 5884 apud
1679 5810 1875 5884 Maria-

310 5887 558 5959 num,qui
582 5885 832 5958 imperite
852 5880 1136 5957 castigavit
1169 5880 1464 5940 editionem
1499 5880 1875 5939 Erasmianam

1991 4722 2076 4770 est
2101 4730 2129 4767 a
2162 4725 2315 4785 tergo
2339 4712 2616 4770 Phoenicis
2638 4722 2695 4766 et
2734 4709 2952 4766 Arabize
2983 4728 2996 4763 :
3028 4708 3094 4764 ad
3138 4721 3298 4780 quem
3339 4712 3581 4761 montem

1991 4806 2244 4878 pervenit
2271 4805 2339 4861 de
2361 4804 2587 4861 Cltarrls
2619 4798 2897 4874 profectus
2926 4801 3115 4869 Iacob,
3140 4811 3193 4857 et
3221 4797 3585 4870 comprehen-

1992 4915 2086 4955 sus
2116 4907 2202 4955 est
2228 4913 2257 4952 a
2289 4898 2472 4953 Laban
2503 4897 2662 4970 (Gen.
2694 4895 2870 4968 xui),
2904 4896 2972 4951 de
2994 4909 3103 4966 quo
3129 4904 3183 4950 et
3204 4892 3472 4951 Jeremias
3502 4890 3585 4946 lo-

1990 4993 2176 5066 quitur
2207 5010 2221 5047 :
2247 4989 2477 5059 Galaad,
2512 5001 2565 5046 tu
2587 4991 2718 5046 mihi
2738 4990 2945 5044 initium
2970 4988 3152 5044 Libani
3175 4987 3394 5059 (Jerem.
3416 4985 3579 5052 xxii),

1992 5106 2152 5161 quam
2184 5091 2331 5160 cepit
2356 5090 2427 5145 de
2469 5088 2911 5145 Amorrhaeorum
2959 5086 3179 5157 regione
3206 5082 3411 5140 Galaad
3444 5080 3585 5133 ﬁlius

1995 5181 2221 5249 Machir,
2252 5180 2347 5237 lilii
2376 5181 2626 5237 Manasse
2657 5199 2670 5234 :
2705 5181 2937 5246 finisque
2967 5177 3126 5248 hujus
3155 5178 3348 5245 plagae,
3381 5170 3582 5228 .lorda-

1993 5276 2081 5330 nis
2111 5274 2315 5331 tluvius
2337 5274 2759 5341 disterminans,
2788 5282 3011 5329 etmare
3041 5262 3508 5335 0rientale,quod
3529 5262 3585 5317 in

1986 5454 2090 5510 hoc
2112 5452 2324 5511 schelio
2345 5454 2599 5524 sequenti
2628 5472 2641 5509 :
2675 5470 2768 5525 pro
2796 5469 2899 5526 quo
2943 5454 2997 5507 in
3038 5450 3302 5526 Hebraico
3329 5449 3586 5526 scriptum

1985 5537 2059 5583 est
2079 5536 2190 5617 μην
2214 5538 2345 5588 '1th
2383 5523 2556 5583 Haser
2583 5523 2736 5583 Euan
2759 5567 2773 5593 ,
2809 5523 2861 5581 et
2899 5540 3125 5597 prwsens
3168 5524 3313 5577 locus
3358 5523 3587 5578 continet

1984 5614 2139 5689 olim,
2183 5622 2289 5675 sive
2324 5619 2499 5675 Euan.
2526 5618 2689 5676 Certe
2715 5618 2843 5673 nihil
2871 5616 3136 5686 intelligit.
3169 5614 3349 5689 MART.

2058 5703 2080 5731 ο
2111 5688 2180 5748 At
2213 5708 2387 5762 neque
2415 5693 2646 5763 primum
2695 5707 2725 5747 a
2754 5690 3013 5760 Pompeio
3041 5688 3311 5763 consitum
3339 5728 3354 5756 ,
3405 5702 3584 5759 neque

1981 5764 2051 5819 ab
2081 5780 2166 5827 co,
2191 5766 2287 5819 sed
2303 5761 2610 5829 diu—antea,
2646 5764 2924 5833 Daphnem
2967 5761 3298 5830 appellatum
3344 5775 3470 5817 eum
3501 5762 3580 5816 l0-

1982 5852 2102 5891 cum
2139 5834 2392 5894 Veterum
2421 5835 2728 5892 testimonia
2761 5834 2993 5906 probare
3016 5842 3264 5904 possunt.
3318 5866 3330 5905 ε
