4108 6338
425 275 533 332 479

1677 268 1735 327 S.
1777 265 2051 326 EUSEBII
2080 265 2464 326 HIERONYMI

3752 19 3838 61 3-»:

3632 268 3738 325 480

426 390 532 449 hoc
554 390 676 448 loco
697 404 853 449 mare
879 389 1181 459 Mortuum,
1234 402 1345 445 non
1375 388 1617 460 linguam
1649 386 1818 443 maris
1850 385 2021 442 Rubri
2048 390 2102 455 Α
2127 383 2281 460 (Gen.
2315 384 2491 457 mu).
2524 382 2715 454 Incipit
2757 393 2938 442 autem
2994 384 3095 440 ista
3144 382 3438 456 possessio,
3466 392 3521 440 et
3550 382 3604 439 hi
3633 391 3741 440 ter-

429 486 766 558 intelligunt.
789 485 1042 540 Dicamus
1066 484 1223 555 juxta
1251 483 1616 555 tr0pologiam
1645 499 1657 536 :
1686 481 1817 538 Post
1844 482 2030 538 termi-

431 596 534 638 nos
562 578 853 651 Aquilonis
877 578 1048 650 longo
1072 577 1303 635 circuitu
1328 594 1423 650 per
1445 577 1698 646 Ethalon,
1719 584 1774 633 et
1794 575 2029 643 Sadada,

432 683 488 730 et
513 672 778 739 Berotha,
810 672 1059 729 Sabarim
1089 688 1327 744 quoque,
1362 671 1599 739 Thicon,
1643 679 1699 726 et
1738 670 1947 735 Auran,
1977 679 2033 725 et

434 766 781 830 Damascum,
812 774 871 822 et
896 766 1101 821 atrium
1129 765 1311 831 Enou,
1345 764 1414 820 ad
1446 763 1647 820 Emath
1683 778 1856 834 usque
1905 777 2030 833 per-

434 860 591 917 venit
620 858 910 915 orientalis
940 860 1097 931 plaga
1137 879 1148 914 :
1182 859 1249 915 de
1271 858 1452 916 medio
1484 855 1778 914 iracundiae
1823 858 2029 924 Auran,

435 963 491 1012 et
521 953 591 1011 de
620 952 799 1010 medio
831 952 1080 1008 Damasci
1107 954 1372 1023 sanguine
1393 952 1650 1009 videlicet
1675 949 2034 1023 ptenitentiae,

435 1059 490 1107 et
518 1048 586 1104 de
619 1048 800 1103 medio
850 1046 1087 1115 Galaad,
1119 1047 1266 1119 quod
1325 1048 1721 1117 interpretatur
1769 1043 2034 1114 revelatio,

433 1143 523 1199 vel
541 1142 774 1196 tumulus
798 1141 1118 1206 testimonii;
1149 1151 1207 1196 ut
1235 1149 1363 1212 post
1391 1140 1526 1195 iram
1557 1150 1612 1196 et
1635 1136 2037 1210 paenitentiam,

434 1251 588 1308 spem
620 1235 811 1292 salutis
854 1234 1115 1291 ostendat
1147 1254 1159 1292 :
1197 1243 1252 1290 et
1298 1233 1368 1290 de
1398 1232 1582 1289 medio
1632 1240 1795 1289 terra:
1836 1230 2036 1297 Israel,

437 1345 561 1402 qure
588 1329 864 1384 visionem
890 1328 1135 1384 continet
1172 1326 1325 1399 pacis
1346 1369 1361 1395 ,
1396 1341 1571 1398 usque
1621 1323 1691 1380 ad
1722 1323 2041 1380 dulcissima

440 1424 700 1481 Jordanis
718 1423 923 1480 ﬂuenta
951 1422 1230 1493 pertingat
1255 1440 1267 1477 :
1296 1438 1418 1493 qua:
1444 1422 1605 1491 longe
1627 1428 1883 1489 separato
1906 1416 2044 1472 mari

441 1518 627 1574 lumen
655 1516 900 1573 Orientis
926 1516 1285 1588 consequitur
1308 1560 1322 1585 ,
1366 1515 1441 1571 ita
1485 1524 1542 1569 ut
1570 1512 1740 1569 ﬂuvio
1765 1512 2041 1578 Iordanis,

2132 479 2262 536 mini
2303 479 2574 545 Thamar,
2623 494 2654 534 a
2695 479 2874 551 palma
2915 478 3169 535 videlicet
3205 479 3544 548 victoriaque
3583 478 3740 534 vitio-

2132 589 2274 644 rum,
2304 589 2478 646 usque
2514 572 2580 629 ad
2609 588 2775 644 aquas
2795 572 3271 629 contradictionis.
3320 572 3552 642 Semper
3594 574 3739 629 enim

2133 667 2428 724 virtutibus
2458 667 2873 723 contradicitur.
2906 666 3063 723 Unde
3095 675 3149 722 et
3171 666 3536 738 praedicationi
3568 666 3744 723 Evan-

2135 763 2337 835 gelicae,
2362 761 2533 819 Judaei
2552 771 2742 817 contra
2763 761 2988 818 Paulum
3008 761 3367 825 disserentes,
3393 761 3445 815 in
3470 769 3588 815 t0to
3609 759 3741 817 orbe

2136 867 2387 914 asserunt
2413 857 2717 913 contradici
2770 856 2912 930 (Act.
2944 858 3057 926 xv).
3093 857 3157 911 Et
3204 856 3258 911 in
3294 855 3589 927 Evangelio
3615 855 3747 926 legi-

2138 965 2279 1018 mus,
2315 949 2571 1007 Simeone
2596 950 2812 1005 dicente
2845 966 2859 1005 :
2893 948 2991 1005 llic
3021 948 3127 1005 erit
3156 950 3209 1004 iu
3242 949 3453 1003 ruinam
3484 957 3540 1004 et
3566 964 3748 1004 resur-

2139 1044 2435 1100 reCtionem
2468 1043 2781 1107 multorum,
2806 1054 2862 1099 et
2885 1044 2939 1099 in
2965 1044 3201 1114 signum,
3235 1044 3320 1098 cui
3344 1043 3749 1100 contradieetur

2141 1137 2295 1211 (Luc.
2328 1155 2392 1208 ιι,
2428 1139 2545 1209 54).
2576 1139 2763 1195 Omnis
2815 1146 2998 1195 autem
3031 1139 3393 1195 contradictio
3426 1147 3512 1195 est
3550 1141 3753 1200 saneti-

2142 1234 2290 1303 tatis,
2343 1235 2485 1307 quod
2528 1235 2918 1307 interpretatur
2947 1235 3144 1300 Cades,
3176 1235 3391 1293 dicente
3423 1237 3707 1295 Psalmista
3735 1255 3750 1292 :

2143 1329 2433 1386 Concutiet
2464 1330 2727 1386 Dominus
2753 1330 3030 1388 desertum
3059 1329 3236 1387 Cades
3278 1331 3395 1401 (Ps.
3432 1349 3623 1400 xxvm,
3656 1330 3751 1405 8);

2145 1425 2287 1497 quod
2317 1426 2565 1482 videlicet
2587 1426 2820 1497 primum
2845 1441 2952 1481 nou
2985 1426 3222 1483 habebat
3251 1427 3463 1482 Domini
3490 1427 3755 1483 sant-tita-

2148 1527 2253 1575 tem
2284 1537 2295 1573 :
2325 1520 2420 1575 sed
2446 1534 2767 1575 concussum
2809 1527 2894 1576 est
2922 1529 3082 1591 atque
3128 1529 3486 1588 commotum,
3533 1532 3585 1575 ut
3619 1520 3760 1577 reci-

443 1611 533 1683 qui
567 1610 958 1682 interpretatur
1004 1611 1142 1664 rivus
1161 1610 1357 1680 judicii
1377 1651 1393 1677 ,
1438 1618 1492 1664 et
1538 1608 1779 1664 Orientis
1811 1606 2046 1663 termino
2148 1621 2301 1683 peret
2350 1613 2616 1683 hospitem
2648 1614 2839 1679 Deum,
2868 1613 2962 1685 qui
2992 1613 3128 1670 dicit
3162 1631 3175 1668 :
3224 1614 3395 1687 Super
3416 1631 3567 1687 quem
3594 1616 3760 1687 ωε

445 1702 689 1759 ﬁniatur.
721 1703 879 1773 Quod
907 1713 1089 1760 autem
1125 1703 1177 1758 in
1208 1701 1355 1759 LXX
1383 1703 1605 1773 ponitur
1634 1708 1938 1776 φοινικῶνος,
1994 1699 2048 1756 id
2150 1705 2417 1773 requiescit
2462 1704 2577 1778 [ΑΙ.
2615 1704 2961 1778 requiescet]
3018 1707 3235 1778 spiritus
3264 1723 3430 1774 meus,
3481 1707 3583 1760 nisi
3607 1722 3765 1778 super

447 1807 551 1867 est,
582 1798 813 1871 palmeti,
850 1798 902 1853 in
933 1797 1205 1853 Hebraico
1237 1812 1346 1853 non
1374 1796 1636 1852 habetur:
1659 1812 1757 1867 pro
1778 1810 1888 1867 quo
1916 1809 2044 1860 nos,
2080 1794 2126 1856 Β
2155 1798 2404 1855 humilem
2449 1808 2495 1853 et
2533 1799 2778 1867 quietum,
2837 1808 2884 1853 et
2939 1807 3241 1857 trementem
3276 1801 3430 1854 verba
3481 1815 3595 1852 mea
3625 1796 3764 1871 (Isa.

448 1892 729 1947 metiemini
763 1891 1108 1962 interpretati
1135 1907 1327 1947 sumus
1356 1909 1367 1945 :
1397 1891 1672 1960 Errorque
1702 1890 2045 1957 manifesms,

448 1982 592 2054 quod
628 1996 723 2052 pro
746 1998 1036 2038 raauonnu
1066 1981 1282 2056 (mm)
1312 1982 1511 2038 littera:
1546 1980 1756 2053 deaepti
1788 1982 2049 2037 similitu-

450 2073 596 2140 dine,
631 2073 814 2131 daleth
843 2086 897 2130 et
926 2090 1037 2145 res,
1070 2074 1324 2146 legerunt
1347 2085 1373 2113 α
1404 2090 1693 2132 τωιιοιιιιυ
1729 2073 1978 2146 (tamn).

523 2168 713 2239 (Vers.
751 2167 869 2241 l9.)
917 2166 1091 2241 Plaga
1142 2175 1317 2223 autem
1367 2166 1625 2224 Australis
1677 2168 1971 2223 meridiana
2023 2184 2055 2221 a

457 2262 686 2319 Thamar
734 2279 898 2334 usque
946 2264 1014 2318 ad
1069 2281 1233 2336 aquas
1299 2264 1727 2320 contradictionis
1779 2262 1807 2337 (
1823 2264 1939 2319 sive
1985 2262 2055 2318 ad

455 2375 617 2429 aquas
649 2356 917 2413 Mariboth
943 2375 961 2413 :
993 2358 1097 2414 hoc
1118 2358 1266 2414 enim
1289 2358 1635 2413 contradictio
1666 2399 1681 2426 ,
1725 2359 1845 2414 sive
1888 2356 2057 2415 διαδι-

456 2452 677 2525 κασμός,
698 2450 801 2507 hoc
824 2459 907 2507 est
917 2452 1103 2523 jurgia
1125 2451 1334 2524 sonat).
1357 2450 1526 2507 Gades
1541 2467 1745 2524 quoque
1761 2460 1808 2505 et
1832 2461 2055 2520 torrens,

458 2564 622 2619 usque
642 2546 711 2601 ad
737 2563 878 2602 mare
898 2563 1140 2619 magnunt
1168 2545 1355 2620 [Vulg.
1385 2545 1565 2620 plaga]
1588 2548 1697 2601 htec
1713 2556 1787 2601 est
1810 2546 1969 2618 plaga
1990 2544 2059 2599 ad

454 2641 616 2715 σοι
649 2641 920 2696 meridiem
955 2641 1244 2699 Australis.
1294 2642 1401 2698 Pro
1443 2657 1556 2712 quo
1600 2642 1654 2698 in
1698 2640 2061 2697 Numerorum

460 2735 605 2792 libro
632 2736 704 2791 ita
735 2736 1001 2807 scriptum
1029 2744 1118 2793 est
1148 2755 1161 2792 :
1187 2735 1413 2809 Incipiet
1434 2756 1467 2790 α
1491 2737 1774 2792 solitudine
1804 2737 1922 2805 Sin,
1948 2753 2065 2809 qua?

424 2879 431 2885 .
464 2840 540 2887 est
559 2834 721 2903 juxta
750 2829 956 2898 Edam,
992 2840 1037 2885 et
1065 2830 1273 2887 habebit
1312 2832 1555 2887 terminos
1586 2842 1765 2886 contra
1802 2832 2065 2888 Orientem

466 2924 723 2999 mare[Al.
738 2925 959 2982 additur
975 2926 1337 3000 salsissimum]
1348 2928 1457 2999 ,qui
1470 2927 1759 2982 circuibunt
1772 2926 2067 2981 Australem

465 3020 675 3093 plagam
688 3038 778 3094 per
795 3038 1068 3077 ascensum
1085 3022 1498 3095 Scorpionis,ita
1515 3033 1569 3078 ut
1585 3031 1849 3076 transeant
1864 3021 2065 3087 Senua,

2153 1907 2305 1957 uvr,
2336 1892 2431 1964 2)?
2478 1892 2608 1947 Post
2644 1892 2920 1949 desertum
2948 1892 3145 1959 Gades,
3181 1908 3352 1964 usque
3381 1892 3448 1947 ad
3472 1908 3622 1948 mare
3649 1907 3767 1947 ma-

2152 2001 2315 2057 guum
2348 1985 2400 2040 in
2425 1985 2669 2054 meridie,
2703 1986 2875 2057 plaga:
2897 1986 3164 2042 Australis
3192 1994 3406 2043 torrens
3424 1995 3531 2054 est,
3563 1985 3629 2041 de
3654 2002 3767 2057 quo

2156 2094 2319 2149 supra
2341 2078 2602 2146 diximus;
2633 2080 2724 2152 qui
2757 2095 2861 2136 nou
2890 2080 2957 2137 de
2980 2088 3145 2149 terra,
3176 2081 3272 2137 sed
3301 2080 3371 2136 de
3394 2081 3536 2138 caelo
3560 2081 3771 2152 pluvias

2157 2172 2321 2228 habet
2350 2172 2685 2229 diversarum
2712 2176 2967 2229 virtutum
3000 2175 3267 2231 varietate
3288 2174 3550 2231 collectas
3585 2190 3599 2228 :

2158 2280 2185 2336 ξ.
2233 2266 2252 2337 (
2266 2265 2414 2323 Vers.
2444 2264 2561 2336 ‘20.)
2578 2266 2646 2321 Et
2669 2266 2824 2340 plaga
2846 2268 3031 2337 maris,
3057 2285 3201 2323 mare
3219 2285 3465 2342 magnum
3487 2286 3520 2324 a
3544 2270 3775 2339 conﬁnio

2162 2377 2252 2432 per
2274 2361 2546 2428 directum,
2579 2361 2736 2418 donec
2764 2364 2941 2417 venias
2972 2362 3189 2431 Emath,
3224 2364 3332 2419 hazc
3369 2373 3440 2419 est
3471 2364 3633 2436 plaga
3654 2381 3775 2418 ma—

2160 2454 2255 2509 ris.
2288 2454 2362 2510 De
2379 2469 2485 2525 qua
2505 2452 2847 2510 manifestius
2874 2454 3165 2511 etbrevius
3188 2455 3378 2512 scribit
3404 2457 3771 2513 Numerorum

2162 2546 2320 2603 liber.
2355 2546 2515 2616 Plaga
2562 2555 2744 2603 autem
2777 2547 3143 2604 occidentalis
3179 2564 3210 2603 a
3240 2548 3374 2603 mari
3400 2563 3594 2621 magno
3623 2548 3777 2604 inci-

2165 2640 2297 2712 piet,
2354 2632 2408 2695 et
2437 2644 2555 2711 ipso
2585 2640 2691 2696 line
2752 2640 3129 2709 concludetur,
3194 2640 3296 2697 hoc
3346 2650 3452 2710 est,
3513 2642 3582 2698 de
3633 2642 3777 2697 mari

2165 2748 2339 2804 usque
2364 2732 2431 2788 ad
2461 2748 2609 2788 mare
2638 2751 2651 2787 :
2686 2733 2751 2788 ad
2784 2741 3082 2790 torrentem
3118 2732 3226 2806 [ΑΙ.
3258 2749 3289 2790 a
3318 2734 3583 2807 torrente]
3618 2734 3776 2790 vide-

2165 2826 2293 2883 licet
2322 2827 2731 2896 Rbinocorurze,
2763 2830 2853 2901 qui
2889 2829 3065 2885 inﬂuit
3085 2831 3137 2885 in
3169 2846 3343 2896 mare,
3364 2831 3620 2903 usquead
3648 2847 3778 2889 cum

2168 2919 2344 2975 locum
2374 2921 2466 2992 qui
2492 2930 2575 2977 est
2600 2932 2790 2977 contra
2840 2922 3034 2978 Emath
3064 2922 3253 2978 urbem
3308 2922 3505 2997 Syriae,
3551 2924 3619 2981 de
3665 2940 3772 2996 qua

2170 3030 2333 3085 supra
2364 3014 2617 3073 diximus.
2650 3016 2919 3073 Occidens
2949 3026 3129 3073 autem
3157 3017 3307 3088 juxta
3339 3019 3487 3089 leges
3530 3019 3779 3090 tropolo-

468 3124 514 3173 et
556 3118 848 3189 pervenient
899 3119 951 3173 in
995 3116 1219 3172 Meridie
1253 3134 1415 3188 usque
1454 3116 1521 3171 ad
1546 3115 2069 3171 Cadesbarnemndc
2171 3107 2272 3178 gite
2301 3122 2518 3178 semper
2546 3108 2597 3163 in
2628 3110 2763 3165 mari
2791 3120 2872 3165 est
2905 3128 2919 3165 :
2951 3125 3169 3182 semper
3199 3110 3251 3165 in
3281 3110 3396 3165 salo
3417 3118 3474 3166 et
3502 3109 3777 3177 ﬂuctibus,

470 3210 797 3281 egredientur
825 3212 1057 3282 conﬁnia
1082 3211 1150 3266 ad
1168 3210 1349 3265 villam
1366 3211 1574 3265 nomine
1590 3209 1789 3273 Addar,
1805 3217 1851 3264 et
1865 3208 2067 3262 tendent
2096 3194 2142 3259 C
2174 3201 2261 3256 ubi
2285 3201 2528 3272 quotidie
2552 3201 2825 3275 naufragia
2852 3205 3209 3272 suscitantur,
3240 3213 3297 3261 et
3333 3206 3656 3261 miserorum
3688 3220 3777 3259 ne-

472 3318 632 3373 usque
670 3305 737 3357 ad
774 3304 1033 3359 Asemona
1072 3321 1091 3359 :
1124 3304 1318 3375 ibitque
1366 3320 1457 3375 per
1498 3320 1685 3375 gyrum
1727 3302 1976 3357 terminus
2006 3300 2068 3353 ab

474 3396 731 3451 Asemona
764 3414 923 3469 usque
954 3399 1022 3452 ad
1054 3406 1333 3453 torrentem
1362 3397 1603 3470 rEgypli,
1632 3406 1681 3453 et
1708 3397 1868 3451 maris
1895 3394 2071 3467 magni

473 3488 648 3546 littore
687 3491 896 3562 ﬁnietur
933 3490 1127 3565 (Nunt.
1168 3490 1258 3561 54,
1293 3492 1348 3557 3,
1377 3492 1412 3547 4
1437 3501 1484 3545 et
1515 3492 1596 3560 5).
1635 3490 1791 3556 Quod
1830 3490 2074 3546 breviter

474 3580 579 3638 hoc
606 3583 876 3655 signiﬁcat
904 3584 1001 3657 (ne
1030 3598 1131 3655 per
1159 3583 1509 3641 occasionem
1535 3583 1859 3653 Ezechielis,
1885 3582 1954 3638 ad
1980 3598 2075 3638 ex-

475 3676 807 3746 positionem
836 3677 1125 3734 videamur
1152 3676 1517 3734 Numerorum
1564 3678 1831 3733 transisse
1869 3677 2073 3732 latissi-

478 3782 670 3840 mam),
702 3786 732 3825 a
760 3770 1057 3826 solitudine
1102 3770 1223 3838 Sin,
1258 3786 1382 3842 qua:
1428 3779 1514 3828 est
1553 3770 1710 3843 juxta
1753 3770 1926 3826 Edom
1955 3812 1971 3836 ,
2021 3779 2077 3826 et

481 3863 618 3917 mari
660 3862 852 3918 Rubro
897 3864 1189 3920 terminum
1236 3865 1510 3932 circuire,
1552 3874 1607 3920 et
1651 3880 1746 3936 per
1789 3881 2076 3942 ascensum

478 3954 819 4026 Scorpionis,
851 3964 907 4013 et
941 3971 1038 4027 per
1080 3956 1262 4014 Senna
1290 3968 1346 4014 et
1375 3956 1758 4023 Cadesbarne,
1791 3968 1847 4014 et
1876 3958 2076 4014 atrium

477 4049 687 4116 Addar,
720 4060 775 4105 et
806 4050 873 4107 ab
911 4052 1187 4108 Asemona
1217 4053 1505 4122 pervenire
1547 4067 1719 4123 usque
1755 4053 1822 4108 ad
1863 4062 2078 4110 torren-

475 4153 586 4201 tem
611 4142 868 4216 Aﬁgypti,
894 4147 985 4215 qui
1027 4146 1183 4215 juxta
1228 4146 1416 4201 urbem
1457 4145 1897 4203 Rhinocoruram
1947 4148 2079 4202 mari

2171 3308 2286 3361 ces,
2326 3302 2381 3349 et
2412 3294 2722 3352 divitiarum
2772 3305 2827 3353 et
2881 3299 3144 3354 mercium
3191 3299 3440 3365 amissio,
3498 3309 3553 3354 et
3594 3308 3779 3355 tamen

2174 3402 2339 3458 quum
2380 3388 2497 3443 haec
2521 3390 2702 3444 omnia
2742 3391 3005 3462 patientia
3029 3390 3377 3463 Iregerimus,
3413 3395 3659 3449 venimus
3688 3409 3784 3463 per

2174 3479 2440 3537 direcmm
2473 3481 2539 3536 ad
2579 3482 2794 3547 Emath,
2829 3485 2933 3540 hoc
2963 3494 3077 3553 est,
3117 3485 3183 3540 ad
3227 3485 3444 3541 Domini
3474 3488 3780 3557 veritatem,

2176 3575 2271 3647 qui
2301 3576 2460 3631 victis
2494 3578 2986 3648 persecutionibus,
3019 3590 3221 3635 teterna
3265 3579 3425 3637 nobis
3459 3583 3677 3655 prtemia
3700 3597 3787 3639 rev

2177 3668 2447 3741 promisit.

2250 3762 2431 3834 (Vers.
2460 3762 2525 3820 ‘21
2560 3764 2750 3835 seqq.)
2779 3763 2847 3818 Et
2899 3763 3141 3821 ditvidetis
3191 3776 3383 3821 terram
3440 3768 3597 3823 istam
3643 3771 3787 3824 vobis

2179 3876 2271 3932 per
2299 3860 2462 3914 tribus
2493 3859 2686 3928 Israel,
2719 3870 2770 3914 et
2797 3861 3010 3916 mittetis
3039 3860 3150 3934 [AL
3178 3861 3421 3936 metietis]
3452 3880 3565 3917 eam
3594 3865 3645 3917 in
3681 3863 3789 3918 hce-

2180 3955 2448 4011 reditatem
2474 3956 2633 4021 vobis,
2653 3967 2701 4010 et
2728 3956 2939 4010 advenis
2963 3958 3054 4029 qui
3077 3968 3401 4011 accesserunt
3420 3956 3789 4029 [Vulg.acces-

2181 4048 2361 4121 surint]
2385 4050 2453 4103 ad
2470 4067 2575 4117 vos,
2608 4050 2696 4120 qui
2746 4053 3018 4121 genuerint
3064 4052 3203 4121 ﬁlios
3231 4052 3284 4105 in
3314 4052 3485 4106 medio
3520 4053 3695 4117 restri,
3745 4060 3791 4106 et

2183 4152 2330 4197 erunt
2356 4143 2492 4197 nobis
2517 4145 2649 4196 sicut
2678 4144 2936 4215 indigena:
2964 4144 3097 4198 inter
3120 4145 3256 4213 ﬁlios
3281 4144 3453 4199 Israel
3487 4160 3507 4200 :
3533 4146 3792 4199 vobiscum

479 4237 680 4295 inﬂuit.
715 4238 812 4294 llic
843 4253 975 4295 vero
1021 4241 1285 4295 terminus
1341 4240 1509 4311 plagae
1538 4241 1819 4307 australis,
1849 4240 1952 4297 hoc
2001 4250 2084 4295 est
2187 4233 2409 4289 dirident
2452 4236 2823 4306 possessionem
2874 4238 2930 4290 in
2984 4238 3154 4291 medio
3196 4237 3423 4292 tribuum
3479 4236 3671 4293 Israel.
3730 4238 3795 4293 In

482 4332 821 4401 meridianae,
851 4331 1041 4402 incipit
1068 4348 1098 4386 a
1120 4332 1377 4400 Thamar,
1405 4347 1526 4401 quae
1556 4331 1689 4388 urbs
1714 4334 1766 4387 in
1790 4331 2088 4388 solitudine
2187 4328 2325 4382 tribu
2344 4339 2516 4382 autem
2546 4345 2868 4399 quacumque
2909 4330 3065 4399 fuerit
3092 4331 3312 4398 advena,
3360 4332 3430 4385 ibi
3454 4332 3647 4387 dabitis
3677 4349 3795 4399 pos-

481 4436 587 4497 est,
619 4445 779 4500 quam
836 4438 891 4485 et
919 4428 1177 4487 Salomon
1232 4427 1385 4485 miris
1424 4429 1683 4499 operibus
1713 4430 1999 4494 exstruxit,
2034 4438 2091 4485 et
2188 4424 2466 4479 sessionem
2516 4422 2618 4486 illi,
2653 4427 2726 4479 ait
2754 4424 3008 4480 Dominus
3037 4424 3200 4481 Deus.
3234 4426 3336 4481 Per
3362 4426 3468 4481 llOC
3494 4426 3794 4497 capitulum

484 4520 648 4576 hodie
696 4522 943 4595 Palmyra
997 4534 1387 4593 nuncupatur:
1444 4522 1783 4594 Hebrtroque
1835 4537 2091 4579 sermone
2193 4519 2454 4575 discimus
2482 4519 2559 4592 (et
2580 4519 2855 4576 decutitur
2892 4521 3243 4591 supercilium
3287 4520 3630 4594 .ludaeorum)
3661 4521 3800 4577 nihil

484 4629 703 4669 τιιΑιιΑιι
729 4614 906 4687 (ann)
937 4615 1158 4683 dicitur,
1185 4632 1304 4688 qua:
1333 4617 1387 4672 in
1410 4617 1592 4688 lingua
1624 4626 1831 4684 nostra,
1861 4617 2089 4685 palmam
2118 4607 2168 4668 D
2196 4616 2339 4671 inter
2363 4614 2529 4670 Israel
2567 4624 2622 4670 et
2649 4616 2891 4686 gentium
2942 4615 3198 4686 populum
3252 4629 3375 4670 esse
3429 4615 3697 4671 divisum.
3741 4616 3799 4671 Si

486 4718 667 4773 sonat,
698 4723 871 4779 usque
922 4708 987 4763 ad
1017 4722 1184 4780 aquas
1214 4709 1662 4766 contradictionis
1688 4709 1884 4775 Cades,
1928 4726 2088 4781 quam
2191 4711 2337 4766 enim
2379 4710 2599 4766 advenis
2626 4719 2682 4765 et
2709 4710 3030 4781 alienigenis
3061 4724 3184 4765 cum
3216 4708 3304 4765 his
3326 4709 3417 4779 qui
3449 4719 3575 4764 sunt
3605 4710 3674 4764 de
3704 4723 3802 4779 pn-

489 4800 547 4856 in
576 4801 796 4857 deserto
826 4816 949 4857 esse
970 4816 1076 4857 non
1092 4802 1312 4857 dubium
1343 4812 1450 4869 est,
1472 4811 1527 4858 et
1540 4812 1752 4858 torrens
1781 4802 2091 4873 ingrediens
2194 4804 2322 4875 pulo
2352 4802 2538 4868 Israel,
2574 4803 2676 4858 hoc
2698 4811 2781 4859 est
2829 4802 3121 4875 indigenis,
3153 4814 3297 4859 terra
3331 4802 3635 4865 dividatur;
3667 4803 3802 4858 nulli

489 4910 640 4952 mare
669 4910 946 4967 magnum,
975 4896 1079 4953 hoc
1105 4897 1248 4970 quod
1278 4897 1495 4971 Egypti
1527 4898 1933 4970 Palestinmque
1961 4914 2095 4968 prac-

490 4987 666 5043 tendit
716 4987 1015 5059 littoribus,
1048 5000 1101 5046 et
1133 4990 1248 5045 haec
1279 4999 1364 5047 est
1393 4991 1550 5061 plaga
1590 4980 1861 5046 Australis
1890 4991 1957 5046 ad
1986 4991 2093 5047 Me-

490 5079 707 5136 ridiem.
769 5081 895 5137 Post
946 5082 1157 5154 plagam
1222 5098 1352 5154 ergo
1394 5081 1678 5154 Aquilonis
1725 5094 1779 5137 et
1834 5082 2094 5152 Orientis,

492 5177 710 5248 quando
739 5185 889 5231 ortus
914 5176 1072 5233 nobis
1092 5175 1255 5232 luerit
1281 5176 1364 5232 sol
1389 5175 1634 5246 justitiae,
1658 5178 1953 5249 accipimus
1984 5180 2094 5234 Me-

492 5268 757 5323 ridianam
809 5268 1017 5339 plagam
1051 5310 1065 5333 ,
1124 5268 1340 5339 quando
1395 5284 1583 5325 eorum
1638 5271 1795 5327 nobis
1861 5272 2096 5343 desuper

493 5361 676 5417 lumcn
711 5361 1027 5430 infunditur,
1080 5370 1133 5418 et
1184 5378 1303 5417 cum
1351 5361 1625 5418 Abraham
1665 5363 1865 5419 inimus
1909 5367 2097 5420 eonvi-

493 5457 641 5512 vium
673 5455 829 5527 (Gen.
860 5456 997 5527 xu),
1028 5464 1086 5512 et
1134 5456 1466 5513 inebriamur
1495 5459 1641 5525 vino,
1668 5458 1811 5529 quod
1860 5457 2100 5517 laetiﬁcat

498 5566 593 5609 cor
624 5552 858 5608 hominis
885 5548 1005 5625 (Ps.
1034 5549 1176 5625 cut),
1223 5566 1346 5608 cum
1376 5551 1578 5623 Joseph
1604 5561 1661 5607 et
1695 5551 1955 5608 fratribus
1979 5552 2097 5623 ejus

499 5730 538 5781 ξ’
571 5735 598 5762 ι
632 5724 770 5781 Editi
804 5724 939 5779 falso
966 5724 1153 5795 legunt
1178 5729 1371 5783 mm
1401 5718 1750 5795 Thamgoth,
1782 5732 1883 5795 pro
1925 5716 2064 5771 Tha-

496 5815 675 5855 morru
700 5798 846 5869 quod
878 5793 1261 5869 mss—codices
1290 5796 1552 5869 retinent.
1577 5793 1749 5869 Error
1783 5793 1942 5869 enim_
1960 5804 2068 5869 non

494 5872 595 5929 luit
626 5871 679 5927 in
709 5862 960 5937 nomine,
992 5868 1089 5925 sed
1115 5868 1167 5923 in
1223 5867 1529 5923 mutatione
1588 5863 1845 5922 elementi
1902 5862 2063 5920 Rcsch

2198 4895 2421 4951 dubium
2448 4896 2697 4952 eamdem
2743 4910 2867 4952 esse
2912 4894 3285 4951 haereditatem
3341 4896 3526 4965 populi
3557 4895 3799 4965 gentium

2196 4998 2254 5047 et
2283 4990 2467 5061 populi
2514 4989 2827 5046 Iudaeorum
2856 5008 2870 5045 :
2904 4990 2949 5044 si
2994 4998 3176 5045 tamen
3227 4991 3482 5048 conversi
3504 4989 3703 5045 fuerint
3733 4989 3800 5043 ad

2201 5086 2406 5140 cultum
2457 5084 2551 5139 Dei
2593 5084 2780 5146 Israel,
2834 5083 2978 5154 quod
3032 5085 3255 5156 proprie
3309 5099 3508 5139 nomen
3558 5081 3803 5151 possidet

2200 5178 2590 5246 Christianum,
2638 5177 2962 5233 habentibus
2986 5177 3192 5232 .ludaeis
3249 5177 3405 5248 Legis
3436 5177 3693 5243 litteram,
3749 5184 3806 5231 et

2202 5272 2360 5329 nobis
2392 5272 2640 5341 spiritum
2678 5289 2691 5325 :
2721 5270 2934 5342 illisque
2986 5270 3301 5326 tenentibus
3350 5271 3717 5336 membranas,
3753 5277 3810 5325 ct

2203 5364 2504 5421 nobiseum
2543 5365 2631 5435 qui
2674 5364 2910 5433 scriptus
2940 5373 3025 5419 est
3074 5365 3125 5418 in
3170 5364 3526 5420 membranis.
3578 5362 3806 5431 Etapud

2202 5459 2421 5531 Moysen
2457 5470 2606 5515 sorte
2631 5470 2779 5515 terra
2807 5458 3095 5525 dividitur;
3122 5459 3210 5516 hic
3236 5468 3442 5527 autem,
3463 5468 3521 5515 ut
3546 5458 3804 5524 diximus,

2205 5551 2645 5623 Dominijudicio
2672 5552 2956 5623 delegatur
2987 5570 3001 5608 :
3035 5568 3247 5625 unaque
3287 5552 3568 5624 possessio
3596 5560 3679 5608 est
3715 5550 3809 5605 ad-

2172 5730 2272 5786 pro
2302 5713 2490 5769 Daleth
2516 5712 2707 5786 ,{unde
2755 5710 3089 5785 Thamorru,
3119 5726 3219 5785 pro
3260 5710 3592 5768 Thamoddu.
3627 5708 3810 5766 MART.

2186 5789 2247 5847 ln
2273 5788 2395 5844 aliis
2432 5785 2587 5845 libris
2629 5782 2950 5841 Thomurru.
