4108 6338
300 223 411 280 «ιὲ1

919 218 1570 281 COMMENTARIORUM
1611 217 1675 277 IN
1717 214 2162 280 EZECHIELEM
2205 216 2334 277 LIB.
2378 218 2521 278 XIV.
2563 217 2717 293 CAP.
2762 218 2994 280 XLVIII.

3518 220 3624 281 482

302 354 465 395 vena:
494 349 548 395 et
574 340 785 411 Israeli,
816 351 869 398 et
895 342 949 397 in
972 343 1199 415 singulis
1223 343 1470 401 tribubus
1499 341 1660 399 datur
1682 340 1911 398 hmredi-
1938 339 1994 400 A
2019 339 2139 395 loco
2172 358 2184 393 :
2219 336 2462 394 Ilahitavi
2491 353 2613 394 cum
2642 338 3012 395 habitantibus
3040 336 3235 406 Cedar,
3267 335 3497 393 multum
3531 351 3627 407 pe-

304 443 418 499 tas,
440 434 678 505 jubente
705 435 936 493 Domino
960 440 1096 495 Deo.

381 525 543 599 (Cap.
579 527 809 586 XLVIII.
842 560 915 571 —-
942 530 1100 589 Vers.
1148 533 1176 588 1
1222 532 1405 605 seqq.)
1436 531 1509 588 Et
1558 532 1665 588 haec
1710 530 1926 586 nomina

304 622 566 689 tribuum,
599 642 631 677 a
661 625 853 695 ﬁnibus
881 626 1155 698 Aquilonis
1194 632 1355 702 juasta
1380 629 1517 683 viam
1548 625 1781 682 Ethalon
1809 642 1927 697 per-

302 717 553 788 gentibus
580 718 745 791 603
774 718 967 775 Emath
999 723 1191 777 utrium
1237 721 1415 790 Euan,
1442 722 1688 778 terminus
1729 720 1926 774 Dama-
1952 702 1957 708 ’

303 810 385 862 sci
406 810 477 862 ad
507 810 815 881 Aquilonem
822 815 985 886 juxta
1006 822 1030 851 ⁸
1052 814 1265 882 Emuth,
1282 824 1328 870 et
1340 816 1435 869 erit
1460 815 1549 870 eia
1567 816 1721 888 plaga
1738 813 1927 868 Orien-

304 904 404 957 tali
435 901 621 975 [\‘ulg.
650 906 809 977 plaga
841 906 1133 980 orientalis]
1165 923 1326 974 mare,
1355 907 1473 961 Dan
1505 923 1632 960 una.
1666 903 1736 959 Et
1763 922 1794 957 a
1824 913 1926 959 ter-

305 998 453 1051 mino
480 993 605 1052 Dan
628 1016 659 1052 a
696 998 852 1073 plaga
904 999 1161 1055 Orientali
1216 1017 1377 1072 usque
1406 1000 1474 1055 ad
1502 1000 1712 1073 plagam
1743 997 1925 1065 maris,

308 1089 444 1144 Aser
476 1107 604 1144 una.
651 1089 717 1144 Et
761 1108 918 1160 super
946 1093 1225 1148 terminum
1254 1092 1385 1147 Aser
1426 1110 1458 1145 a
1485 1092 1641 1164 plaga
1670 1089 1928 1145 Orientali

310 1200 475 1255 usque
514 1184 584 1239 ad
615 1184 829 1259 plagam
847 1188 1031 1254 maris,
1064 1186 1355 1261 Neplttltali
1384 1204 1510 1242 una.
1547 1187 1613 1240 Et
1640 1200 1793 1259 super
1821 1193 1926 1239 ter-

312 1279 515 1333 minum
562 1278 851 1349 Nephtltali
878 1299 909 1333 a
937 1282 1096 1351 plaga
1130 1282 1354 1337 Orientis
1409 1297 1570 1353 usque
1615 1282 1682 1335 ad
1722 1281 1931 1353 plagam

314 1373 504 1439 maris,
537 1373 782 1429 Manasse
811 1391 937 1429 una.
989 1374 1059 1429 Et
1113 1393 1270 1444 super
1313 1379 1587 1430 terminum
1630 1374 1932 1429 Manassen

316 1468 477 1539 plaga
510 1466 770 1522 Orientali
798 1485 957 1540 usque
986 1468 1056 1522 ad
1079 1470 1289 1542 plagam
1318 1470 1498 1536 maris,
1528 1467 1784 1540 Ephraim
1806 1484 1929 1522 una.

317 1557 390 1613 Et
427 1578 583 1633 super
610 1561 886 1617 terminum
919 1560 1171 1634 Ephraim
1203 1580 1234 1616 a
1285 1564 1442 1635 plaga
1477 1560 1732 1616 Orientali
1776 1576 1936 1631 usque

317 1654 387 1709 ad
412 1657 624 1726 plagam
654 1656 837 1721 maris,
867 1655 1047 1710 Ruben
1073 1673 1196 1710 una.
1241 1655 1308 1710 Et
1336 1673 1488 1729 super
1519 1657 1791 1711 terminum
1821 1654 1934 1708 Ru-

2027 430 2300 503 regrinata
2334 442 2418 489 est
2438 433 2623 488 anima
2643 448 2761 489 mea
2797 433 2914 507 (Ps.
2941 449 3083 500 cxrx,
3111 433 3191 505 5).

2101 526 2283 601 (Vers.
2313 531 2368 593 8,
2392 525 2471 599 9.)
2528 526 2596 583 Et
2644 545 2797 598 super
2857 530 3132 585 terminum
3186 527 3330 584 Juda
3380 544 3413 582 a
3468 528 3627 601 plaga

2034 619 2293 676 Orientali
2326 636 2483 691 usque
2512 620 2579 674 ad
2605 620 2817 693 plagam
2846 623 3025 686 maris,
3053 630 3207 677 erunt
3232 621 3477 691 primitiae
3501 637 3630 692 quas

2030 714 2356 786 separabitis,
2403 714 2583 787 viginti
2619 715 2840 787 quinque
2870 713 3035 769 millia
3065 715 3357 770 latitudinis
3385 728 3431 771 et
3461 715 3634 788 longi-

2032 808 2226 862 tudinis
2255 823 2273 861 :
2301 807 2433 861 sicut
2477 808 2695 879 singulae
2724 818 2894 877 partes
2920 825 2953 862 a
2978 808 3134 880 plaga
3169 807 3425 864 Orientnli
3472 825 3634 880 usque

2031 902 2099 958 ad
2126 902 2337 974 plagam
2379 903 2558 973 maris,
2593 911 2648 957 et
2700 903 2795 958 erit
2825 903 3181 958 sanctuarium
3208 904 3263 959 in
3294 903 3465 959 medio
3495 904 3628 975 ejus.

2033 992 2291 1050 Primitiae
2314 1012 2443 1067 quas
2497 997 2800 1067 separabitis
2852 995 3096 1066 Domino,
3141 997 3409 1070 longitudo
3458 998 3638 1071 viginti

2032 1090 2257 1162 quinque
2284 1088 2528 1159 millibus,
2579 1098 2627 1144 et
2678 1088 2900 1145 latitudo
2948 1092 3122 1145 decem
3152 1090 3401 1146 millibus.
3430 1091 3640 1163 Super-

2032 1181 2199 1237 ﬂuum
2227 1190 2311 1237 est
2333 1182 2563 1239 disserta
2595 1182 2890 1254 disserere,
2936 1194 2991 1241 et
3020 1185 3071 1241 in
3112 1186 3309 1257 quibus
3338 1200 3504 1255 supra
3556 1187 3639 1242 la-

2035 1274 2348 1332 boravimus
2372 1319 2388 1343 ,
2443 1277 2597 1349 quasi
2655 1292 2765 1333 non
2810 1278 3116 1345 sintdicta,
3146 1278 3341 1335 iterum
3368 1278 3637 1337 laborare.

2034 1367 2166 1425 Post
2192 1381 2399 1440 septem
2425 1371 2662 1425 tribuum
2696 1372 2978 1438 terminos,
3001 1371 3070 1428 ab
3098 1371 3327 1449 Oriente
3363 1388 3533 1443 usque
3575 1371 3646 1428 ad

2035 1465 2383 1523 Occidentem
2414 1466 2799 1523 describuntur
2821 1467 3107 1540 primitiae;
3138 1484 3371 1540 quarum
3403 1467 3641 1524 latitudo

2040 1568 2226 1617 teneat
2253 1561 2691 1633 vigintiquinque
2737 1562 2906 1617 millia
2949 1562 3280 1618 calamorum
3313 1577 3327 1615 :
3365 1558 3648 1635 longitudo

2038 1669 2169 1710 vero
2191 1655 2349 1710 sicuti
2395 1664 2586 1710 tenent
2632 1656 2860 1728 singulae
2891 1657 3065 1711 tribus
3093 1656 3163 1711 ab
3192 1656 3435 1721 Oriente,
3468 1671 3643 1728 usque

321 1750 421 1805 ben
450 1769 483 1803 a
518 1750 675 1823 plaga
730 1751 988 1806 Urientali
1032 1768 1190 1823 usque
1221 1752 1290 1805 ad
1318 1752 1527 1825 plagam
1556 1752 1738 1817 maris,
1791 1748 1933 1804 Juda
1963 1762 2013 1827 Β
2039 1748 2106 1803 ad
2130 1763 2300 1815 mare,
2324 1748 2477 1820 cujus
2494 1749 2847 1820 longitudinis
2872 1750 3111 1807 incertus
3132 1758 3215 1806 est
3237 1750 3651 1807 numerus.Ne-

324 1862 454 1900 una.
494 1844 774 1915 Descripta
804 1854 966 1901 terrae
1000 1854 1207 1901 sanch
1243 1845 1613 1916 possessione,
1649 1853 1756 1899 tam
1783 1842 1934 1914 juxta

326 1947 663 2010 praesentem
698 1936 1003 1994 Ezechielis
1034 1938 1398 2009 prophetiam,
1446 1953 1607 2007 quam
1636 1938 1789 2008 juxta
1830 1935 1939 1991 Nu-

326 2048 609 2089 merorum
635 2032 833 2088 librum
863 2050 876 2088 :
916 2049 1061 2089 nunc
1088 2034 1421 2106 singularum
1448 2032 1686 2088 tribuum
1716 2046 1745 2086 a
1787 2031 1939 2101 plaga

329 2125 622 2193 Orientali,
660 2141 831 2197 usque
852 2125 918 2181 ad
939 2126 1149 2198 plagam
1178 2124 1513 2193 Occidentis,
1544 2123 1598 2179 id
1634 2132 1741 2193 est,
1775 2124 1943 2179 maris

333 2219 619 2291 possessio
646 2218 975 2276 describitur
1005 2236 1018 2274 :
1050 2229 1105 2276 et
1131 2220 1367 2291 primum
1420 2217 1556 2272 lines
1577 2217 1850 2288 accipiunt
1875 2216 1943 2272 ab

333 2312 611 2383 Aquilone
655 2311 812 2383 juxta
858 2311 1004 2368 viam
1058 2311 1296 2368 Ethalon
1342 2310 1695 2383 pergentibus
1722 2309 1943 2376 Ematb,

335 2406 540 2460 atrium
574 2405 689 2461 sive
734 2405 1054 2461 Aser-Enen
1080 2403 1375 2462 terminum
1406 2404 1658 2459 Damasci
1685 2402 1751 2458 ad
1780 2402 1949 2474 Aqui-

335 2498 702 2569 lonemjuxta
735 2498 956 2566 Emath,
1006 2498 1076 2554 de
1126 2498 1326 2568 quibus
1378 2507 1505 2553 ante
1545 2488 1658 2568 jam
1687 2495 1943 2551 diximus.

337 2591 539 2663 Incipit
582 2602 764 2646 autem
802 2592 1039 2663 primum
1073 2591 1243 2646 tribus
1275 2591 1387 2646 Dan
1427 2608 1441 2646 :
1475 2590 1719 2645 secunda
1758 2587 1898 2643 Aser
1931 2604 1947 2643 :

337 2690 508 2743 tertia
528 2686 819 2758 Nephthali
846 2703 857 2740 :
887 2692 1081 2757 quarta
1111 2683 1358 2742 Manasse
1384 2702 1396 2739 :
1427 2684 1613 2756 quinta
1646 2682 1900 2754 Ephraim
1932 2698 1947 2736 :

337 2792 500 2836 serta
546 2778 739 2835 Ruben
787 2778 1064 2850 :septima
1110 2777 1286 2843 Judtc,
1343 2777 1447 2832 hoc
1499 2786 1604 2846 est,
1652 2790 1683 2831 a
1729 2776 1950 2832 sinistra

340 2884 521 2945 parte,
570 2884 624 2929 et
665 2872 974 2943 completur
1029 2885 1289 2927 numerus
1311 2868 1678 2941 septenarius.
1745 2866 1954 2924 Deinde

340 2968 605 3042 primitiae
630 2967 1003 3033 sacerdotum,
1033 2975 1090 3022 et
1126 2965 1459 3031 Levitarum,
1493 2973 1548 3021 et
1582 2963 1950 3019 sanctuarium

341 3061 567 3118 Domini
597 3060 650 3115 in
681 3058 881 3129 medio,
906 3065 1264 3127 sanctumque
1286 3068 1621 3113 sanctorum.
1656 3056 1800 3113 Urbs
1821 3070 1956 3126 quo-

2043 1857 2147 1913 que
2173 1842 2318 1897 enim
2360 1842 2413 1897 in
2439 1842 2774 1915 singularum
2797 1843 3167 1915 descriptione
3189 1845 3448 1911 tribuum,
3498 1860 3653 1901 men-

2043 1952 2170 1993 sura
2213 1938 2488 2009 descripta
2516 1946 2621 1993 est.
2673 1937 2764 1994 Sin
2798 1947 2979 1994 autem
3012 1937 3241 1995 latitudo
3283 1937 3446 1995 habet
3478 1938 3656 2010 vigin-

2047 2031 2324 2102 tiquinque
2349 2030 2582 2086 millium
2637 2032 2994 2101 calamorum,
3024 2030 3221 2103 conjici
3251 2030 3437 2100 datur,
3481 2032 3656 2088 multo

2044 2126 2308 2196 majorem
2365 2140 2487 2182 esse
2519 2141 2811 2182 numerum
2865 2125 3248 2197 longitudinis,
3289 2140 3411 2197 qua:
3438 2140 3657 2197 semper

2047 2218 2223 2289 major
2252 2225 2338 2275 est
2368 2217 2684 2274 latitudine.
2730 2218 2789 2274 In
2835 2218 3015 2274 medio
3059 2228 3241 2273 autem
3286 2220 3655 2275 sanctuarium

2050 2311 2269 2381 ponitur
2298 2310 2452 2382 juxta
2482 2310 2775 2383 primitias,
2806 2328 2929 2384 qua:
2959 2321 3088 2368 sunt
3114 2312 3343 2369 Domino
3367 2324 3657 2384 separatae,

2048 2405 2410 2478 longitudinis
2440 2407 2632 2477 viginti
2659 2407 2903 2480 quinque
2950 2408 3183 2464 millium
3215 2410 3579 2477 calamorum,
3607 2415 3666 2465 et

2050 2498 2356 2557 latitudinis
2403 2500 2591 2558 decem
2647 2501 2877 2558 millium
2912 2520 2925 2558 :
2957 2519 3079 2573 qute
3110 2503 3298 2575 legens
3328 2503 3465 2560 nihil
3516 2501 3662 2559 aliud

2052 2607 2277 2665 possum
2306 2593 2516 2663 dicere,
2540 2594 2644 2651 nisi
2666 2595 2800 2651 illud
2823 2595 3073 2668 Apostoli
3102 2614 3116 2652 :
3147 2596 3191 2653 Ο
3222 2597 3552 2668 profundum
3575 2594 3664 2653 di-

2054 2692 2312 2748 vitiarum
2338 2707 2395 2748 sa
2408 2692 2625 2762 pientis:
2646 2702 2702 2750 et
2726 2695 2972 2749 scientiae
2993 2694 3123 2751 Dei!
3153 2710 3312 2766 quam
3340 2693 3669 2751 inscrutabi-

2057 2784 2125 2840 lia
2153 2785 2355 2855 judicia
2403 2786 2523 2857 ejus
2550 2796 2603 2843 et
2654 2787 3064 2859 investigabiles
3088 2790 3192 2843 vim
3216 2788 3335 2860 ejus
3365 2788 3548 2859 (Rom.
3584 2804 3661 2856 st,

2057 2877 2184 2951 33)!
2219 2879 2287 2933 Et
2347 2878 2401 2934 in
2456 2879 2567 2936 alio
2605 2879 2726 2936 loco
2779 2898 2791 2935 :
2840 2879 2911 2937 Ut
2951 2880 3172 2953 possitis
3199 2882 3672 2956 comprehendere

2058 2987 2181 3027 cum
2235 2973 2489 3029 omnibus
2530 2975 2736 3031 sanctis
2780 2991 2901 3047 quae
2958 2974 3032 3031 sit
3064 2975 3321 3033 latitudo
3376 2986 3431 3033 et
3489 2977 3669 3049 longi-

2062 3065 2213 3131 tudo,
2253 3076 2308 3122 et
2363 3067 2704 3137 sublimitas,
2759 3076 2814 3123 et
2864 3067 3190 3139 profundum
3247 3088 3259 3125 :
3314 3069 3457 3127 scire
3505 3070 3670 3127 etiam

342 3172 452 3227 que
477 3156 592 3225 ipsa
618 3155 945 3210 describitur
972 3160 1068 3225 per
1108 3153 1326 3225 singula
1377 3153 1548 3208 latera
1581 3153 1635 3207 in
1663 3150 1952 3222 quadrum.
1984 3171 2029 3237 ρ
2062 3160 2557 3230 supereminentem
2610 3162 2856 3218 scientiae
2914 3162 3239 3220 charitatem
3290 3163 3538 3235 Christi,
3614 3174 3675 3223 ut

343 3259 584 3323 quatuor
610 3249 777 3305 millia
818 3261 872 3307 et
899 3251 1223 3321 quingentos
1256 3249 1465 3304 habens
1495 3248 1756 3303 calamos.
1812 3249 1955 3305 Sub-

347 3346 558 3401 urbana
592 3359 810 3416 quoque
859 3344 1206 3400 sacerdotum
1238 3351 1291 3398 et
1338 3342 1655 3399 Levitarum
1688 3357 1784 3412 per
1812 3341 1961 3397 ordi-

348 3454 477 3495 nem
522 3438 925 3505 describuntur,
980 3446 1033 3492 et
1064 3439 1341 3508 possessio
1370 3436 1653 3508 principis.
1697 3436 1962 3492 Rursum-

350 3548 458 3604 que
488 3549 517 3588 a
547 3540 700 3601 parte
724 3531 945 3587 dextera
978 3530 1275 3587 succedunt
1295 3530 1531 3602 quinque
1558 3529 1731 3585 tribus
1754 3545 1783 3584 a
1806 3528 1965 3601 plaga

352 3624 611 3681 similiter
631 3623 898 3691 Orientis,
928 3638 1099 3695 usque
1129 3622 1196 3678 ad
1223 3623 1438 3693 plagam
1464 3622 1798 3689 Occidentis,
1834 3637 1965 3691 qua-

352 3737 475 3779 rum
526 3722 699 3792 prima
741 3729 826 3776 est
855 3720 1137 3790 Benjamin
1172 3737 1184 3774 :
1218 3717 1458 3775 secunda
1518 3718 1763 3785 Simeon,
1811 3731 1962 3773 suam

351 3815 675 3887 specialiter
708 3815 915 3871 Itahens
975 3814 1402 3884 possessionem,
1438 3822 1493 3870 et
1531 3828 1875 3885 nequaquam
1908 3821 1966 3868 ut

358 3910 516 3980 prius
580 3910 804 3964 mixtam
849 3924 972 3964 cum
1020 3907 1158 3965 Juda
1208 3907 1416 3963 :tertia
1462 3907 1727 3963 Isachar:
1776 3896 1968 3979 quarta

356 4003 602 4059 Zabulon
639 4021 652 4058 :
684 4004 871 4075 quinta
902 4001 1017 4059 Gad
1049 4020 1062 4056 :
1097 4013 1378 4073 portaeque
1405 4000 1646 4057 civitatis
1678 4010 1847 4057 ternae
1872 4015 1968 4071 per

359 4097 605 4168 singulas
652 4097 840 4168 plagas
871 4114 883 4150 :
920 4106 974 4152 et
1008 4110 1206 4152 nomen
1240 4095 1414 4167 ipsius
1446 4095 1710 4163 civitatis,
1740 4094 1883 4167 quod
1911 4093 1965 4149 in

360 4191 544 4246 fronte
574 4189 852 4245 Pontiﬁcis
879 4191 997 4245 auri
1047 4189 1253 4244 lamina
1284 4188 1620 4244 continetur.
1670 4188 1745 4244 De
1775 4189 1970 4259 quibus

364 4285 637 4341 universis
661 4284 715 4339 in
737 4285 852 4340 suis
876 4282 1378 4340 disseremuslocis.
1409 4282 1631 4355 Hocque
1648 4283 1967 4349 notandum,

362 4380 510 4452 quod
542 4378 896 4451 quadraginta
922 4386 1047 4435 octo
1073 4378 1513 4450 civitatum,qu:e
1533 4379 1585 4434 in
1609 4377 1969 4434 Numerorum

364 4473 648 4529 volumine
693 4472 859 4528 tribui
897 4471 1157 4529 Leviticm
1186 4471 1386 4528 dantur
1413 4471 1579 4545 604
1618 4472 1685 4528 ad
1717 4471 1969 4528 habitan-

2061 3253 2224 3325 605
2243 3254 2570 3325 impleamini
2595 3256 2646 3311 in
2664 3272 2879 3312 omnem
2904 3256 3307 3328 plenitudinem
3332 3260 3424 3315 Dei
3443 3260 3669 3333 (Ep/tes.

2062 3362 2140 3413 Ill,
2175 3346 2258 3418 l8)
2288 3365 2300 3400 :
2331 3347 2663 3418 Vigesimum
2688 3350 2938 3421 quintum
2962 3361 3144 3408 autem
3169 3368 3455 3409 numerum
3480 3353 3677 3410 referri

2064 3441 2129 3497 ad
2150 3456 2363 3511 sensus,
2397 3442 2465 3499 de
2494 3442 2691 3515 quibus
2735 3443 2939 3501 dictum
2986 3455 3071 3502 est
3104 3465 3117 3502 :
3165 3447 3400 3505 Sensum
3426 3447 3673 3505 divinum

2065 3537 2434 3609 possidebitis,
2467 3546 2523 3594 et
2571 3537 2765 3596 decem
2798 3541 3047 3607 millium,
3103 3542 3170 3597 ad
3208 3542 3505 3614 perfectam
3537 3559 3673 3600 con-

2067 3642 2503 3704 summatamque
2551 3634 2825 3703 virtutem,
2864 3652 2984 3708 qum
3026 3637 3299 3709 Decalogo
3352 3642 3552 3695 veteris
3589 3639 3677 3695 Iu-

2067 3728 2377 3794 strumenti,
2408 3726 2477 3783 ad
2509 3728 2896 3807 Evangelicum
2932 3731 3213 3801 perveniat
3246 3741 3678 3802 sacramentum,

2068 3830 2123 3879 et
2144 3823 2299 3903 prius.
2324 3824 2475 3880 brevi
2502 3839 2758 3881 sermone
2779 3826 3219 3897 perstrinximus,
3246 3838 3299 3883 et
3322 3827 3409 3882 hic
3432 3843 3497 3884 ex
3528 3838 3681 3899 parte

2069 3917 2557 3974 commonebimus.
2589 3918 2649 3975 Si
2677 3919 2824 3974 enim
2850 3920 2919 3976 ab
2950 3937 3057 3977 uno
3087 3921 3295 3978 addens
3327 3937 3576 3989 numero,
3611 3921 3679 3978 ad

2070 4018 2303 4082 quatuor
2325 4010 2632 4082 pervenias,
2660 4012 2946 4069 denarium
2968 4014 3040 4070 im
3051 4014 3227 4085 plebis
3249 4030 3568 4083 numerum;
3594 4025 3678 4071 at-

2070 4119 2178 4175 que
2200 4104 2272 4161 ita
2295 4106 2408 4172 ﬁet,
2453 4116 2510 4162 ut
2535 4116 2592 4164 et
2627 4117 2783 4166 vetus
2812 4108 3225 4167 Testamentum
3269 4112 3680 4185 constringatur

2073 4196 2127 4252 in
2159 4213 2320 4268 novo,
2340 4209 2395 4256 et
2420 4216 2620 4258 novum
2644 4201 2699 4258 in
2729 4203 2902 4260 veteri
2927 4204 3208 4262 dilatetur.

2072 4293 2120 4363 ﬁ
2147 4291 2340 4365 (Vers.
2375 4295 2444 4351 10
2470 4310 2623 4368 seqq.
2651 4295 2672 4366 )
2703 4294 2837 4352 Ha'c
2875 4308 3047 4353 autem
3076 4307 3229 4354 erunt
3259 4299 3507 4368 primitiae
3530 4316 3687 4357 sanc-

2076 4387 2231 4441 tuarii
2258 4387 2640 4456 Sacerdotum;
2674 4389 2745 4443 ad
2786 4391 3094 4461 Aquilonem
3132 4376 3476 4463 longitudinis
3507 4394 3688 4467 viginti

2074 4479 2298 4551 quinque
2324 4481 2569 4550 millium,
2611 4491 2659 4538 et
2687 4483 2758 4538 ad
2797 4499 2942 4539 mare
2969 4483 3265 4541 latitudinis
3298 4486 3470 4542 decem
3498 4486 3688 4555 millia,

367 4566 499 4623 dum
526 4580 647 4622 cum
672 4566 999 4622 suburbanis
1027 4568 1162 4634 θυῖε,
1180 4566 1267 4622 hic
1293 4565 1523 4622 Silenlur
1543 4565 1786 4634 nomina,
1811 4575 1865 4622 el
1888 4565 1969 4621 (Σῖ-
1996 4576 2051 4638 D
2074 4573 2164 4629 sed
2184 4582 2230 4628 et
2251 4574 2321 4629 ad
2352 4573 2614 4630 Orientem
2635 4575 2933 4631 latitudinis
2956 4576 3127 4633 decem
3153 4578 3340 4645 millia,
3360 4588 3407 4633 et
3428 4579 3498 4633 ad
3528 4578 3691 4634 Meri-

366 4661 570 4717 vitates
617 4661 966 4729 fugitivorum
1001 4676 1014 4713 :
1048 4674 1277 4731 quarum
1322 4668 1433 4716 tres
1463 4670 1610 4716 trans
1651 4660 1965 4727 lordanem,

371 4755 546 4811 Bosor
571 4754 845 4820 videlicet,
873 4764 927 4812 et
956 4752 1217 4821 Ramoth,
1258 4762 1313 4809 et
1341 4752 1548 4823 Gaulou
1593 4752 1646 4809 in
1676 4753 1888 4809 duabus
1916 4761 1973 4809 et

372 4848 601 4904 dimidia
647 4848 795 4904 tribu
841 4847 1140 4904 datatsunt
1172 4857 1267 4904 :et
1298 4854 1415 4904 tres
1467 4848 1606 4903 intra
1654 4846 1969 4915 Jordanem,

370 4941 554 4999 Cades
595 4943 874 5012 videlicet,
925 4950 981 4999 et
1028 4942 1248 5008 Sichen,
1281 4952 1336 4999 et
1363 4939 1737 4998 Cariatharbe.
1785 4941 1974 5014 Neque

371 5037 522 5093 enim
549 5051 685 5106 opus
716 5046 838 5092 erat
883 5035 938 5092 in
970 5036 1339 5106 descriptione
1388 5038 1637 5107 mystica,
1678 5046 1731 5092 et
1759 5036 1974 5091 habita-

375 5132 529 5186 tione
556 5140 901 5199 sanctorum,
950 5141 1006 5188 et
1033 5124 1452 5188 conversatione
1492 5131 1749 5202 perfecta,
1800 5130 1977 5201 fugiti-

376 5241 573 5281 vorum
600 5223 838 5281 describi
868 5225 1089 5291 auxilia,
1115 5226 1313 5297 quibus
1344 5224 1512 5280 Israel
1544 5224 1772 5296 indiguit
1801 5223 1977 5280 adhuc

378 5320 437 5374 in
464 5328 605 5375 terra
639 5318 867 5390 positus,
898 5329 952 5375 et
996 5336 1091 5390 per
1130 5321 1327 5376 multos
1371 5320 1588 5376 labores
1616 5329 1779 5391 atque
1794 5318 1987 5376 discri-

380 5414 532 5469 mina
560 5412 628 5468 ad
653 5412 795 5469 hanc
826 5412 1103 5469 civitatem
1136 5414 1329 5470 venire
1361 5413 1647 5481 festinans,
1681 5424 1734 5471 et
1790 5415 1841 5469 in
1870 5413 1986 5469 sin-

2072 4667 2208 4722 diem
2239 4667 2579 4739 longitudinis
2603 4669 2787 4741 uiginti
2814 4672 3041 4741 quinque
3083 4671 3294 4727 millia:
3326 4682 3374 4728 et
3402 4676 3496 4730 erit
3532 4690 3686 4729 sanc—

2075 4761 2303 4815 tuarium
2329 4759 2545 4817 Domini
2571 4765 2623 4817 in
2645 4763 2816 4818 medio
2838 4768 2971 4837 ejus.
3007 4765 3372 4822 Sacerdotibus
3411 4768 3508 4823 erit
3534 4782 3691 4822 sane-

2074 4855 2301 4909 tuarium
2339 4854 2403 4909 de
2430 4856 2555 4925 [iliis
2601 4855 2798 4925 Sadoc,
2846 4856 2937 4927 qui
2977 4859 3332 4915 custodierunt
3362 4861 3692 4916 cazremonias

2076 4964 2215 5003 meas
2237 4990 2252 5017 ,
2287 4958 2333 5003 et
2360 4966 2464 5005 non
2491 4961 2791 5007 erraverunt
2814 4968 2931 5007 cum
2960 4963 3193 5009 errarent
3232 4956 3331 5025 ﬁlii
3366 4954 3558 5024 Israel,
3591 4956 3693 5009 sic-

2080 5050 2136 5094 ut
2166 5050 2459 5097 erraverunt
2488 5038 2696 5099 Leuitte.
2729 5042 2802 5099 Et
2853 5055 3001 5101 erunt
3031 5045 3233 5119 [Vulg.
3265 5046 3417 5102 addit
3442 5049 3550 5113 eis]
3582 5046 3693 5119 pri-

2083 5133 2243 5189 mitiae
2290 5135 2355 5190 de
2396 5137 2668 5207 primitivis
2698 5138 2896 5212 [ναις.
2927 5139 3207 5216 primitiis]
3262 5148 3412 5197 terra:
3456 5147 3693 5195 sanctum

2085 5236 2402 5297 sanctorum,
2418 5233 2579 5303 juxta
2607 5233 2880 5287 terminum
2901 5231 3216 5290 Levitarum.
3240 5235 3483 5303 Quatuor
3507 5233 3695 5306 primi-

2089 5318 2286 5377 tiarum
2337 5323 2631 5380 sanctuarii
2671 5324 3058 5385 describuntur
3088 5330 3279 5401 plagae,
3325 5345 3447 5400 qua:
3490 5345 3599 5386 non
3630 5326 3699 5386 ad

2091 5414 2371 5487 populum,
2404 5432 2504 5473 nec
2530 5416 2599 5473 ad
2626 5418 2819 5492 vulgus
2858 5421 3120 5492 ignobile,
3155 5437 3333 5494 neque
3359 5424 3425 5479 ad
3458 5422 3697 5490 Levitas,

380 5506 526 5580 gulis
550 5506 755 5563 sanctis
786 5506 1055 5577 loquens:
1086 5505 1308 5563 Advena
1339 5522 1459 5562 sum
1484 5515 1643 5578 atque
1669 5508 1991 5578 peregrinus
2095 5506 2408 5567 inferiorem
2438 5511 2689 5583 gradum,
2722 5514 2819 5570 sed
2847 5516 3070 5587 proprie
3094 5516 3163 5572 ad
3186 5516 3393 5574 cultum
3424 5518 3703 5591 pertinent

382 5603 532 5658 sicut
561 5615 752 5657 omnes
783 5608 965 5672 patres
1011 5601 1117 5657 mei
1149 5599 1266 5672 (Ps.
1300 5616 1523 5669 xxxvm,
1562 5600 1675 5673 15).
1715 5600 1783 5656 Et
1804 5600 1857 5655 in
1884 5600 1993 5655 alio
2097 5602 2484 5660 sacerdotum:
2518 5606 2800 5679 Aquilonis
2847 5608 3124 5680 videlicet,
3178 5621 3234 5669 et
3280 5612 3614 5685 Occidentis,
3647 5620 3703 5671 et

462 5772 494 5852 εξ
513 5760 1404 5852 γὶςῑιοιῇἰιιξηρηφζᾳ,ῃὶςηέ
1432 5772 1537 5852 :‘e‘t
1571 5762 1923 5852 paulo_post,
1968 5769 2018 5819 et
2064 5776 2220 5837 super
2279 5767 2556 5825 terminum
2585 5765 2705 5827 Dan
2729 5809 2746 5840 ,
2787 5784 2852 5830 ex
2908 5768 3077 5832 Hebr.
3109 5775 3321 5837 scilicet
3369 5784 3427 5836 et
3455 5774 3700 5849 Vulgata.

388 5832 661 5909 lmpressa
692 5832 874 5894 autem
907 5834 1068 5893 lectio
1100 5834 1244 5892 LXX
1268 5843 1353 5895 est
1372 5838 1475 5895 ἀπὸ
1500 5832 1653 5913 ὄρεξον
1672 5842 1763 5896 τοῦ
1790 5837 1902 5897 Δάν.
