4054 6324
451 231 559 295 485

1707 234 1765 289 S.
1810 229 2077 293 EUSEBII
2117 231 2499 291 HIERONYMI

3636 198 3761 289 isst

450 351 713 413 Orientis.
753 359 806 405 et
856 348 1041 407 Austri
1068 356 1153 405 :et
1181 362 1275 420 per
1323 355 1504 419 partes
1543 344 1884 419 prolectuum
1916 344 2050 401 ordo

2175 349 2395 402 lerentur
2415 347 2656 421 primitias
2686 355 2837 402 terrm
2867 346 2885 415 (
2914 344 3029 401 sive
3057 347 3357 417 auferentur
3383 343 3426 415 ),
3453 343 3543 413 qui
3569 344 3762 399 sancti-

450 453 724 507 narratur,
769 450 827 497 ut
868 442 1152 512 Aquilonis
1185 440 1389 512 frigora
1425 441 1815 510 relinquentes,
1858 439 2046 497 venia-

451 551 574 592 mus
602 536 666 590 ad
699 534 1046 591 Occidentem
1075 551 1087 588 :
1117 534 1259 607 quod
1290 533 1497 593 scilicet
1522 534 1769 589 occidant
1794 532 1948 593 nobis
1977 531 2055 585 vi-

449 631 519 685 tia
549 640 709 703 atque
740 628 1035 695 intereant,
1062 638 1116 684 et
1139 627 1263 683 inde
1286 637 1626 684 transeamus
1648 624 1714 681 ad
1738 625 2015 683 Orientem
2039 641 2051 676 :

447 731 677 793 ortoque
706 721 863 777 nobis
888 722 1003 776 sole
1044 720 1292 792 justittaz,
1322 720 1604 775 veniamus
1631 718 1698 773 ad
1749 716 2054 783 Meridiem,

448 815 502 871 in
533 830 639 887 quo
668 814 1026 871 clarissimum
1062 814 1266 885 lumen,
1301 822 1461 884 atque
1506 812 1805 883 perlectum
1851 819 1971 866 est:
2005 818 2060 864 et

448 918 559 966 tam
590 910 659 967 ab
709 911 975 980 Aquilone
1025 924 1194 980 usque
1236 907 1303 962 ad
1335 922 1507 971 mare,
1548 922 1708 977 quam
1740 905 1808 961 ab
1836 904 2060 961 Oriente

448 1021 622 1078 usque
653 1004 720 1061 ad
744 1005 1047 1073 Meridiem,
1071 1005 1261 1075 viginti
1285 1002 1525 1073 quinque
1559 999 1727 1061 millia
1761 997 2061 1068 longitudi-

450 1100 556 1168 nis,
590 1109 642 1155 et
671 1098 970 1155 latitudinis
992 1098 1177 1153 decem
1203 1096 1370 1153 millia
1399 1097 1508 1151 sint
1531 1112 1543 1149 :
1570 1104 1628 1153 ut
1646 1094 1846 1167 ubique
1869 1092 2058 1155 eadem

451 1192 834 1265 longitudinis,
871 1201 925 1246 et
968 1189 1274 1246 latitudinis
1305 1203 1561 1247 mettSnra
1592 1197 1857 1244 servetur.
1892 1188 2056 1242 Sanc-

454 1286 693 1341 tuarium
734 1295 937 1349 autem,
969 1284 1017 1338 id
1052 1292 1159 1351 est,
1189 1281 1477 1351 Templum
1527 1281 1762 1349 Domini,
1796 1280 1847 1333 in
1882 1278 2061 1333 medio

456 1378 557 1434 erit
592 1376 954 1448 primitiarum
989 1374 1441 1439 Sacerdotalium,
1488 1385 1542 1430 et
1572 1388 1731 1444 aequo
1777 1371 1947 1426 latere
1995 1385 2059 1425 ex

456 1473 605 1527 omni
636 1480 793 1543 parte
838 1469 1152 1525 vallabitur.
1189 1468 1255 1524 Et
1285 1467 1430 1541 quod
1466 1467 1718 1523 dixerat:
1764 1463 1866 1519 Ha:
1894 1474 2064 1517 autem

456 1575 611 1624 erunt
652 1564 897 1636 primitia:
942 1562 1227 1617 sanctuarii
1275 1559 1639 1619 Sacerdotum,
1673 1574 1739 1613 ne
1785 1556 2065 1611 communi

458 1648 728 1715 vocabulo
774 1671 965 1713 omnes
1013 1656 1340 1712 Sacerdoms
1387 1655 1729 1713 vindicarent
1772 1651 1871 1711 sibi
1907 1650 2065 1722 hujus

458 1753 564 1809 loci
596 1749 1025 1824 possessionem,
1057 1760 1112 1805 et
1132 1748 1484 1805 caeremonias
1506 1747 1891 1812 observandas,
1918 1748 2069 1818 ponit

457 1845 771 1917 Specialiter
801 1843 1077 1899 inferens:
1112 1841 1478 1898 Sacerdotibus
1509 1841 1863 1894 saurtuarium
1890 1840 1984 1893 erit
2007 1840 2069 1893 de

456 1942 581 2010 ﬁliis
613 1939 809 2005 Sadoc,
843 1938 1009 2013 606
1035 1937 1127 2011 qui
1154 1940 1558 2007 interpretatur,
1583 1940 1803 2011 justus;
1845 1935 1913 1991 de
1960 1949 2070 2007 quo

456 2034 692 2091 dicitur:
729 2032 913 2089 Justus
949 2032 1229 2098 Dominus,
1250 2042 1302 2086 et
1325 2030 1564 2105 justitias
1586 2029 1775 2087 dilexit
1802 2046 1814 2083 :
1845 2029 2071 2098 :equita-

455 2139 565 2185 tem
618 2128 753 2185 vidit
786 2129 966 2184 vultus
1016 2128 1134 2201 ejus
1166 2124 1303 2197 (Ps.
1352 2142 1408 2190 ι,
1442 2126 1539 2197 8).
1572 2123 1675 2179 Pro
1715 2140 1820 2193 quo
1870 2123 2067 2189 Sadoc,

455 2221 604 2279 LXX
635 2224 885 2279 scribunt
918 2221 1151 2278 Sadduc.
1183 2219 1289 2276 lste
1334 2218 1508 2283 Sadoc
1541 2219 1781 2289 l0quitur
1808 2219 1860 2274 in
1897 2218 2068 2272 livan-

454 2318 602 2390 gelio
629 2335 642 2371 :
674 2314 795 2371 Non
824 2316 967 2371 enim
996 2312 1380 2385 Paterjudicat
1403 2326 1750 2381 quemquam,
1782 2310 1876 2366 sed
1907 2325 2072 2365 omne

452 2409 720 2482 judicium
754 2407 902 2464 dedit
933 2407 1067 2463 Filio
1095 2408 1113 2479 (
1137 2405 1291 2461 Joan.
1326 2422 1381 2472 v,
1413 2405 1481 2461 2;).
1504 2404 1546 2477 ).
1596 2404 1663 2459 Et
1704 2404 1770 2459 de
1816 2404 1921 2459 hoc
1972 2403 2073 2460 sub

455 2506 677 2563 nomine
704 2504 1015 2563 Salomonis
1040 2502 1266 2573 mystice
1292 2500 1561 2572 Propheta
1585 2499 1869 2555 decantat:
1905 2498 2068 2567 Deus,

453 2597 721 2670 judicium
754 2607 903 2653 tuum
937 2596 1051 2668 regi
1080 2593 1167 2661 da,
1198 2605 1252 2651 et
1282 2594 1545 2666 justitiam
1594 2601 1739 2648 tuam
1785 2592 1895 2647 ﬁlio
1927 2592 2072 2663 regis

457 2691 479 2766 (
508 2690 600 2747 Ps.
637 2707 801 2758 cut,
837 2696 856 2743 1
889 2689 927 2761 ).
964 2689 1046 2743 illi
1096 2697 1279 2743 autem
1314 2686 1630 2741 sacerdotes
1664 2685 1880 2740 Domini
1915 2700 2071 2739 sanc-

458 2786 696 2843 tuarium
723 2783 1105 2856 possidebunt,
1132 2789 1189 2838 et
1209 2779 1521 2837 custodiunt.
1541 2779 1895 2835 caeremonias
1918 2779 2068 2846 ejus:

458 2880 550 2950 qui
582 2896 687 2935 non
735 2888 1057 2933 erraverunt
1090 2891 1213 2931 cum
1266 2882 1518 2930 errarent
1569 2873 1663 2927 lilii
1712 2870 1877 2926 Israel
1909 2880 2072 2941 atque

461 2971 687 3041 Levitre,
717 2966 791 3027 de
823 2970 1021 3039 quibus
1062 2970 1116 3023 in
1163 2966 1538 3039 superioribus
1566 2965 1901 3037 disputatum
1948 2972 2069 3019 est:

461 3067 557 3137 qui
587 3082 696 3120 non
728 3064 965 3119 offerunt
992 3063 1261 3129 victimas,
1286 3060 1381 3117 sed
1417 3058 1695 3130 privilegio
1728 3056 1981 3124 nominis,
2018 3066 2073 3113 et

462 3162 669 3218 erroris
698 3160 779 3216 sui
809 3159 1113 3214 humilitate
1140 3155 1406 3225 Contenti,
1451 3169 1666 3225 semper
1698 3154 1989 3225 loquuntur
2017 3148 2069 3204 in

462 3253 669 3311 corde:
705 3251 1050 3323 lniquitatem
1085 3265 1259 3306 meam
1288 3263 1387 3319 ego
1410 3261 1665 3319 agnosco,
1695 3255 1747 3301 et
1793 3253 2069 3317 peccatum

460 3362 643 3405 meum
675 3356 863 3401 contra
894 3342 1025 3418 [ΑΙ.
1064 3340 1281 3416 coram]
1315 3357 1400 3397 me
1445 3351 1527 3395 est
1584 3355 1800 3409 semper
1850 3336 1987 3410 (Ps.
2016 3353 2071 3404 ι,

460 3442 496 3499 4
518 3441 561 3514 ).
597 3441 793 3497 Audiat
824 3432 927 3495 hoc
958 3437 1319 3495 sacerdotalis
1345 3435 1567 3508 gradus,
1612 3443 1667 3490 et
1698 3432 1913 3488 Arianm
1945 3446 2071 3502 per-

463 3533 763 3590 secutionis
790 3532 988 3587 ardore
1011 3541 1323 3600 superatus,
1355 3544 1419 3584 ac
1449 3543 1593 3583 verre
1618 3538 1803 3597 postea
1831 3526 1974 3591 lidei,
2007 3540 2073 3579 ne

462 3629 658 3699 Opibus
702 3635 908 3691 careat,
962 3625 1204 3696 potentia
1250 3622 1389 3680 colla
1418 3622 1772 3687 submittens,
1824 3618 2074 3674 suflicere

464 3724 569 3781 sibi
602 3723 645 3779 si
676 3739 782 3777 non
808 3720 1113 3791 expellatur
1138 3735 1203 3773 ex
1234 3717 1459 3787 templo,
1500 3717 1543 3770 si
1594 3714 1805 3786 pristini
1839 3712 2073 3767 nominis

467 3818 715 3873 umbram
746 3816 1034 3889 quamdam
1062 3826 1116 3872 et
1145 3816 1436 3886 imaginem
1466 3823 1670 3875 teneat,
1700 3820 1753 3866 et
1785 3825 1889 3865 non
1922 3822 2075 3863 resu-

467 3909 630 3981 pinus
657 3922 878 3966 ructans
917 3908 1165 3977 delicias,
1197 3908 1355 3977 quasi
1399 3904 1780 3961 immaculatus
1810 3911 1864 3957 et
1913 3916 2076 3969 purus

467 4004 538 4060 de
568 4003 785 4059 excelso
817 4003 1014 4058 throno
1046 4002 1200 4057 nobis
1232 3999 1517 4069 imperitior.
1568 4013 1701 4065 sum,
1733 4007 1786 4052 et
1832 3995 2075 4051 barbara:

471 4094 808 4170 garrulitatis
827 4106 1001 4150 ructet
1035 4109 1316 4149 nauseam.
1352 4091 1539 4159 Erunt,
1570 4090 1763 4161 inquit,
1796 4090 1868 4145 eis
1897 4088 2078 4160 primi-

476 4192 562 4246 tia:
591 4191 655 4245 de
683 4188 927 4260 primitiis
968 4196 1141 4255 terrae,
1191 4187 1292 4239 hoc
1321 4196 1402 4240 est
1447 4183 1817 4239 sacerdotibus
1845 4202 1857 4238 :
1901 4189 1956 4236 et
1985 4180 2075 4252 qui

475 4298 583 4337 non
616 4290 953 4345 erraverunt,
1002 4295 1126 4335 cum
1159 4286 1411 4333 errarent
1441 4276 1532 4331 lilii
1567 4276 1733 4330 lsrael
1768 4284 1821 4331 et
1848 4274 2073 4331 Levitae.

475 4376 738 4438 Primitiae
762 4384 942 4432 autem
974 4375 1041 4431 de
1091 4373 1365 4445 primitiis,
1400 4372 1540 4428 sicut
1569 4370 1899 4427 decimarum
1930 4368 2078 4425 det-i-

475 4492 601 4541 mze,
634 4487 988 4543 sanctumque
1037 4480 1373 4537 sanctorum,
1415 4469 1569 4540 juxta
1602 4468 1890 4525 terminum
1923 4467 2079 4524 Levi-

2157 442 2328 512 ﬁcataa
2346 452 2463 494 sunt
2498 438 2740 493 Domino.
2780 438 3016 508 Quinque
3046 437 3209 492 millia
3239 445 3411 490 autem
3438 451 3556 506 qua:
3584 451 3768 507 super—

2156 545 2272 590 sunt
2314 535 2367 588 in
2399 533 2675 595 latitudine
2720 549 2810 600 per
2838 531 3017 603 viginti
3054 531 3281 603 quinque
3320 528 3510 597 millia,
3543 531 3770 600 profana

2158 639 2309 689 erunt
2332 630 2472 685 uritis
2502 632 2553 685 in
2575 629 2951 692 habitaculum.
2981 639 3027 684 et
3046 629 3103 689 in
3129 626 3425 685 suburbana
3446 642 3465 681 :
3486 636 3535 685 et
3561 627 3660 681 erit
3687 626 3769 680 ci-

2160 724 2290 783 uitas
2323 725 2374 778 in
2400 724 2568 783 medio
2590 725 2721 796 ejus.
2754 722 2910 791 Quod
2936 737 3038 785 nos
3067 723 3331 785 vertimus
3361 722 3413 789 in
3444 719 3769 793 profanum,

2164 833 2263 891 pro
2293 833 2403 889 quo
2453 819 2642 890 Aquila
2675 819 2916 891 βέϐηλον,
2964 816 3322 886 Symmachus
3362 824 3419 869 et
3465 812 3777 879 Tlteodotio

2162 912 2336 971 λαῐκόν
2368 913 2802 977 trattSUIlerunl;
2843 910 2989 971 LXX
3020 909 3207 969 dixere
3236 912 3595 984 προτείχισμα
3625 906 3777 975 quod

2162 1007 2490 1067 antemurale
2514 1022 2807 1077 possumus
2838 1007 3041 1065 dicere.
3070 1004 3366 1081 Prolanutu
3397 1016 3579 1058 autem
3607 1001 3777 1073 607

2162 1108 2320 1159 estet
2346 1100 2565 1162 laicuut.
2584 1098 2637 1155 id
2658 1108 2762 1164 est,
2792 1097 3196 1169 vulgare,quod
3216 1097 3363 1151 omni
3396 1093 3596 1166 populo
3625 1093 3782 1147 habi-

2165 1202 2283 1249 tare
2295 1192 2495 1263 passim
2509 1194 2657 1248 licet.
2676 1193 2808 1251 Illud
2824 1202 3003 1251 autent
3024 1190 3167 1263 quod
3181 1190 3442 1246 dixerunt
3461 1185 3640 1243 LXX:
3666 1185 3783 1241 Nec

2166 1290 2594 1356 mensurabitur,
2628 1302 2729 1345 nec
2756 1287 3055 1352 auferetur.
3093 1300 3189 1355 Pro
3219 1298 3289 1341 eo
3332 1281 3478 1353 quod
3511 1295 3611 1335 nos
3636 1278 3786 1334 dixi-

2167 1399 2312 1453 mus,
2347 1397 2452 1439 uon
2498 1382 2814 1450 mutabitur,
2850 1395 2952 1437 nec
2997 1376 3379 1443 transferetur,
3411 1387 3635 1429 sensum
3666 1386 3784 1427 non

2168 1478 2392 1545 habere,
2439 1478 2786 1549 perspicuum
2815 1484 2921 1530 est.
2946 1471 3283 1531 Describitur
3313 1483 3531 1541 quoque
3560 1466 3789 1533 Levita-

2169 1588 2290 1629 rum
2325 1575 2628 1643 possessio,
2660 1585 2782 1645 qua:
2810 1569 2985 1624 vicina
3016 1565 3237 1638 quidem
3260 1573 3347 1620 est
3372 1561 3573 1618 ﬁnibus
3599 1575 3791 1615 sacer-

2170 1670 2380 1734 dotum,
2411 1678 2466 1725 et
2492 1665 2683 1727 eadem
2714 1663 2881 1719 habet
2908 1663 3083 1732 spatia
3110 1661 3166 1715 in
3194 1655 3557 1730 longitudine,
3586 1664 3612 1693 ι
3635 1662 3692 1711 et.
3724 1653 3788 1708 in

2099 1792 2147 1855 Β
2174 1763 2457 1821 latitudine
2472 1778 2570 1832 pro
2586 1758 2934 1823 multitudine
2954 1757 3291 1821 Levitarutn,
3314 1768 3438 1825 qua:
3461 1751 3621 1806 habet
3649 1763 3794 1853 pau-

2172 1861 2306 1915 citas
2334 1856 2714 1923 SacerdOtum,
2758 1852 2855 1910 sed
2898 1862 3082 1908 tamen
3114 1847 3349 1920 propriis
3378 1846 3551 1901 utitur
3596 1842 3796 1899 termi-

2168 1952 2279 2017 nis,
2312 1960 2371 2007 et
2400 1950 2651 2020 intelligit
2678 1963 2735 2003 se
2764 1961 2795 2002 a
2822 1945 3160 2001 Sacerdotali
3190 1941 3360 2013 gradu
3387 1953 3511 1995 esse
3540 1937 3797 2008 disiunc—

2174 2055 2323 2101 tam:
2356 2044 2423 2099 ad
2477 2043 2859 2099 deeuticndam
2891 2036 3201 2111 superbiant
3252 2034 3651 2100 ministrorum,
3688 2029 3797 2101 qui

2172 2137 2487 2208 ignorantes
2518 2134 2877 2195 humilitatem
2909 2140 3081 2189 status
3108 2131 3213 2193 sui,
3245 2128 3388 2191 ultra
3431 2125 3794 2190 Sacerdotes,

2174 2229 2278 2285 hoc
2304 2239 2389 2291 est
2423 2227 2794 2299 presbyteros,
2825 2226 3213 2290 intumescunt,
3246 2229 3301 2278 et
3322 2220 3642 2291 dignitatem
3673 2234 3793 2275 non

2172 2324 2393 2387 merito,
2427 2322 2522 2377 sed
2553 2319 2759 2379 divitiis
2806 2318 2832 2357 ι)
2859 2317 3196 2373 existimant.
3248 2316 3406 2370 Certe
3436 2313 3523 2384 qui
3574 2312 3794 2383 prunus

2172 2413 2335 2473 luerit
2362 2413 2761 2477 ministrorum,
2790 2411 2916 2480 quia
2949 2407 3075 2482 (Al.
3108 2408 3200 2478 qui
3228 2404 3246 2477 )
3277 2421 3376 2476 per
3406 2404 3612 2474 singula
3644 2417 3793 2457 eon-

2171 2509 2422 2563 eionatur
2446 2505 2501 2567 in
2532 2507 2787 2585 populos,
2814 2514 2869 2559 et
2902 2518 2930 2559 a
2962 2501 3244 2559 Pontificis
3289 2500 3460 2555 latere
3492 2512 3599 2553 non
3628 2510 3794 2552 rece-

2174 2600 2271 2669 dit,
2317 2600 2567 2671 iujuriam
2600 2606 2769 2669 putat,
2812 2597 2856 2652 si
2904 2596 3188 2666 presbyter
3230 2591 3554 2650 ordinetur:
3589 2600 3792 2645 etnon

2175 2693 2425 2753 meminit
2454 2706 2765 2748 mensarum
2798 2697 2852 2745 et
2899 2687 3179 2745 viduarum
3214 2684 3485 2755 minister,
3532 2684 3585 2738 in
3624 2682 3794 2736 obse-

2174 2793 2358 2860 quium
2407 2803 2467 2843 se
2509 2795 2565 2843 et
2603 2785 2971 2841 ministerium
3017 2798 3125 2839 uou
3170 2780 3349 2843 solum
3400 2776 3787 2845 Sacerdotum,

2174 2884 2267 2940 sed
2306 2896 2327 2921 ο
2360 2892 2414 2937 et
2440 2882 2738 2944 viduarum,
2771 2890 2827 2935 et
2872 2892 3168 2950 pauperum
3197 2876 3533 2947 delegatum.
3572 2870 3637 2926 Et
3666 2887 3785 2925 non

2174 2976 2560 3040 renundabunt,
2583 2975 2773 3046 inquit,
2800 2990 2862 3029 ex
2882 2989 2965 3039 eo,
2994 2988 3154 3042 neque
3175 2969 3463 3035 mutabunt,
3487 2976 3542 3020 ut
3565 2980 3794 3035 perma—

2174 3081 2303 3127 neat
2348 3070 2604 3127 Levitica:
2635 3067 3036 3123 distributionis
3080 3072 3289 3120 attenta
3333 3060 3622 3131 possessio,
3668 3073 3790 3113 uec

2178 3166 2430 3221 vincatur
2458 3162 2636 3233 pretio
2652 3162 2905 3225 meritum
2929 3158 3231 3230 dignitatis,
3257 3171 3357 3212 nec
3384 3155 3452 3211 ab
3475 3154 3583 3208 alio
3607 3162 3796 3209 trans-

2175 3258 2415 3317 feramus
2458 3256 2525 3313 ad
2585 3253 2791 3313 alium:
2822 3255 2946 3323 quia
2990 3268 3112 3323 qua:
3150 3248 3486 3306 sanctiﬁcata
3519 3256 3645 3303 sunt
3674 3246 3796 3303 Do-

2172 3354 2348 3419 ntino,
2386 3368 2492 3406 non
2528 3366 2719 3406 eorum
2751 3349 2950 3420 quibus
2995 3347 3117 3404 data
3149 3355 3297 3410 sunt,
3330 3344 3424 3400 sed
3462 3342 3583 3412 ejus
3626 3340 3796 3409 cuius

2176 3450 2401 3509 nomine
2436 3446 2805 3516 possidentur.
2848 3443 3096 3515 Quinque
3137 3441 3307 3497 millia
3338 3449 3519 3494 autem
3550 3451 3670 3508 qua:
3695 3451 3798 3492 su-

2174 3553 2400 3615 persunt
2426 3543 2476 3597 itt
2504 3540 2812 3606 latitudine,
2838 3555 2937 3610 per
2958 3536 3148 3609 viginti
3177 3538 3415 3604 quinque
3436 3532 3633 3599 millia,
3658 3530 3793 3585 sub.

2174 3637 2392 3693 auditur
2420 3635 2800 3707 longitudinis,
2838 3634 3061 3705 profana
3115 3640 3277 3687 erunt
3306 3629 3453 3685 urbis
3485 3647 3499 3684 :
3528 3636 3587 3683 ut
3614 3642 3793 3683 cune-

2177 3731 2246 3785 tis
2278 3729 2527 3785 habitare
2558 3730 2720 3786 liceat
2751 3726 3034 3792 lsraelitis,
3065 3727 3323 3796 omnique
3354 3724 3421 3779 de
3451 3721 3609 3794 plebe
3636 3739 3650 3774 :
3676 3737 3795 3778 non

2176 3823 2317 3893 quod
2352 3823 2631 3878 immunda
2661 3826 2792 3889 sint,
2823 3831 2918 3877 aut
2942 3819 3144 3892 aliquid
3179 3820 3229 3873 in
3258 3818 3592 3874 habitatione
3624 3826 3795 3873 terra:

2176 3925 2384 3971 sanetae
2430 3917 2879 3981 contaminatum,
2934 3914 3208 3985 putridum
3253 3921 3473 3983 putetur
3513 3920 3569 3965 et
3608 3910 3797 3977 sordi-

2178 4010 2344 4075 dum;
2378 4010 2469 4067 sed
2511 4010 2653 4081 quod
2701 4019 2899 4081 praeter
2940 4007 3271 4067 Sacerdotes
3306 4007 3564 4062 omnibus
3611 4007 3665 4061 in
3704 4004 3792 4061 eis

2181 4104 2424 4161 habitare
2452 4104 2776 4175 permissum
2803 4106 2896 4159 sit.
2928 4103 3032 4160 Per
3060 4119 3180 4174 qua:
3211 4100 3568 4169 intelligimus
3593 4107 3789 4156 cuneta

2178 4214 2298 4269 quae
2328 4197 2610 4253 referimus
2639 4196 2705 4253 ad
2728 4211 2940 4263 sensus,
2976 4196 3079 4253 hoc
3108 4202 3216 4263 est,
3248 4194 3316 4250 ad
3344 4194 3596 4265 corporis
3637 4192 3790 4248 volu-

2180 4301 2378 4363 ptates,
2405 4308 2526 4363 qua:
2555 4291 2695 4357 visu,
2726 4301 2779 4347 et
2807 4290 3018 4361 auditu,
3067 4299 3235 4356 tactu,
3281 4289 3452 4344 odore
3491 4299 3547 4345 et
3593 4302 3791 4359 sapore

2178 4386 2441 4457 capimus,
2470 4400 2593 4443 esse
2624 4386 2873 4455 profana,
2920 4395 2974 4440 et
3004 4385 3190 4455 templi
3221 4382 3636 4440 sanctimoniam
3670 4397 3781 4439 non

2184 4479 2403 4545 habere,
2431 4494 2528 4537 nec
2552 4479 2902 4547 sacerdotale
2930 4494 3053 4536 esse
3075 4462 3420 4550 privilegium
3449 4464 3581 4549 [AL
3606 4462 3792 4533 sacer-

480 4577 658 4623 tarum
690 4583 702 4618 :
736 4573 797 4621 ut
837 4564 1039 4619 habent
1066 4561 1283 4635 quidem
1312 4561 1517 4617 Levita:
1545 4560 1778 4615 conlinia
1825 4558 2069 4615 sacerdo-

2183 4573 2381 4631 dotalis
2402 4586 2453 4629 et
2482 4574 2746 4646 privilegii
2772 4573 2791 4646 1
2816 4615 2831 4638 ,
2866 4573 2959 4630 sed
2985 4573 3136 4629 laicae
3162 4573 3331 4645 eos
3356 4572 3601 4628 vilitatis.
3628 4570 3785 4627 Civi-

476 4670 614 4729 tum,
644 4659 740 4716 sed
773 4658 1113 4726 umbilicum,
1147 4657 1201 4711 id
1231 4664 1338 4728 est,
1370 4654 1605 4712 medium
1642 4655 1780 4726 ejus,
1816 4664 1868 4710 et
1908 4656 2075 4725 ipsam

476 4754 881 4828 possessionem
920 4762 1106 4808 tenere
1137 4766 1243 4807 non
1277 4750 1508 4804 valeant.

553 4850 573 4920 (
602 4849 753 4903 νοτε.
786 4848 853 4902 15
879 4861 1035 4918 seqq.
1062 4849 1080 4917 )
1115 4845 1217 4902 Sed
1240 4854 1285 4899 et
1315 4842 1503 4899 Levitis
1526 4844 1761 4898 similiter
1776 4845 1931 4917 juxta
1952 4843 2080 4912 ﬁnes

478 4942 812 4998 sacerdotum
841 4940 1018 5013 uiginti
1047 4940 1266 5010 quinque
1293 4937 1457 4993 millia
1486 4937 1845 5011 longitudinis,
1880 4945 1925 4990 et
1954 4937 2077 4990 lati-

482 5037 679 5093 tudinis
707 5035 880 5091 derem
911 5032 1075 5087 millia
1099 5048 1115 5085 :
1142 5033 1306 5087 omnis
1333 5031 1599 5103 longitudo
1629 5031 1808 5104 viginti
1851 5032 2077 5102 quinque

478 5130 725 5195 millium,
773 5138 819 5183 et
848 5125 1069 5181 latitudo
1091 5126 1261 5179 decem
1292 5124 1532 5178 millium.
1570 5121 1638 5177 Et
1669 5140 1771 5179 non
1814 5124 2075 5177 venunda-

480 5224 602 5279 buut
632 5238 696 5277 ea:
722 5237 800 5288 eo,
833 5235 996 5291 neque
1009 5217 1449 5290 mutabunt(sive
1463 5217 1777 5291 metientur)
1803 5226 2079 5272 necti-ans-

554 5423 582 5452 ⁸
622 5412 800 5467 Voces
824 5419 871 5464 et
894 5409 943 5463 in
974 5409 1244 5464 latitudine
1283 5405 1486 5462 Victor.
1519 5403 1747 5474 rBSpttit.

562 5486 590 5526 ι)
634 5487 746 5540 liuc
799 5483 942 5538 refer
987 5481 1277 5551 epistolam
1316 5479 1435 5546 M6,
1488 5476 1555 5531 ad
1604 5475 1956 5551 Evangelum.
1995 5485 2080 5551 at-

485 5573 592 5629 que
616 5557 747 5619 illud
770 5546 1149 5629 cumprimis,
1172 5553 1216 5607 si
1241 5568 1303 5609 ex
1329 5551 1550 5629 diacono
1574 5548 1849 5629 ordinatur
1873 5546 2076 5629 presby-

490 5621 588 5695 ter,
616 5628 807 5682 noverit
828 5644 881 5681 se
903 5621 1058 5679 lucris
1080 5625 1350 5687 minorem,
1371 5621 1657 5695 sacerdotio
1679 5634 1787 5675 esse
1804 5621 2076 5695 maioreira.

488 5690 898 5756 Observandum
927 5712 1143 5766 quoque
1184 5694 1382 5759 obiter,
1438 5692 1777 5747 Sacerdotum
1822 5690 2081 5766 vocabulo

493 5782 709 5843 praeter
733 5763 988 5843 usitatum
1042 5763 1410 5843 Antiquorum.
1447 5778 1671 5843 morem,
1704 5763 2078 5843 presbyteros,

484 5834 597 5900 non
626 5842 915 5911 episcopos
939 5834 1253 5909 signiﬁcari.
1291 5837 1367 5894 Eo
1399 5834 1675 5893 intellectu
1704 5834 1805 5891 hac
1829 5851 1956 5891 voce
1982 5836 2082 5889 uti-

2188 4675 2269 4721 tas
2292 4676 2471 4725 autem
2502 4669 2606 4727 erit
2636 4668 2688 4721 in
2721 4665 2924 4732 medio,
2957 4664 3027 4722 de
3052 4681 3156 4737 qua
3197 4667 3461 4732 scriptum
3489 4672 3614 4719 est:
3663 4662 3791 4718 Flu-

2182 4758 2344 4823 minis
2373 4761 2603 4830 impetus
2632 4759 2868 4819 laetiﬁcat
2902 4759 3182 4817 civitatem
3226 4758 3320 4815 Dei
3351 4754 3490 4831 (Ps.
3522 4773 3650 4825 xw,
3691 4756 3787 4828 ι).

2186 4852 2250 4907 Ει
2275 4871 2287 4906 :
2317 4852 2434 4917 Non
2464 4861 2642 4923 potest
2664 4853 2853 4908 civitas
2882 4851 3143 4909 abscondi
3174 4867 3344 4922 super
3360 4859 3608 4907 montem
3645 4851 3791 4921 posi—

2181 4953 2231 4998 ta
2261 4944 2277 5014 (
2306 4943 2500 5003 ,llattlt.
2542 4962 2597 5009 v,
2628 4943 2736 5015 14)
2773 4962 2787 4998 :
2818 4944 2887 4999 de
2922 4960 3023 5016 qua
3050 4944 3295 5013 dicemus
3328 4946 3386 4999 in
3444 4958 3792 5015 consequen-

2182 5036 2345 5093 tibus.
2375 5040 2748 5113 Προτεὶχισμα,
2774 5037 2877 5092 hoc
2894 5048 3004 5105 est,
3037 5038 3400 5105 antemurale,
3430 5036 3787 5114 θιδιάστημα,

2187 5129 2240 5187 id
2267 5140 2371 5196 est,
2402 5130 2655 5202 spatium,
2682 5130 2824 5203 quod
2842 5129 2987 5187 LXX
3001 5145 3099 5199 pro
3112 5131 3422 5189 suburbanis
3446 5131 3791 5203 interpretati

2188 5231 2347 5291 sunt,
2376 5239 2538 5296 quem
2563 5240 2782 5285 sensum
2814 5225 2865 5279 in
2894 5222 2997 5280 hoc
3019 5223 3141 5281 loco
3172 5224 3427 5292 habent,
3446 5225 3789 5297 ignoramus.

2194 5416 2280 5463 tur
2304 5406 2650 5465 innocentius
2678 5407 2718 5477 l,
2750 5406 2976 5480 epistola
3000 5407 3065 5465 ad
3098 5407 3467 5469 Alexandrum
3495 5406 3793 5465 Antioche-

2190 5496 2318 5536 num
2342 5481 2679 5551 episc0pum,
2710 5496 2859 5535 uttttt.
2888 5496 2927 5544 ι,
2962 5480 3048 5534 tthi
3079 5480 3371 5543 sacerdotes
3404 5480 3788 5549 ministrosque.

2188 5554 2277 5622 qui
2302 5555 2355 5607 in
2380 5554 2583 5606 civitate
2606 5562 2745 5617 sunt,
2767 5561 3053 5607 memorat.
3083 5552 3182 5620 Qui
3215 5561 3390 5607 tamen
3407 5551 3532 5606 alibi
3558 5552 3788 5623 presby-

2191 5634 2337 5681 teros
2362 5626 2616 5680 secundos
2643 5625 2933 5678 sacerdotes
2962 5632 3139 5679 vocat.

2330 5698 2436 5751 Cur
2471 5712 2629 5751 toces
2654 5706 2701 5750 et
2721 5696 2996 5750 viduarum
3020 5696 3106 5750 hic
3131 5694 3329 5751 Victor.
3358 5703 3652 5766 expuugat,
3681 5708 3789 5750 non

2227 5786 2239 5822 ι
2279 5783 2367 5823 eo.

2191 5783 2367 5824 γιαθίι.
