4108 6338
328 204 445 269 ‘85

953 190 1607 263 COMMENTARIORUM
1645 200 1711 263 IN
1750 198 2199 263 EZECHIELEM
2237 201 2367 263 LIB.
2413 190 2552 262 XIV.
2596 202 2752 263 CAP.
2796 200 3032 263 XLVIII.

3551 204 3661 267 488

412 324 432 393 (
465 322 622 378 Vers.
657 320 792 393 16.)
837 319 904 375 Ει
946 321 1027 377 ha:
1064 337 1317 377 mensurae
1345 321 1477 393 ejus,
1510 320 1581 375 ad
1610 320 1818 392 plagam
1861 316 1958 373 Se-
1984 320 2033 383 Α
2063 316 2171 372 lum
2203 317 2271 375 de
2324 316 2408 373 his
2464 320 2656 391 spatiis
2684 320 2748 377 ad
2780 320 3153 378 exercendum
3188 335 3353 391 opera
3403 321 3660 385 civitatis,

334 414 755 487 ptenrrionalem,
791 415 1062 487 quingenti
1090 427 1137 469 et
1166 422 1387 483 quatuor
1422 412 1627 467 millia:
1669 420 1715 465 et
1746 410 1814 463 ad
1844 409 1957 480 pla-

330 524 459 581 gum
498 506 868 572 lieridianam,
903 507 1172 579 quingenti
1216 514 1262 559 et
1301 515 1523 577 quatuor
1560 502 1749 569 millia,
1802 512 1849 554 et
1887 501 1956 554 ad

332 606 550 676 plagam
584 601 929 669 Orientalem,
960 602 1229 671 quingenti
1258 614 1304 656 et
1331 611 1551 673 quatuor
1579 598 1747 652 millia
1773 614 1790 651 :
1815 606 1861 650 et
1888 599 1955 650 ad

328 700 548 771 plagam
602 697 1008 763 Occidentalem,
1071 698 1339 768 quingenti
1394 707 1441 750 et
1487 706 1708 766 quatuor
1765 690 1950 745 millia.

330 791 491 861 Quod
521 791 655 847 dicit
679 811 693 847 :
720 790 791 845 Et
820 790 903 846 ha:
927 804 1201 846 mensurae
1223 806 1363 859 ejus,
1389 788 1820 843 subaudiendum
1846 796 1951 854 est,

328 887 592 943 Civitatis.
621 886 677 941 In
712 885 819 943 ﬁne
849 887 991 939 enim
1026 885 1289 955 prmtcriti
1312 884 1533 956 capituli
1570 884 1803 954 positum
1828 890 1951 938 est:

330 978 405 1035 Et
436 979 544 1034 erit
572 975 761 1034 civitas
795 979 845 1031 in
873 977 1051 1032 medio
1082 976 1220 1048 ejus,
1252 977 1302 1031 id
1329 987 1435 1045 est,
1470 987 1648 1030 terrae.
1684 974 1952 1030 Primum-

330 1089 443 1146 que
472 1089 501 1127 a
530 1075 685 1145 plaga
716 1072 1141 1143 Septentrinnali
1175 1071 1383 1143 incipit,
1412 1081 1465 1126 et
1490 1086 1519 1126 e
1548 1071 1769 1142 regione
1800 1070 1953 1141 ponit

332 1170 554 1242 plagam
585 1169 959 1225 Meridianam.
1004 1167 1345 1237 Rursumque
1377 1181 1474 1237 par
1500 1166 1677 1222 reddit
1702 1164 1817 1239 pari
1847 1182 1859 1217 :
1897 1175 1952 1218 ut

333 1260 604 1320 Orietttnli
639 1262 809 1334 plaga}
833 1278 864 1317 e
911 1263 1185 1317 contrario
1232 1270 1399 1331 ponat
1439 1259 1867 1323 Occidentalem,
1898 1258 1949 1314 id

335 1369 445 1428 est,
476 1374 667 1414 mare:
714 1356 1035 1429 singulaque
1081 1356 1251 1410 latera
1281 1353 1515 1409 civitatis
1554 1353 1791 1409 habeant
1819 1368 1949 1423 qua-

334 1463 463 1508 tuor
485 1451 650 1507 millia
681 1461 733 1507 et
751 1453 1075 1522 quingentos
1098 1450 1338 1503 calamos
1362 1464 1377 1513 ;
1402 1448 1492 1516 qui
1516 1446 1719 1501 faciunt
1748 1461 1951 1515 suppu—

329 1546 489 1601 tatim
521 1543 646 1618 [AL
672 1546 947 1617 supputati
974 1542 991 1615 ]
1025 1542 1275 1597 undecim
1306 1541 1475 1595 millia
1500 1556 1754 1611 passuum
1782 1549 1837 1595 et
1860 1554 1951 1593 oc—

328 1639 541 1709 tOginta
574 1638 835 1710 quinque,
872 1648 930 1692 ut
972 1637 1131 1691 simul
1165 1636 1347 1689 omnis
1376 1637 1541 1703 urbs,
1588 1634 1727 1689 sicut
1761 1634 1811 1688 in
1842 1635 1948 1687 tine

2057 410 2550 482 capiendorumquo
2584 414 2853 470 fructuum
2885 415 3089 473 habere
3120 416 3415 478 licentiam,
3449 417 3544 471 sed
3576 434 3666 472 ra-

2056 519 2182 559 eare
2206 504 2275 559 ab
2301 520 2397 560 usu
2421 517 2475 561 et
2496 523 2662 578 opere
2688 507 2964 564 hominum
2994 528 3005 564 :
3030 520 3087 565 ut
3110 510 3549 565 circummuralia
3570 527 3664 565 ur-

2058 596 2163 664 bis,
2194 608 2390 669 sponte
2412 601 2752 656 nascentium
2779 602 3137 672 virgultorum
3163 615 3327 675 atque
3349 604 3664 671 herbarum,

2056 704 2111 743 et
2149 702 2475 746 caaterorum
2526 708 2647 763 quae
2699 704 2839 749 terra
2896 697 3103 765 gignit,
3144 696 3383 753 habeant
3434 699 3665 756 amoeni-

2057 794 2245 840 talem.

2130 878 2284 947 Quod
2312 889 2483 933 autem
2506 881 2759 951 reliquum
2788 882 2945 953 fuerit
2970 884 3021 937 in
3045 883 3367 955 longitudine
3382 886 3668 942 secundum

2052 972 2309 1043 primitias
2333 974 2640 1041 sanctuarii,
2672 977 2847 1029 decem
2876 974 3049 1030 millia
3077 978 3128 1029 in
3179 975 3466 1045 Orientem,
3497 991 3545 1033 et
3575 980 3665 1033 tle-

2053 1080 2159 1118 cem
2211 1067 2375 1120 millia
2420 1067 2474 1121 in
2524 1067 2873 1135 Occidentem,
2908 1071 3211 1125 eruntsicut
3242 1072 3488 1141 primitia:
3514 1090 3665 1126 sanc-

2054 1159 2209 1212 tuarii
2239 1175 2257 1212 :
2284 1168 2333 1214 et
2363 1170 2512 1213 erunt
2543 1161 2720 1232 fruges
2751 1165 2861 1232 ejus
2902 1165 2956 1215 in
3005 1162 3173 1216 cibum
3206 1160 3333 1235 (vel
3362 1164 3416 1217 in
3458 1182 3615 1234 panes
3648 1166 3667 1236 )

2053 1248 2132 1301 Itis
2176 1252 2265 1321 qui
2318 1252 2547 1307 serviunt
2580 1254 2597 1324 (
2628 1255 2712 1306 vel
2767 1252 3093 1325 operantur)
3126 1255 3344 1309 civitati.
3380 1255 3668 1312 Serrientes

2052 1351 2223 1396 autem
2248 1343 2265 1415 (
2294 1345 2379 1399 Vel
2404 1345 2708 1418 ept’rantes)
2744 1347 2962 1415 civitati,
2987 1349 3206 1403 servient
3242 1349 3353 1420 (vel
3380 1349 3668 1421 Operubun-

2054 1433 2180 1505 tur)
2209 1452 2273 1490 ea:
2301 1439 2535 1492 omnibus
2566 1438 2799 1494 tribubus
2846 1438 3034 1497 Israel.
3078 1440 3266 1495 Omnes
3321 1443 3562 1514 primitiw
3594 1444 3667 1496 ri-

2050 1529 2183 1600 ginti
2211 1530 2437 1601 quinque
2486 1531 2712 1586 millium
2759 1551 2851 1603 per
2882 1535 3069 1606 viginti
3118 1537 3345 1607 quinque
3392 1536 3563 1591 millia
3614 1539 3667 1590 in

2050 1623 2330 1694 quadrum,
2354 1627 2738 1699 separabantur
2770 1630 2824 1682 in
2852 1632 3110 1700 primitias
3136 1632 3444 1695 sanctuarii,
3479 1643 3529 1685 et
3556 1649 3646 1703 pos

330 1729 498 1802 hujus
529 1728 821 1784 voluminis
853 1727 1130 1797 scribitur,
1168 1743 1262 1799 per
1309 1726 1595 1782 circuitum
1627 1726 1823 1779 habeat
1852 1724 1948 1780 dc-
1978 1715 2025 1775 B
2050 1718 2333 1771 sessionem
2363 1721 2603 1777 Civitatis.
2640 1723 2772 1777 Post
2805 1724 2958 1777 urbis
2988 1733 3190 1779 sanciat
3222 1725 3669 1795 ἀεδϐῐίβιῖοηιίιι,

327 1839 453 1879 cem
502 1832 557 1879 et
583 1832 707 1878 octo
736 1821 906 1877 millia
937 1820 1292 1886 eulamnrum,
1344 1821 1431 1890 qui
1481 1820 1678 1874 iaciunt
1710 1817 1944 1889 quadra-

322 1919 478 1992 ginta
512 1927 749 1990 quatuor
796 1917 967 1972 millia
998 1932 1275 1987 passuum,
1324 1929 1373 1970 et
1410 1923 1682 1969 trecentos
1712 1912 1942 1983 quadra-

323 2012 502 2084 ginta.
538 2008 692 2067 Unde
718 2020 771 2066 et
799 2009 1249 2081 quadragesimus
1288 2015 1511 2079 quartus
1557 2007 1825 2071 Psalmus,
1858 2006 1946 2074 qui

327 2103 677 2170 inseribitur,
710 2100 775 2155 In
813 2103 968 2172 finem
1008 2114 1105 2174 pro
1137 2101 1213 2155 liis
1258 2101 1347 2172 qui
1391 2099 1863 2162 comniutabuntur,
1896 2108 1949 2153 et

326 2201 573 2271 pertinet
602 2197 669 2253 ad
696 2195 876 2265 Idida,
908 2195 962 2252 id
994 2204 1098 2262 est,
1134 2195 1200 2250 ad
1229 2193 1507 2249 amabilem
1552 2191 1787 2259 Domini,
1834 2193 1949 2248 sive

324 2304 391 2348 ut
412 2294 802 2361 interpretatus
827 2301 905 2343 est
934 2289 1149 2359 Aquila,
1185 2305 1277 2358 pro
1301 2288 1449 2351 liliis,
1485 2288 1950 2359 Symmachusque

326 2401 428 2455 pro
458 2383 699 2456 ﬂoribus,
738 2382 1020 2446 Ecclesize,
1054 2396 1177 2452 qum
1220 2381 1351 2436 urbs
1385 2379 1597 2433 Domini
1628 2391 1733 2443 est,
1768 2377 1950 2432 conti—

324 2487 430 2535 net
468 2487 828 2541 sacramenta,
863 2475 930 2530 de
958 2491 1059 2545 qua
1092 2472 1346 2529 scribitur
1388 2473 1442 2527 in
1473 2473 1663 2527 eodem
1698 2471 1948 2540 psalmo:

321 2572 519 2628 Asutit
547 2570 732 2641 regina
767 2586 795 2623 a
826 2569 1040 2625 dextris
1069 2568 1176 2623 tuis
1206 2568 1260 2622 in
1296 2568 1498 2622 vestitu
1530 2566 1818 2630 deaurato,
1842 2564 1951 2619 cir-

321 2665 584 2721 cumdata
635 2663 897 2720 varietate
950 2660 1145 2733 (Psal.
1204 2672 1349 2731 ιιιν,
1408 2660 1540 2729 10).
1596 2659 1666 2714 Ει
1709 2658 1949 2714 itermn:

322 2759 522 2815 Omnis
548 2757 718 2829 gloria
752 2755 880 2811 ﬁlia:
925 2757 1066 2826 regis
1109 2755 1438 2810 intrinsecus
1470 2752 1487 2823 (
1514 2750 1677 2817 Ibid.,
1708 2753 1774 2807 14
1799 2750 1819 2823 )
1847 2768 1859 2805 :
1897 2762 1954 2805 ut

325 2866 445 2907 non
474 2852 542 2906 sit
573 2849 764 2905 similis
790 2850 1055 2918 sepulcris
1101 2847 1407 2905 forinsecus
1433 2846 1726 2910 dealbatis,
1772 2844 1869 2900 sed
1901 2855 1957 2900 et

327 2941 485 3001 intus
512 2955 563 3001 et
598 2944 732 2999 foris
771 2944 951 2998 omnia
980 2943 1122 2998 lavet:
1150 2942 1455 3013 parapsidis
1484 2939 1718 3011 (Matth.
1748 2954 1886 2995 χχιιι
1909 2937 1950 3012 ).

329 3036 585 3109 Cumque
614 3035 1000 3092 recesserimus
1026 3035 1095 3089 ah
1140 3032 1430 3105 Aquilone,
1460 3041 1625 3086 vento
1664 3032 1951 3102 frigidissi-

2050 1819 2105 1865 et
2150 1811 2463 1867 suburbana
2515 1815 2631 1884 ejus
2662 1857 2677 1878 ,
2737 1816 3002 1888 reliquam
3048 1830 3256 1887 partem
3308 1821 3669 1889 primitiarum

2050 1905 2351 1958 sanctuarii
2385 1905 2572 1961 decem
2606 1908 2775 1961 millia
2809 1910 3141 1964 calamorum
3182 1911 3233 1965 in
3261 1912 3582 1978 Orientem,
3620 1925 3674 1966 ct

2051 1995 2161 2048 alia
2207 1997 2397 2051 decem
2436 1998 2603 2053 millia
2634 2001 2699 2054 ad
2730 2002 3084 2057 Occidentem
3121 2003 3487 2070 tendentium,
3521 2005 3672 2060 dele-

2049 2086 2165 2156 gari
2198 2089 2308 2141 vttlt
2342 2087 2449 2153 his,
2500 2090 2591 2161 qui
2643 2109 2805 2162 opera
2836 2092 3075 2151 civitatis
3104 2107 3361 2151 exercent
3396 2096 3462 2151 ad
3494 2096 3673 2151 varios

2007 2253 2017 2263 _
2054 2198 2206 2248 usus,
2236 2185 2673 2258 quibuscumque
2723 2188 2851 2244 urbs
2877 2188 3118 2259 indiget:
3154 2202 3210 2244 ut
3238 2190 3447 2246 scilicet
3486 2206 3675 2246 seran-

2054 2283 2163 2343 tur,
2182 2287 2239 2330 et
2262 2294 2327 2330 ex
2348 2279 2591 2348 lrugibus
2622 2295 2743 2351 qua:
2776 2282 2830 2335 in
2860 2280 2965 2337 hoc.
2997 2292 3158 2338 terra:
3190 2291 3490 2338 nascunwr
3510 2285 3677 2357 610

2053 2370 2253 2438 SpalIO,
2289 2384 2580 2427 vescantur
2607 2375 2865 2444 operarii,
2897 2375 2989 2447 qui
3022 2378 3107 2431 vel
3142 2377 3343 2431 Inmnia
3375 2378 3527 2432 urbis
3572 2393 3669 2433 ex.
3714 2388 3717 2389 '

2055 2473 2295 2529 struunt,
2330 2466 2415 2521 vel
2442 2464 2746 2538 interrupta
2790 2482 2845 2524 et
2877 2470 3097 2526 ruinosa
3132 2472 3463 2540 restituunt,
3497 2484 3552 2527 ut
3576 2475 3675 2528 ha-

2058 2556 2183 2611 beat
2212 2558 2402 2613 civitas
2435 2561 2643 2615 cultum
2676 2576 2856 2629 suum,
2910 2574 2966 2617 ct
3010 2575 3153 2619 sarta
3184 2576 3347 2631 tecta,
3399 2582 3521 2622 cum
3584 2583 3679 2638 po-

2060 2653 2294 2721 poscerit
2338 2654 2660 2721 necessitas,
2711 2656 3104 2713 instaurentur.
3154 2662 3215 2713 Iit
3246 2648 3507 2733 barc'[Al.
3540 2662 3677 2733 hoc]

2058 2757 2166 2797 non
2194 2748 2366 2798 solum
2402 2745 2455 2798 in
2493 2746 2681 2813 Israel,
2729 2749 2814 2803 vel
2843 2750 2893 2803 in
2920 2753 3267 2820 possessione
3294 2764 3453 2807 terra:
3477 2764 3677 2809 sancta:

2054 2836 2374 2905 spiritaliter
2396 2837 2654 2895 Ecclesia:
2680 2843 2942 2912 mysterio
2975 2845 3285 2900 continetur
3312 2863 3324 2900 :
3359 2848 3455 2903 sed
3491 2849 3541 2901 in
3572 2848 3682 2903 Ro»

2058 2942 2221 2984 mano
2240 2944 2454 2999 quoque
2479 2929 2591 2986 fieri
2624 2935 2914 3001 probamus
2938 2935 3189 3004 imperio,
3217 2947 3278 2992 ut
3307 2938 3553 3011 quaedam
3581 2940 3681 2994 vil-

2060 3019 2129 3073 la:
2173 3022 2283 3076 sint
2310 3026 2651 3091 pertinentes
2680 3025 2747 3079 ad
2778 3027 2897 3096 jura
2927 3028 3173 3095 urbium,
3208 3030 3291 3085 vel
3327 3031 3474 3101 regia
3506 3033 3681 3087 muni-

332 3146 455 3195 mo,
486 3128 779 3185 transimus
807 3129 873 3182 ad
906 3127 1217 3194 meridiem,
1253 3134 1309 3181 et
1337 3136 1462 3197 post
1490 3134 1673 3181 ortum
1715 3124 1771 3178 in
1796 3124 1951 3180 mittis
1977 3112 2024 3177 C
2056 3112 2294 3180 ῧθαιιὶα,
2324 3117 2409 3171 vel
2440 3117 2847 3175 bmreditatibus
2891 3134 2943 3176 et
2999 3121 3292 3179 donatione
3334 3123 3461 3197 [ΑΙ.
3506 3126 3681 3199 dona]

336 3223 529 3279 lumen
562 3220 825 3285 scientize,
873 3234 1127 3276 occasum
1163 3219 1536 3274 lortitudinum
1572 3217 1952 3283 formidamus,

340 3330 687 3387 ncquaqnam
703 3314 870 3386 609
894 3314 1189 3384 praeterita,
1206 3312 1303 3367 sed
1326 3312 1501 3367 futura
1518 3309 1954 3374 considerantes,

349 3424 458 3465 nec
518 3408 786 3463 habentes
835 3417 1040 3462 certam
1088 3406 1309 3460 virtutis
1358 3406 1807 3475 possessionem,
1858 3402 1956 3457 sed

347 3501 598 3574 quotidie
638 3502 692 3555 in
738 3497 993 3555 oratione
1037 3499 1328 3555 dicentes:
1365 3497 1449 3553 Ne
1494 3497 1714 3551 inducas
1760 3511 1855 3551 nos
1904 3496 1959 3550 in

352 3596 725 3660 tentationem,
775 3609 933 3662 quam
990 3594 1126 3662 ferre
1188 3607 1293 3646 non
1344 3598 1369 3628 ⁸
1400 3604 1677 3661 possumus
1741 3588 1955 3660 (Matii.

354 3704 556 3744 ιιχινι
575 3730 590 3756 ,
618 3688 707 3759 15)
723 3730 735 3743 .

431 3782 632 3855 (Vere.
670 3780 797 3853 i7.)
852 3779 1019 3834 Erunt
1078 3790 1249 3835 autem
1296 3779 1593 3834 suburbana
1645 3776 1865 3831 civitatis
1893 3774 1964 3828 ad

357 3875 687 3947 Aquilonem,
712 3874 921 3927 ducenti
950 3873 1325 3943 quinquaginta
1350 3889 1363 3925 :
1390 3882 1435 3925 et
1464 3872 1531 3923 ad
1558 3869 1844 3937 meridiem,
1870 3867 1967 3921 du-

358 3974 495 4027 centi
536 3970 911 4041 quinquaginta
940 3987 951 4022 :
982 3976 1030 4022 et
1054 3973 1125 4021 ad
1167 3964 1453 4031 Orientem,
1484 3964 1693 4018 (lucenti
1710 3964 1968 4034 quinqua-

358 4068 505 4137 ginta
537 4084 548 4119 :
579 4075 626 4120 et
654 4066 724 4117 ad
752 4079 913 4130 mare,
941 4063 1148 4117 ducenti
1172 4061 1568 4133 quinquaginta.
1618 4057 1728 4115 Pun
1774 4056 1969 4112 subur-

359 4159 685 4227 banis,qme
708 4156 973 4211 Hebraice
996 4155 1256 4209 dicuntur
1284 4166 1496 4209 nonas
1521 4161 1717 4216 uram,
1748 4162 1968 4203 rursum

363 4250 510 4307 LXX
544 4248 835 4321 διάστημα,
876 4248 928 4301 id
958 4255 1045 4302 est
1066 4288 1082 4312 ,
1110 4246 1333 4318 spatium
1359 4243 1773 4300 transtulerunt.
1815 4238 1972 4307 Quod

363 4355 549 4402 autem
594 4344 823 4409 dicitur,
862 4342 1085 4397 ducenti
1117 4340 1511 4410 quinquaginta
1574 4352 1672 4407 per
1729 4332 1973 4405 singulas

363 4441 576 4513 plagas,
606 4437 929 4493 subauditur
981 4434 1202 4499 calami,
1237 4434 1326 4504 qui
1374 4448 1507 4489 sena
1535 4431 1716 4486 cubita
1748 4432 1968 4499 habent,

367 4545 426 4593 et
454 4550 617 4591 unum
642 4534 887 4605 palian
910 4548 924 4593 ;
952 4540 1011 4586 et
1043 4546 1140 4601 per
1158 4529 1374 4601 singula
1404 4529 1573 4582 latera
1602 4526 1808 4583 faciunt
1849 4541 1974 4596 pas—

371 4644 469 4685 sus
516 4638 805 4683 sexcentos
844 4626 1036 4681 decem
1067 4634 1121 4678 et
1150 4633 1356 4692 septem
1418 4622 1787 4693 paulominus,
1840 4621 1977 4676 etin

372 4724 648 4781 communi
674 4723 829 4777 mille
874 4721 1149 4786 calamos,
1176 4719 1435 4775 habentes
1452 4733 1650 4788 passus
1679 4717 1786 4772 duo
1814 4717 1983 4772 millia

376 4817 805 4889 quadringentos
828 4817 1109 4887 sexaginta
1132 4823 1257 4870 octo
1279 4833 1291 4868 :
1311 4828 1432 4885 quae
1450 4812 1633 4883 spatia
1660 4827 1853 4868 muros
1884 4827 1980 4880 per

376 4912 669 4967 circuitum
698 4909 944 4964 ambiunt
973 4908 1245 4976 civitatis,
1298 4916 1358 4963 ut
1402 4908 1545 4963 inter
1568 4906 1767 4963 urbem
1824 4917 1879 4961 et
1921 4921 1987 4963 ea

377 5018 504 5075 qua:
532 5002 749 5072 reliqua
773 5009 905 5057 sunt
930 5044 944 5069 ,
976 5000 1242 5057 dividant.
1281 5001 1358 5056 Ex
1386 5001 1496 5057 hoc
1525 5000 1831 5055 ostenditur
1859 4999 1984 5055 nul-

462 5219 488 5246 ι
516 5206 599 5263 Ex
623 5205 733 5261 hoc
756 5205 885 5260 loco
906 5205 1253 5261 manifestum
1276 5206 1430 5277 nobis
1458 5216 1543 5263 est
1570 5208 1869 5277 antiquitus
1899 5208 1991 5263 ad-

387 5278 749 5337 ditaml'uisse
774 5277 829 5331 in
850 5278 1116 5333 Oratione
1154 5276 1437 5333 dominica
1486 5276 1800 5348 hujosmOdi
1845 5280 1991 5336 clau-

391 5354 601 5423 sulam,
618 5366 773 5423 quam
803 5350 939 5423 ferre
982 5365 1082 5403 non
1110 5366 1379 5417 possumus
1404 5350 1591 5423 ,_juxta
1643 5352 1807 5408 verba
1851 5358 1987 5423 Apo-

392 5424 523 5480 stoli
554 5420 785 5477 dicentis
814 5440 825 5474 :
859 5420 977 5476 Non
1010 5425 1244 5490 patietur
1275 5437 1368 5494 vos
1416 5421 1559 5477 Deus
1586 5427 1781 5479 tentari
1822 5420 1989 5494 supra

394 5497 452 5552 id
482 5494 627 5565 quod
654 5495 903 5567 potestis:
956 5494 1136 5547 ΜΑιιΤ.
1160 5523 1232 5534 -
1256 5492 1365 5567 Alii
1407 5509 1536 5548 mss.
1570 5512 1670 5548 non
1713 5492 1991 5567 possimus.

397 5564 573 5622 Porro
592 5567 743 5635 quod
772 5565 839 5620 ad
862 5564 1142 5621 (it-atlantis
1164 5566 1453 5620 deluinica)
1485 5576 1687 5621 textum
1716 5564 1997 5635 pertinue-

394 5641 511 5697 rint
528 5638 651 5697 htec
671 5638 859 5700 verba,
886 5654 999 5693 non
1031 5646 1236 5704 autem,
1260 5638 1410 5707 quod
1430 5638 1866 5707 Clericusquttat,
1900 5656 1998 5695 ex-

396 5708 709 5781 plicationis
739 5710 910 5781 gratia
945 5710 1041 5762 abs
1068 5709 1400 5781 Hieronymo
1437 5710 1617 5765 addita
1668 5712 1804 5772 sint.
1849 5713 1999 5766 evin-

400 5780 771 5836 cuntaliorum
788 5780 1006 5835 Patrum
1021 5783 1330 5836 testimonia
1351 5800 1361 5834 :
1382 5792 1506 5849 puta
1524 5782 1713 5839 Hilarii
1731 5784 1780 5837 in
1795 5782 1996 5840 Psalm.

401 5851 697 5923 cxvm,1it.
724 5852 751 5907 i
772 5866 787 5919 ;
811 5851 1085 5910 Ambrosii
1105 5851 1174 5908 de
1197 5851 1439 5909 Sacram.
1465 5853 1560 5912 lib.
1593 5868 1645 5922 v,
1676 5861 1731 5911 et
1755 5854 1846 5926 qui
1876 5870 1998 5911 eum

2058 3212 2375 3280 multorum,
2402 3228 2469 3267 ne
2492 3214 2703 3270 scilicet
2718 3216 2973 3285 paulatim
3000 3216 3220 3272 a‘dilicia
3237 3219 3605 3286 collabantur,
3627 3229 3683 3276 et

2059 3304 2206 3360 aedes
2236 3306 2486 3375 public-.13,
2517 3323 2637 3378 quae
2665 3322 2987 3367 ornamento
3006 3323 3131 3367 sunt
3153 3313 3381 3380 civitati,
3408 3313 3568 3385 longa
3592 3330 3683 3370 ve-

2060 3404 2256 3453 xentur
2282 3400 2511 3455 incuria.
2536 3402 2789 3472 Operarii
2816 3415 3019 3470 autem,
3055 3406 3249 3475 inquit,
3286 3410 3403 3462 sive
3434 3408 3524 3477 qui
3556 3424 3677 3465 ser—

2059 3490 2212 3545 viunt
2235 3491 2284 3546 in
2310 3493 2566 3563 cperibus
2591 3496 2848 3564 civitatis,
2872 3506 3034 3552 erunt
3052 3512 3122 3553 ex
3146 3498 3407 3553 omnibus
3433 3500 3682 3557 tribubus

2062 3582 2233 3639 Israel
2269 3603 2280 3638 :
2310 3598 2371 3640 ut
2408 3587 2589 3642 nullus
2618 3603 2678 3643 se
2706 3589 2774 3641 ab
2802 3604 2965 3659 opere
2990 3591 3228 3645 civitatis
3258 3592 3553 3649 immunem
3580 3608 3683 3664 pu-

2062 3686 2160 3745 tet,
2206 3677 2305 3733 sed
2360 3694 2549 3736 onmes
2587 3682 2837 3736 certatim
2865 3693 3150 3738 exstruunt
3174 3683 3498 3742 Ecclesium.
3528 3687 3685 3755 Quod

2066 3770 2119 3825 in
2146 3772 2502 3829 tabernaculo
2530 3791 2747 3846 quoque
2779 3776 2975 3833 factum
3006 3778 3256 3849 legimus,
3292 3792 3348 3836 ut
3381 3798 3477 3852 pro
3506 3785 3685 3840 varie-

2069 3876 2180 3925 tate
2207 3870 2422 3938 virium,
2454 3871 2594 3927 alius
2622 3889 2811 3929 aurum
2841 3884 2897 3930 et
2924 3886 3232 3947 argentum,
3288 3894 3533 3944 Coccum,
3561 3881 3690 3951 bys-

2069 3978 2210 4030 sum,
2243 3973 2298 4018 et
2326 3979 2639 4035 purpuram,
2666 3968 2925 4038 variaque
2955 3979 3009 4024 et
3038 3971 3251 4026 diversa
3285 3973 3631 4044 subtegmina
3670 3993 3684 4029 :

2070 4056 2161 4110 alii
2194 4057 2361 4126 pelles
2401 4068 2453 4113 et
2480 4074 2767 4129 caprarum
2801 4061 3031 4118 offerant
3063 4064 3241 4134 pilos:
3273 4074 3327 4121 et
3357 4082 3478 4122 cum
3508 4075 3695 4125 essent

2072 4148 2212 4205 dona
2242 4150 2458 4206 diversa
2488 4167 2588 4221 pro
2618 4154 2879 4223 qualitate
2907 4155 3246 4227 substantiae,
3275 4174 3441 4213 unum
3475 4160 3689 4217 donan-

2075 4244 2206 4297 tium
2232 4252 2380 4300 esset
2410 4246 2689 4315 praemium
2719 4265 2734 4300 :
2770 4249 2935 4303 immo
2964 4252 3140 4320 majus
3166 4267 3356 4307 eorum
3394 4255 3483 4324 qui
3526 4269 3691 4325 parva

2075 4338 2293 4408 quidem
2322 4339 2637 4404 obtulerint,
2670 4341 2764 4398 sed
2798 4343 3003 4413 majora
3031 4359 3129 4413 pro
3157 4345 3387 4414 viribus,
3425 4350 3477 4402 in
3506 4362 3693 4405 exem-

2080 4433 2224 4504 plum
2257 4434 2430 4509 vidum
2462 4439 2736 4505 pauperis,
2765 4454 2884 4507 qua:
2913 4438 3020 4492 duo
3044 4438 3250 4495 minuta
3278 4440 3330 4496 in
3369 4445 3699 4516 gazophyla-

2078 4525 2149 4579 cii
2175 4525 2315 4581 dona
2338 4527 2615 4594 mittebat;
2648 4528 2863 4583 Domini
2888 4538 2971 4584 est
2991 4531 3201 4601 judicio
3229 4534 3444 4590 laudata
3468 4579 3483 4605 ,
3510 4538 3696 4594 dicen-

2084 4621 2153 4675 tis
2177 4639 2190 4674 :
2226 4622 2357 4675 Vere
2384 4621 2501 4675 dico
2532 4623 2692 4690 vobis,
2724 4624 2846 4694 quia
2871 4624 3027 4678 vidua
3056 4627 3163 4681 [two
3192 4645 3392 4698 pauper
3420 4630 3696 4704 plusquam

2088 4732 2260 4770 omnes
2302 4717 2438 4770 misit
2464 4734 2477 4769 :
2514 4716 2654 4770 Nam
2682 4735 2856 4772 omnes
2887 4718 2942 4772 hi
2972 4738 3035 4775 ea:
3064 4722 3385 4778 abundantia
3416 4726 3511 4779 sibi
3539 4727 3694 4781 mise-

2084 4820 2207 4863 runt
2226 4810 2282 4863 in
2306 4825 2525 4864 munera
2558 4809 2652 4864 Dei
2683 4826 2700 4863 :
2731 4811 2839 4865 hazc
2862 4824 3035 4868 autem
3061 4830 3126 4870 ex
3157 4832 3214 4870 eo
3235 4817 3375 4888 quod
3422 4818 3560 4874 deest
3589 4818 3694 4888 illi,

2089 4918 2292 4959 omnem
2342 4903 2530 4957 victum
2576 4920 2726 4958 suum
2768 4921 2920 4976 quem
2963 4907 3140 4962 habuit
3187 4910 3325 4964 misit
3359 4910 3531 4983 (Luc.
3566 4912 3695 4984 xu).

2086 4996 2237 5054 Sicut
2258 5010 2389 5067 ergo
2412 4994 2645 5051 diximus
2666 4997 2733 5052 de
2758 4998 3016 5069 Operibus
3037 5001 3297 5069 civitatis,
3318 5004 3398 5058 sic
3421 5005 3551 5059 illud
3575 5006 3698 5062 bre-

2100 5208 2391 5294 descripsit
2421 5211 2694 5294 Anactoris,
2719 5214 3077 5294 s_crm_0ne84_
3106 5216 3157 5271 in
3186 5216 3448 5294 Append.
3470 5220 3607 5294 Opp.
3636 5223 3696 5282 S.

2098 5282 2404 5349 Augustini.
2438 5281 2505 5338 Et
2556 5299 2687 5339 sane
2738 5286 3171 5344 luculentissime
3209 5281 3289 5345 'S:
3328 5281 3696 5354 Ambrosius:

2104 5373 2124 5437 ι
2164 5354 2314 5437 Vide,
2335 5355 2674 5425 inquit,quid
2698 5357 2955 5437 dicatzEt
2981 5377 3048 5414 ne
3066 5362 3288 5429 patiaris
3314 5362 3493 5421 induci
3529 5370 3697 5425 nosin

2096 5430 2482 5501 tentationem,
2516 5445 2676 5501 quam
2705 5430 2845 5485 ferre
2877 5448 2985 5487 non
3023 5449 3331 5501 possumus.
3367 5437 3482 5491 Non
3515 5441 3650 5497 dicit
3682 5461 3694 5496 :

2105 5515 2211 5572 non
2246 5498 2473 5554 inducas
2515 5499 2566 5553 in
2602 5505 2976 5569 tentationem,
3023 5498 3128 5559 sed
3160 5507 3314 5572 quasi
3356 5510 3570 5566 Athlcta
3621 5522 3690 5571 ta—

2105 5571 2206 5645 lem
2238 5572 2353 5625 vult
2380 5572 2734 5645 tentationem
2767 5590 2925 5644 quam
2951 5577 3097 5631 ferre
3122 5571 3545 5645 pessithumana
3568 5601 3701 5641 con-

2096 5642 2317 5722 ditio.__o
2366 5643 2681 5722 Addequod
2714 5642 2937 5722 totidem
2967 5642 3227 5722 emittente
3250 5651 3458 5722 verbis,
3491 5657 3590 5711 nisi
3643 5658 3697 5714 in

2105 5714 2376 5795 aliquibus
2421 5714 2571 5795 libris
2606 5718 2895 5795 petitionis
2943 5733 3146 5795 partem
3181 5714 3463 5795 iecissent,
3502 5728 3696 5784 referri

2106 5794 2505 5873 poupoterant:
2518 5788 2972 5873 habenturetiaut
2991 5792 3112 5851 aliis
3130 5793 3272 5865 apud
3292 5795 3348 5853 S.
3366 5788 3694 5873 ﬂmtiym.

2104 5856 2261 5923 locis,
2292 5866 2350 5915 ut
2370 5857 2423 5914 in
2448 5858 2636 5916 Matth.
2666 5876 2717 5919 c.
2748 5876 2898 5918 xxvr.
