4108 6338
482 257 589 315 487

1723 244 1783 306 S.
1826 241 2099 307 EUSEBII
2137 242 2525 306 IIIERONYMI

3690 243 3792 307 488

473 375 614 431 viter
638 369 1105 444 perstringendum
1146 373 1252 437 est,
1281 366 1424 438 quod
1455 381 1644 423 omnes
1670 368 1925 439 primitiae
1953 382 2076 422 san-
2104 367 2159 429 Α
2181 375 2238 421 et
2267 368 2493 423 Eleazar
2544 365 2715 422 ﬁlium
2759 363 2964 432 Aaron,
2996 362 3167 421 Judas
3196 362 3439 435 possedit
3474 363 3542 420 ab
3595 363 3792 421 Austro

472 468 699 535 ctuarii,
746 474 799 520 et
828 463 1101 535 possessio
1152 460 1388 517 civitatis
1429 462 1632 531 pariter
1661 467 1948 530 supputata
1983 474 2078 529 per

471 562 737 634 quadrum
764 558 1061 625 contineat,
1094 556 1258 611 millia
1289 556 1516 611 ducenta
1548 541 1904 628 quadraginta
1937 568 2030 609 sex
2062 595 2077 620 ,

473 668 526 711 et
558 666 763 724 partem
795 651 1029 709 tertiam.
1064 650 1121 707 Si
1146 653 1289 707 enim
1312 650 1505 717 viginti
1529 651 1764 721 quinque
1794 648 1961 704 millia
1985 664 2078 702 ca-

470 748 760 815 lamorum,
785 746 878 819 qui
902 760 1064 803 senos
1087 745 1297 801 cubitos
1322 744 1533 800 habent
1550 752 1607 800 et
1629 745 1864 813 palmum
1891 756 2077 805 unum,

469 842 677 899 faciunt
726 855 905 898 nostra
948 887 962 911 ,
1026 842 1127 897 hoc
1183 850 1301 908 est,
1355 834 1966 907 Romanasexaginta,
2029 844 2082 890 et

471 952 635 992 unum
690 935 854 990 millia
888 976 904 1003 ,
936 943 991 990 et
1044 945 1332 989 sexcentos
1387 933 1666 1003 sexaginta
1698 939 1906 1002 septem
1961 944 2084 999 pas-

473 1046 606 1097 sus;
662 1029 792 1085 nulli
838 1029 1061 1086 dubium
1110 1037 1195 1084 cst
1224 1072 1239 1097 ,
1274 1027 1390 1083 hare
1437 1027 1493 1081 in
1542 1012 1899 1097 quadruplum
1947 1037 2081 1093 sup-

472 1135 656 1196 putata
704 1124 1039 1194 superiorem
1095 1122 1312 1178 elticere
1345 1136 1653 1177 numerum.
1686 1120 1847 1192 611
1875 1119 1949 1173 Ex
1975 1132 2084 1189 quo

473 1218 836 1289 perspicimus
868 1218 1049 1281 omnia
1080 1214 1431 1287 intelligenda
1464 1214 1805 1286 spiritaliter,
1831 1213 2085 1269 Ecclesiae

476 1310 876 1383 possessionem
925 1313 1096 1366 multo
1128 1311 1373 1365 latiorem
1421 1324 1564 1377 esse,
1618 1324 1778 1380 quam
1810 1306 2084 1379 quondam

472 1404 645 1462 l‘uitin
670 1404 880 1471 Judcca,
908 1403 999 1475 qui
1041 1420 1109 1458 ne
1145 1419 1406 1473 accepere
1449 1402 1668 1474 quidem
1697 1412 1876 1471 partes
1928 1410 2086 1455 terra:

474 1511 679 1557 sancta:
713 1518 726 1552 :
761 1499 855 1555 sed
887 1515 953 1553 ex
982 1497 1209 1570 singulis
1258 1497 1506 1553 tribubus
1556 1495 1911 1567 quadraginta
1961 1504 2087 1549 octo

473 1595 775 1661 civitatum,
825 1611 936 1650 non
965 1610 1031 1650 ex
1076 1595 1238 1665 pleno
1268 1591 1697 1664 possessionem,
1755 1590 1852 1645 sed
1881 1589 2088 1644 habita-

476 1688 681 1745 tionem
721 1698 778 1744 et
810 1686 1040 1758 hOSpitia
1073 1695 1473 1756 susceperunt:
1510 1694 1569 1738 ut
1618 1683 1720 1753 ipsi
1751 1697 1968 1753 quoque
1996 1681 2087 1753 qui

2186 461 2400 534 (Josue,
2430 460 2579 533 xv);
2626 470 2684 516 et
2712 460 2996 531 Ephraim,
3040 468 3095 515 et
3125 461 3376 515 Manasse
3426 459 3600 515 tribus
3637 460 3787 515 dimi~

2184 555 2294 619 dia,
2331 557 2398 611 ab
2430 555 2699 626 Aquilone
2728 554 2936 626 (Josue,
2969 570 3098 609 xvm
3119 551 3160 624 ).
3197 554 3396 609 Postea
3420 568 3550 609 vero
3580 553 3647 609 de
3677 553 3791 609 Silo

2183 650 2364 704 missis
2393 664 2460 704 ex
2474 648 2839 719 ploratoribus
2874 664 2968 719 per
2997 648 3241 719 Singulas
3268 646 3465 715 tribus,
3494 657 3548 703 et
3590 645 3794 702 descri-

2186 742 2371 812 ptione
2424 752 2583 798 terrm
2615 742 2775 798 allata
2831 742 2897 797 ad
2930 741 3098 797 Josue
3128 750 3182 796 et
3236 739 3483 807 Eleazar,
3516 739 3795 811 Beniamin

2178 831 2329 903 juxta
2358 833 2551 890 Judam
2578 835 2645 889 ab
2678 837 2899 902 Austro,
2940 843 2994 891 et
3021 836 3173 905 juxta
3218 833 3478 905 Ephraim
3534 842 3590 890 et
3637 831 3797 888 dimi-

2188 929 2334 984 diam
2372 928 2571 984 tribum
2598 927 2844 984 lllanasse
2864 929 3071 999 accepit
3093 926 3519 999 possessionem.
3545 926 3796 982 Secunda

2189 1024 2363 1080 tribus
2394 1023 2614 1079 Simeon
2658 1021 3035 1079 hmreditatem
3080 1022 3293 1092 accepit
3337 1019 3392 1075 in
3418 1019 3529 1093 (At.
3556 1018 3657 1092 de]
3705 1019 3797 1074 tri-

2188 1118 2260 1174 bu
2292 1117 2429 1173 Juda
2458 1134 2469 1170 :
2504 1127 2563 1172 ut
2595 1116 2920 1188 impleretur
2963 1114 3110 1187 quod
3139 1116 3403 1186 scriptum
3428 1122 3515 1169 est
3560 1112 3629 1169 de
3665 1112 3795 1169 Levi

2188 1222 2243 1269 et
2286 1212 2507 1269 Simeon
2542 1230 2555 1266 :
2586 1211 2833 1267 Dividam
2879 1229 2962 1268 eos
2993 1214 3047 1266 in
3072 1210 3236 1267 Jacob
3263 1254 3278 1279 ,
3307 1222 3352 1266 et
3385 1212 3682 1283 dispergam
3714 1226 3799 1265 eos

2189 1306 2243 1359 in
2273 1304 2446 1361 Israel
2469 1305 2636 1378 (Gen.
2670 1323 2818 1375 χιιι,
2854 1308 2884 1361 7
2914 1307 2955 1377 ).
2991 1306 3172 1362 Tertia
3222 1304 3467 1360 Zabulon
3519 1304 3799 1361 Galilaeam

2190 1401 2432 1470 accepit,
2467 1398 2520 1454 in
2551 1416 2653 1471 qua
2684 1411 2767 1456 est
2818 1416 2975 1456 mons
3024 1400 3269 1455 Thabor.
3302 1399 3503 1468 Quarta
3554 1397 3797 1467 lsacbar,

2192 1495 2282 1551 ubi
2313 1506 2395 1550 est
2423 1495 2639 1551 Jezrael
2669 1540 2682 1564 ,
2726 1511 2901 1567 usque
2930 1494 2996 1549 ad
3027 1493 3350 1550 Jordanem.
3385 1494 3585 1563 Quinta
3632 1496 3797 1559 Aser,

2192 1605 2363 1661 usque
2392 1590 2458 1645 ad
2485 1600 2724 1645 montem
2756 1588 3094 1655 Carmelum,
3126 1588 3221 1660 qui
3250 1587 3500 1643 imminet
3524 1587 3658 1642 mari
3688 1602 3802 1643 tra-

2192 1700 2320 1755 gno,
2338 1682 2652 1755 Tyrumque
2668 1693 2725 1739 et
2746 1683 3046 1753 Sydonem.
3077 1681 3244 1739 Sexta
3266 1679 3584 1751 Nephthali,
3607 1680 3659 1734 in
3683 1678 3762 1735 Ga
3781 1709 3799 1722 -

474 1784 729 1840 videntur
752 1782 897 1849 laici,
927 1798 1026 1838 nec
1047 1781 1365 1851 pervenisse
1389 1778 1455 1833 ad
1478 1776 1873 1833 sacerdotalem
1906 1787 1959 1831 et
1982 1776 2081 1831 Le-
2114 1777 2162 1839 B
2192 1778 2335 1834 liltea
2366 1794 2537 1850 usque
2564 1779 2630 1833 ad
2677 1778 3002 1845 Jordanem,
3063 1777 3155 1833 ubi
3199 1777 3483 1849 Tvberias,
3514 1792 3638 1848 quae
3669 1775 3805 1830 olim

473 1882 692 1937 viticum
718 1878 947 1951 gradum
979 1897 990 1932 :
1019 1888 1199 1933 tamen
1226 1876 1273 1930 si
1293 1886 1590 1947 operentur
1619 1873 1672 1928 in
1699 1871 1915 1926 Domini
1946 1869 2083 1926 civi-

473 1983 605 2039 tate,
628 1981 921 2029 vescantur
941 1972 1009 2027 de
1021 1981 1209 2026 sancta
1227 1979 1393 2036 terra,
1415 1978 1561 2023 terra
1574 1966 1809 2033 mitium,
1826 1973 2085 2035 terraque

472 2068 839 2136 credentium,
873 2080 1103 2137 quorum
1136 2078 1275 2119 unus
1302 2062 1629 2134 loquebatur
1659 2079 1670 2114 :
1699 2059 1877 2116 Credo
1896 2058 2085 2115 videre

474 2159 617 2216 bona
645 2158 859 2214 Domini
890 2199 905 2225 ,
938 2157 991 2212 in
1027 2167 1171 2213 terra
1203 2155 1499 2211 viventium
1533 2152 1650 2225 (Ps.
1686 2167 1831 2220 xxvr,
1864 2150 1991 2223 15).

546 2254 730 2326 (Vers.
759 2253 850 2320 21,
880 2251 999 2322 22.)
1049 2249 1200 2318 Quod
1244 2260 1418 2304 autem
1444 2247 1703 2318 reliquum
1733 2246 1909 2317 fuerit,
1941 2245 2086 2318 prin-

473 2348 603 2419 ripis
634 2347 727 2401 erit
750 2361 813 2400 ea:
850 2346 990 2399 omni
1039 2354 1209 2411 parte,
1238 2344 1343 2398 sive
1372 2340 1496 2397 hinc
1525 2383 1540 2409 ,
1597 2341 1701 2395 sive
1745 2340 1866 2394 inde
1894 2338 2080 2411 [Vulg.

474 2449 618 2498 tacet
662 2440 767 2495 sive
808 2439 950 2506 hinc,
984 2437 1089 2493 sive
1115 2435 1280 2510 inde]
1325 2435 1679 2509 primitiarum
1719 2433 2008 2488 sanctuarii
2036 2442 2084 2487 et

474 2534 811 2606 possessionis
838 2531 1059 2588 civitatis
1088 2547 1115 2587 e
1144 2531 1355 2603 regione
1382 2528 1521 2601 (sive
1552 2538 1732 2583 contra
1762 2526 1975 2598 faciem)
2004 2526 2081 2580 vi-

472 2629 605 2701 ginti
632 2628 863 2701 quinque
890 2626 1114 2683 millium
1140 2626 1492 2698 primitiarum
1517 2640 1677 2691 usque
1698 2624 1766 2677 ad
1806 2624 2082 2678 terminum

472 2725 799 2791 orientalem,
831 2722 923 2779 sed
978 2732 1026 2778 et
1052 2740 1083 2777 a
1106 2723 1237 2776 mari
1267 2722 1451 2795 [Vulg.
1485 2722 1555 2775 ad
1588 2719 1752 2794 mare]
1802 2737 1828 2774 e
1875 2721 2084 2792 regione

471 2816 625 2891 (sive
657 2826 837 2872 contra
868 2815 1088 2889 faciem)
1116 2816 1299 2889 viginti
1321 2816 1545 2887 quinque
1567 2813 1791 2869 millium
1818 2830 1982 2885 usque
2010 2812 2080 2868 ad

472 2909 750 2964 terminum
774 2908 934 2963 maris
965 2908 1207 2963 similiter
1234 2908 1291 2962 in
1319 2906 1551 2979 partibus
1581 2906 1837 2979 principis
1868 2906 1986 2973 erit,
2034 2914 2083 2959 et

471 3012 619 3059 erunt
650 3003 893 3071 primitiae
912 3002 1199 3058 sanctuarii
1225 3011 1273 3056 et
1301 3001 1659 3056 sanctuarium
1686 3000 1867 3071 templi
1892 3001 1947 3054 in
1976 3016 2082 3054 nte-

470 3099 560 3153 dio
585 3100 716 3170 ejus.
751 3096 829 3152 De
859 3098 1181 3169 possessione
1208 3112 1409 3167 quoque
1439 3095 1763 3157 Levitarum,
1794 3103 1845 3151 et
1873 3097 1936 3149 de
1955 3111 2077 3167 pos-

2190 1872 2563 1943 appellabatur
2586 1871 2917 1930 Chenereth.
2936 1872 3179 1943 Septima
3202 1871 3318 1927 Dan
3345 1887 3517 1944 usque
3547 1872 3801 1941 Joppem,

2191 1968 2280 2023 ubi
2333 1977 2459 2024 sunt
2487 1978 2511 2005 α
2542 1978 2720 2024 turres
2753 1970 2936 2035 Ailon,
2992 1981 3047 2026 et
3087 1968 3288 2036 Selebi,
3344 1977 3398 2023 et
3428 1968 3649 2033 Emaus,
3679 1979 3807 2038 qua:

2189 2078 2331 2118 nunc
2361 2062 2673 2133 appellatur
2723 2062 2998 2135 Nicopolis
3048 2063 3222 2119 :licet
3268 2072 3456 2133 postea
3480 2058 3802 2133 legerimus,

2188 2158 2331 2230 quod
2362 2160 2616 2230 ceperint
2643 2159 2772 2227 sibi,
2832 2158 3169 2214 transcensis
3219 2157 3343 2212 aliis
3403 2155 3675 2221 tribubus,
3710 2171 3807 2210 ur-

2188 2253 2311 2310 bem
2345 2253 2538 2310 Lesem
2564 2254 2618 2309 in
2647 2253 2790 2310 tribu
2818 2253 2953 2320 Dan,
2984 2270 3102 2326 qua:
3157 2252 3318 2310 hodie
3364 2252 3670 2324 appellatur
3697 2250 3805 2307 Pa-

2188 2364 2337 2405 neas.
2370 2349 2503 2405 Cum
2535 2350 2653 2406 lucc
2675 2365 2736 2406 se
2764 2349 2836 2405 ita
2883 2349 3139 2416 habeant,
3172 2358 3227 2405 et
3256 2349 3400 2405 inter
3424 2349 3664 2420 priorem
3696 2348 3802 2403 tri-

2186 2442 2350 2500 buum
2383 2444 2810 2518 descriptionem
2836 2455 2891 2501 et
2919 2461 3038 2516 qua:
3066 2459 3210 2500 nunc
3244 2444 3497 2513 habetur,
3535 2453 3682 2499 tanta
3706 2442 3801 2498 di-

2185 2538 2414 2592 versitas
2442 2538 2538 2605 sit,
2573 2538 2680 2594 hoc
2706 2537 3128 2595 consideremus
3158 2537 3434 2609 quomodo
3478 2548 3531 2594 et
3564 2538 3617 2593 in
3650 2553 3799 2608 pra:-

2184 2631 2327 2687 senti
2384 2631 2794 2702 descriptione,
2852 2641 2907 2687 et
2963 2633 3016 2686 in
3080 2631 3356 2702 praeterita
3405 2631 3550 2687 inter
3594 2630 3797 2686 tribum

2183 2725 2321 2782 Juda
2346 2735 2399 2782 et
2426 2726 2709 2798 Benjamin
2734 2726 2887 2797 urbs,
2944 2735 3001 2782 et
3028 2726 3316 2797 Templum
3347 2725 3676 2782 collocatum
3694 2725 3793 2780 sit.

2185 2819 2254 2875 Et
2282 2820 2339 2876 in
2372 2822 2540 2891 priori
2572 2821 2793 2893 quidem
2839 2822 3210 2892 descriptione
3239 2820 3408 2877 Judas
3432 2820 3644 2877 eratab
3673 2820 3793 2876 Au-

2184 2923 2320 2985 stro,
2350 2923 2408 2971 et
2438 2915 2725 2987 Benjamin
2751 2915 2820 2971 ab
2848 2916 3121 2985 Aquilone
3150 2933 3163 2969 :
3194 2915 3282 2972 hic
3308 2930 3440 2987 vero
3479 2915 3793 2972 econtrario

2185 3009 2265 3077 ﬁt,
2309 3017 2367 3064 ut
2410 3009 2580 3065 Judas
2612 3011 2687 3067 sit
2716 3009 2787 3066 ab
2813 3008 3109 3081 Aquilone,
3166 3018 3221 3066 et
3250 3009 3537 3081 Benjamin
3565 3008 3633 3065 ab
3676 3010 3795 3065 Au-

2182 3112 2334 3160 stro:
2371 3114 2494 3176 post
2517 3121 2679 3178 quem
2721 3106 2997 3163 secundus
3026 3116 3113 3163 est
3139 3107 3391 3174 Simenn,
3451 3107 3643 3164 tertius
3671 3106 3790 3163 Isa-

466 3196 693 3250 sessione
723 3195 942 3249 civitatis
969 3195 1024 3248 in
1070 3192 1240 3247 medio
1268 3193 1495 3266 partium
1526 3192 1778 3263 principis
1820 3191 1915 3246 erit
1945 3190 2077 3245 inter
2105 3184 2151 3249 C
2182 3197 2333 3267 char,
2369 3207 2669 3271 etquartus
2692 3200 2959 3271 Zabulon,
2994 3202 3220 3273 quintus
3247 3202 3363 3259 Gad
3396 3221 3406 3257 :
3439 3203 3679 3274 quinque
3706 3201 3795 3258 vi-

469 3288 750 3346 terminum
791 3285 937 3341 Iuda
989 3295 1037 3341 et
1083 3288 1219 3340 inter
1252 3285 1526 3340 terminum
1558 3282 1862 3357 Benjamin,
1914 3291 1962 3338 et
2006 3284 2076 3337 ad

465 3382 753 3454 principem
792 3380 1085 3453 pertinebit.
1124 3381 1197 3436 De
1244 3380 1350 3434 hoc
1395 3378 1643 3450 principe
1670 3392 1832 3448 supra
1864 3377 2077 3447 plenius

466 3476 799 3548 diSputatum
819 3485 926 3542 est,
959 3483 1015 3531 et
1044 3473 1188 3545 quod
1215 3481 1419 3529 tantum
1441 3474 1592 3529 solus
1609 3473 1878 3543 acciperet
1901 3486 2076 3544 quau-

466 3579 579 3625 tum
612 3585 716 3625 una
739 3569 932 3625 tribus.
960 3568 1115 3625 Nunc
1144 3579 1328 3625 autem
1355 3567 1505 3623 aliud
1536 3567 1819 3634 discimus,
1843 3568 1984 3638 quod
2010 3582 2077 3623 ex

466 3665 675 3723 cunctis
705 3664 954 3721 tribubus
982 3663 1243 3736 quidquid
1272 3665 1540 3734 reliquum
1575 3661 1757 3731 fuerit,
1791 3661 1878 3717 hic
1929 3662 2075 3717 solus

468 3764 700 3832 accipiat
726 3781 738 3817 :
768 3770 828 3818 ut
859 3760 1005 3816 nulla
1035 3759 1212 3815 tribus
1238 3760 1329 3827 sit,
1371 3774 1493 3830 quae
1520 3757 1754 3830 principi
1794 3757 1935 3813 dona
1966 3773 2071 3813 non

465 3855 660 3912 offerat
688 3873 701 3910 :
731 3868 839 3911 non
870 3852 1113 3919 aliunde,
1148 3851 1246 3908 sed
1275 3866 1342 3907 ex
1365 3851 1624 3923 primitiis
1652 3866 1772 3921 quae
1796 3851 1994 3921 templo
2022 3859 2076 3906 et

466 3948 774 4006 sanctuario
816 3959 869 4004 et
910 3946 1177 4017 delegatis
1207 3944 1356 4000 urbis
1387 3944 1632 4016 partibus
1662 3942 1927 4000 serviunt.
1961 3942 2076 3998 Hoc

467 4051 553 4099 est
581 4041 724 4098 enim
754 4040 899 4111 quod
923 4039 1087 4095 dicit:
1121 4038 1165 4093 Ε
1193 4037 1420 4111 regione,
1445 4037 1560 4093 sive
1585 4047 1767 4092 contra
1787 4037 1973 4107 faciem
2000 4036 2074 4090 vi-

465 4139 596 4211 ginti
625 4140 849 4211 quinque
877 4136 1105 4191 millium
1132 4134 1484 4206 primitiarum
1511 4150 1673 4205 usque
1702 4134 1770 4187 ad
1798 4133 2074 4188 terminum

466 4234 789 4302 orientalem,
823 4234 942 4289 sive
979 4246 1153 4303 usque
1197 4232 1263 4288 ad
1298 4232 1595 4287 terminum
1644 4229 1811 4286 maris
1843 4248 1854 4283 :
1885 4237 1944 4284 ut
1968 4229 2075 4284 sint

466 4328 720 4398 primitias
748 4328 890 4384 inter
917 4335 1128 4398 septem
1169 4335 1225 4383 et
1251 4328 1493 4399 quinque
1544 4325 1739 4391 tribus,
1770 4333 1825 4380 et
1856 4324 1910 4379 in
1939 4323 2073 4396 ipsis

467 4422 719 4493 primitiis
748 4422 963 4491 civitas,
1013 4431 1070 4477 et
1098 4421 1408 4477 suburbana
1440 4420 1580 4491 ejus,
1613 4431 1671 4477 et
1696 4419 1751 4475 in
1784 4418 1964 4474 medio
1992 4417 2071 4473 ci-

462 4516 645 4571 vitatis
696 4516 1064 4571 sanctuarium
1119 4513 1330 4583 templi.
1380 4513 1486 4572 Sed
1516 4522 1573 4569 et
1625 4513 1695 4569 de
1725 4510 2073 4584 possessione

2178 3289 2380 3347 delicet
2407 3292 2603 3360 tribus,
2634 3294 2776 3349 sicut
2802 3294 2857 3349 in
2885 3294 3357 3366 consequentibus
3379 3294 3611 3363 dicitur;
3643 3295 3788 3352 scri-

2178 3395 2331 3455 ptum
2358 3396 2441 3443 est
2466 3389 2615 3443 enim
2646 3406 2661 3444 :

2254 3479 2443 3551 (Vcrs.
2472 3484 2543 3538 25
2571 3480 2843 3555 seqq.)Et
2867 3485 3079 3556 reliquis
3098 3485 3356 3554 tribubus,
3377 3487 3579 3559 aplaga
3607 3486 3793 3542 Orien-

2178 3574 2270 3629 tali
2292 3592 2453 3648 usque
2482 3576 2550 3629 ad
2573 3577 2780 3649 plagam
2803 3577 3208 3646 Occidentalem,
3228 3578 3501 3650 Benjamin
3541 3597 3664 3635 una.
3715 3578 3788 3634 Et

2177 3679 2358 3723 contra
2384 3671 2661 3724 terminum
2685 3669 2966 3741 Benjamin
2994 3691 3027 3726 a
3052 3673 3207 3746 plaga
3240 3672 3502 3729 Orientali
3529 3691 3689 3745 usque
3713 3675 3787 3729 ad

2177 3764 3022 3837 plagamOccidentalem,Simean
3040 3769 3239 3827 una.Et
3254 3786 3411 3840 super
3423 3771 3788 3827 terminumSi-

2177 3861 2392 3929 meonis,
2410 3878 2441 3914 a
2452 3862 2608 3934 plaga
2623 3862 2878 3931 Orientali
2889 3879 3050 3935 usque
3061 3863 3130 3917 ad
3146 3864 3353 3936 plagam
3380 3864 3696 3930 Occidentis,
3724 3862 3787 3917 I-

2174 3952 2360 4007 sacltar
2374 3970 2498 4010 una.
2521 3954 2586 4008 Et
2598 3972 2755 4029 super
2766 3958 3043 4011 terminum
3056 3956 3296 4026 Isachar,
3308 3974 3341 4011 a
3354 3957 3511 4031 plaga
3528 3958 3786 4014 Orientali

2176 4061 2335 4117 usque
2357 4046 2518 4120 613
2541 4048 2609 4102 ad
2628 4051 2838 4121 plagam
2868 4051 3265 4121 occidentalem,
3289 4053 3531 4108 Zabulon
3552 4069 3680 4107 una.
3716 4051 3784 4107 Et

2177 4158 2333 4214 super
2361 4144 2642 4199 terminum
2669 4144 2903 4202 Zabulon
2923 4189 2938 4215 ,
2988 4166 3021 4203 a
3049 4150 3206 4224 plaga
3238 4151 3500 4205 Orientali
3529 4167 3691 4222 usque
3714 4149 3783 4205 ad

2176 4237 2387 4308 plagam
2417 4240 2603 4308 maris,
2637 4238 2755 4295 Gad
2791 4258 2914 4295 una.
2949 4240 3019 4295 Et
3054 4259 3211 4314 super
3240 4245 3515 4299 terminum
3568 4243 3685 4299 Gad
3713 4244 3783 4298 ad

2177 4329 2385 4401 plagam
2405 4329 2587 4386 Austri
2612 4333 2667 4387 in
2691 4333 2985 4402 Meridiem,
3009 4343 3057 4389 et
3087 4335 3183 4390 erit
3210 4336 3331 4406 ﬁnis
3361 4337 3425 4391 de
3439 4334 3672 4390 Thamar
3695 4354 3777 4390 us-

2176 4440 2273 4494 que
2298 4424 2369 4478 ad
2393 4441 2553 4495 aquas
2574 4428 3003 4483 contradictionis
3032 4428 3198 4484 Cades
3224 4445 3242 4484 :
3292 4428 3569 4485 Iucreditas
3591 4439 3775 4484 contra

2177 4530 2319 4569 mare
2353 4534 2621 4589 magnum.
2672 4519 2804 4575 Hcec
2833 4530 2907 4574 est
2930 4530 3071 4576 terra
3093 4538 3249 4593 quam
3286 4522 3565 4577 metiemini
3589 4521 3775 4595 [ναις.

465 4608 777 4665 Levitarum
834 4616 892 4664 et
917 4607 986 4664 de
1015 4608 1363 4679 possessione
1389 4608 1624 4663 civitatis
1654 4604 1914 4677 quidquid
1944 4604 2072 4661 reli-
2096 4591 2153 4655 Ῑ)
2177 4610 2385 4665 miltetis
2408 4611 2462 4666 in
2488 4612 2700 4686 sortem]
2754 4613 2988 4671 tribubus
3018 4591 3220 4683 Israel,
3262 4624 3309 4671 et
3338 4616 3418 4671 lue
3469 4591 3776 4689 partitiones

463 4719 629 4776 quum
657 4712 761 4770 est,
794 4702 1021 4774 principi
1069 4702 1418 4772 deputabitur
1448 4719 1458 4755 :
1492 4701 1704 4772 eritque
1736 4714 1861 4770 pars
1890 4708 2072 4755 extre-

466 4813 554 4854 ma
580 4810 789 4871 septem
833 4797 1071 4853 tribuum
1122 4796 1300 4851 vicina
1339 4795 1593 4866 primitiis
1640 4804 1695 4851 et
1724 4792 1975 4859 civitati,
2016 4801 2071 4849 et

466 4891 672 4963 templo
701 4891 753 4946 in
787 4890 935 4947 tribu
963 4889 1138 4957 Juda;
1171 4898 1226 4946 et
1268 4905 1394 4961 pars
1419 4899 1664 4945 extrema
1694 4890 1937 4960 quinque
1968 4885 2068 4943 tri-

463 4986 629 5045 buum
660 4986 855 5044 eodem
880 4986 1003 5057 jure
1032 5000 1139 5057 quo
1175 5000 1340 5057 supra
1371 4985 1425 5040 in
1477 4985 1619 5040 tribu
1652 4984 1955 5054 Beniamin,
1987 4981 2069 5053 ip-

459 5098 522 5139 sa
552 5091 800 5139 extrema
858 5096 982 5153 pars
1034 5080 1104 5136 ad
1154 5081 1457 5152 principem
1488 5079 1802 5150 pertinebit.
1854 5077 1936 5132 Ex
1961 5090 2068 5148 quo

464 5176 761 5248 Scripturae
793 5185 998 5232 sanctae
1052 5184 1395 5230 sacramenta
1446 5171 1691 5228 miranda
1715 5180 1861 5236 sunt,
1894 5180 1949 5227 et
1974 5185 2068 5225 co-

460 5269 677 5341 gitanda
706 5269 870 5343 612
892 5267 1084 5340 magis,
1112 5283 1274 5339 quam
1300 5266 1519 5337 eloquio
1545 5264 1865 5337 proferenda
1900 5260 2064 5336 (Dan.

458 5378 611 5419 xxxn
636 5364 681 5436 ).
704 5362 763 5418 lu
794 5361 966 5432 priori
988 5362 1136 5418 enim
1162 5359 1431 5417 divisione
1462 5368 1729 5414 terrarum
1764 5367 1916 5411 trans
1944 5354 2067 5411 Jor-

459 5436 655 5516 danem
680 5473 779 5530 per
808 5457 1031 5530 Moysen
1060 5455 1271 5511 duabus
1302 5454 1552 5509 tribubus
1578 5452 1794 5518 Ruben,
1825 5461 1879 5507 et
1926 5449 2060 5517 Gad,

457 5562 514 5610 et
542 5552 784 5611 dimidia:
840 5551 1003 5608 tribui
1048 5549 1295 5606 Manasse
1346 5558 1491 5605 terra
1521 5547 1693 5603 divisa
1733 5556 1818 5603 est
1847 5544 2062 5619 (Iosue,

457 5644 597 5719 xm)
626 5664 637 5702 :
666 5646 809 5703 intra
838 5645 1137 5704 Jordanem
1192 5654 1374 5700 autem
1404 5658 1501 5714 per
1522 5644 1688 5699 Josue
1721 5641 1887 5698 lilium
1915 5640 2059 5710 Nun,

2174 4718 2375 4771 earum,
2405 4705 2476 4758 ait
2505 4704 2760 4762 Dominus
2790 4707 2953 4764 Deus.
3004 4710 3163 4779 Quod
3207 4711 3264 4767 in
3292 4714 3531 4784 quinque
3560 4721 3617 4768 et
3643 4726 3773 4783 sep-

2176 4807 2283 4854 tem
2312 4798 2558 4856 tribubus
2585 4816 2805 4874 semper
2856 4803 2911 4859 in
2944 4803 3056 4861 line
3087 4806 3308 4876 ponitur
3337 4823 3466 4875 una,
3500 4807 3773 4862 subintel-

2173 4891 2362 4962 ligitur
2385 4895 2468 4949 vel
2504 4909 2661 4965 pars,
2696 4897 2783 4953 vel
2812 4901 3121 4969 possessio,
3162 4901 3250 4956 vel
3291 4900 3613 4957 hrcreditas:
3645 4902 3776 4957 licet

2172 4985 2371 5055 Aquila
2398 4993 2454 5041 et
2473 4986 2833 5058 Symmachus
2865 4991 3296 5062 interpretentur
3309 5009 3522 5065 genere
3543 4993 3772 5049 neutrali

2174 5080 2234 5136 τὸ
2259 5079 2416 5157 ὄριον,
2445 5081 2590 5152 quod
2620 5082 2889 5154 signiﬁcat
2920 5090 3214 5141 terminum.
3249 5086 3497 5159 Illudque
3528 5087 3771 5143 breviter

2174 5172 2595 5241 attendendum,
2630 5175 2683 5230 in
2712 5185 2957 5234 extrema
2987 5179 3232 5251 quinque
3272 5181 3534 5245 tribuum,
3572 5180 3768 5236 tribum

2176 5264 2312 5333 Gad,
2333 5281 2451 5335 qua:
2468 5268 2522 5321 in
2547 5268 2714 5339 priori
2744 5269 3115 5342 descriptione
3138 5273 3239 5328 fuit
3270 5281 3422 5329 trans
3448 5271 3767 5339 Iordanem,

2176 5360 2303 5429 poni
2344 5360 2397 5415 in
2438 5376 2559 5416 eam
2611 5374 2821 5434 partem
2850 5382 3013 5436 quam
3048 5367 3201 5438 prius
3244 5366 3414 5424 Judas
3445 5368 3651 5435 tenuit,
3702 5366 3771 5423 ad

2173 5455 2388 5528 plagam
2418 5455 2676 5515 videlicet
2702 5459 2887 5515 Austri
2919 5461 2971 5515 in
3003 5462 3287 5518 meridiem
3315 5504 3331 5530 ,
3354 5472 3410 5519 et
3435 5477 3557 5519 esse
3583 5460 3770 5518 termi-

2173 5564 2302 5604 num
2328 5548 2399 5605 de
2428 5549 2667 5607 Thamar
2697 5568 2872 5625 usque
2900 5553 2968 5609 ad
2989 5570 3156 5627 aquas
3184 5557 3637 5614 contradictionis
3663 5554 3770 5610 Ca-

2171 5641 2290 5712 des,
2342 5642 2720 5702 btereditatem
2765 5653 2957 5704 contra
3002 5664 3154 5706 mare
3194 5665 3481 5721 magnum:
3530 5649 3769 5707 Thamar

520 5822 546 5852 ι
584 5811 821 5885 Conjicit
847 5810 1124 5870 Relandus
1150 5826 1253 5883 pro
1278 5818 1446 5868 turres
1473 5809 1766 5884 legendum
1794 5812 1968 5882 urbes,
1994 5810 2080 5870 vel
2108 5809 2257 5869 urbes
2282 5821 2403 5875 tres.
2434 5813 2580 5873 Nihil
2609 5831 2739 5875 vero
2765 5826 2953 5877 contra
2984 5835 3117 5878 mss.
3140 5818 3302 5879 ﬁdem
3334 5818 3667 5881 audendum.
