4108 6338
300 223 389 288 889

934 220 1591 287 COMMENTARIORUM
1629 226 1699 287 IN
1738 225 1880 286 EZEl

1982 267 1987 283 .
2034 227 2239 287 LIBER
2288 202 2430 290 xui.
2472 229 2627 292 asp.
2669 232 2901 295 XLVIII.

3462 238 3567 298 490

297 340 470 410 ipsam,
497 336 567 393 de
595 352 702 411 qua
724 337 835 409 iam
864 338 1133 411 diximus,
1175 358 1335 414 quam
1382 361 1527 400 nunc
1556 346 1863 419 Palmyram
1891 359 1946 421 Α
1970 346 2091 403 dem
2116 348 2289 405 tribus
2317 351 2370 406 in
2394 351 2626 407 circuitu
2651 350 2991 410 tabernaculi
3020 351 3093 407 ita
3122 360 3565 425 caStrametatas,

295 441 501 496 vocant,
557 441 612 487 et
644 432 767 488 olim
800 448 831 488 a
872 433 1165 492 Salomone
1193 446 1506 494 constructa
1532 447 1645 494 est:
1696 440 1870 509 palma

295 525 421 580 enim
449 523 686 581 Hebraeo
712 542 967 584 sermone
996 527 1237 585 Thamar
1262 530 1592 602 appellatur,
1626 540 1680 586 et
1707 532 1776 588 ab
1806 547 1871 589 co

292 617 418 690 quod
448 618 518 673 ibi
553 620 790 689 palmeta
843 621 951 677 sint
983 621 1212 693 plurima
1234 664 1249 691 ,
1297 624 1515 694 quidam
1549 633 1737 695 putant
1770 623 1873 681 hoc

291 713 519 769 sortitam
568 714 919 771 vocabulum.
966 717 1231 788 Quodque
1278 718 1560 790 sequitur:
1607 718 1778 790 Usque
1802 720 1871 774 ad

290 822 428 877 aquas
471 807 899 863 contradictionis
946 808 1134 877 Gades,
1187 812 1459 867 hwreditas
1500 823 1681 868 contra
1729 830 1873 868 mare

290 916 548 971 magnum;
575 916 678 972 pro
706 916 814 972 quo
844 901 991 958 LXX
1025 906 1419 961 transtulerunt
1448 906 1510 962 de
1543 905 1793 976 Theman,
1824 915 1872 962 et

289 1008 408 1064 aqua
438 991 726 1060 Mariboth,
760 994 870 1068 [ΑΙ.
919 995 1225 1071 Marimothj
1254 996 1442 1066 Gades,
1481 998 1757 1055 haereditas
1783 1018 1872 1055 us-

287 1102 371 1159 que
395 1086 462 1139 ad
488 1103 636 1142 mare
657 1104 925 1162 magnum,
974 1089 1111 1145 illttd
1139 1099 1226 1147 est
1248 1092 1646 1149 observandum
1676 1094 1728 1149 in
1762 1093 1869 1149 He-

287 1181 455 1237 braico
482 1182 741 1238 eumdem
769 1199 1086 1240 sermonem
1116 1196 1327 1242 Nausea
1359 1171 1567 1258 (ΠΗ-11),
1601 1188 1725 1257 quia
1750 1202 1871 1241 am-

289 1275 465 1347 biguus
495 1278 591 1345 sit,
624 1286 680 1333 et
707 1278 1067 1335 hereditatem
1114 1296 1334 1350 sonare,
1373 1290 1429 1338 et
1457 1292 1772 1338 torrentem:
1817 1291 1871 1338 et

290 1367 362 1425 hic
375 1369 547 1441 magis
569 1379 851 1427 torrentem
870 1374 1042 1443 accipi
1066 1374 1294 1441 debere,
1313 1391 1474 1445 quam
1493 1375 1868 1431 haereditatem.

288 1462 379 1521 lste
402 1474 484 1521 est
508 1466 658 1521 enim
704 1476 923 1524 torrens
951 1471 1043 1540 qui
1073 1469 1375 1541 ingreditur
1423 1486 1574 1527 mare
1617 1486 1869 1542 magnum

289 1558 690 1623 Rhinocorura.
714 1571 775 1618 ut
798 1570 923 1619 ante
944 1564 1053 1632 jam
1070 1564 1328 1621 diximus.
1344 1566 1521 1623 Cades
1549 1576 1729 1622 autem
1751 1583 1872 1637 qua:

289 1650 334 1706 in
362 1651 499 1707 libro
554 1652 729 1712 Iosue
760 1658 1069 1727 appellatur
1108 1657 1521 1728 Cades-Barne,
1558 1661 1610 1715 in
1651 1661 1873 1717 deserto

289 1754 384 1813 est,
415 1748 561 1819 quod
578 1752 900 1809 extenditur
929 1769 1100 1825 usque
1122 1754 1186 1809 ad
1218 1755 1407 1810 urbem
1425 1755 1675 1812 Petram:
1705 1755 1873 1810 Mari-

290 1840 393 1895 lioth
419 1857 551 1898 vero
579 1844 725 1912 quod
750 1846 1143 1917 interpretatur
1167 1849 1612 1917 contradictionis,
1638 1865 1746 1906 nou
1777 1865 1873 1906 voc

287 1931 521 1989 cabulum
538 1935 652 1992 loci
675 1946 782 2004 est,
808 1947 868 1993 ut
888 1939 1135 2011 plerique
1159 1939 1452 2011 :cStimant,
1470 1943 1565 1998 sed
1589 1958 1872 2014 aquarum,

291 2026 336 2085 in
361 2027 551 2095 quibus
584 2031 822 2101 populus
837 2032 1069 2088 Domino
1098 2034 1450 2103 contradixit,
1478 2047 1535 2091 et
1555 2036 1769 2110 Moyses
1791 2038 1875 2091 ol-

288 2121 442 2179 lcndit
487 2125 691 2195 Deum,
747 2127 968 2185 dicente
997 2130 1240 2186 Psalmo:
1274 2130 1623 2187 Tentavcrunt
1655 2150 1769 2187 eum
1809 2135 1878 2187 ad

290 2234 454 2288 aquam
504 2221 969 2285 contradictionis,
1003 2235 1047 2278 et
1073 2223 1303 2295 afﬂictus
1329 2235 1404 2280 est
1435 2224 1639 2297 Moyses
1669 2235 1879 2298 prapter

294 2328 368 2370 eos
398 2313 515 2387 (Ps.
547 2331 642 2384 cv,
666 2318 780 2389 32).
815 2319 1117 2391 Omnisque
1149 2330 1307 2376 terrm
1345 2328 1549 2377 sancta:
1587 2321 1879 2376 litereditas

291 2407 348 2464 ab
374 2410 617 2465 Australi
650 2410 805 2482 plaga
850 2411 1001 2483 juxta
1031 2413 1294 2469 terminos
1321 2412 1567 2487 Egypti,
1602 2413 1883 2469 Rhinoco-

291 2514 403 2557 rura
430 2512 483 2558 et
515 2511 769 2560 torrente
812 2504 1017 2561 ﬁnitur.
1071 2506 1136 2561 Et
1167 2506 1295 2577 quia
1330 2504 1446 2561 Gad
1496 2509 1883 2579 interpretatur

294 2596 516 2665 tentatio,
541 2598 599 2653 in
634 2599 986 2670 possessione
1012 2599 1133 2672 ejus
1181 2601 1249 2657 de
1283 2602 1541 2673 palmetis
1589 2603 1885 2658 transimus

293 2686 351 2742 ad
373 2704 537 2761 aquas
559 2691 1019 2769 contradictionis
1040 2709 1213 2763 usque
1243 2693 1433 2763 Cades,
1458 2712 1579 2767 qua:
1610 2697 1884 2768 interpre-

297 2788 427 2838 tatur
458 2794 677 2854 sancta,
728 2795 786 2841 ut
813 2786 1189 2858 intelligamus
1220 2804 1319 2843 nos
1350 2789 1514 2844 etiam
1546 2797 1668 2860 post
1704 2789 1883 2844 victo-

294 2876 412 2934 riam
441 2882 633 2938 mundi
660 2882 864 2940 debere
887 2898 1010 2941 esse
1041 2884 1331 2952 sollicitos,
1361 2895 1418 2941 et
1446 2902 1664 2958 semper
1686 2888 1740 2943 in
1769 2902 1886 2943 me-

294 2981 361 3042 tu,
389 2976 553 3051 θιά,
579 2989 639 3035 ει
669 2982 948 3038 recordari
990 2982 1142 3039 illius
1172 2982 1459 3041 versiculi:
1511 2984 1766 3040 Teutatio
1800 2991 1888 3041 est

293 3068 388 3125 vita
413 3073 697 3130 hominum
734 3092 901 3149 super
925 3085 1127 3134 terram
1150 3077 1295 3151 (Job.
1319 3095 1414 3147 vu,
1443 3077 1528 3147 1);
1563 3086 1620 3135 et
1652 3079 1719 3135 ad
1757 3094 1886 3136 san-

1973 453 2031 497 ut
2074 443 2142 499 ad
2172 444 2451 502 Orientem
2486 447 2647 503 fuerit
2676 448 2845 504 Judas
2866 490 2881 516 ,
2914 448 3182 517 lssachar,
3217 461 3271 504 et
3299 450 3565 521 Zabulon,

1975 538 2069 593 ﬁlii
2094 534 2239 594 Lis):
2271 550 2328 597 et
2357 540 2423 596 ad
2455 542 2758 607 Meridiem,
2782 542 3003 611 Ruben,
3036 543 3259 599 Simeon
3290 544 3429 611 Gad,
3459 544 3569 600 duo

1973 629 2071 686 ﬁlii
2108 632 2244 698 Liac,
2300 644 2355 689 ct
2397 636 2590 691 tertius
2622 637 2764 691 ﬁlius
2794 636 3016 707 Zelphac
3046 639 3260 694 ancillae
3303 638 3434 694 Lim.
3487 638 3572 694 Ad

1973 724 2328 783 Occidentem
2349 743 2479 785 vero
2500 729 2778 800 Ephraim,
2801 739 2856 787 et
2876 730 3171 801 Manasses,
3188 743 3243 789 et
3263 733 3571 803 Benjamin,

1974 817 2083 873 duo
2115 818 2373 875 videlicet
2413 822 2506 876 ﬁlii
2550 822 2842 879 Rachelis:
2874 825 3001 896 quia
3056 826 3258 896 Joseph
3297 842 3397 897 pro
3426 829 3572 883 tribu

1972 912 2127 977 Levi,
2176 930 2299 985 qua:
2346 917 2639 974 sacriﬁciis
2669 919 2926 990 deputata
2978 930 3082 990 est,
3138 922 3192 977 iu
3220 923 3354 979 duas
3401 925 3573 981 tribus

1974 1006 2236 1078 Ephraim
2260 1018 2315 1065 et
2336 1010 2586 1067 Manasse
2608 1011 2781 1069 divisa
2810 1022 2912 1069 est.
2935 1014 3017 1068 Ad
3042 1013 3367 1084 Aquilonem
3387 1025 3569 1073 autem

1976 1102 2112 1171 Dan,
2135 1110 2191 1158 et
2216 1104 2445 1173 Aser,et
2477 1106 2793 1177 Nephthali,
2815 1125 3042 1180 quorum
3068 1110 3279 1180 primus
3303 1125 3356 1168 et
3381 1116 3573 1169 tertius

1977 1199 2068 1252 lilii
2105 1208 2232 1253 sunt
2263 1200 2406 1256 Bala:
2429 1203 2644 1259 ancilla:
2673 1204 3243 1272 Rachelis,secundus
3275 1206 3419 1263 ﬁlius
3450 1209 3573 1265 Zel-

1977 1292 2096 1360 pha:
2123 1293 2337 1349 ancillae
2362 1293 2475 1350 Lis:
2500 1295 2792 1367 ignobiles,
2817 1306 2873 1352 ct
2913 1299 2980 1353 ad
3012 1301 3334 1369 Aquilonem
3373 1302 3534 1370 positi
3563 1320 3576 1355 :

1975 1385 2176 1457 quippe
2199 1387 2293 1459 qui
2312 1403 2379 1443 ex
2401 1390 2722 1445 ancillarum
2756 1393 2898 1446 inter
2922 1408 2982 1448 se
3008 1392 3387 1449 dissidentium
3407 1395 3578 1464 stirpe

1978 1482 2231 1551 generati
2262 1482 2393 1537 sint.
2423 1484 2713 1555 Hocjuxta
2738 1487 3102 1544 Numerorum
3135 1490 3358 1557 librum,
3394 1501 3451 1546 et
3479 1492 3578 1547 de-

1978 1576 2332 1645 scriptionem
2368 1578 2729 1648 tabernaculi,
2771 1597 2915 1652 quae,
2972 1582 3197 1652 jubente
3228 1583 3373 1654 Deo,
3410 1584 3581 1657 Moysi

1976 1683 2077 1724 ore
2104 1668 2308 1725 dictata
2337 1680 2419 1727 est
2451 1670 2642 1742 (Num.
2665 1676 2878 1748 xxmv).
2908 1675 3101 1731 Nostra
3121 1693 3251 1733 vero
3272 1679 3428 1745 urbs,
3460 1695 3583 1750 qua:

1906 1775 1950 1835 Β
1978 1768 2062 1817 est
2084 1762 2278 1817 civitas
2303 1764 2469 1838 615
2499 1767 2679 1837 magni
2707 1768 2871 1839 regis,
2902 1770 3057 1840 cujus
3083 1770 3286 1826 artifex
3310 1780 3365 1827 et
3395 1772 3585 1828 condi-

1980 1865 2064 1912 tor
2092 1868 2176 1913 est
2206 1858 2373 1929 Deus,
2406 1859 2476 1915 de
2519 1876 2624 1931 qua
2667 1872 2716 1916 et
2748 1863 3031 1918 Psalmista
3064 1868 3251 1920 canit:
3311 1866 3584 1936 Numquid

1980 1949 2113 2007 Sion
2160 1951 2306 2008 dicet
2335 1951 2503 2009 homo
2527 1995 2541 2020 ,
2584 1962 2641 2010 et
2667 1954 2833 2010 homo
2864 1966 3023 2013 natus
3051 1966 3134 2014 est
3155 1958 3207 2012 in
3240 1974 3301 2014 ea
3327 2001 3340 2025 ,
3386 1971 3439 2014 ct
3469 1960 3583 2029 ipse

1978 2043 2227 2100 fundavit
2256 2060 2379 2101 eam
2410 2046 2725 2105 Altissimus
2759 2048 2881 2121 (Ps.
2915 2066 3133 2119 Lxxxvt,
3177 2050 3257 2123 5),
3293 2053 3455 2107 aliam
3488 2053 3586 2106 ha-

1982 2138 2112 2193 bent
2134 2139 2370 2194 tribuum
2401 2140 2454 2195 in
2490 2151 2633 2197 terra
2656 2154 2844 2198 sancta
2872 2144 3322 2213 descriptionem,
3349 2158 3404 2201 et
3433 2164 3587 2203 men-

1980 2245 2162 2286 suram
2194 2231 2438 2287 civitatis
2477 2241 2531 2287 et
2577 2235 2939 2305 possessionis
2980 2237 3226 2293 ordinom
3251 2280 3265 2305 ,
3316 2248 3368 2294 et
3400 2240 3587 2310 plagas

1982 2323 2217 2378 tribuum
2246 2325 2606 2396 singularum.
2637 2327 2878 2383 Primum
2905 2328 3050 2383 enim
3087 2331 3257 2401 plaga:
3298 2332 3585 2401 Aquilonis

1982 2427 2329 2487 opponuntur
2362 2430 2471 2474 tres
2496 2422 2817 2490 portae,sive
2845 2420 3023 2477 exitus
3053 2423 3312 2491 civitatis,
3349 2441 3579 2497 quorum

1980 2518 2066 2566 est
2098 2512 2488 2583 primogenitus
2510 2512 2727 2581 Ruben,
2774 2524 2830 2570 et
2849 2515 3016 2572 Judas
3060 2518 3223 2588 regia:
3250 2520 3436 2588 stirpis
3462 2535 3579 2575 auc-

1986 2613 2092 2673 tor,
2135 2614 2192 2661 et
2231 2604 2358 2661 Levi
2387 2621 2553 2677 super
2584 2608 2739 2678 cujus
2772 2610 3010 2679 nomine,
3070 2612 3125 2665 iu
3156 2612 3503 2668 tabernaculo
3534 2620 3591 2668 et

1984 2715 2265 2757 sacrorum
2316 2700 2690 2772 descriptione
2721 2702 2796 2757 nil
2837 2703 3043 2759 dictum
3081 2714 3157 2760 est
3188 2723 3201 2761 :
3235 2715 3292 2760 ut
3320 2707 3593 2778 primoge-

1984 2794 2097 2850 nita
2128 2795 2497 2866 possidentes,
2528 2795 2687 2866 quasi
2717 2812 2888 2867 genus
2920 2798 3103 2868 regale
3127 2809 3183 2855 et
3223 2800 3587 2867 sacerdotale,

1984 2885 2270 2958 Aquilonis
2327 2886 2530 2959 frigora
2565 2899 3003 2946 contemnamus.
3062 2892 3315 2949 Secundo
3361 2910 3491 2949 vero
3522 2894 3588 2948 ad

1984 2977 2261 3035 Orientem
2302 2990 2386 3036 est
2413 2979 2642 3050 Ioseph,
2676 2981 2990 3053 Benjamin,
3021 2992 3077 3039 et
3115 2984 3260 3040 Dan:
3292 2986 3452 3040 ambo
3494 2987 3587 3041 ﬁlii

1984 3071 2215 3139 Rachel,
2268 3083 2323 3129 et
2352 3090 2488 3129 unus
2535 3074 2682 3129 Bala:
2712 3076 2926 3131 ancillae
2974 3077 3111 3145 ejus.
3178 3078 3257 3132 Ad
3309 3079 3587 3135 Mcridiem

294 3164 540 3234 ctitatem,
573 3168 912 3228 adversariis
941 3171 1407 3245 impnguantibus,
1429 3172 1720 3243 pervenire
1745 3190 1757 3225 :
1783 3173 1888 3229 sic-
1916 3165 1963 3231 C
1992 3180 2123 3221 vero
2154 3165 2398 3231 Simeon,
2436 3165 2688 3223 15530113?
2711 3180 2765 3225 ει
2794 3169 3061 3233 Ζθῦυιοην
3089 3171 3176 3238 (illi
3214 3182 3319 3226 "‘85
3350 3173 3464 3228 U38
3493 3174 3587 3228 ﬁlii

293 3270 383 3327 que
416 3259 676 3318 obtinere
705 3263 987 3319 victoriam
1012 3305 1026 3329 ,
1083 3273 1145 3320 ut
1170 3280 1202 3321 e
1232 3265 1417 3321 vicino
1449 3274 1743 3320 torrentem
1775 3264 1887 3336 ple-

293 3364 401 3407 num
421 3353 689 3411 imbrium
721 3359 1181 3429 contemplemur.

355 3444 538 3517 (νει-ε.
570 3447 641 3504 50
662 3450 845 3523 seqq.)
895 3448 965 3504 Et
990 3467 1226 3523 egressus
1255 3451 1477 3505 civitatis
1506 3466 1535 3502 a
1564 3450 1720 3523 plaga
1751 3449 1885 3523 Sep—

296 3541 586 3597 tentrionali
607 3543 910 3616 quingentos
939 3554 985 3598 et
1001 3554 1227 3614 quatuor
1257 3543 1426 3599 millia
1447 3543 1792 3598 mensurabis.
1820 3542 1888 3596 Et

295 3645 440 3703 porta:
458 3637 689 3692 civitatis
712 3654 776 3693 ea:
800 3638 1097 3694 hominibus
1119 3638 1229 3712 [AL
1257 3638 1694 3709 omnibus,Vulg.
1717 3639 1771 3693 iu
1794 3654 1886 3693 no-

297 3726 538 3801 minibus]
569 3728 800 3785 tribuum
842 3729 1015 3787 Israel
1044 3748 1063 3787 :
1093 3741 1256 3805 porta:
1302 3741 1406 3788 tres
1435 3749 1468 3786 a
1497 3730 1881 3802 Septentrione.

302 3815 444 3876 Porta
463 3822 680 3891 Ruben,
696 3840 836 3879 una:
857 3835 1007 3897 porta
1029 3823 1207 3895 Iudas,
1232 3842 1336 3880 una
1355 3843 1375 3894 ;
1401 3835 1553 3899 porta
1581 3823 1727 3893 Levi,
1758 3841 1882 3878 una.

296 3910 355 3969 Et
379 3917 441 3971 ad
464 3918 681 3991 plagam
706 3918 1022 3976 Orientalem
1049 3922 1357 3994 quingentos
1378 3930 1425 3975 ct
1446 3929 1668 3992 quatuor
1693 3918 1881 3987 millia,

297 4018 336 4062 et
360 4024 523 4079 portas
566 4022 688 4069 tres.
723 4012 889 4069 Porta
916 4013 1135 4087 Joseph,
1190 4031 1332 4069 una:
1382 4023 1532 4085 porta
1580 4012 1884 4086 Benjamin,

299 4116 425 4159 una:
472 4115 632 4180 porta
678 4106 820 4177 Dan,
870 4125 1015 4164 una:
1059 4107 1130 4164 Et
1174 4109 1243 4163 ad
1274 4110 1487 4182 plagam
1536 4109 1887 4163 Meridianam

297 4199 585 4272 quingentos
623 4213 670 4257 et
700 4211 924 4274 quatuor
964 4202 1135 4258 millia
1184 4204 1431 4272 metiaris,
1484 4215 1533 4259 et
1564 4214 1730 4275 porta:
1762 4213 1882 4257 tres.

301 4288 451 4349 Porta
478 4294 764 4365 Simeonis,
794 4314 901 4352 una
923 4314 942 4352 :
968 4308 1120 4369 porta
1145 4297 1411 4367 Issachar,
1440 4315 1545 4353 una
1566 4314 1584 4354 :
1606 4308 1759 4369 porta
1778 4297 1885 4352 Za-

300 4380 458 4454 bulon,
499 4404 626 4442 una.
680 4388 749 4443 Et
779 4391 849 4445 ad
875 4390 1083 4462 plagam
1117 4391 1537 4459 Occidentalem,
1583 4392 1885 4464 quingentos

301 4489 343 4533 et
364 4492 581 4551 quatuor
623 4484 812 4552 millia,
862 4494 910 4540 et
939 4495 1103 4559 porta:
1150 4504 1328 4541 eorum
1365 4496 1486 4542 tres.
1534 4485 1698 4541 Porta
1749 4484 1880 4552 Cad,

1990 3268 2137 3315 sunt.
2160 3259 2330 3314 Porro
2358 3260 2424 3314 ad
2455 3260 2807 3317 Occidentem
2831 3262 2969 3330 Gad,
3013 3265 3152 3320 Aser
3180 3272 3235 3319 et
3258 3263 3550 3332 Nephthali
3575 3285 3590 3321 :

1989 3368 2217 3423 quorum
2245 3352 2463 3421 priores
2492 3351 2601 3407 duo
2644 3352 2736 3408 ﬁlii
2760 3352 2981 3424 Zelpha:
3030 3362 3159 3409 sunt
3204 3354 3419 3410 ancilla:
3454 3354 3590 3424 Luc,

1988 3448 2185 3503 tertius
2221 3446 2367 3502 ﬁlius
2395 3446 2542 3501 Balaa
2571 3447 2786 3502 ancilla:
2813 3446 3087 3503 Rachelis.
3129 3448 3260 3517 Quis
3288 3448 3505 3519 sapiens
3539 3460 3588 3504 et

1988 3542 2247 3611 intelligit
2296 3540 2441 3596 hazc:
2492 3540 2809 3613 intelligens
2862 3551 2915 3597 et
2960 3550 3255 3613 cognoscet
3304 3543 3406 3597 ea?
3453 3545 3585 3610 Quia

1989 3646 2154 3694 recta:
2177 3636 2279 3691 viae
2308 3633 2547 3703 Domini,
2574 3644 2633 3691 et
2664 3634 2795 3705 justi
2827 3634 3184 3690 ambulabunt
3206 3635 3260 3690 in
3291 3636 3371 3692 eis
3400 3655 3413 3691 :
3447 3652 3591 3709 pra:-

1989 3733 2325 3787 varicatores
2353 3745 2484 3786 vero
2533 3730 2699 3802 616
2722 3741 2980 3786 corrueut
3018 3729 3071 3784 iu
3102 3729 3209 3785 illis
3256 3729 3433 3803 (Osee,
3465 3748 3552 3787 xw
3578 3774 3591 3795 ,

1992 3824 2104 3897 10).
2131 3825 2239 3880 Has
2264 3822 2551 3880 duodecim
2586 3833 2771 3893 portas
2792 3867 2806 3890 ,
2832 3823 2948 3878 sive
2973 3824 3173 3889 exitus,
3201 3838 3298 3892 pro
3330 3825 3594 3895 qualitate

1989 3917 2306 3973 meritorum
2358 3927 2523 3987 atque
2582 3917 2845 3971 virtutum
2898 3913 3128 3986 singulis
3191 3915 3440 3971 tribubus
3490 3917 3592 3971 sub

1990 4011 2321 4085 Apostolicis
2356 4011 2871 4068 etPatriarcharum
2900 4012 3211 4067 nominibus
3239 4012 3475 4067 arbitror
3494 4013 3590 4067 de-

1986 4105 2225 4176 legatas:
2260 4104 2328 4160 de
2353 4103 2551 4174 quibus
2580 4114 2635 4159 et
2657 4104 2709 4158 in
2738 4103 3069 4175 Apocalypsi
3096 4101 3323 4159 Joannis
3344 4104 3591 4175 apertius

1989 4202 2271 4268 scribitur,
2308 4209 2363 4257 et
2407 4200 2576 4256 multa
2620 4200 2927 4255 divinarum
2959 4198 3365 4268 Scripturarum
3409 4215 3593 4254 sacra~

1990 4304 2173 4352 menta
2204 4301 2476 4351 testantur
2505 4292 2690 4367 (Apoc.
2725 4294 2866 4362 xxx).
2897 4292 2963 4347 Et
2993 4307 3219 4348 necesse
3245 4301 3350 4359 est,
3380 4302 3441 4347 ut
3468 4291 3593 4347 talis

1988 4388 2186 4444 civitas
2228 4386 2416 4444 decem
2446 4395 2502 4442 et
2527 4396 2656 4442 octo
2685 4386 2913 4441 milliqu
2959 4400 3057 4455 per
3080 4386 3369 4441 circuitum
3413 4395 3595 4443 teneat

1989 4482 2356 4539 calamorum:
2391 4481 2492 4535 sub
2519 4494 2626 4550 quo
2657 4493 2920 4544 numero,
2953 4487 3008 4534 et
3034 4478 3090 4533 in
3141 4477 3593 4551 duodevigesimo

301 4585 419 4628 una:
439 4586 598 4648 porta
626 4576 776 4640 Aser,
801 4592 947 4632 una:
977 4586 1128 4647 porta
1154 4577 1466 4650 Nephthali,
1492 4593 1633 4632 una:
1658 4593 1748 4648 per
1778 4576 1881 4629 cir—
1905 4573 1960 4635 D
1987 4576 2193 4648 psalmo
2225 4575 2313 4630 lex
2340 4571 2608 4629 naturalis
2634 4582 2719 4628 est
2747 4572 2971 4642 scripta,
2997 4573 3277 4643 gratiaque
3310 4572 3591 4644 Evangelii

300 4666 479 4722 cuitum
518 4669 692 4724 decem
711 4680 761 4723 et
790 4678 904 4725 oclo
938 4670 1130 4737 millia,
1155 4688 1202 4727 et
1232 4688 1417 4727 nomen
1450 4670 1671 4725 civitatis
1698 4685 1763 4724 ea:
1791 4668 1888 4723 illa

301 4757 393 4827 die,
417 4773 464 4816 et
494 4761 752 4817 Dominus
799 4764 1012 4820 ibidem.
1072 4764 1149 4819 De
1182 4766 1384 4820 ambitu
1413 4764 1648 4821 civitatis
1673 4804 1689 4829 ,
1740 4760 1884 4833 quod

302 4865 389 4920 per
412 4854 583 4912 latera
606 4857 820 4926 singula
849 4857 904 4912 in
933 4857 1204 4928 quadrum
1243 4868 1476 4929 quatuor
1501 4844 1675 4913 millia
1720 4855 1883 4927 quin-

301 4957 477 5013 gentos
508 4949 752 5005 calamos
792 4950 1063 5017 habuerit,
1124 4953 1439 5021 praeteritus
1483 4965 1665 5007 sermo
1696 4966 1886 5005 narra-

304 5035 397 5092 vit:
426 5039 517 5110 qui
540 5040 751 5096 faciunt
774 5042 964 5098 decem
994 5053 1049 5099 et
1080 5052 1205 5098 octo
1235 5044 1403 5099 millia
1432 5044 1793 5112 calamorum,
1826 5052 1887 5099 ut

302 5127 352 5185 in
371 5133 623 5202 praesenti
645 5134 888 5205 capitulo
910 5151 1128 5208 quoque
1156 5138 1389 5207 positum
1414 5146 1517 5205 est,
1543 5137 1596 5192 id
1617 5147 1722 5203 est,
1753 5153 1888 5208 qua-

303 5221 535 5297 draginta
562 5238 799 5299 quatuor
824 5229 996 5285 millia
1033 5245 1290 5301 passuum
1309 5276 1323 5301 ,
1357 5240 1416 5288 et
1446 5240 1722 5287 trecentos
1752 5245 1888 5302 qua-

304 5315 537 5392 draginta
566 5337 787 5395 passus.
831 5323 987 5381 Nunc
1014 5326 1272 5383 scribitur
1300 5341 1396 5398 per
1436 5326 1649 5398 singula
1689 5327 1884 5393 latera,

305 5410 399 5471 hoc
427 5426 531 5487 est,
588 5433 689 5491 per
717 5418 969 5477 undecim
1025 5421 1197 5477 millia
1231 5437 1484 5494 passuum
1526 5431 1581 5479 et
1609 5424 1886 5495 octoginta

305 5507 527 5582 quinque
556 5526 773 5582 passus,
803 5523 986 5571 ternas
1025 5513 1193 5573 luisse
1234 5530 1441 5588 portas,
1501 5530 1635 5589 quas
1664 5516 1885 5588 Aquila,

304 5596 673 5675 Symmachus,
726 5616 784 5663 et
810 5606 1119 5666 Theodotio
1146 5609 1419 5677 διεξόδους,
1451 5609 1598 5666 LXX
1621 5609 1886 5675 διεκϐολὰς

304 5706 524 5755 vocant:
556 5715 658 5756 nos
684 5702 1028 5773 interpretati
1057 5718 1515 5778 sumus,egressus
1539 5712 1594 5759 et
1612 5705 1779 5759 exitus
1808 5703 1889 5759 ci-

305 5786 495 5850 vitatis.
524 5792 776 5865 llludque
796 5795 1028 5866 primum
1056 5796 1294 5855 breviter
1314 5796 1741 5866 admouendum,
1764 5810 1886 5853 eas—

697 5912 977 5975 ΡΑτιιοι..
1030 5909 1242 5973 XXV.

1993 4668 2352 4728 describitur:
2383 4666 2583 4738 quibus
2614 4665 2885 4731 Ecclesia,
2916 4664 2971 4719 id
2994 4674 3098 4732 est,
3126 4665 3256 4719 urbs
3293 4665 3593 4722 Salvatoris

1991 4771 2270 4820 exstructa
2303 4768 2406 4815 est.
2444 4757 2653 4813 Nomen
2681 4755 3090 4827 quoqueipsius
3111 4757 3347 4812 civitatis
3384 4773 3586 4828 nequa-

1992 4873 2153 4930 quam
2176 4853 2527 4924 erit,utprius
2542 4851 2895 4924 Jerosolyma,
2913 4868 3035 4923 qua:
3052 4852 3445 4922 interpretatur
3457 4852 3583 4906 visio

1993 4953 2158 5019 pacis,
2185 4947 2281 5004 sed
2295 4960 2490 5002 ADONAI
2522 4960 2659 5001 sana
2679 4943 3103 5015 [Ahanonusau
3136 4953 3183 4997 et
3205 4941 3583 5012 Αιιοιυιδλιιιιι]

1996 5043 2165 5114 (nm
2184 5041 2330 5110 mni)
2352 5038 2493 5108 quod
2517 5039 2567 5092 in
2583 5038 2835 5093 Latinum
2866 5051 3178 5093 sermonem
3202 5037 3448 5102 vertitur,
3475 5030 3589 5087 Do-

1982 5135 2150 5188 minus
2170 5132 2488 5201 ibidem,qui
2514 5129 2733 5186 recedat
2756 5143 3055 5198 numquam
3080 5128 3150 5184 ab
3167 5144 3253 5196 ea,
3278 5138 3334 5182 ut
3361 5143 3388 5180 a
3419 5127 3581 5197 priori

1984 5227 2187 5300 populo
2209 5231 2336 5280 ante
2360 5224 2616 5280 discessit
2646 5224 2835 5279 dicens
2863 5222 2930 5277 ad
2952 5220 3290 5293 discipulos:
3342 5220 3585 5289 Surgite,

1985 5321 2246 5377 abeamus
2272 5317 2399 5372 hinc
2414 5314 2597 5389 (Joan.
2631 5331 2743 5383 xiv,
2766 5316 2883 5386 51).
2920 5316 2985 5370 Et
3008 5315 3076 5370 ad
3106 5314 3324 5370 Judteos
3350 5331 3362 5366 :
3399 5311 3585 5368 Beliu-

1986 5424 2185 5487 quetur
2205 5412 2361 5468 vobis
2374 5411 2571 5467 domus
2594 5419 2772 5467 vestra
2794 5409 3014 5465 deserta
3039 5409 3259 5480 (Matth.
3282 5423 3432 5475 χχιιι,
3456 5409 3551 5479 58)
3574 5425 3588 5463 :

1984 5508 2081 5566 sed
2105 5518 2368 5564 aeternam
2400 5504 2595 5562 habeat
2618 5504 3043 5575 possessionem,
3071 5512 3127 5557 et
3157 5503 3229 5557 sit
3253 5502 3302 5557 ei
3327 5503 3441 5572 ipse
3464 5518 3591 5572 pos-

1990 5605 2185 5669 sessio,
2209 5602 2402 5658 iisdem
2430 5600 2711 5669 discipulis
2736 5598 3159 5670 repromittens:
3190 5599 3332 5655 Ecce
3362 5615 3466 5670 ego
3495 5616 3591 5655 vo-

1991 5698 2204 5754 biscum
2271 5711 2389 5750 sum
2448 5708 2616 5763 usque
2684 5693 2751 5749 ad
2817 5694 3345 5750 consummationem
3410 5695 3598 5751 saeculi

1989 5791 2211 5864 (Matth.
2246 5803 2433 5857 xxvm,
2456 5786 2574 5858 ΞΟ).

2996 5908 3073 5969 16
