4108 6338
376 332 486 388 497

1163 333 1821 394 COMMENTARIORUM
1861 335 1927 393 IN
1968 336 2321 394 DANIELEM
2363 336 2586 393 LIBER.
2632 339 2790 397 CAP.
2834 341 2900 398 Il.

3578 346 3684 403 498

376 450 576 507 Abram
608 456 915 527 appellaret
944 456 1271 521 Abraam,et
1293 453 1475 521 Sarai,
1494 453 1630 508 Sara
1650 451 1975 525 (Gen.xvu).
2006 458 2062 519 Α
2086 462 2283 522 luerat,
2312 463 2370 511 ut
2401 456 2623 511 enutriti
2676 456 2850 513 tribus
2898 459 3080 528 annis,
3135 468 3328 531 postea
3377 468 3587 517 starent
3630 461 3687 517 in

378 544 437 599 In
465 547 773 620 Evangelio
804 564 1022 622 quoque
1053 546 1330 621 quondam
1372 534 1560 603 Simon
1604 545 1755 602 Petri
1784 562 1983 603 nomen

376 641 592 713 accepit
620 642 821 712 (Marc.
849 643 957 716 ιιι),
985 653 1041 700 et
1072 643 1171 698 lilii
1222 642 1476 699 Zebedaei
1528 642 1789 714 appellati
1833 654 1983 710 sunt,

376 734 478 803 lilii
509 736 728 790 tonitrui
753 753 772 791 :
800 737 952 807 quod
971 752 1080 792 non
1112 745 1172 791 ut
1201 736 1447 807 plerique
1472 744 1660 807 putant
1682 735 1981 808 boanerges,

377 827 476 884 sed
504 829 848 885 emendatius
874 831 1069 902 legitur
1088 839 1115 868 τι
1138 830 1425 885 benereem.

448 921 631 993 (Vers.
662 922 745 994 8.)
773 922 1059 995 Proposuit
1090 934 1261 979 autem
1285 923 1477 979 Daniel
1528 926 1583 979 in
1614 926 1767 980 corde
1790 941 1888 980 suo
1922 942 1985 981 ne

375 1014 698 1087 pollueretur
755 1018 820 1071 de
846 1034 1025 1072 mensa
1076 1018 1233 1088 regis,
1281 1028 1328 1071 et
1365 1016 1548 1091 [Vulg.
1592 1018 1775 1091 neque]
1814 1018 1877 1073 de
1910 1020 1985 1074 vi-

378 1126 446 1164 no
467 1120 621 1181 potus
650 1115 793 1184 ejus,
836 1120 881 1167 et
928 1113 1512 1184 rogauiteunuchorum
1538 1115 1873 1185 prwpositnm
1918 1131 1984 1169 ne

377 1207 842 1260 contaminaretur.
868 1205 969 1273 Qui
998 1206 1069 1263 de
1089 1222 1276 1261 mensa
1300 1206 1443 1276 regis
1463 1214 1531 1271 et,
1560 1206 1629 1263 de
1654 1206 1782 1262 vino
1822 1217 1979 1278 potus

378 1295 499 1366 ejus
516 1311 625 1352 non
648 1297 762 1352 vult
786 1298 1074 1354 comedere
1101 1314 1171 1354 ne
1201 1298 1499 1370 polluatur,
1529 1299 1716 1369 utique
1758 1300 1800 1353 si
1822 1299 1986 1354 sciret

378 1389 556 1459 ipsam
580 1391 905 1461 sapientiam
926 1400 1088 1463 atque
1101 1391 1405 1447 doctrinam
1427 1390 1845 1462 Babyloniorum
1860 1407 1983 1448 esse

376 1491 696 1554 peccatum,
727 1501 1019 1557 numquam
1050 1486 1427 1557 acquiesceret
1467 1484 1650 1541 dicere
1695 1484 1835 1556 quod
1874 1501 1984 1542 non

373 1573 597 1633 licebat.
629 1578 858 1634 Discunt
893 1589 1075 1635 autem
1101 1594 1210 1634 non
1240 1588 1299 1634 ut
1338 1587 1652 1650 sequantur,
1686 1579 1778 1634 sed
1813 1587 1871 1634 ut
1899 1580 1987 1650 ju-

374 1667 561 1724 dicent
589 1677 751 1739 atque
778 1669 1125 1726 convincant.
1152 1670 1439 1739 Quomodo
1480 1672 1524 1726 si
1571 1671 1836 1740 quispiam
1881 1671 1981 1725 ad-

370 1774 564 1816 versus
595 1761 1006 1819 mathematicos
1040 1762 1172 1819 velit
1210 1763 1455 1819 scribere
1484 1762 1773 1832 imperitus
1815 1764 1980 1836 μαθή-

2088 560 2383 620 conspectu
2415 552 2577 622 regis.

2093 691 2109 713 ι
2161 643 2344 714 (Vers.
2373 643 2489 717 20.)
2519 643 2589 698 Et
2612 661 2761 701 omne
2786 646 2996 702 uerbum
3022 650 3288 722 sapientia
3304 660 3351 706 et
3389 652 3685 709 intellectus

2087 737 2224 807 quod
2252 737 2541 791 sciscitatus
2573 746 2646 793 est
2668 739 2732 793 ab
2763 741 2835 795 eis
2856 757 2971 806 rex,
3000 744 3189 797 invenit
3219 744 3281 798 in
3305 747 3378 799 eis
3408 747 3684 817 decuplum

2088 849 2246 901 super
2300 842 2512 887 cunctos
2559 832 2792 889 hariolos
2822 844 2871 889 et
2900 853 3081 907 magos
3110 838 3197 907 qui
3255 850 3404 894 erant
3451 841 3509 896 in
3562 842 3691 896 uni-

2086 942 2231 982 verso
2258 943 2415 999 regno
2443 931 2579 1000 ejus.
2614 928 2725 983 Pro
2767 929 2981 984 hariolis
3009 938 3064 986 et
3094 934 3257 1004 magis
3277 976 3291 1000 ,
3313 934 3528 1005 vulgata
3569 936 3687 992 edi-

2091 1016 2165 1071 tio
2210 1016 2466 1089 sephistas
2516 1026 2572 1073 et
2623 1020 2961 1090 philosophos
3004 1024 3328 1079 transtulit:
3363 1042 3472 1081 non
3533 1028 3690 1098 juxta

2093 1110 2233 1164 hanc
2258 1111 2662 1181 philosophiam
2691 1121 2747 1168 et
2762 1113 3110 1183 sophisticam
3141 1116 3506 1189 disciplinam,
3525 1136 3691 1193 quam

2090 1200 2410 1258 Graecorum
2448 1204 2691 1259 eruditio
2724 1206 3038 1274 pollicetur;
3064 1209 3160 1263 sed
3188 1209 3347 1278 juxta
3380 1211 3691 1267 doctrinam

2087 1297 2263 1366 gentis
2320 1296 2602 1369 barbarae,
2632 1314 2735 1369 qua
2769 1315 2940 1370 usque
2966 1300 3132 1357 hodie
3174 1301 3421 1361 Chaldaei
3447 1303 3687 1376 philoso-

2091 1388 2346 1460 phantur.

2163 1480 2293 1535 Fuit
2335 1492 2507 1537 autent
2548 1482 2738 1539 Daniel
2764 1502 2922 1557 usque
2957 1488 3027 1541 ad
3076 1504 3271 1542 annum
3298 1489 3521 1558 primum
3567 1490 3692 1562 Cyri

2087 1575 2240 1647 regis.
2278 1576 2526 1631 Dicemus
2569 1577 2625 1631 in
2657 1579 3139 1648 consequentibus,
3170 1581 3450 1650 quomodo
3479 1582 3572 1652 qui
3604 1597 3695 1638 us-

2086 1682 2191 1738 que
2217 1669 2282 1722 ad
2315 1684 2512 1723 annum
2548 1669 2782 1739 primum
2830 1672 2972 1741 regis
2998 1669 3124 1742 Cyri
3155 1672 3240 1727 hic
3272 1671 3442 1728 fuisse
3472 1673 3686 1729 descri-

2086 1760 2256 1826 bitur,
2311 1770 2503 1831 postea
2561 1762 2725 1817 tertio
2749 1777 2892 1817 anno
2946 1764 3191 1832 ejusdem
3239 1763 3366 1837 Cyri
3417 1766 3584 1838 regis,
3636 1774 3694 1823 et

372 1877 562 1929 ματος,
592 1855 725 1911 risui
758 1866 973 1926 pateat,
998 1866 1054 1912 et
1093 1856 1380 1912 adversum
1418 1857 1771 1927 philosophos
1801 1856 1985 1927 dispu-
2015 1872 2062 1932 Β
2091 1852 2264 1924 primo
2295 1852 2440 1907 Darii
2468 1852 2634 1908 fuisse
2663 1863 3027 1909 memoretur.

374 1955 522 2014 tans,
579 1949 623 2003 si
665 1950 878 2020 ignoret
930 1950 1183 2023 dogmata
1225 1951 1697 2022 philosophorum.
1757 1952 1985 2009 Discunt

378 2054 513 2111 ergo
538 2054 602 2095 ea
634 2050 817 2097 mente
847 2041 1150 2099 doctrinam
1182 2042 1581 2111 Chaldaeorum,
1613 2059 1719 2115 qua
1746 2051 1802 2101 et
1829 2045 1982 2117 Moy-

382 2146 477 2188 ses
505 2147 723 2188 omnem
749 2133 1071 2204 sapientiam
1101 2134 1129 2174 ι)
1160 2135 1542 2207 Egyptiorum
1587 2137 1873 2192 didicerat.

449 2225 635 2298 (Vers.
670 2225 753 2299 9.)
798 2225 960 2282 Dedit
1004 2238 1177 2283 autem
1210 2229 1348 2284 Deus
1399 2228 1612 2283 Danieli
1666 2230 1889 2300 gratiam
1938 2238 1987 2285 et

377 2318 796 2373 misericordiam
816 2321 866 2373 in
895 2331 1171 2391 conspectu
1201 2321 1454 2394 principis
1475 2320 1854 2388 cunuchorum,
1873 2331 1985 2378 etc.

376 2412 484 2482 Qui
516 2423 741 2483 propter
770 2422 991 2484 peccata
1020 2416 1292 2484 majorum
1324 2415 1521 2471 ductus
1549 2426 1630 2470 est
1678 2416 1730 2470 in
1758 2415 1988 2487 captivi-

379 2515 570 2571 tatem,
600 2514 823 2578 propter
851 2507 1115 2563 virtutum
1147 2523 1368 2563 suarum
1398 2508 1823 2579 magnitudinem
1879 2517 1989 2563 sta-

381 2601 485 2655 tim
515 2600 823 2657 mercedem
855 2601 1081 2672 recepit.
1131 2601 1494 2671 Proposuerat
1528 2602 1673 2657 enim
1717 2602 1771 2656 in
1822 2600 1990 2658 corde

378 2707 506 2762 suo,
536 2704 597 2749 ut
626 2709 731 2748 non
754 2694 1093 2764 pollueretur
1120 2693 1188 2749 de
1218 2709 1402 2750 mensa
1436 2696 1599 2766 regis,
1630 2703 1683 2750 et
1712 2695 1886 2765 epulis
1909 2710 1992 2751 re-

379 2790 490 2860 giis
550 2799 918 2860 praeposuerat
965 2790 1099 2845 viles
1144 2789 1296 2845 cibos
1344 2807 1357 2843 :
1405 2789 1607 2845 idcirco
1652 2790 1880 2860 gratiam
1937 2799 1992 2845 et

379 2881 816 2937 misericordiam
832 2882 885 2936 in
908 2866 1204 2953 conspectu
1227 2883 1489 2953 principis
1506 2884 1881 2938 cunuchorum
1903 2898 1992 2937 ac-

381 2974 553 3046 cepit,
575 2975 802 3030 Domino
832 2975 1118 3047 largiente.
1147 2976 1226 3031 Ex
1256 2992 1363 3047 quo
1386 2975 1737 3047 intelligimus
1773 2991 1871 3046 pro
1893 2991 1992 3031 ne-

382 3065 644 3123 cessitate
690 3082 896 3135 rerum,
939 3068 985 3123 si
1014 3069 1228 3137 quando
1268 3069 1564 3140 diliguntur
1590 3068 1764 3123 sancti
1810 3069 1879 3123 ab
1910 3068 1994 3123 in-

385 3160 671 3229 ﬁdelibus,
705 3162 797 3217 Dei
826 3176 947 3217 esse
967 3161 1356 3218 misericordia:
1379 3161 1487 3234 [ΑΙ.
1518 3160 1988 3235 misericordiam],

383 3270 497 3310 non
524 3254 786 3310 bonitatis
818 3256 1095 3310 hominum
1120 3269 1523 3325 perversurum.

461 3348 646 3420 (Vers.
664 3347 778 3417 i2.)
806 3348 969 3403 Tenta
990 3366 1102 3416 nos,
1121 3348 1353 3415 obsecro,
1374 3364 1546 3403 servos
1566 3356 1680 3402 tuos
1703 3347 1883 3403 diebus
1902 3348 1993 3403 de-

391 3460 523 3511 cem,
553 3453 575 3481 °
602 3451 655 3496 et
676 3442 866 3497 dentur
894 3443 1039 3497 nobis
1068 3443 1330 3515 legumina
1354 3442 1423 3495 ad
1446 3441 1775 3507 vescendum,
1800 3452 1846 3496 et
1860 3458 1997 3512 aqua

389 3536 463 3590 ad
492 3535 786 3590 bibendum.
824 3534 1166 3591 Incredibilis
1191 3536 1359 3607 626
1388 3533 1514 3590 ﬁdei
1538 3533 1854 3605 magnitudo
1887 3549 1996 3589 non

391 3629 574 3685 solum
597 3629 700 3684 sibi
723 3628 1121 3699 corpulentiam
1143 3630 1388 3698 polliceri
1411 3643 1507 3684 esu
1531 3628 1738 3683 vilioris
1757 3628 1885 3695 cibi,
1900 3628 1997 3683 sed

394 3732 451 3778 et
479 3734 692 3793 tempus
717 3730 978 3778 statuere.
1033 3721 1151 3776 Non
1194 3731 1280 3777 est
1323 3737 1453 3792 ergo
1492 3721 1816 3777 temeritatis
1840 3762 1854 3787 ,
1901 3720 1998 3777 sed

395 3814 547 3883 ﬁdei,
576 3815 648 3870 ob
672 3831 831 3885 quam
866 3814 1046 3884 regias
1076 3815 1246 3885 dapes
1274 3823 1747 3885 contempserunt.

476 3908 657 3980 (Vers.
691 3909 809 3979 17.)
853 3906 1040 3962 Pueris
1064 3919 1238 3962 autem
1264 3907 1345 3962 his
1375 3908 1515 3963 dedit
1546 3907 1688 3963 Deus
1731 3909 2002 3962 scientiam

394 4008 447 4054 et
496 3999 830 4069 disciplinam
870 4000 925 4053 in
949 4000 1089 4053 omni
1117 4000 1250 4054 libro
1267 3993 1319 4053 'et
1356 4000 1634 4071 sapientia,
1664 3997 1872 4054 Danieli
1904 4016 2003 4053 au—

400 4104 504 4149 tem
540 4095 939 4166 intelligentiam
993 4095 1225 4148 omnium
1278 4095 1529 4147 visionum
1576 4104 1621 4148 et
1664 4095 2003 4149 somniorum.

400 4187 542 4243 Nota
581 4190 723 4259 quod
757 4189 901 4244 Deus
928 4188 1139 4244 dederit
1168 4190 1374 4244 sanctis
1425 4189 1607 4258 pueris
1636 4190 1919 4245 scientiam
1954 4199 2010 4244 et

402 4281 749 4350 disciplinam
796 4281 1142 4336 saecularium
1194 4281 1495 4335 litterarum
1562 4281 1613 4335 iu
1665 4282 1812 4336 omni
1870 4282 2011 4337 libro

404 4387 462 4432 et
493 4375 774 4446 sapientia.
817 4378 921 4431 Pro
951 4392 1059 4446 quo
1088 4374 1448 4447 Symmachus
1478 4376 1869 4445 interpretatus
1892 4385 2008 4440 est,

405 4478 573 4523 artem
601 4469 1012 4539 grammaticam,
1050 4478 1105 4523 ut
1134 4476 1327 4523 cuncta
1359 4484 1483 4539 quae
1517 4469 1791 4537 legebant,
1843 4468 2012 4525 intel-

406 4563 663 4632 ligerent,
691 4571 747 4616 et
792 4562 989 4631 spiritu
1023 4561 1116 4615 Dei
1148 4560 1216 4616 de
1247 4558 1630 4616 Chaldazorum
1662 4562 1888 4617 scientia
1925 4562 2014 4630 ju-

2157 1947 2311 2016 (Cap.
2347 1945 2411 2001 II.
2446 1976 2515 1985 -—
2551 1945 2709 2002 Vers.
2744 1946 2822 2017 1.)
2854 1946 2922 2001 In
2941 1964 3080 2002 anno
3108 1950 3331 2005 secundo
3376 1952 3524 2022 regni
3574 1950 3687 2006 Να-
3744 1912 3747 1913 ν

2087 2039 2523 2105 buchodonosor,
2582 2040 2709 2095 vidit
2759 2039 3247 2098 Nabuchodonosor
3306 2044 3588 2112 somnium,
3637 2053 3688 2099 et

2088 2132 2401 2187 conterritus
2433 2143 2509 2186 est
2540 2133 2755 2204 spiritus
2779 2138 2912 2205 ejus,
2948 2144 2993 2188 ct
3023 2137 3279 2189 somnium
3320 2138 3429 2207 ejus
3462 2137 3596 2209 fugit
3622 2137 3688 2191 ab

2088 2241 2169 2279 eo.
2212 2225 2269 2281 Si
2329 2236 2450 2296 post
2476 2233 2589 2281 tres
2638 2242 2807 2281 annos
2830 2228 2985 2297 pueri
3012 2229 3242 2300 ingressi
3289 2240 3414 2285 sunt
3457 2231 3512 2287 in
3558 2246 3691 2287 con-

2088 2325 2274 2389 spectu
2298 2317 2437 2387 ejus,
2472 2326 2530 2371 ut
2568 2319 2681 2387 ipse
2728 2328 3080 2391 praeceperat,
3117 2322 3389 2392 quomodo
3418 2338 3565 2379 nunc
3599 2338 3692 2380 se—

2089 2410 2267 2465 cundo
2298 2426 2439 2465 anno
2469 2411 2621 2481 regni
2666 2412 2748 2467 sui
2794 2412 3067 2467 somnium
3131 2413 3336 2470 vidisse
3394 2417 3692 2472 narratur?

2091 2503 2246 2571 Quod
2273 2504 2342 2559 ita
2375 2504 2594 2559 solvunt
2626 2504 2866 2570 Hebraei,
2897 2505 3197 2561 secundum
3224 2507 3312 2562 hic
3340 2524 3541 2564 annum
3582 2508 3692 2566 dici

2092 2596 2246 2667 regni
2269 2596 2410 2665 ejus,
2436 2596 2678 2651 omnium
2722 2598 2886 2669 627
2910 2599 3147 2669 gentium
3171 2599 3552 2671 barbararum,
3579 2618 3693 2659 non

2091 2688 2294 2746 Judreae
2325 2698 2532 2744 tantum
2561 2698 2619 2745 et
2640 2688 3041 2761 Chaldaeorum,
3067 2691 3163 2748 sed
3190 2694 3535 2766 Assyriorum
3556 2712 3692 2768 quo-

2092 2800 2197 2855 que
2248 2793 2302 2840 et
2348 2783 2750 2857 Egyptiorum,
2786 2794 2842 2839 et
2888 2784 3272 2853 Moabitarum,
3328 2796 3384 2843 et
3452 2788 3692 2859 reliqua-

2092 2893 2211 2933 rum
2245 2878 2549 2945 nationum,
2583 2893 2743 2948 quas,
2785 2878 3021 2934 Domino
3048 2879 3409 2948 concedente,
3457 2896 3687 2954 supera-

2093 2980 2197 3027 rat.
2228 2971 2385 3027 Unde
2404 2981 2458 3027 et
2488 2971 2759 3041 Josepbus
2797 2972 2849 3027 in
2876 2972 3090 3029 decimo
3128 2974 3533 3045 Antiquitatum
3561 2978 3697 3033 scri-

2094 3064 2174 3120 bit
2203 3065 2343 3121 libro
2377 3082 2391 3118 :
2424 3064 2555 3120 Post
2580 3080 2782 3120 annum
2812 3066 3113 3121 secundum
3146 3066 3421 3140 Egyptite
3465 3070 3692 3126 vastita-

2096 3159 2184 3228 tis,
2221 3176 2317 3216 rex
2346 3160 2855 3216 Nabuchodonosor
2903 3161 3039 3217 vidit
3076 3162 3325 3218 mirabile
3381 3166 3691 3231 somnium,

2016 3258 2062 3321 (ζ
2095 3262 2142 3307 et
2169 3254 2476 3308 conterritus
2502 3262 2575 3308 est
2604 3254 2819 3324 spiritus
2842 3257 2977 3327 ejus,
3002 3264 3051 3310 et
3092 3256 3346 3310 somnium
3399 3261 3512 3330 ejus
3562 3259 3698 3330 fugit

2097 3346 2161 3427 _ab
2190 3363 2269 3401 eo.
2293 3346 2436 3401 Vidit
2467 3363 2561 3401 rex
2588 3348 2786 3417 impius
2812 3348 3085 3402 somnium
3105 3347 3503 3427 futurorum,ut
3528 3350 3700 3405 inter-

2088 3422 2351 3513 pretante
2391 3451 2581 3497 sancto
2610 3441 2757 3512 quod
2804 3441 3042 3509 viderat,
3097 3424 3699 3515 Deus‘gloriticaretur;

2101 3544 2158 3591 et
2208 3536 2546 3605 captivorum
2581 3534 2801 3603 Deoque
2830 3534 2885 3589 in
2912 3534 3227 3605 captivitate
3256 3535 3607 3593 servientium
3629 3537 3703 3592 sit

2101 3628 2311 3699 grande
2360 3627 2643 3682 solatium.
2692 3628 2806 3682 Hoc
2836 3626 2979 3682 idem
3013 3628 3067 3682 in
3110 3627 3397 3686 Pharaone
3428 3630 3659 3701 legimus
3682 3671 3701 3700 ,

2104 3736 2212 3777 non
2244 3721 2386 3793 quod
2409 3721 2622 3777 Pharao
2654 3731 2709 3776 et
2742 3720 3253 3777 Nabuchodonosor
3278 3722 3468 3779 videre
3498 3738 3707 3779 merue-

2104 3816 2235 3881 rint,
2296 3813 2394 3868 sed
2445 3813 2589 3885 quod
2616 3811 2819 3883 Joseph
2849 3823 2906 3868 et
2938 3813 3124 3869 Daniel
3174 3815 3322 3885 digni
3374 3816 3705 3884 exstiterint,

2107 3908 2202 3979 qui
2230 3909 2681 3978 interpretatione
2703 3924 2890 3963 eorum
2925 3909 3178 3964 omnibus
3218 3910 3631 3980 praeferrentur.

2182 4002 2361 4072 (Vers.
2385 4001 2467 4073 2.)
2501 4001 2759 4072 Prtecepit
2781 4018 2899 4073 ergo
2920 4019 3034 4065 rex,
3063 4010 3119 4056 ut
3160 4013 3561 4059 convocarentur
3613 4003 3708 4060 ha-

2110 4095 2254 4165 rioli,
2278 4105 2326 4150 et
2358 4098 2516 4169 magi,
2561 4107 2609 4150 et
2655 4097 2899 4167 maleﬁci,
2930 4106 2977 4152 et
3023 4096 3277 4165 Chaldaei,
3313 4109 3367 4153 ut
3414 4100 3711 4156 indicarent

2112 4193 2221 4264 regi
2247 4193 2449 4247 somnia
2475 4209 2587 4248 sua.
2628 4192 2730 4260 Qui
2781 4209 2897 4246 cum
2925 4211 2952 4247 υ
2970 4195 3223 4259 enissent;
3255 4202 3509 4249 steterunt
3537 4211 3712 4249 coram

2111 4303 2251 4357 rege.
2274 4288 2424 4353 Quos
2456 4302 2554 4342 nos
2581 4286 2830 4352 hariolos,
2859 4286 3046 4341 creteri
3072 4286 3347 4348 ἐπαοιδούς
3369 4287 3711 4358 interpretati

2115 4387 2266 4445 sunt,
2301 4380 2352 4433 id
2383 4388 2486 4447 est,
2524 4382 2893 4435 incantatores.
2925 4380 3065 4449 Ergo
3090 4380 3347 4457 videntur
3373 4381 3715 4477 itiilijincan-

2110 4481 2323 4527 ,tatores
2354 4487 2502 4537 esse,
2533 4472 2625 4541 qui
2651 4472 2835 4526 verbis
2870 4487 2984 4525 rem
3019 4481 3304 4542 peragunt.
3333 4472 3491 4543 Magi,
3519 4474 3609 4545 qui
3645 4473 3716 4531 de

2118 4563 2146 4601 ά
2206 4564 2437 4635 singulis
2488 4563 2943 4632 philosophantur
2969 4548 3269 4629 :i'ltlalclici,’
3313 4564 3406 4634 qui
3453 4566 3718 4635 sanguine

407 4654 675 4711 dicareut.
722 4654 914 4709 Daniel
942 4662 1122 4708 autem
1152 4654 1254 4709 hoc
1275 4662 1429 4709 extra
1451 4662 1563 4708 tres
1604 4668 1804 4723 pueros
1848 4653 2095 4720 habe—1)
2122 4664 2347 4711 utuntur
2393 4666 2449 4711 et
2502 4656 2756 4719 victimis,
2813 4664 2867 4709 et
2912 4670 3059 4724 saepe
3112 4655 3438 4727 contingunt
3487 4673 3724 4730 corpora

409 4750 509 4805 bat
560 4748 791 4821 insigne,
820 4748 962 4820 quod
1018 4748 1256 4804 visiones
1301 4758 1357 4803 et
1413 4748 1622 4803 somnia
1664 4747 1863 4817 quibus
1915 4762 2014 4816 per

411 4845 665 4917 symbola
688 4844 935 4915 quaidam
969 4853 1024 4899 et
1055 4842 1365 4913 :enigmata,
1395 4844 1576 4898 futura
1615 4848 2011 4910 monstrantur,

410 4939 596 5010 sagaci
645 4947 828 4993 mente
870 4938 1179 4993 cernebat:
1211 4946 1269 4991 ut
1316 4936 1458 5006 quod
1507 4936 1599 4991 alii
1651 4935 1911 4992 videbant
1960 4935 2015 4990 in

411 5033 814 5105 phantasmate,
846 5030 933 5086 hic
972 5030 1148 5086 oculis
1187 5031 1368 5086 cordis
1396 5031 1685 5101 aspiceret.

491 5123 670 5195 (Vers.
710 5120 826 5193 I8.)
849 5120 1133 5193 Completis
1162 5123 1339 5193 itaque
1355 5120 1555 5189 diebus,
1584 5129 1700 5192 post
1720 5138 1848 5192 quos
1865 5121 2015 5175 dixe-

418 5226 502 5271 rat
533 5233 627 5271 rex
656 5226 711 5269 ut
739 5215 1216 5283 introducerentur,
1255 5214 1551 5267 introduxit
1597 5229 1682 5267 eos
1713 5214 2023 5285 prwpositus

419 5313 777 5365 cunuchorum
813 5309 868 5362 in
896 5319 1178 5378 conspectu
1216 5305 1723 5362 Nabuchodonosor.
1773 5306 2026 5376 Comple-

422 5414 508 5462 tos
534 5404 676 5473 dies,
712 5401 932 5457 triennii
959 5408 1177 5473 tempus
1206 5398 1470 5471 intellige,
1513 5398 1660 5470 quod
1689 5414 1786 5455 rex
1816 5399 2024 5456 consti-

499 5571 527 5601 ⁸
566 5562 772 5628 Vatic.,
800 5563 1095 5616 baneraem.
1136 5558 1312 5615 Palat.
1349 5559 1681 5616 banarehem.

497 5634 526 5674 δ
568 5636 768 5701 Palat.,
807 5633 1122 5703 sapientiam
1150 5630 1314 5687 Cham
1334 5641 1383 5686 et
1414 5630 1951 5704 ngyptiorum,ietc.

464 5717 527 5793 ,θ
567 5706 668 5763 Hic
704 5701 885 5762 denuo
916 5705 1186 5777 reliquum
1230 5719 1451 5760 versum
1493 5701 1634 5761 mss.
1666 5703 1838 5758 nostri
1871 5701 2030 5758 sulti-

430 5788 649 5907 Clelmlix
707 5850 983 5905 Brixianis
1042 5863 1177 5904 mss.
1217 5855 1381 5918 atque
1420 5847 1584 5905 editis
1630 5847 2031 5906 vetustioribus

435 5924 592 5982 libris
621 5921 847 5995 praefert
872 5922 1083 5979 Victor.
1112 5920 1177 5976 de
1202 5922 1366 5992 signis
1396 5936 1496 5992 pro
1521 5922 1762 5993 singulis.

2124 4758 2482 4805 mortuorum.
2540 4749 2712 4803 Porro
2738 4742 2815 4803 in“
2835 4730 3125 4804 ChaldseisH
3146 4752 3551 4825 γενεθλιαλὸσγους
3578 4750 3601 4825 [
3630 4751 3720 4809 Al.

2124 4840 2546 4918 γενεθλιολόγους]
2595 4841 2885 4911 significari
2916 4851 3048 4912 puto
3094 4858 3235 4912 quos
3273 4843 3465 4915 vulgus
3512 4843 3723 4901 mathe-

2128 4936 2359 4991 maticos
2380 4941 2556 4989 vocat.
2586 4933 2937 4989 Consuetudo
2963 4943 3144 4989 autem
3174 4944 3228 4990 et
3250 4951 3434 4991 sermo
3473 4951 3723 4991 commu-

2130 5030 2214 5085 nis
2242 5041 2430 5098 magos
2464 5030 2488 5059 °
2522 5042 2619 5097 pro
2645 5026 2906 5081 maleﬁcis
2945 5027 3141 5095 accipit
3174 5045 3188 5083 :
3219 5027 3311 5098 qui
3333 5027 3491 5083 aliter
3514 5027 3720 5083 haben-

2133 5133 2219 5177 tur
2266 5120 2407 5191 apud
2461 5130 2677 5190 gentem
2729 5134 2902 5185 suam,
2958 5133 3025 5175 eo
3071 5120 3216 5189 quod
3268 5120 3377 5175 sint
3414 5120 3727 5191 philosophi

2134 5212 2540 5282 Chaldaeorum,
2574 5221 2628 5267 et
2645 5211 2711 5266 ad
2742 5210 2879 5267 artis
2910 5211 3071 5281 hujus
3096 5212 3381 5267 scientiam
3411 5225 3570 5282 reges
3591 5227 3727 5283 quo-

2135 5324 2240 5379 que
2260 5316 2314 5362 et
2336 5306 2607 5378 principes
2631 5303 2879 5375 ejusdem
2905 5304 3083 5376 gentis
3109 5302 3292 5359 omnia
3314 5303 3538 5359 faciunt.
3569 5301 3729 5360 Unde

2136 5399 2270 5456 etin
2302 5398 2585 5454 nativitate
2617 5396 2833 5453 Domini
2885 5394 3188 5452 Salvatoris
3226 5395 3326 5466 ipsi
3364 5396 3603 5467 primum
3640 5411 3735 5453 or-

2208 5571 2231 5598 °
2270 5562 2387 5616 Iluc
2432 5559 2579 5616 refer
2629 5560 2689 5615 S.
2732 5558 2925 5614 Hilarii
2977 5560 3355 5617 testimonium
3399 5561 3497 5618 lib.
3545 5562 3617 5621 IV
3661 5563 3734 5623 de

2133 5633 2328 5687 Trinit.
2361 5648 2509 5687 num.
2546 5632 2638 5696 57,
2672 5639 2728 5687 et
2758 5631 2812 5685 in
2845 5632 3251 5688 Commentario
3279 5633 3333 5689 in
3362 5633 3676 5692 Mattbaeum
3710 5654 3729 5691 :

2134 5705 2188 5777 in
2216 5719 2374 5777 quem
2402 5703 2801 5774 Evangelistam
2829 5702 2956 5777 vide
2985 5713 3262 5777 auctorem
3303 5705 3496 5774 Operis
3523 5706 3727 5777 imper-

2124 5775 2600 5851 ie_cti,__auctorem_
2633 5791 2847 5846 quoque
2878 5774 3283 5851 Qumstionsex
3311 5777 3375 5833 N.
3406 5778 3471 5851 T.
3530 5774 3725 5851 quiest.

2135 5847 2225 5925 6_5.
2274 5846 2411 5925 _Nam
2453 5855 2511 5902 et
2553 5848 2735 5925 plures
2764 5858 2901 5925 _sunt
2940 5863 2970 5925 _e
2999 5848 3312 5925 _Veteribus
3376 5850 3469 5922 qui
3536 5846 3728 5925 {uagos

2137 5920 2386 5976 absolute
2417 5934 2517 5990 pro
2546 5918 2809 5976 malellcis
2841 5920 3137 5991 accipiunt.
