4054 6324
454 256 562 311 503

1700 255 1761 311 S.
1807 252 2074 311 EUSEBII
2110 251 2488 310 HIERONYMI

3616 260 3712 321 504

457 372 666 429 indicat
694 386 888 429 causas
919 370 1119 427 somnii
1146 388 1159 426 :
1188 369 1336 441 quod
1365 368 1574 427 idcirco
1597 369 1649 426 ei
1678 369 1821 425 Deus
1849 369 2053 425 futuro.
2083 351 2133 413 Α
2157 387 2319 443 gnum
2347 370 2725 439 Macedonum,
2751 387 3240 446 successorumque
3259 374 3555 433 Alexandri.
3575 377 3714 447 Quod

454 483 576 523 rum
605 466 864 538 mysteria
895 464 1178 529 revelarit,
1212 464 1339 535 quia
1369 463 1489 535 ipse
1516 478 1615 521 rex
1644 464 1883 519 voluerit
1911 464 2055 519 scire

458 570 718 624 ventura,
750 567 806 614 et
834 566 896 612 ut
920 556 1429 614 Nabuchodonosor
1455 558 1654 613 divina
1682 556 2056 627 inspirationis

457 653 691 707 miretur
710 652 965 722 gratiam,
993 665 1100 705 non
1127 659 1152 687 ει
1175 651 1354 706 solum
1369 649 1496 720 qttid
1524 650 1576 705 in
1605 650 1820 705 somnio
1833 649 2052 717 viderit,

460 747 557 803 sed
590 754 717 801 ante
744 746 1016 801 somnium
1047 745 1177 815 quid
1208 746 1409 801 tacitus
1444 744 1737 817 cogitarit,
1777 745 2024 816 exponit.

533 852 597 906 Et
624 853 715 924 qui
760 849 956 906 revelat
994 851 1266 922 mysteria,
1313 849 1535 904 ostendit
1563 847 1655 902 tibi
1693 863 1811 919 qua:
1838 857 2057 902 ventura

454 956 595 1003 sunt.
650 946 789 1002 Illud
822 945 969 1017 quod
1018 945 1070 999 in
1105 944 1406 1014 Evangelio
1438 943 1669 1014 legimus
1703 960 1716 996 :
1748 942 1851 1008 Qui
1894 941 2056 997 solem

459 1057 612 1094 suum
644 1040 769 1094 oriri
798 1039 920 1109 facit
952 1054 1105 1110 super
1134 1039 1299 1091 malos
1327 1045 1375 1091 et
1401 1038 1559 1091 bouos
1592 1035 1816 1108 (Matth.
1847 1050 1902 1102 v,
1925 1032 2055 1106 45),

456 1132 622 1186 etiam
658 1145 824 1201 super
848 1128 1360 1184 Nabuchodonosor
1394 1127 1751 1198 intelligimus
1769 1140 1892 1182 esse
1915 1141 2060 1182 com-

453 1223 689 1293 pletum.
717 1220 893 1275 Tanta
925 1220 1070 1274 enim
1095 1230 1179 1275 est
1199 1220 1486 1275 clementia
1517 1219 1910 1289 omnipotentis
1937 1219 2056 1285 Dei,

454 1325 512 1367 ut
555 1315 720 1369 etiam
753 1312 1261 1368 Nabuchodonosor
1308 1312 1744 1383 dispensationis
1794 1327 1907 1367 suae
1951 1328 2057 1383 qua

458 1408 718 1463 mundum
751 1408 909 1477 regit,
942 1406 1104 1478 633
1134 1407 1391 1478 mysteria
1416 1406 1708 1461 revelaret.
1746 1404 2057 1476 lnterroge-

457 1519 577 1558 mtts
615 1518 711 1558 eos
740 1503 833 1573 qui
882 1502 1138 1556 diversas
1168 1509 1425 1556 asserunt
1454 1514 1582 1555 esse
1615 1509 1863 1566 naturas,
1899 1498 2058 1569 cujus

460 1608 671 1653 naturae
698 1593 1204 1649 Nabuchodonosor
1226 1592 1563 1664 intelligant,
1589 1592 1748 1646 bona:
1777 1606 1845 1645 an
1880 1590 2057 1645 malae.

457 1689 514 1745 Si
559 1688 717 1744 bona:
745 1702 760 1741 :
792 1702 891 1741 cur
922 1685 1121 1755 impius
1149 1684 1389 1740 dicitur?
1437 1683 1495 1741 Si
1534 1683 1692 1738 mala:
1719 1683 1817 1754 (ut
1846 1693 2058 1738 certum

2158 474 2305 521 recte
2336 480 2549 521 aeneum
2578 465 2776 521 dicitur
2810 482 2823 521 :
2865 468 3006 522 inter
3051 468 3233 523 omnia
3261 468 3399 523 enim
3424 469 3627 525 metalla
3648 484 3715 527 aes

2158 560 2399 616 vocalius
2424 568 2528 624 est,
2560 570 2614 614 et
2646 560 2807 614 tinnit
2835 560 3034 615 clarius
3056 601 3073 629 ,
3125 568 3180 617 et
3209 560 3412 616 sonitus
3438 562 3549 632 ejus
3576 561 3719 634 longe

2159 652 2377 722 lateque
2402 650 2743 717 diﬁ‘unditur,
2789 650 2957 724 635I
3000 660 3059 707 ut
3106 666 3213 707 non
3258 652 3428 708 solum
3466 650 3644 708 famam
3670 662 3719 710 et

2158 744 2456 816 potentiam
2483 744 2659 816 regni,
2691 743 2789 799 sed
2810 757 2865 800 et
2891 744 3260 815 eloquentiam
3289 744 3455 801 Graeci
3477 746 3721 804 sermonis

2158 838 2490 895 ostenderet.

2234 943 2412 1014 (Vers.
2441 940 2559 1014 40.)
2590 941 2656 997 Et
2680 958 2895 1014 regnum
2927 951 3163 1013 quartum
3192 944 3288 996 erit
3312 943 3461 997 veluti
3499 944 3680 1013 ferrum
3706 958 3724 998 .°

2158 1039 2416 1111 quomodo
2441 1041 2633 1110 ferrum
2663 1038 2963 1092 comminuit
2995 1047 3043 1091 et
3073 1038 3246 1091 domat
3274 1037 3473 1105 omnia,
3514 1038 3585 1092 sic
3608 1053 3727 1091 corn-

2162 1132 2352 1186 minuet
2382 1139 2430 1186 et
2476 1139 2698 1185 conteret
2745 1130 2919 1185 omnia
2967 1128 3099 1196 haec,
3131 1140 3237 1185 etc.
3293 1129 3534 1200 Regnum
3568 1139 3730 1187 autem

2162 1235 2439 1295 quartum,
2470 1222 2614 1294 quod
2644 1222 2926 1293 perapicue
2955 1222 3187 1293 pertinet
3217 1222 3281 1277 ad
3312 1222 3609 1291 Romanos,
3637 1221 3733 1279 fer-

2162 1334 2281 1373 rum
2305 1325 2390 1373 est
2414 1316 2558 1388 quod
2586 1315 2907 1371 comminuit
2942 1325 2995 1370 et
3022 1314 3206 1370 domat
3227 1314 3429 1371 omnia.
3461 1314 3563 1371 Sed
3591 1314 3738 1385 pedes

2162 1413 2281 1482 ejus
2307 1423 2361 1469 et
2390 1411 2542 1483 digiti
2572 1427 2640 1467 ex
2662 1422 2814 1482 parte
2842 1410 3029 1478 ferrei,
3053 1420 3109 1467 et
3130 1426 3195 1467 ex
3221 1419 3373 1481 parte
3398 1420 3522 1466 sunt
3548 1409 3738 1478 ﬁctiles,

2164 1506 2307 1577 quod
2330 1507 2431 1564 hoc
2455 1516 2698 1577 tempore
2720 1505 3162 1561 manifestissime
3179 1505 3577 1576 comprobatur.
3607 1503 3744 1561 Sicut

2164 1600 2308 1655 enim
2357 1600 2408 1655 in
2461 1600 2726 1671 principio
2775 1599 2910 1655 nihil
2954 1600 3198 1655 Romano
3244 1600 3472 1670 imperio
3499 1598 3676 1654 fortius
3698 1606 3747 1654 ct

2165 1689 2354 1746 durius
2402 1690 2521 1758 fuit,
2577 1693 2648 1747 ita
2700 1693 2755 1748 itt
2803 1692 2909 1748 ﬁne
2950 1708 3134 1747 rerum
3178 1692 3312 1747 nihil
3342 1689 3369 1728 ἀ
3400 1690 3746 1748 imbecillius:

454 1779 573 1851 est)
598 1794 697 1834 cur
725 1778 868 1833 malo
899 1788 1063 1849 atque
1098 1787 1343 1845 terreno,
1378 1775 1432 1831 id
1465 1785 1570 1844 est,
1604 1783 1766 1848 χοῑκῷ
1797 1789 1897 1832 sua
1920 1775 2063 1831 Deus
2092 1758 2141 1819 Β
2168 1783 2385 1853 quando
2411 1794 2465 1841 et
2496 1785 2550 1840 in
2591 1785 2752 1840 bellis
2781 1784 3032 1841 civilibus
3054 1828 3069 1853 ,
3112 1796 3164 1842 et
3192 1785 3480 1841 adversum
3528 1783 3750 1840 diversas

458 1879 807 1929 sacramenta
836 1870 1211 1926 monstravit?

533 1972 716 2045 (Vers.
750 1971 867 2043 30.)
905 1971 1039 2025 Mihi
1068 1987 1267 2043 quoque
1297 1987 1402 2025 non
1430 1971 1485 2025 in
1516 1971 1770 2040 sapientia
1789 2013 1805 2040 ,
1854 1987 1972 2041 qua:
1996 1979 2071 2026 est

458 2072 511 2125 in
540 2087 623 2124 me
668 2070 945 2142 plusquam
987 2070 1041 2122 in
1084 2067 1281 2121 cunctis
1324 2068 1640 2137 viventibus,
1690 2077 2069 2122 sacramentum

463 2164 556 2217 hoc
582 2163 860 2216 revelatum
889 2171 961 2215 est
992 2177 1009 2214 :
1042 2161 1130 2214 sed
1172 2169 1227 2214 ut
1266 2160 1619 2232 interpretatio
1658 2162 1769 2231 regi
1797 2161 2069 2231 manifesta

461 2257 628 2326 ﬁeret,
653 2264 703 2310 et
735 2255 1074 2327 cogitationes
1106 2254 1289 2308 mentis
1322 2263 1423 2309 tua:
1451 2256 1627 2310 scires.
1662 2254 1951 2311 Putaverat
1972 2271 2068 2313 rex

460 2350 709 2404 notitiam
757 2347 1068 2402 futurorum
1121 2346 1347 2403 solertia
1392 2349 1590 2403 mentis
1631 2348 1882 2404 humanas
1911 2364 2070 2419 posse

460 2439 892 2511 comprehendi;
935 2449 992 2496 et
1036 2439 1158 2495 ideo
1206 2440 1480 2511 sapientes
1513 2441 1804 2513 Babylonis
1836 2442 2069 2499 interﬁci

456 2537 715 2607 jusserat.
767 2535 910 2605 Ergo
941 2534 1133 2590 Daniel
1171 2548 1267 2590 eos
1316 2546 1547 2591 excusat
1592 2538 1684 2607 qui
1731 2536 1912 2594 dicere
1958 2553 2068 2594 non

467 2636 778 2699 potuerant,
822 2634 880 2682 et
909 2626 1027 2696 ipse
1063 2626 1337 2681 invidiam.
1364 2626 1517 2699 fugit,
1564 2643 1633 2684 ne
1661 2629 1781 2698 quis
1811 2632 2068 2700 aestimet,

464 2736 589 2776 eum
643 2736 765 2791 quae
820 2719 1068 2775 dicturus
1115 2729 1195 2775 est
1258 2722 1478 2792 propria
1525 2722 1730 2779 dixisse
1780 2725 2067 2796 sapientia.

463 2812 641 2869 Causa
669 2822 853 2868 autem
884 2812 1232 2868 revelationis
1262 2814 1616 2885 prophetica,
1649 2817 1792 2886 regis
1821 2827 1908 2874 est
1927 2808 2119 2876 desii

465 2906 701 2976 derium,
733 2907 825 2977 qui
860 2906 1029 2962 voluit
1050 2917 1277 2963 ventura
1303 2922 1653 2979 cognoscere.
1675 2911 1818 2982 Ergo
1840 2913 2071 2971 honorat

465 3022 676 3078 regem,
730 3006 948 3077 quando
976 3016 1201 3078 propter
1230 3006 1378 3064 illius
1403 3009 1687 3065 scientiam
1731 3010 1834 3066 sibi
1881 3011 2014 3067 dicit
2038 3026 2069 3066 a

468 3099 582 3155 Deo
613 3100 871 3169 mysteria
900 3100 1165 3156 revelata.
1196 3100 1263 3155 Et
1288 3100 1390 3156 hoc
1414 3101 1893 3172 considerandum,
1924 3105 2067 3176 quod
2097 3130 2144 3198 ο

467 3195 677 3250 somnia
703 3195 759 3251 in
800 3194 995 3265 quibus
1023 3194 1201 3266 aliqua
1231 3202 1461 3251 ventura
1488 3197 1804 3268 signantur,
1834 3208 1890 3255 et
1917 3202 2068 3272 quasi

469 3304 570 3358 per
602 3288 846 3345 nubilum
870 3290 1076 3345 veritas
1103 3288 1531 3357 demonstratur,
1557 3306 1663 3347 non
1690 3302 1911 3363 pateant
1938 3309 2071 3351 con-

464 3382 769 3454 iectoribus
816 3392 871 3440 et
922 3384 1174 3439 humana:
1199 3384 1397 3441 mentis
1423 3385 1682 3455 arbitrio,
1725 3387 1822 3443 sed
1852 3388 1950 3445 Dei
1982 3404 2071 3445 so-

468 3480 576 3535 lius
603 3480 871 3536 scientiae.

542 3581 721 3654 (Vers.
753 3582 870 3649 51.)
914 3579 1015 3646 Tu,
1058 3594 1170 3650 rex,
1222 3581 1452 3648 videbas,
1500 3591 1551 3638 et
1587 3600 1701 3638 ecce
1728 3584 1872 3653 quasi
1900 3595 2072 3641 statua

466 3690 573 3728 una
602 3674 837 3744 grandis.
863 3671 891 3711 δ
923 3673 1030 3729 Pro
1050 3683 1248 3740 statua,
1278 3675 1330 3731 id
1362 3687 1444 3731 est
1482 3674 1761 3755 ἀνδριάντι,
1801 3678 1944 3749 quod
1983 3694 2074 3734 so-

464 3767 577 3822 lum
610 3769 999 3838 interpretatus
1028 3777 1116 3824 est
1145 3769 1510 3842 Symmachus
1529 3815 1543 3839 ,
1580 3773 1765 3827 caeteri
1793 3773 2073 3845 imaginem

469 3860 912 3926 transtulerunt,
966 3860 1216 3916 volentes
1270 3862 1372 3917 hoc
1412 3862 1631 3917 nomine
1662 3863 2071 3921 similitudinem

469 3950 762 4007 ostendere
822 3952 1147 4008 futurorum.
1220 3954 1527 4025 Sequamur
1572 3956 2073 4027 interpretationem

470 4043 868 4114 propheticam,
893 4054 950 4100 et
971 4044 1208 4101 Danielis
1240 4048 1401 4102 verba
1433 4059 1454 4086 '-
1485 4048 1926 4120 interpretantes,
1955 4066 2075 4123 quze

473 4136 542 4190 ab
570 4135 668 4190 illo
699 4134 939 4191 breviter
964 4136 1107 4191 dicta
1140 4147 1287 4207 sunt,
1323 4138 1487 4195 latius
1512 4156 1872 4210 exponamus.

542 4228 722 4300 (Vers.
758 4228 878 4298 58.)
904 4227 983 4283 Tu
1005 4245 1057 4284 es
1078 4245 1198 4301 ergo
1220 4241 1375 4299 caput
1397 4248 1630 4289 aureum.
1657 4232 1853 4305 Caput,
1879 4237 2075 4308 inquit,

472 4339 697 4379 aureum
728 4333 784 4379 tu
836 4338 929 4391 es,
981 4339 1101 4379 rex.
1150 4324 1255 4379 Per
1301 4326 1444 4397 quod
1488 4328 1794 4385 ostenditur
1842 4332 2075 4401 primum

466 4431 693 4487 regnum
713 4416 1073 4489 Babylonium
1099 4432 1232 4472 auro
1260 4419 1660 4488 pretiosissimo
1681 4432 2074 4493 comparatum.

2171 1879 2442 1946 nationes,
2486 1878 2716 1933 aliarum
2764 1879 3003 1950 gentium
3059 1879 3420 1935 barbararum
3466 1877 3754 1949 indigemus

2169 1972 2397 2027 auxilio.
2454 1969 2511 2026 In
2557 1970 2665 2027 ﬁne
2708 1981 2887 2027 autem
2940 1972 3133 2027 horum
3194 1974 3437 2028 omnium
3481 1985 3756 2042 regnorum

2170 2066 2311 2133 auri,
2345 2064 2573 2136 argenti,
2600 2065 2723 2120 saris
2749 2074 2802 2121 et
2839 2065 2989 2133 ferri,
3031 2066 3311 2122 abscissus
3349 2074 3436 2122 est
3460 2065 3611 2137 lapis,
3656 2064 3758 2119 Do-

2172 2160 2351 2215 minus
2392 2168 2557 2229 atque
2596 2158 2865 2226 Salvator,
2890 2158 3009 2215 sine
3038 2160 3316 2228 manibus,
3350 2160 3404 2215 id
3441 2168 3541 2228 eSt,
3572 2157 3761 2227 absque

2170 2254 2321 2310 coitu
2351 2263 2406 2309 et
2436 2253 2675 2309 humano
2704 2255 2933 2321 semine,
2965 2253 3035 2310 de
3067 2262 3224 2310 utero
3252 2254 3538 2326 virginali,
3568 2263 3621 2309 et
3643 2266 3765 2309 con-

2174 2347 2315 2404 tritis
2342 2348 2596 2404 omnibus
2635 2348 2819 2419 regnis
2842 2389 2856 2413 ,
2905 2345 3081 2403 lactus
3116 2356 3200 2404 est
3240 2362 3407 2404 mons
3448 2360 3687 2418 magnus,
3714 2352 3764 2402 et

2173 2440 2421 2511 implevit
2466 2441 2777 2496 universam
2818 2450 3064 2496 terram:
3110 2441 3256 2513 quod
3285 2441 3461 2498 Judaei
3490 2450 3544 2498 et
3585 2440 3765 2510 impius

2174 2533 2503 2606 Porphyrius
2535 2535 2675 2589 male
2717 2533 2782 2588 ad
2814 2535 3075 2605 pepulum
3102 2533 3354 2591 referunt
3385 2533 3549 2590 Israel
3569 2575 3584 2600 ,
3614 2546 3764 2604 quem

2174 2626 2229 2681 in
2259 2624 2368 2681 ﬁne
2390 2627 2714 2682 szeculorum
2742 2627 2933 2682 volunt
2961 2642 3083 2683 esse
3116 2627 3508 2696 fortissimum,
3526 2634 3583 2684 et
3601 2624 3769 2684 omnia

2173 2732 2339 2788 regna
2366 2727 2671 2786 conterere,
2700 2729 2757 2775 et
2773 2734 3002 2791 regnare
3027 2720 3080 2776 in
3102 2730 3394 2778 aeternum.

2246 2820 2429 2893 (Vers.
2453 2820 2574 2893 45.)
2614 2818 2759 2877 Deus
2803 2839 3023 2896 magnus
3064 2825 3288 2879 ostendit
3317 2826 3432 2897 regi
3463 2814 3577 2898 qua:
3605 2811 3770 2897 futuris

2172 2925 2293 2971 sunt
2321 2924 2497 2984 postea
2526 2931 2546 2971 :
2570 2925 2617 2970 et
2647 2932 2823 2971 verum
2846 2926 2920 2970 est
2946 2918 3223 2987 somnium,
3250 2926 3299 2972 et
3327 2917 3501 2990 ﬁdelis
3530 2918 3770 2988 interpre-

2175 3007 2301 3061 tatio
2326 3007 2460 3079 ejus.
2495 3006 2733 3063 Rursum
2758 3009 3151 3066 revelationem
3191 3012 3415 3078 sonmii,
3452 3026 3561 3068 non
3592 3010 3673 3067 sui
3699 3007 3775 3065 di-

2173 3102 2247 3157 cit
2271 3102 2472 3168 meriti,
2500 3101 2596 3158 sed
2617 3110 2675 3157 ut
2698 3102 3079 3171 interpretatio
3111 3104 3225 3175 regi
3260 3106 3555 3162 manifesta
3587 3106 3769 3171 ﬁeret,

2176 3204 2232 3251 et
2261 3194 2484 3251 doceret
2515 3210 2697 3266 regem
2727 3238 2742 3265 ,
2776 3197 2924 3267 quod
2956 3198 3105 3253 Deus
3128 3200 3281 3253 solus
3308 3210 3467 3256 esset
3501 3196 3770 3255 colendus.

2245 3290 2427 3362 (Vers.
2459 3288 2580 3363 46.)
2632 3289 2777 3346 Tunc
2825 3308 2916 3347 rex
2959 3292 3458 3351 Nabuchodonosor
3500 3293 3679 3350 cecidit
3723 3293 3775 3347 in

2172 3384 2358 3454 [aciem
2386 3400 2556 3451 suam,
2603 3393 2652 3439 et
2686 3383 2957 3440 Danielem
2986 3388 3217 3442 adoravit
3249 3403 3270 3443 :
3299 3397 3349 3443 et
3390 3388 3610 3456 hostias,
3632 3397 3677 3444 et
3703 3387 3778 3441 itt-

2172 3494 2378 3533 censum
2407 3480 2652 3550 praecepit
2673 3490 2729 3534 ut
2751 3482 3103 3551 sacriﬁcarent
3132 3482 3198 3536 ei.
3225 3491 3250 3520 ο
3274 3483 3523 3556 Loquens
3549 3499 3669 3555 ergo
3690 3496 3778 3536 rea:

2173 3574 2245 3628 ait
2300 3572 2533 3629 Danieli.
2587 3574 2745 3632 Hunc
2792 3575 2968 3631 locum
3019 3575 3389 3634 calumniatur
3425 3576 3777 3649 Porphyrius,

2176 3670 2319 3739 quod
2345 3684 2641 3740 numquam
2674 3670 3098 3742 superbissimus
3137 3687 3233 3727 rex
3282 3673 3565 3743 captivum
3595 3669 3780 3725 adora-

2178 3762 2336 3833 verit,
2378 3762 2535 3834 quasi
2567 3778 2675 3819 non
2705 3773 2764 3820 et
2804 3764 3083 3838 Lycaones
3110 3765 3181 3819 ob
3206 3766 3500 3836 signorum
3523 3762 3782 3834 magnitu-

2176 3854 2357 3911 dinem
2380 3856 2546 3912 Paulo
2574 3868 2631 3914 et
2655 3858 2919 3914 Barnabas
2947 3858 3219 3915 voluerint
3243 3859 3458 3918 hostias
3483 3858 3777 3917 immolare.

2178 3949 2347 4006 Error
2374 3965 2502 4021 ergo
2530 3950 2836 4021 gentilium,
2878 3952 2969 4023 qni
3019 3967 3181 4008 omne
3209 3952 3361 4024 quod
3394 3968 3568 4024 supra
3598 3966 3658 4009 se
3684 3958 3780 4015 est,

2178 4043 2312 4099 deos
2339 4054 2556 4114 putant,
2601 4043 2899 4115 Scriptura:
2930 4060 3036 4101 non
3063 4046 3227 4102 debet
3270 4049 3536 4119 imputari
3571 4046 3779 4119 (Actor.

2179 4138 2316 4211 xiv),
2351 4155 2472 4211 quas
2502 4140 2824 4208 simpliciter
2844 4140 3013 4196 refert
3043 4142 3294 4199 universa
3319 4159 3449 4216 quae
3470 4151 3625 4216 gesta
3647 4148 3783 4198 sunt.

2178 4230 2290 4288 Sed
2335 4241 2390 4287 et
2417 4232 2519 4288 hoc
2552 4247 2840 4303 possumus
2866 4233 3075 4298 dicere,
3122 4236 3263 4305 quod
3293 4252 3501 4293 causas
3532 4230 3787 4293 adorandi

2180 4336 2235 4383 et
2264 4326 2715 4383 immolandarum
2767 4328 3089 4393 hostiarum,
3135 4338 3188 4383 et
3231 4329 3455 4386 incensi
3500 4340 3663 4403 atque
3703 4343 3788 4384 sa-

2180 4422 2373 4477 criﬁcii
2398 4423 2515 4493 ipse
2542 4438 2638 4479 rex
2668 4422 3005 4493 exposuerit,
3030 4421 3219 4478 dicens
3249 4423 3319 4479 ad
3349 4423 3639 4482 Danielem
3682 4441 3697 4479 :

547 4512 727 4585 (Vers.
758 4512 875 4585 39.)
904 4514 973 4568 Et
1002 4522 1115 4585 post
1147 4522 1195 4567 te
1220 4522 1494 4585 consurget
1532 4532 1747 4588 regnum
1775 4517 1944 4585 aliud,
1972 4520 2072 4573 mi-
2108 4532 2156 4592 ι)
2249 4524 2412 4597 635
2434 4525 2618 4594 (Vers.
2650 4525 2764 4597 47).
2802 4524 2931 4582 Vere
2950 4523 3439 4584 DeusvesterDeus
3461 4529 3679 4583 deorum
3698 4532 3791 4594 est,

470 4620 567 4659 nus
600 4614 677 4671 te,
717 4614 1011 4675 argenteum
1053 4604 1231 4677 [Vulg.
1258 4604 1465 4678 tacet].
1505 4606 1780 4663 Medorum
1828 4609 2076 4667 videlicet

468 4707 633 4768 atque
659 4697 972 4764 Persarum,
1022 4700 1165 4770 quod
1197 4701 1407 4771 argenti
1438 4700 1602 4757 habet
1630 4702 2070 4772 similitudinem,

470 4792 653 4845 minus
683 4790 886 4860 priore,
918 4801 973 4847 et
1004 4790 1181 4861 majus
1209 4802 1495 4862 sequente.

540 4880 610 4934 Et
642 4898 859 4955 regnum
885 4884 1092 4937 tertium
1120 4900 1320 4939 cuneum
1349 4884 1531 4957 [Vu|g.
1551 4885 1786 4959 cereum],
1820 4888 1958 4958 quod
1981 4889 2079 4943 im-

465 4973 670 5048 perabit
701 4976 955 5031 universa
980 4985 1150 5032 terrm.
1193 4975 1569 5033 Alexandrum
1596 4978 1884 5051 signiﬁcat,
1913 4992 1968 5038 et
1993 4996 2081 5037 re-

534 5138 559 5165 η
578 5128 731 5214 Idem
762 5145 867 5185 non
915 5132 1053 5186 enim
1088 5146 1186 5203 pro
1227 5148 1331 5188 non
1356 5135 1525 5189 solum
1555 5149 1625 5191 cx
1655 5144 1892 5209 quatuor
1922 5154 2058 5198 mss.

467 5211 734 5268 reposuit.

529 5272 701 5355 bSex
734 5272 882 5355 alios
898 5274 1137 5346 integros
1164 5277 1303 5355 sacri
1323 5285 1709 5355 textusversus
1732 5281 2067 5355 subjungunt

462 5346 633 5428 nostri
650 5359 797 5428 _mss-.
847 5346 1142 5428 Porro‘pro
1171 5348 1434 5428 ἀνδεῳὶντε
1470 5352 1538 5405 ab
1568 5350 1780 5428 ἀνδριὰς
1817 5346 2061 5428 nomine,

456 5415 1247 5506 antea-legebaturjsdpfévrn.
1264 5415 1376 5504 ’φεμ
1402 5415 1805 5506 Sat_tgerttt'._pro
1830 5415 2063 5506 ὼδρεᾲνί

457 5506 513 5541 τι
536 5502 703 5555 :quae.
732 5490 1239 5563 itaquit_Mott'tfauc.,
1261 5495 1305 5547 si
1334 5508 1460 5548 vera
1483 5490 1645 5551 lectio
1666 5490 1758 5563 sit,
1783 5490 2065 5557 sane'ﬂie-

458 5570 716 5638 ronymus
742 5562 864 5615 voci
893 5558 1097 5638 Graeca;
1127 5565 1571 5638 terminationem
1605 5558 1849 5625 Latinam
1893 5572 2064 5628 dede-

455 5633 572 5708 rit,
603 5638 660 5708 ut
697 5643 818 5685 cum
841 5633 1247 5708 praepositione
1293 5652 1385 5706 pro
1414 5637 1724 5708 quadraret.
1784 5641 2063 5699 Palatinus

455 5698 932 5828 ἲέῗέἓὲοὗῗᾶιΐῇία
975 5698 1193 5761 manum
1238 5698 1492 5779 expertus
1529 5710 1803 5772 andriante
1840 5698 2064 5788 praefert

842 5789 909 5828 ts.

842 5789 909 5828 IS.

540 5851 563 5881 ο
587 5840 763 5899 Vatic.
795 5853 850 5901 et
871 5844 1067 5915 Palat.,
1101 5850 1377 5908 calcantes.

2185 4626 2234 4672 et
2263 4617 2516 4674 Dominus
2547 4636 2746 4693 regum,
2774 4632 2825 4676 et
2848 4623 3080 4677 revelans
3105 4624 3353 4695 mysteria
3380 4666 3397 4691 ,
3425 4626 3677 4694 quoniam
3707 4635 3794 4691 po-

2181 4710 2326 4763 tuisti
2356 4712 2559 4781 aperire
2588 4716 2686 4765 hoc
2704 4722 3104 4769 sacramentum.
3139 4714 3276 4785 Ergo
3308 4731 3426 4772 non
3466 4726 3581 4772 tam
3604 4712 3796 4771 Danie-

2180 4800 2308 4867 lem,
2336 4818 2497 4872 quam
2525 4803 2579 4858 in
2607 4804 2827 4861 Daniele
2847 4804 3041 4865 adorat
3070 4806 3263 4875 Deum,
3291 4809 3390 4879 qui
3424 4810 3690 4882 mysteria
3710 4822 3795 4863 re-

2181 4894 2405 4951 velavit.
2448 4897 2602 4966 Quod
2650 4907 2704 4954 et
2744 4900 3121 4958 Alexandrum
3154 4916 3415 4973 magnum
3460 4918 3654 4976 regem
3690 4900 3798 4959 Ma-

2182 4988 2472 5057 cedonum,
2508 4990 2561 5046 in
2580 4990 2841 5051 Pontiﬁce
2863 4994 3052 5051 Joiada
3074 4995 3271 5053 fecisse
3300 4996 3321 5036 ί
3350 4998 3618 5070 legimus.
3643 4995 3796 5068 Quod

2240 5149 2268 5188 α
2292 5150 2494 5209 Confer
2520 5152 2909 5212 Praefationem
2934 5156 3057 5213 libri
3085 5173 3138 5213 xt
3164 5157 3216 5213 in
3247 5156 3636 5218 Ezechielem.

2244 5232 2267 5264 ε
2302 5224 2519 5280 Rectius
2550 5227 2601 5280 in
2635 5225 2806 5283 Vatic.
2838 5237 2893 5283 et
2916 5229 3083 5283 Palat.
3127 5244 3259 5286 mss.
3288 5234 3469 5287 verba
3490 5273 3509 5300 ,
3557 5230 3795 5305 Loquens

2244 5311 2288 5351 ιο
2317 5312 2409 5350 rea:
2429 5298 2501 5351 ait
2530 5296 2759 5351 Danieli.
2793 5299 3189 5351 desiderantur.

2167 5310 2288 5367 ergo
2317 5312 2409 5350 rea:
2429 5299 2501 5351 ait
2530 5299 2759 5365 Danieli,
2793 5299 3189 5357 desiderantur.
3494 5299 3499 5300 7
3653 5299 3663 5305 ’

2173 5436 2194 5446 _
2245 5365 2266 5404 ί
2320 5367 2391 5446 Et
2428 5369 2779 5446 est‘quidem
2825 5372 3019 5446 iterum
3072 5373 3214 5428 lectu
3261 5372 3610 5446 dignissima
3658 5375 3799 5446 apud

2165 5436 2461 5515 Iosephum
2508 5436 2805 5515 Antiquitt.
2855 5443 2949 5497 lib.
2984 5459 3059 5510 xt,
3106 5459 3227 5515 cap.
3255 5436 3528 5505 8.‘num.
3562 5447 3621 5514 5.
3670 5436 3800 5504 facti

2168 5508 2311 5587 ejtts_'
2341 5510 2604 5587 historia;
2648 5508 2703 5567 et
2751 5508 3068 5587 cumprimis
3105 5508 3413 5571 Alexandri
3465 5508 3797 5587 responsum

2166 5581 2234 5663 ad
2266 5582 2717 5663 Parmenionem:
2741 5586 2799 5640 οὐ
2817 5593 2998 5663 ειςοῆτον
3021 5590 3419 5663 «pou-extimae.
3447 5593 3540 5647 τὸν
3569 5581 3627 5647 δέ
3647 5592 3790 5663 ore»,

2165 5649 2223 5709 οὗ
2266 5661 2339 5733 cf:
2385 5655 2942 5733 ἁρχιερωσύνῃᾼαύτρς
2977 5649 3260 5733 ret-iuerat.
3314 5649 3450 5733 Non
3485 5664 3633 5718 hunc
3660 5649 3794 5717 udo;

2164 5728 2296 5851 xiii,
2330 5728 2429 5852 s’ed
2460 5728 2656 5799 Deum,
2687 5728 2839 5802 cujus
2876 5730 2969 5786 ille
3003 5728 3205 5787 summa
3231 5732 3540 5790 sacerdotio
3567 5735 3791 5790 decora-

2284 5813 2336 5852 es
2364 5838 2376 5852 .

2221 5812 2248 5851 8
2284 5812 2376 5853 881.
