4108 6338
368 297 475 355 505

1158 294 1816 355 COMMENTARIORUM
1857 296 1925 354 IN
1965 293 2316 357 DANIELEM
2355 296 2577 356 LIBER.
2616 299 2768 357 CAP.
2808 300 2901 359 Ill.

3546 300 3657 363 506

360 418 410 474 si
439 414 693 488 displicet
742 414 882 483 hoc,
911 413 1196 471 dicendum
1244 421 1329 471 est
1352 412 1852 471 Nabuchodonosor
1893 413 1967 468 si-
1990 420 2043 477 Α
2069 414 2211 470 enim
2242 413 2439 471 divites
2468 423 2594 472 sunt
2627 425 2682 473 et
2727 424 2974 487 potentes
2998 457 3014 483 ,
3062 415 3190 473 dum
3231 415 3422 474 timent
3468 430 3661 476 carere

357 524 591 581 guorum
623 508 994 581 magnitudine
1023 517 1079 564 et
1108 518 1330 579 stupore
1365 506 1672 574 confusum,
1722 505 1849 578 quid
1879 504 1961 561 fa-

359 614 516 660 ceret
569 604 878 675 ignorasse,
927 612 983 659 ut
1038 602 1129 675 qui
1182 601 1473 658 Dominum
1526 615 1713 657 verum
1759 599 1957 656 intelli-

357 696 529 767 gebat
553 706 608 753 et
634 696 925 752 Dominum
957 711 1169 767 regum,
1230 705 1284 750 et
1302 710 1515 751 servum
1534 694 1652 765 ejus
1679 692 1957 763 adoraret,

355 801 418 845 et
447 790 525 845 illi
556 789 805 847 adoleret
854 790 1156 846 incensum.

431 905 616 979 (Vers.
651 905 769 978 48.)
812 904 958 960 Tunc
997 914 1091 961 rex
1113 903 1387 960 Danielent
1415 903 1469 958 in
1497 902 1717 957 sublime
1752 899 1957 967 extulit,

352 1009 407 1056 et
428 1017 646 1055 munera
670 1016 879 1071 magna,
906 1008 952 1054 et
977 999 1142 1053 multa
1170 998 1309 1054 dedit
1335 997 1403 1063 ei,
1433 1005 1461 1035 ⁸
1489 1007 1533 1051 et
1561 996 1827 1051 constituit
1846 1012 1961 1050 eum

351 1095 650 1166 principem
679 1111 834 1165 super
861 1110 1034 1149 omnes
1058 1093 1347 1166 provincias
1372 1090 1655 1163 Babylonis
1683 1133 1699 1159 ,
1742 1099 1847 1146 etc.
1892 1089 1962 1144 Et

351 1184 415 1241 in
462 1186 566 1241 hoc
614 1186 975 1242 calumniator
1004 1186 1264 1242 Ecclesia:
1296 1185 1614 1257 prophetam
1662 1184 1959 1255 reprehen-

351 1277 490 1334 dere
520 1279 735 1349 nititur,
768 1295 943 1353 quare
985 1294 1094 1335 non
1125 1279 1392 1335 recusarit
1424 1294 1670 1348 munera,
1702 1287 1757 1333 et
1787 1277 1963 1333 hono-

350 1385 472 1427 rem
504 1370 863 1445 Babylonium
892 1373 1122 1429 libenter
1159 1373 1461 1443 susceperit
1492 1389 1505 1428 :
1555 1388 1661 1426 non
1710 1370 1960 1427 conside-

349 1481 484 1522 rans
513 1466 639 1523 ideo
660 1483 842 1539 regem
871 1468 1072 1524 vidisse
1095 1467 1386 1532 somnium,
1413 1477 1468 1523 et
1496 1466 1957 1538 interpretationis

348 1561 618 1632 mysteria
646 1576 743 1632 per
766 1577 988 1632 puerum
1030 1562 1268 1617 revelata
1294 1602 1310 1629 ,
1345 1569 1402 1615 ut
1443 1560 1633 1616 Daniel
1660 1569 1951 1629 cresceret,

348 1662 413 1709 et
455 1653 513 1708 in
554 1654 675 1709 loco
700 1654 1027 1725 captivitatis
1060 1655 1312 1725 princeps
1342 1653 1588 1710 omnium
1619 1654 1774 1710 fieret
1797 1652 1958 1710 Chal-

347 1745 624 1813 daeorum,
655 1756 711 1804 et
732 1748 829 1805 Dei
844 1748 1236 1819 omnipotentis
1265 1759 1605 1805 nosceretur.
1648 1748 1799 1817 Quod
1832 1749 1953 1819 qui-

346 1840 481 1897 dem
523 1851 580 1898 et
621 1842 675 1897 in
700 1842 901 1913 Joseph
924 1843 1064 1913 apud
1098 1842 1434 1899 Pharaonem
1463 1853 1519 1899 et
1551 1843 1840 1915 Aigypmm
1872 1842 1952 1897 fa-

347 1945 501 1993 ctum
551 1937 781 2009 legimus
834 1937 1007 2009 (Gen.
1043 1938 1164 2011 xu)
1211 1955 1225 1993 :
1271 1948 1325 1994 et
1353 1939 1404 1994 in
1435 1938 1779 1994 Mardochzeo
1809 1938 1950 2005 apud

346 2033 651 2087 Assuerum
675 2030 926 2107 (Esther,
954 2048 1049 2088 vui
1074 2033 1116 2104 ),
1148 2042 1206 2087 ut
1233 2033 1287 2088 in
1315 2042 1541 2104 utraque
1585 2041 1746 2104 gente
1788 2032 1953 2089 habe-

347 2133 479 2182 rent
506 2126 704 2196 captivi
732 2135 787 2181 et
816 2125 843 2164 ι’
874 2126 1281 2197 peregrinantes
1311 2126 1485 2183 Judaei
1515 2127 1730 2192 solatia,
1773 2126 1955 2182 viden-

298 2300 301 2301 ν
351 2229 438 2275 tes
466 2219 740 2276 hominem
763 2221 941 2292 gentis
968 2237 1081 2277 sua:
1095 2220 1474 2294 Egyptiorum
1498 2237 1621 2279 esse
1650 2221 1949 2293 principem

347 2311 440 2368 vel
464 2310 862 2369 Chaldaeorum.

425 2422 609 2495 (Vers.
640 2422 757 2496 49.)
788 2422 980 2480 Daniel
1006 2434 1179 2480 autent
1210 2426 1488 2494 postulavit
1517 2442 1548 2480 a
1575 2442 1692 2498 rege
1713 2471 1725 2495 ,
1757 2433 1804 2480 et
1829 2442 1951 2480 con«

349 2517 518 2572 stituit
545 2534 698 2591 super
722 2534 881 2591 opera
921 2520 1199 2588 provincia:
1238 2520 1521 2593 Babylonis
1550 2520 1783 2575 Sedrach
1802 2562 1819 2588 ,
1846 2519 1952 2574 Mi-

350 2626 466 2679 sac,
504 2620 553 2665 et
596 2611 899 2687 Abdenago.
943 2612 1070 2684 Ipse
1097 2622 1268 2669 autent
1297 2613 1491 2669 Daniel
1526 2624 1637 2669 erat
1667 2615 1720 2669 in
1752 2613 1950 2685 foribus

350 2703 510 2775 regis.
557 2702 674 2759 Non
697 2704 1039 2762 obliviscitur
1063 2720 1253 2762 eorum
1284 2721 1406 2762 cum
1438 2706 1634 2777 quibus
1661 2707 1948 2763 Dominum

352 2794 687 2865 deprecatus
735 2807 857 2867 est,
908 2807 965 2855 et
1000 2799 1093 2871 qui
1139 2814 1326 2856 secum
1378 2800 1666 2871 periclitati
1714 2799 1948 2857 fuerant.

354 2887 546 2960 Itaque
577 2890 702 2946 facit
730 2907 829 2948 eos
874 2892 1084 2963 judices
1128 2894 1539 2964 provinciarum
1575 2912 1587 2949 :
1622 2896 1740 2965 ipse
1771 2901 1949 2949 autem

354 2996 385 3037 a
408 2983 555 3055 regis
587 2984 760 3042 latere
784 3001 890 3041 non
915 2988 1120 3044 recedit
1158 2987 1266 3062 [ΑΙ.
1299 2989 1568 3063 recessit].

428 3089 602 3165 (Cap.
641 3092 723 3149 IIl.
749 3125 821 3137 ——
848 3094 1003 3152 Vers.
1039 3078 1652 3170 1..)7’Nabuchodonosor
1695 3118 1786 3157 rea:
1834 3103 1954 3175 fecit

352 3196 578 3243 statuam
607 3204 820 3243 auream
847 3191 1123 3247 altitudine
1147 3193 1436 3249 cubitorum
1465 3196 1749 3268 sexaginta,
1775 3196 1953 3249 latitu-

2067 509 2269 566 divitiis
2299 519 2354 566 et
2383 511 2644 581 potentia,
2676 510 2889 568 facilius
2929 512 3363 583 supplantantur.
3409 511 3661 570 Seductis

2064 613 2248 660 autem
2276 604 2703 676 magistratibus,
2735 605 2937 663 subditi
2964 605 3146 679 populi
3175 606 3444 678 majorum
3466 621 3659 666 exem-

2063 700 2156 772 plo
2195 710 2444 772 pereunt.

2134 814 2315 888 (Vers.
2342 815 2499 890 4,5.)
2529 815 2599 871 Et
2622 832 2793 890 prtcco
2819 816 3074 872 clamabat
3092 816 3321 873 valenter
3344 833 3362 871 :
3395 815 3552 872 Vobis
3578 816 3661 872 di-

2064 908 2219 975 citur,
2249 909 2480 981 populis,
2504 908 2735 965 tribubus
2762 918 2809 964 et
2829 910 3040 980 linguis,
3076 909 3131 964 in
3159 908 3287 964 hora
3312 926 3411 980 qua
3437 908 3663 965 audieri-

2064 1001 2128 1057 tis
2155 1003 2379 1056 sonitum
2410 1002 2564 1072 tubw,
2594 1014 2699 1058 etc.
2741 1001 2854 1057 Non
2878 1018 2986 1072 quo
3023 1016 3213 1057 omnes
3232 1001 3415 1072 populi
3438 1001 3662 1058 univer-

2062 1108 2243 1151 sarum
2267 1096 2543 1151 nationum
2565 1098 2617 1151 in
2641 1110 2833 1167 campo
2858 1096 3001 1151 Dura
3027 1094 3300 1164 potuerint
3316 1093 3657 1165 congregari,

2061 1198 2117 1245 et
2144 1189 2372 1247 adorare
2400 1198 2633 1245 statuam
2662 1205 2909 1257 auream,
2949 1189 3046 1245 sed
3087 1204 3194 1261 quo
3241 1190 3292 1243 in
3323 1187 3660 1260 principibus

2062 1292 2375 1339 cunctarum
2420 1285 2688 1356 gentium,
2740 1297 2932 1339 omnes
2974 1290 3164 1354 gentes
3203 1291 3258 1337 et
3303 1281 3483 1352 populi
3527 1279 3660 1335 ado-

2060 1392 2211 1433 rasse
2238 1376 2549 1434 credantur.
2584 1378 2811 1433 Omnem
2843 1376 3178 1447 Scripturam
3208 1383 3449 1430 sanctam
3480 1382 3663 1429 mente

2061 1484 2386 1539 percurrens
2411 1470 2540 1541 (nisi
2574 1478 2753 1525 tamen
2784 1484 2871 1525 me
2899 1467 3287 1538 fallitoblivio)
3320 1478 3659 1537 nequaquam

2058 1562 2307 1633 reperio,
2356 1564 2497 1635 quod
2535 1574 2847 1619 sanctorum
2909 1564 3194 1634 quisquam
3239 1562 3407 1618 Deum
3458 1558 3661 1614 cadens

2057 1655 2370 1711 adoraverit
2404 1675 2417 1711 :
2465 1655 2561 1711 sed
2606 1656 2937 1726 quicumque
2966 1654 3110 1709 idola
3137 1694 3152 1720 ,
3183 1662 3237 1708 et
3266 1652 3542 1707 daemones
3562 1689 3577 1715 ,
3607 1657 3663 1705 et

2057 1765 2146 1805 res
2174 1748 2387 1806 illicitas
2424 1748 2754 1817 adoraverit,
2788 1748 2990 1804 cadens
3010 1748 3208 1804 dicitur
3240 1746 3495 1813 adorare,
3524 1743 3660 1800 utin

2058 1843 2314 1913 praesenti
2340 1844 2460 1899 loco
2489 1859 2595 1897 non
2624 1844 2815 1909 semel,
2845 1843 2940 1897 sed
2966 1841 3237 1897 crebrius.
3280 1840 3350 1895 Et
3392 1839 3446 1895 in
3479 1838 3658 1893 Evan-

2054 1936 2197 2006 gelio
2244 1935 2493 1990 diabolus
2523 1935 2764 2007 loquitur
2807 1935 2873 1989 ad
2908 1934 3191 1988 Dominum
3245 1950 3257 1987 :
3311 1930 3439 1986 Haec
3484 1931 3661 1986 omnia

2056 2029 2185 2083 dabo
2202 2028 2312 2100 tibi,
2337 2031 2382 2083 si
2412 2030 2598 2083 cadens
2624 2028 2917 2083 adorareris
2939 2045 3018 2082 me
3047 2026 3262 2099 (Matth.
3282 2023 3447 2093 tv,9).
3473 2021 3584 2078 Sed
3602 2030 3661 2078 et

2055 2122 2158 2178 hoc
2179 2122 2494 2178 dicendum:
2519 2137 2710 2178 omnes
2736 2121 3023 2176 haereticos
3044 2119 3135 2189 qui
3154 2117 3361 2188 fulgore
3389 2115 3653 2185 eloquen-

2055 2217 2143 2273 tiu:
2190 2216 2468 2271 saecularis
2514 2215 2709 2270 falsum
2756 2216 2951 2286 dogma
3003 2218 3381 2283 componunt,
3429 2222 3652 2264 auream

2053 2319 2288 2366 statuam
2330 2310 2508 2366 facere
2533 2352 2547 2375 ,
2578 2317 2634 2365 et
2670 2307 2832 2380 637
2874 2317 3132 2378 quantum
3178 2307 3228 2360 in
3280 2318 3340 2359 se
3377 2309 3496 2369 est,
3527 2317 3655 2373 per—

2052 2405 2304 2459 suasione
2347 2401 2706 2473 compellere,
2756 2409 2812 2455 ut
2860 2400 3118 2456 cadentes
3167 2397 3400 2452 adorent
3445 2392 3649 2450 idolum

2052 2497 2322 2556 falsitatis.

2127 2612 2311 2683 (Vers.
2338 2612 2418 2681 7.)
2461 2609 2588 2665 Post
2620 2611 2729 2665 haec
2771 2611 2932 2681 igitur
2957 2607 3134 2662 statim
3163 2614 3219 2660 ut
3244 2604 3518 2659 audierunt
3539 2618 3650 2657 om-

2054 2720 2142 2759 nes
2173 2704 2353 2775 populi
2375 2704 2600 2758 sonitum
2632 2702 2785 2772 tubas,
2811 2700 3022 2773 ﬁstulae,
3072 2709 3180 2754 etc.
3231 2696 3436 2753 Eodem
3486 2710 3651 2752 sensu

2055 2796 2429 2871 accipiendum
2454 2812 2560 2866 quo
2591 2810 2775 2865 supra,
2814 2804 2873 2849 ut
2896 2808 3086 2849 omnes
3106 2790 3336 2861 populos
3373 2788 3649 2860 intelliga-

2055 2906 2175 2947 mus
2204 2892 2259 2947 in
2284 2890 2643 2962 principibus.
2667 2889 2856 2961 Neque
2883 2889 3027 2946 enim
3049 2886 3243 2943 adesse
3264 2886 3533 2944 universae
3575 2883 3650 2941 si-

2054 2985 2167 3040 mul
2207 2993 2455 3056 poterant
2495 2984 2765 3039 nationes.

2133 3096 2312 3170 (Vers.
2339 3097 2420 3167 8.)
2460 3094 2753 3167 Statimque
2781 3102 2827 3149 et
2844 3093 2956 3164 ipso
2988 3103 3217 3162 tempore
3239 3090 3532 3146 accedentes
3555 3088 3651 3145 viri

2057 3190 2288 3245 Chaldtei
2312 3198 2685 3244 accusaverunt
2714 3186 2949 3255 Judwos,
2983 3195 3088 3243 etc.
3138 3185 3286 3254 Quos
3328 3184 3652 3256 praepositos

352 3278 476 3334 dine
503 3281 791 3336 cubitorum
817 3300 926 3338 sem.
971 3283 1143 3341 Velox
1190 3286 1396 3341 oblivio
1442 3287 1712 3353 veritatis,
1756 3296 1814 3341 ut
1856 3289 1945 3357 qui
1977 3281 2022 3344 C
2055 3282 2106 3338 in
2157 3282 2432 3353 Babylone
2463 3281 2604 3351 regis
2635 3280 2891 3349 operibus
2940 3279 3278 3347 invidebant,
3312 3287 3366 3332 et
3394 3276 3637 3332 oll'ende-

350 3370 557 3427 dudum
594 3388 810 3429 servum
843 3376 980 3444 Dei,
1011 3378 1160 3448 quasi
1192 3378 1361 3434 Deum
1398 3378 1717 3435 adoraverat
1739 3419 1756 3447 ,
1803 3395 1947 3436 nunc

350 3476 585 3524 statuam
617 3469 719 3525 sibi
746 3470 860 3525 fieri
888 3469 1072 3541 jubeat
1092 3514 1107 3537 ,
1140 3482 1198 3527 ut
1225 3473 1341 3544 ipse
1370 3472 1630 3529 adoretur
1661 3473 1714 3528 in
1746 3482 1943 3530 statua.

349 3560 506 3629 Quod
539 3572 717 3618 autem
746 3578 911 3619 aurea
940 3564 1105 3637 636
1137 3576 1158 3603 ο
1190 3566 1293 3634 sit,
1343 3574 1400 3621 et
1438 3565 1632 3621 infiniti
1658 3566 1942 3639 ponderis,

348 3654 486 3713 illud
510 3655 564 3712 in
592 3671 752 3712 causa
786 3668 887 3725 est,
926 3668 984 3714 ut
1011 3667 1290 3728 stuporem
1340 3658 1645 3714 videntibus
1690 3668 1860 3726 creet,
1894 3666 1950 3714 et

346 3764 444 3807 res
474 3749 766 3806 inauimata
797 3751 1052 3810 adoretur
1101 3763 1159 3809 ut
1209 3755 1372 3822 Deus,
1416 3755 1542 3809 dum
1573 3755 1948 3825 unusquisque

346 3857 503 3900 suam
536 3857 817 3901 consecrat
847 3847 1150 3903 avaritiam.
1189 3848 1355 3902 Datur
1379 3859 1556 3904 autem
1582 3864 1675 3919 per
1706 3850 1944 3903 occasio-

345 3953 476 3995 nem
503 3940 841 4011 captivorum
890 3940 1134 3997 barbaris
1180 3941 1487 3997 nationibus
1517 3941 1706 3996 salutis
1732 3941 1947 3996 occasio

347 4030 592 4105 (Coloss.
624 4033 718 4107 Ill)
755 4052 768 4088 :
795 4044 852 4089 ut
884 4036 975 4107 qui
1007 4036 1237 4106 primum
1270 4050 1368 4107 per
1399 4036 1639 4091 Daniclis
1665 4035 1948 4091 revelatio-

344 4140 475 4185 nem
502 4128 795 4198 potentiam
826 4139 1195 4200 cognoverant
1222 4130 1379 4186 unius
1400 4130 1519 4194 Dei,
1545 4130 1598 4184 in
1623 4129 1783 4185 trium
1814 4145 1946 4201 pue-

345 4232 537 4275 rorum
568 4236 783 4292 quoque
820 4221 1137 4279 fortitudine
1179 4224 1395 4279 discant
1437 4232 1670 4279 mortem
1698 4233 1942 4280 contem-

346 4328 483 4369 nere
511 4311 622 4386 [ΑΙ.
654 4315 855 4371 debere
880 4316 1204 4390 contemni],
1237 4326 1293 4376 et
1323 4317 1468 4372 idola
1501 4333 1606 4372 non
1638 4317 1836 4373 colere.

424 4426 603 4500 (Vers.
637 4428 713 4498 1.)
736 4427 807 4483 Et
833 4430 1014 4484 statuit
1034 4447 1149 4484 eam
1174 4427 1230 4485 in
1271 4447 1455 4500 campo
1485 4428 1633 4484 Dura
1672 4431 1948 4499 provincia:

342 4520 652 4591 Babylonis.
683 4521 789 4577 Pro
815 4521 985 4591 Dura,
1021 4522 1346 4591 Theodotio,
1381 4521 1561 4591 Deira,
1588 4522 1947 4594 Symmachus

343 4609 372 4651 ἀ
400 4612 608 4680 Durau,
638 4614 783 4670 LXX
815 4617 1077 4694 περίϐολον
1115 4618 1523 4682 transtulerunt,
1574 4619 1715 4689 quod
1747 4634 1844 4674 nos
1873 4620 1947 4672 ui-

342 4707 545 4761 rarium
569 4706 656 4762 vel
682 4709 983 4763 conclusum
1014 4709 1188 4765 locum
1217 4709 1402 4766 dicere
1435 4726 1737 4782 possumus.

421 4806 600 4879 (Vers.
631 4809 712 4881 2.)
740 4808 927 4882 Itaque
954 4810 1435 4868 Nabuchodonosor
1459 4831 1551 4869 rea:
1570 4815 1707 4868 misit
1735 4814 1802 4867 ad
1824 4830 1948 4869 con-

342 4904 637 4975 gregandos
666 4912 924 4974 satrapas,
958 4906 1289 4979 magistratus
1334 4916 1382 4962 et
1408 4907 1654 4980 judices,
1697 4907 1851 4961 duces
1897 4916 1945 4962 et

344 5005 619 5065 tyrannos,
647 5005 693 5050 et
723 4996 993 5068 praefectos
1026 5007 1048 5035 ε
1077 5014 1349 5070 omnesque
1375 5000 1631 5070 principes
1654 5001 1939 5071 regionum.

346 5085 579 5143 Excelsa
612 5088 969 5159 periculosius
997 5100 1176 5157 stant,
1217 5101 1272 5147 et
1311 5091 1471 5147 citius
1517 5101 1784 5147 corruunt
1821 5107 1943 5163 quae

344 5182 597 5244 sublimia
622 5193 770 5241 sunt.
788 5184 1075 5254 Principes
1091 5197 1491 5258 congregantur
1517 5187 1584 5243 ad
1606 5187 1941 5244 adorandum

344 5295 603 5358 Statuam,
633 5296 694 5343 ut
722 5303 818 5360 per
847 5289 1122 5362 principes
1148 5290 1475 5347 seducantur
1505 5298 1559 5347 et
1584 5301 1793 5362 gentes.
1843 5290 1946 5361 Qui

417 5507 444 5537 ἰ
472 5497 764 5569 Reliquum
787 5499 1115 5557 versiculum
1145 5494 1275 5557 mss.
1300 5499 1470 5556 nostri
1501 5497 1796 5554 sufﬁciunt.

416 5580 445 5620 ι’
476 5581 641 5637 Iidem
673 5596 831 5649 mss.,
860 5583 1242 5655 peregrinantes
1272 5598 1333 5638 ex
1360 5579 1583 5635 ludatis.

421 5676 443 5703 ε
480 5664 685 5719 Victor.
707 5663 868 5734 ﬁt,ex
900 5664 1079 5721 tribus
1098 5663 1385 5720 Florentiae
1405 5678 1537 5719 mss.
1561 5660 1801 5719 excudit.

418 5755 446 5791 α
476 5752 653 5810 Antea
695 5763 813 5810 erat
862 5753 1143 5822 Duraum,
1190 5752 1375 5825 sicque
1422 5766 1614 5809 revera
1659 5760 1714 5806 et
1755 5763 1891 5804 unus
1916 5763 1949 5805 e

348 5836 551 5892 nostris
596 5850 727 5892 mss.
773 5835 1120 5909 praeferebat.
1152 5835 1365 5892 Placuit
1395 5849 1526 5890 vero
1566 5830 1952 5890 Moutfauconii

348 5919 637 5987 sententia,
661 5917 752 5990 qui
780 5929 931 5991 putat
957 5918 1160 5975 factum
1190 5934 1241 5972 m
1264 5932 1334 5975 ex
1364 5916 1563 5974 lineola
1583 5958 1598 5984 ,
1631 5929 1750 5986 quae
1774 5912 1829 5969 in
1858 5926 1953 5969 an-

2051 3375 2249 3431 bautur
2276 3375 2562 3446 peregrino
2584 3373 2756 3443 cultu,
2791 3382 2845 3428 et
2866 3372 3154 3427 aversione
3179 3369 3470 3436 idolorum,
3500 3368 3644 3425 nacti

2051 3470 2395 3526 occasionem
2449 3470 2811 3525 criminantur
2834 3468 2902 3523 ad
2924 3482 3131 3539 regem.
3183 3466 3429 3536 Denique
3457 3462 3645 3535 sequi-

2052 3571 2137 3618 tur
2168 3581 2181 3618 :

2121 3676 2302 3752 (Vers.
2336 3676 2449 3748 12.)
2494 3676 2630 3733 Sunt
2657 3693 2781 3748 ergo
2810 3677 2909 3730 uiri
2936 3673 3115 3730 Judaei
3159 3690 3286 3745 quos
3339 3672 3652 3728 constituisti

2049 3791 2205 3844 super
2228 3790 2384 3843 opera
2414 3774 2639 3845 regionis
2691 3770 3009 3843 Babyloniae,
3063 3768 3322 3835 Sedrach,
3371 3768 3559 3833 Misac,
3600 3775 3651 3821 et

2052 3866 2349 3936 Abdenago,
2378 3866 2468 3936 qui
2492 3874 2905 3935 contempserunt
2935 3864 3197 3917 decretum
3224 3860 3405 3934 [Vulg.
3438 3860 3534 3914 viri
3560 3860 3649 3914 isti

2050 3968 2486 4033 contempserunt,
2520 3975 2632 4025 rex,
2659 3957 3121 4030 decretum]tuum.
3152 3957 3219 4011 Et
3245 3952 3648 4031 quodammodo

2050 4055 2130 4109 sic
2162 4055 2457 4123 loquuntur
2494 4067 2505 4104 :
2539 4051 2684 4119 Quos
2708 4050 2996 4122 praetulisti
3030 4049 3207 4113 nobis,
3237 4055 3292 4103 et
3318 4047 3560 4115 captivos
3582 4060 3647 4099 ac

2051 4160 2241 4202 servos
2271 4144 2545 4215 principes
2589 4157 2709 4197 esse
2749 4142 2951 4209 fecisti,
2984 4141 3038 4195 lii
3071 4140 3199 4196 elati
3227 4140 3277 4193 in
3308 4138 3647 4209 superbiam,

2052 4246 2139 4292 tua
2167 4245 2434 4308 praecepta
2463 4244 2843 4301 contemnunt,
2890 4234 3024 4289 deos
3058 4244 3175 4287 tuos
3209 4249 3313 4287 non
3358 4232 3566 4298 colunt,
3596 4241 3655 4288 et

2050 4341 2284 4387 statuam
2320 4343 2544 4384 auream
2569 4343 2729 4398 quam
2755 4326 2999 4391 ercxisti,
3033 4342 3139 4381 non
3184 4324 3437 4379 adorant.
3495 4322 3651 4392 Quod

2051 4425 2105 4481 in
2138 4423 2410 4495 principio
2435 4422 2597 4492 hujus
2618 4420 2844 4475 visionis
2894 4419 3151 4486 diximus,
3187 4417 3272 4470 hic
3312 4415 3653 4472 manifestius

2050 4518 2410 4589 approbatur,
2464 4516 2602 4570 alios
2657 4529 2778 4570 esse
2828 4513 2961 4567 deos
3018 4508 3543 4575 Nabuchodonosor,
3595 4516 3654 4565 et

2051 4613 2210 4668 aliam
2246 4619 2479 4665 statuam
2505 4620 2724 4663 auream
2751 4621 2909 4676 quam
2937 4605 2989 4658 in
3020 4603 3224 4657 cultum
3248 4603 3330 4657 sui
3354 4601 3519 4672 jussit
3539 4600 3650 4657 eri-

1972 4682 2026 4742 Ῑ)
2054 4709 2108 4781 gi
2145 4727 2158 4762 :
2188 4724 2312 4763 nam
2344 4710 2479 4765 etin
2500 4704 2959 4775 consequentibus
2997 4704 3112 4773 ipse
3142 4717 3238 4757 rex
3264 4701 3540 4772 loquitur:

2131 4810 2267 4865 Deos
2290 4827 2429 4864 meos
2468 4826 2569 4863 non
2598 4808 2787 4871 colitis,
2805 4816 2851 4860 et
2878 4815 3105 4859 statuam
3129 4820 3343 4858 auream
3363 4819 3517 4874 quam
3530 4818 3653 4857 con-

2052 4905 2327 4972 stitui,non
2344 4903 2571 4957 adoratis
2585 4902 2608 4957 ?
2622 4909 2727 4956 etc.
2746 4900 2849 4956 Alii
2867 4898 3006 4953 hanc
3019 4897 3510 4968 dicuutScripturze
3524 4911 3654 4950 san-

2049 5009 2153 5055 ctae
2171 4995 2898 5063 consuetudinem,'utunum
2924 4992 3129 5047 idolum
3158 4991 3398 5061 appellet
3427 4988 3648 5060 plurali-

2052 5103 2224 5159 ter,ut
2254 5091 2490 5147 estillud
2518 5090 2569 5144 in
2592 5087 2788 5143 Exodo
2818 5087 2885 5141 de
2920 5085 3093 5141 vitulo
3126 5102 3138 5137 :
3176 5083 3274 5139 Isti
3302 5094 3423 5138 sunt
3458 5083 3532 5136 dii
3553 5081 3647 5148 tui,

2050 5186 2240 5252 Israel,
2265 5185 2354 5257 qui
2382 5185 2669 5239 eduxerunt
2699 5194 2746 5237 te
2770 5180 2834 5236 de
2855 5191 2993 5236 terra
3009 5178 3229 5252 Egypti
3251 5177 3446 5251 (Exod.
3476 5189 3648 5240 xxxn,

2052 5290 2135 5361 4).
2167 5290 2237 5348 Ει
2263 5290 2316 5345 in
2345 5288 2549 5361 Regum
2575 5286 2867 5351 volumine,
2897 5283 3183 5339 Jcroboam
3201 5296 3408 5354 ponens
3424 5292 3649 5335 aureum
3706 5316 3709 5317 ν

2054 5493 2266 5565 tiquiss.
2315 5491 2772 5560 Saugermanens.
2822 5482 3651 5565 supiaponiturJDurau,Acum

2051 5562 2231 5631 tamen
2280 5580 2560 5628 accentum
2592 5569 2667 5625 ibi
2698 5569 2904 5624 indices
2926 5612 2940 5635 ,
2975 5581 3081 5621 non
3113 5581 3185 5619 m.
3215 5563 3452 5619 Verterit
3492 5562 3652 5633 Sym-

2050 5656 2276 5714 maclms
2297 5661 2519 5734 Δουραῦ,
2547 5652 2755 5707 Theod.
2787 5655 2960 5727 Διιρᾶ,
2996 5647 3167 5702 Vatic.
3202 5660 3335 5703 mss.
3362 5660 3379 5701 :
3414 5644 3653 5710 Theodo:

2050 5740 2143 5809 tio,
2172 5747 2377 5805 AEIPA;
2409 5737 2581 5808 Sym.,
2605 5744 2817 5792 ΔΥΡΪΜ.

2127 5837 2150 5865 ο
2179 5827 2359 5883 Verba
2404 5840 2674 5897 omnesque
2717 5823 2973 5897 principes
3017 5822 3287 5896 regionum
3310 5862 3326 5891 ,
3368 5818 3547 5879 Vatic.
3595 5824 3651 5876 et

2053 5909 2228 5966 Palat.
2260 5922 2391 5965 mss.
2424 5906 2695 5980 supplent.
