4054 6324
494 292 595 351 511

1741 292 1802 351 S.
1844 292 2117 351 EUSEBII
2158 292 2544 354 HIERONYMI

3660 306 3755 366 51%
3828 324 3829 327 ‘

492 405 733 474 nedicite,
750 405 923 480 angeli
948 404 1187 477 Domini,
1213 405 1690 464 Domino:laudate
1710 417 1759 463 et
1788 410 2093 481 supereml-
2119 415 2175 474 Α
2196 411 2497 484 Christum,
2526 413 2619 486 qui
2642 412 2711 470 ad
2740 413 3019 471 fornacem
3041 415 3325 472 descendit
3352 416 3565 486 inferni,
3587 420 3637 477 in
3664 438 3761 496 quo

499 507 623 568 tate,
654 507 761 555 etc.
784 498 1041 556 Generali
1071 500 1383 558 laudatione
1410 503 1713 574 praemissa,
1742 504 1892 575 quod
1920 504 2098 561 omnis
2126 512 2127 515 ‘

497 600 754 648 creatura
782 591 982 649 debeat
1012 594 1238 651 laudare
1265 595 1590 662 Dominum,
1626 597 1679 650 in
1713 597 2098 668 consequenti-

496 684 600 741 bus
628 701 726 756 per
749 698 934 756 partes
966 688 1206 760 singulas
1253 688 1570 746 cohortatur
1593 689 1756 764 642
1787 692 2013 763 angelos
2042 700 2102 749 et

494 780 696 848 caelos,
729 796 900 853 aquas
947 791 1112 855 atque
1141 784 1404 852 virtutes,
1452 786 1620 842 solem
1661 798 1716 842 et
1748 790 1962 856 lunam,
1998 789 2099 844 im-

498 874 652 931 brem
690 882 748 929 et
794 890 1008 943 rorem,
1060 878 1345 947 spiritum,
1377 878 1557 950 ignem
1585 889 1641 936 et
1671 888 1863 935 aestum
1883 923 1896 947 ,
1925 880 2099 953 frigus

497 978 556 1025 et
578 983 807 1034 cauma,
837 978 894 1025 et
922 980 1119 1027 caetera
1149 988 1270 1040 qth
1302 974 1523 1045 longum
1568 983 1656 1030 est
1684 984 1909 1032 texere:
1939 977 2012 1031 ita
2043 986 2101 1032 ut

498 1062 679 1121 fontes
705 1079 924 1136 quoque
943 1076 1001 1122 et
1027 1068 1222 1136 maria,
1254 1078 1308 1123 et
1335 1078 1455 1125 cete
1481 1080 1533 1125 et
1564 1071 1838 1140 volucres,
1871 1072 2104 1128 bestias-

502 1170 608 1227 que
631 1165 686 1211 et
710 1171 910 1227 pecora
957 1158 1025 1213 ad
1055 1158 1265 1214 laudem
1296 1160 1514 1215 Domini
1544 1172 1835 1232 provocet,
1864 1173 1919 1219 et
1958 1163 2101 1220 ﬁlios

501 1247 782 1304 hominum
803 1292 817 1315 ,
851 1260 905 1305 et
930 1258 1053 1321 post
1080 1266 1241 1308 omne
1271 1251 1550 1309 hominum
1595 1270 1767 1325 genus
1795 1256 2058 1313 lsraelem
2085 1300 2100 1324 ,

502 1349 559 1396 et
592 1341 660 1397 de
680 1342 801 1411 ipso
828 1342 995 1399 Israel
1027 1344 1339 1402 sacerdotes
1360 1356 1416 1402 et
1444 1363 1637 1404 servos
1663 1348 1913 1420 Domini,
1941 1351 2106 1421 spiri-

504 1440 593 1489 tus
614 1435 929 1507 animasquc
960 1438 1238 1507 justorum
1257 1484 1272 1510 ,
1306 1450 1531 1497 sanctos
1558 1450 1616 1497 et
1644 1441 1877 1499 humiles
1905 1444 2101 1499 corde:

506 1529 577 1585 Et
602 1530 668 1585 ad
698 1540 1009 1587 extremum
1040 1534 1339 1604 Ananiam,
1368 1536 1618 1591 Azariam
1640 1578 1655 1603 ,
1679 1537 1981 1609 Misaelem,
2012 1538 2107 1609 qui

504 1625 573 1682 ad
604 1626 823 1682 laudem
853 1628 1068 1683 Domini
1103 1630 1363 1699 praesenti
1390 1631 1662 1687 beneficio
1714 1643 2105 1703 provocamur.

507 1718 700 1776 Omnis
722 1730 912 1777 autem
938 1732 1191 1779 creatura
1233 1738 1340 1780 non
1380 1740 1549 1792 voce,
1593 1726 1692 1782 sed
1718 1741 1887 1799 Opere
1926 1728 2110 1785 laudat

2200 507 2402 563 clausae
2430 550 2445 575 ,
2482 516 2536 563 et
2566 517 2916 580 peccatorum
2942 517 2998 565 ct
3023 509 3290 581 iustorum
3314 512 3507 567 anima:
3526 514 3767 572 teneban-

2203 609 2309 667 tur,
2338 612 2396 657 ut
2423 602 2628 673 absque
2657 603 2949 659 exustione
2974 648 2987 671 ,
3018 612 3074 659 et
3111 618 3255 658 noxa
3282 604 3364 659 sui
3394 619 3487 661 eos
3514 608 3603 678 qui
3630 618 3767 666 tene-

2199 693 2405 750 bantur
2431 695 2624 759 inclusi
2656 695 2855 750 mortis
2882 694 3117 752 vinculis
3143 695 3419 752 liberaret.

2274 789 2457 864 (Vers.
2472 789 2589 862 95.)
2604 790 2750 845 Tunc
2775 791 2989 846 accessit
3006 790 3493 847 Nabuchodonosor
3515 792 3583 847 ad
3601 796 3772 852 ostium

2201 884 2431 954 fornacis
2452 885 2588 955 ignis
2608 885 2860 950 ardentis,
2879 894 2928 939 et
2948 886 3021 939 ait
3046 901 3064 939 :
3091 883 3347 951 Sedrach,
3368 883 3554 949 Misac,
3569 895 3613 939 et
3634 885 3778 942 Abde-

2202 993 2338 1049 nago
2366 979 2498 1033 servi
2526 975 2626 1032 Dei
2657 980 2867 1048 excelsi,
2891 979 3201 1051 egredimini
3228 989 3277 1032 et
3299 980 3484 1033 venite.
3510 979 3781 1053 Statimque

2203 1070 2393 1141 egressi
2440 1079 2562 1126 sunt
2612 1070 2883 1135 Sedrach,
2926 1070 3096 1126 Misac
3121 1113 3137 1139 ,
3171 1079 3218 1124 et
3258 1070 3534 1145 Abdenago
3582 1074 3643 1128 de
3686 1091 3782 1130 me-

2204 1162 2290 1216 dio
2312 1162 2465 1233 ignis.
2503 1161 2713 1217 Pavore
2743 1163 3068 1233 perterritus
3093 1205 3108 1229 ,
3141 1177 3250 1218 non
3284 1178 3380 1233 per
3409 1164 3623 1219 nuntios
3651 1179 3785 1234 qure-

2205 1255 2279 1310 rit
2305 1270 2332 1309 a
2368 1256 2552 1325 pueris
2575 1299 2589 1325 ,
2624 1255 2722 1310 sed
2751 1254 2868 1326 ipse
2898 1271 2996 1311 eos
3027 1272 3096 1310 ex
3128 1256 3351 1311 nomine
3381 1266 3575 1321 vocat,
3607 1270 3786 1314 servos

2208 1348 2305 1404 Dei
2336 1350 2537 1405 excelsi
2560 1350 2840 1419 appellans
2866 1390 2881 1416 ,
2915 1358 2969 1404 et
3002 1359 3191 1419 petens
3229 1358 3288 1403 ut
3326 1348 3395 1404 ad
3440 1364 3501 1404 se
3525 1348 3790 1420 egredian-

2207 1450 2299 1497 tur
2326 1458 2463 1512 quos
2492 1442 2703 1498 vinctos
2730 1444 2783 1497 in
2812 1441 3086 1498 fornacem
3122 1442 3368 1497 miserat.

2283 1536 2466 1609 (Vers.
2496 1537 2617 1608 95.)
2676 1535 2996 1591 Benedictus
3028 1536 3174 1591 Deus
3205 1536 3392 1609 [γυις.
3428 1534 3578 1590 addit
3605 1533 3793 1608 eorum]

2213 1631 2449 1688 Sedrach
2469 1631 2652 1704 [Vulg.
2672 1630 3123 1703 additvidelicet],
3140 1630 3195 1684 Μ
3200 1631 3330 1696 isac,
3350 1639 3398 1684 et
3415 1628 3795 1701 Abdenago,qui

2211 1723 2351 1777 misit
2386 1723 2632 1795 angelum
2645 1740 2796 1778 suum
2814 1766 2828 1790 ,
2858 1731 2907 1778 et
2918 1724 3050 1777 eruit
3061 1738 3233 1777 servos
3243 1738 3367 1775 suos
3380 1722 3470 1793 qui
3488 1720 3799 1775 crediderunt

511 1813 835 1882 Dominum,
872 1816 1000 1886 quia
1043 1831 1111 1872 ex
1135 1818 1407 1874 creaturis
1451 1828 1855 1891 consequenter
1895 1832 2111 1879 creator

2230 1818 2269 1870 τη
2291 1832 2428 1881 eum,
2458 1825 2564 1871 etc.
2589 1816 2765 1883 Quem
2789 1830 2952 1885 supra
2974 1815 3144 1870 tilium
3172 1814 3292 1879 Dei,
3325 1813 3417 1869 hic
3438 1814 3687 1884 angelum
3712 1828 3802 1868 vo-

508 1907 854 1979 intelligitur,
886 1918 941 1965 et
974 1911 1025 1965 in
1054 1911 1285 1982 singulis
1312 1913 1571 1984 operibus
1615 1923 1777 1986 atque
1823 1915 2111 1975 effectibus

509 2001 606 2058 Dei
636 2004 1041 2075 magniﬁcentia
1065 2006 1496 2064 demonstratur.

582 2098 763 2170 (Vers.
794 2099 910 2171 87.)
941 2099 1261 2170 Benedicite,
1289 2104 1457 2159 sancti
1486 2112 1535 2158 et
1558 2103 1779 2160 humiles
1808 2107 1981 2172 corde,
2000 2116 2109 2163 etc.

510 2190 889 2247 Humilitatem
940 2193 1126 2249 cordis
1151 2193 1387 2262 habere,
1420 2205 1476 2252 et
1522 2212 1768 2267 praesens
1806 2200 2113 2255 versiculus

509 2282 708 2353 docet,
741 2294 797 2340 et
832 2285 964 2341 illud
1006 2287 1149 2358 quod
1180 2288 1234 2343 in
1262 2288 1563 2359 Evangelio
1590 2290 1792 2346 dicitur
1819 2309 1834 2347 :
1862 2290 2055 2348 Discite
2082 2311 2115 2347 a

512 2394 593 2433 me
620 2380 744 2445 quia
771 2380 909 2434 mitis
930 2396 1043 2434 sum
1086 2389 1135 2435 et
1180 2380 1392 2437 humilis
1419 2383 1597 2452 corde,
1645 2393 1693 2438 et
1723 2369 1993 2441 invenietis
2034 2402 2118 2440 re-

510 2473 681 2544 quiem
724 2473 994 2528 animabus
1023 2474 1206 2529 vestris
1234 2474 1395 2545 (Mat.
1427 2491 1512 2543 χι,
1543 2476 1659 2549 29).
1688 2476 1885 2533 Cordis
1932 2486 2113 2534 autem

512 2564 603 2620 illa
642 2573 728 2620 est
763 2565 1074 2635 humilitas,
1107 2583 1231 2638 qua:
1263 2566 1317 2623 in
1344 2568 1455 2624 alio
1481 2568 1601 2625 loco
1635 2580 1928 2640 paupertas
1954 2571 2118 2641 spiri-

512 2664 600 2713 tus
632 2658 978 2727 appellatur:
1017 2668 1075 2714 ut
1106 2675 1211 2714 non
1244 2660 1522 2731 erigamur
1545 2662 1800 2732 superbia
1824 2705 1838 2729 ,
1865 2677 1965 2719 nec
1991 2662 2115 2718 ﬁcta

511 2752 742 2822 gloriam
778 2752 1088 2810 humilitate
1109 2770 1420 2825 quaeramus
1445 2774 1457 2810 :
1489 2756 1583 2811 sed
1619 2766 1732 2813 toto
1762 2757 1928 2813 corde
1958 2758 2117 2813 incli-

516 2860 727 2901 nemur.
759 2846 1051 2917 Hucusque
1096 2848 1165 2904 de
1210 2849 1605 2904 Theodotionis
1655 2851 1899 2907 editione
1948 2866 2117 2921 pauca

517 2939 972 3009 perstrinximus,
1007 2941 1372 2997 confessionis
1399 2952 1455 2998 et
1480 2943 1695 2997 laudum
1731 2945 1895 2999 trium
1924 2961 2121 3016 puero-

515 3049 634 3089 rum
654 3049 776 3105 qua:
806 3049 913 3090 non
939 3035 1213 3092 habentur
1234 3038 1287 3093 in
1314 3037 1546 3093 Hebraeo
1567 3056 1579 3092 :
1602 3038 1801 3096 exinde
1824 3056 2119 3112 sequamur

520 3126 842 3183 llebraicam
869 3128 1182 3185 veritatem.

2212 1917 2300 1963 cat
2328 1951 2340 1973 ,
2369 1923 2699 1979 quamquam
2727 1907 2836 1981 [ΑΙ.
2870 1906 2984 1980 qui]
3026 1908 3078 1963 in
3105 1907 3493 1985 superioribus
3521 1905 3805 1962 similitudo

2215 1998 2312 2055 filii
2342 1996 2441 2056 Dei
2474 2016 2581 2056 non
2615 2002 2818 2056 veritas
2846 2000 3119 2071 appellata
3152 2000 3243 2054 sit.
3282 1999 3528 2053 Rursum
3556 2012 3682 2069 ergo
3707 1996 3805 2054 Na-

2212 2096 2643 2158 buchodonosor
2673 2096 2769 2151 Dei
2800 2094 3209 2151 confessionem
3241 2092 3443 2163 recipit
3473 2134 3489 2160 ,
3519 2101 3576 2148 et
3603 2092 3810 2147 damna-

2216 2195 2285 2249 tis
2314 2191 2476 2247 idolis
2508 2190 2696 2245 laudat
2724 2197 2837 2245 tres
2866 2204 3069 2259 pueros
3093 2229 3107 2253 ,
3134 2188 3223 2258 qui
3255 2188 3561 2242 noluerunt
3609 2186 3811 2242 servire

2216 2295 2272 2343 et
2301 2285 2533 2340 adorare
2558 2298 2775 2338 omnem
2807 2282 2976 2338 Deum
3004 2322 3019 2348 ,
3053 2288 3292 2351 excepto
3317 2279 3436 2335 Deo
3469 2293 3572 2335 suo
3599 2319 3615 2345 ,
3646 2286 3699 2334 et
3724 2277 3815 2333 mi—

2216 2388 2367 2433 ratur
2409 2376 2553 2449 quod
2584 2385 2808 2432 sanctos
2837 2375 2935 2430 Dei
2967 2373 3107 2445 ignis
3143 2382 3373 2444 tangere
3403 2387 3513 2428 non
3561 2370 3809 2443 potuerit.

2216 2474 2374 2543 Quod
2404 2482 2586 2529 autem
2617 2473 2693 2528 ait
2715 2491 2726 2527 :

2289 2566 2473 2640 (νει-ε.
2506 2565 2623 2639 96.)
2655 2565 2698 2619 Α
2740 2580 2821 2619 me
2849 2581 2968 2635 ergo
2999 2552 3333 2635 propositum
3365 2560 3554 2635 [Vulg.
3584 2553 3817 2633 positum]

2218 2661 2412 2716 esthoc
2434 2661 2734 2714 decretum:
2764 2666 2818 2711 ut
2850 2657 3015 2711 omnis
3051 2656 3303 2729 populus,
3341 2655 3515 2710 tribus
3560 2662 3609 2709 et
3653 2652 3821 2723 lingua

2216 2769 2550 2823 quacumque
2597 2752 2772 2806 locuta
2813 2750 2969 2821 fuerit
3016 2749 3403 2820 blasphemiam
3431 2755 3617 2803 contra
3662 2742 3819 2798 Deum

2221 2846 2478 2911 Sedrach,
2506 2844 2692 2910 illisae,
2719 2854 2767 2899 et
2796 2843 3076 2914 Abdenago
3096 2884 3111 2911 ,
3138 2841 3311 2915 6M
3340 2842 3629 2914 dispereat,
3664 2848 3709 2894 et
3737 2838 3822 2892 do-

2223 2957 2332 2994 mus
2362 2942 2475 3012 ejus
2502 2945 2753 2992 vastetur.
2791 2936 2977 3007 Neque
3003 2936 3138 2990 enim
3166 2945 3243 2990 est
3265 2933 3414 2990 Deus
3442 2934 3580 2989 alius
3603 2932 3690 3004 qui
3718 2946 3826 3003 pos-

2219 3035 2284 3091 sit
2308 3035 2380 3087 ita
2424 3033 2644 3087 salvare.
2692 3030 2925 3100 Quidam
2961 3030 3203 3101 pessime
3253 3030 3325 3085 ad
3363 3028 3654 3085 diabolum
3696 3024 3827 3081 refe-

2218 3138 2345 3185 runt
2370 3172 2383 3198 ,
2412 3127 2554 3198 quod
2587 3127 2639 3181 in
2667 3124 3148 3181 consummatione
3175 3165 3189 3190 ,
3220 3135 3277 3179 et
3306 3123 3420 3178 ﬁne
3444 3120 3637 3177 mundi
3666 3118 3824 3175 etiam

589 3219 773 3295 (Vers.
826 3220 944 3294 9i.)
977 3222 1124 3277 Tunc
1175 3222 1659 3282 Nabuchodonosor
1685 3242 1778 3281 rex
1806 3228 2107 3298 obstupuit,
2143 3198 2189 3263 ο
2220 3222 2339 3293 ipse
2363 3220 2589 3291 recipiat
2630 3220 2876 3274 notitiam
2928 3218 3019 3273 Dei
3048 3261 3063 3285 ,
3097 3224 3155 3273 et
3204 3231 3411 3273 omnes
3457 3216 3525 3271 ad
3571 3215 3829 3285 paeniten-

514 3321 562 3366 et
602 3314 827 3368 surrexit
876 3331 1113 3387 prapere,
1156 3325 1206 3371 et
1232 3317 1306 3370 ait
1353 3318 1685 3389 optimatibus
1729 3320 1885 3375 suis:
1928 3321 2117 3376 Nonne

515 3414 618 3460 tres
648 3408 785 3462 viros
812 3408 1048 3463 misimus
1074 3410 1129 3463 in
1158 3410 1385 3464 medium
1409 3413 1544 3484 ignis
1575 3414 1912 3485 compeditos.
1947 3414 2114 3471 Puni-

516 3501 588 3556 tis
624 3501 965 3573 principibus
990 3548 1003 3572 ,
1038 3518 1135 3559 rex
1178 3504 1499 3576 corripitur,
1533 3514 1591 3561 ut
1621 3507 1811 3562 vivens
1849 3508 2118 3578 gloriﬁcet

524 3593 719 3649 Deum.
772 3593 1074 3667 lnterrogat
1112 3607 1296 3652 autem
1341 3598 1631 3670 optimates
1681 3616 1807 3654 suos
1838 3642 1853 3665 ,
1885 3615 2118 3670 quorum

518 3688 871 3743 accusatione
908 3699 963 3743 et
1012 3690 1245 3745 consilio
1276 3700 1390 3746 tres
1416 3707 1616 3760 pueros
1642 3692 1696 3747 in
1724 3693 1901 3762 ignem
1936 3691 2121 3747 forna-

519 3778 598 3832 cis
641 3779 902 3844 miserat,
934 3788 1012 3848 ut,
1046 3780 1157 3835 illis
1192 3782 1658 3852 reSpondentibus
1681 3800 1741 3840 se
1769 3784 1987 3841 misisse
2012 3794 2122 3840 tres

521 3884 722 3939 pueros
754 3871 807 3925 in
846 3871 1125 3927 fornacem
1154 3915 1167 3939 ,
1203 3874 1309 3930 iste
1349 3877 1432 3931 eis
1462 3883 1488 3912 ει
1512 3876 1727 3931 nuntiet
1768 3887 1821 3930 et
1845 3876 2117 3932 ostendat.

595 3964 775 4035 (Vcrs.
823 3964 939 4038 92.)
968 3966 1132 4039 643
1168 3967 1272 4035 Qui
1304 3970 1669 4040 respondentes
1696 3971 1806 4043 regi
1838 3968 2076 4024 dixerunt
2100 3986 2119 4024 .'

528 4056 663 4111 Vere
712 4074 824 4112 rex.
874 4058 1160 4129 Respondit
1190 4075 1282 4113 rex
1317 4059 1502 4133 [Vulg.
1540 4071 1682 4117 tacet
1710 4062 1856 4135 rex],
1906 4073 1957 4117 et
2005 4062 2122 4115 ait:

525 4149 664 4205 Ecce
692 4167 786 4223 ego
808 4151 955 4206 video
986 4152 1123 4205 viros
1154 4162 1379 4223 quatuor
1405 4155 1622 4224 solutos,
1654 4164 1701 4209 et
1722 4155 2044 4210 ambulantes
2072 4157 2126 4209 in

525 4243 697 4298 medio
724 4244 861 4314 ignis
887 4261 904 4297 :
932 4253 977 4298 et
1007 4244 1142 4299 nihil
1172 4247 1525 4315 corruptionis
1554 4249 1608 4302 in
1630 4249 1703 4302 eis
1727 4256 1823 4312 est,
1854 4258 1905 4303 et
1934 4250 2126 4319 species

522 4337 697 4408 quarti
725 4336 752 4376 ιι
775 4338 1062 4392 similitudo
1091 4338 1192 4410 ﬁlii
1222 4336 1338 4394 Dei.
1366 4338 1601 4394 Rursum
1647 4340 1823 4396 dicam
1851 4360 1862 4395 :
1897 4341 1942 4396 Ο
1962 4359 2125 4412 quam

528 4431 750 4500 sapiens
808 4430 1184 4503 ignis,quam
1251 4433 1637 4489 inenarrabilis
1690 4435 1783 4490 Dei
1841 4437 2127 4505 potentia:

531 4524 769 4580 vinculis
800 4526 989 4580 stricta
1015 4538 1140 4582 sunt
1166 4542 1400 4598 corpora
1424 4573 1439 4597 ,
1471 4537 1706 4584 uruntur
1730 4529 1978 4595 vincula,
2010 4545 2132 4586 cor-

2220 3319 2353 3373 tiam
2384 3315 2723 3382 cohortetur,
2751 3323 2807 3369 et
2841 3313 2985 3369 hunc
3008 3312 3203 3368 volunt
3233 3326 3364 3368 esse
3411 3325 3603 3382 regem
3643 3307 3830 3396 Ninite

2222 3411 2313 3482 qui
2338 3409 2637 3465 novissime
2666 3406 2955 3464 descendit
2982 3406 3050 3462 de
3080 3405 3285 3461 throno
3318 3403 3636 3476 superbiat,
3668 3411 3721 3459 et
3743 3399 3835 3456 hu-

2224 3502 2477 3559 militatis
2506 3502 2734 3573 praemia
2767 3508 3094 3555 consecutus
3125 3499 3218 3553 sit.

2297 3595 2483 3669 (Vers.
2517 3594 2635 3665 97.)
2692 3592 2837 3647 Tunc
2866 3608 2958 3647 rea:
3002 3594 3262 3662 promovit
3296 3592 3569 3659 Sedrach,
3604 3587 3765 3644 Μίδαι
3796 3593 3839 3640 et

2227 3688 2506 3759 Abdenago
2558 3688 2611 3741 in
2660 3686 2928 3757 provincia
2966 3684 3274 3757 Babylonis.
3307 3685 3419 3753 Qui
3452 3685 3647 3740 dicunt
3689 3691 3839 3750 supra

2231 3792 2341 3836 tres
2370 3795 2567 3850 pueros
2596 3795 2704 3834 non
2744 3778 2960 3849 judices
2999 3778 3419 3848 provinciarum
3450 3818 3467 3845 ,
3496 3776 3597 3833 sed
3628 3771 3851 3846 prtcieco‘

2233 3884 2315 3928 tos
2342 3888 2567 3944 operum
2602 3866 2943 3943 singulorum
2971 3871 3145 3927 fuisse
3173 3872 3226 3926 in
3261 3872 3565 3944 Babylone
3590 3912 3606 3937 ,
3637 3868 3725 3923 hic
3749 3876 3842 3919 vo-

2232 3967 2349 4022 lunt
2379 3967 2542 4021 etiam
2576 3982 2673 4022 cos
2700 3965 3100 4037 provinciarum
3122 3965 3346 4035 judices
3381 3966 3743 4021 constitutos.

2304 4063 2482 4133 (Vers.
2520 4064 2588 4119 98
2621 4062 2803 4133 seqq.)
2851 4059 3345 4115 Nabuchodonosor
3375 4077 3477 4116 rea:
3501 4058 3735 4115 omnibus
3764 4069 3851 4123 pa-

2234 4159 2393 4228 pulis,
2428 4158 2683 4230 gentibus,
2716 4164 2762 4209 et
2806 4156 3021 4226 linguis,
3070 4156 3160 4226 qui
3218 4154 3471 4209 habitant
3525 4156 3584 4208 in
3630 4152 3853 4206 universa

2235 4260 2372 4307 terra
2396 4268 2415 4305 :
2443 4267 2547 4324 pas:
2577 4249 2715 4304 vobis
2736 4246 3137 4319 multiplicetur.
3185 4246 3363 4317 Signa
3392 4257 3443 4301 et
3478 4244 3744 4300 mirabilia
3785 4241 3857 4311 fe.

2234 4347 2302 4400 cit
2331 4345 2471 4415 apud
2506 4362 2585 4399 me
2615 4343 2753 4398 Deus
2776 4343 3009 4397 excelsus
3033 4357 3051 4394 :
3079 4340 3277 4412 placuit
3311 4357 3447 4413 ergo
3495 4339 3633 4394 mihi
3676 4334 3857 4409 pradi-

2235 4456 2353 4493 care
2396 4442 2508 4510 ejus
2549 4439 2717 4509 signa,
2747 4437 2871 4506 quia
2916 4452 3107 4506 magna
3150 4443 3297 4502 sunt,
3330 4446 3383 4489 et
3411 4434 3686 4489 mirabilia
3723 4434 3849 4503 ejus,

2235 4532 2357 4603 quia
2386 4531 2564 4603 fortia,
2591 4539 2636 4584 et
2663 4546 2875 4600 regnum
2902 4529 3037 4600 ejus,
3062 4528 3183 4596 quia
3204 4525 3407 4599 [Vulg.
3441 4533 3599 4582 tacet
3616 4520 3762 4596 quia]
3782 4535 3857 4575 re-

528 4632 663 4688 pora
696 4632 801 4672 non
837 4629 1088 4676 uruntur.
1122 4620 1374 4691 Speciem
1411 4631 1593 4677 autem
1624 4623 1800 4694 quarti
1850 4638 2013 4695 quem
2056 4624 2131 4679 si-
2157 4591 2209 4652 D
2235 4640 2393 4695 gnum
2414 4622 2801 4693 sempiternum,
2833 4628 2881 4673 et
2920 4628 3143 4688 potestas
3188 4620 3301 4689 ejus
3331 4619 3390 4672 in
3435 4617 3781 4688 generatione
3817 4618 3861 4664 et

530 4708 719 4764 milem
764 4711 897 4766 dicit
945 4712 1058 4768 ﬁlio
1101 4714 1236 4783 Dei,
1272 4715 1359 4770 vel
1404 4716 1659 4784 angelum
1684 4717 1956 4774 debemus
1987 4719 2129 4774 acci-

533 4817 664 4874 pere
692 4846 706 4871 ,
737 4812 795 4858 ut
842 4805 1194 4877 Septuaginta
1232 4810 1668 4876 transtulerunt,
1700 4812 1787 4867 vel
1831 4823 1981 4869 certe
2004 4854 2020 4881 ,
2072 4824 2131 4870 ut

532 4896 785 4967 plerique
852 4897 1207 4970 arbitrantur,
1262 4902 1551 4959 Dominum
1604 4906 1965 4963 Salvatorem.
2018 4908 2131 4965 Sed

535 4989 722 5045 nescio
748 4991 1023 5060 quomodo
1051 5008 1145 5048 rex
1187 4995 1386 5063 impius
1418 4997 1515 5053 Dei
1558 4996 1754 5053 Filium
1779 5000 1969 5055 videre
2017 5017 2131 5056 me-

531 5094 738 5140 reatur.
786 5085 931 5157 Ergo
970 5087 1123 5156 juxta
1172 5088 1558 5160 Symmachum
1601 5094 1696 5164 qui
1744 5094 2135 5166 interpretatus

528 5185 652 5233 est:
690 5175 898 5250 Species
939 5188 1113 5233 autem
1159 5181 1330 5251 quarti
1374 5183 1662 5238 similitudo
1711 5185 1965 5255 ﬁliorum,
2024 5202 2135 5243 non

531 5270 653 5341 Dei,
686 5272 783 5328 sed
811 5270 1044 5327 deorum
1072 5290 1087 5340 ;
1121 5274 1299 5345 angeli
1327 5278 1604 5333 sentiendi
1627 5287 1761 5333 sunt
1784 5321 1799 5345 ,
1830 5280 1919 5350 qui
1948 5290 2004 5335 et
2027 5280 2136 5345 dii,

528 5374 585 5420 et
614 5365 845 5421 deorum
875 5368 959 5423 vel
991 5368 1082 5423 Dei
1117 5368 1210 5423 ﬁlii
1244 5371 1552 5441 saepissime
1582 5383 1989 5442 nuncupantur.
2026 5374 2138 5429 Hoc

520 5459 674 5529 juxta
725 5460 1031 5519 historiam.
1083 5462 1359 5521 Caeterum
1402 5465 1456 5521 in
1504 5474 1639 5539 typo
1672 5468 1983 5539 przcligurat
2033 5469 2139 5525 iste

525 5552 753 5624 angelus
798 5555 915 5617 sive
960 5555 1106 5618 ﬁlius
1156 5558 1255 5618 Dei
1301 5560 1596 5619 Dominum
1647 5572 1896 5619 nostrum
1949 5560 2139 5622 Jesum

596 5840 623 5873 ι
662 5832 956 5917 Victorius,
980 5848 1224 5917 qugrtum
1255 5842 1346 5900 hic
1373 5843 1822 5917 interserit,_sive
1841 5843 1915 5900 eis
1946 5860 2104 5917 quar-

514 5916 629 5962 tum
658 5910 879 5972 nuntiet,
909 5910 1016 5965 etc.
1040 5912 1147 5967 Sed
1177 5928 1307 5968 mss.
1342 5916 1564 5972 minime
1591 5910 2036 5985 sutl‘ragantihus.

2236 4715 2638 4786 generationem.
2666 4712 2915 4782 Epistola
2940 4709 3469 4766 Nabuchodonosor
3502 4712 3561 4767 in
3588 4706 3865 4782 propheta:

2233 4807 2510 4864 volumine
2535 4806 2750 4875 ponitur
2775 4822 2787 4857 :
2821 4811 2881 4859 ut
2910 4818 3016 4858 non
3046 4801 3203 4857 ﬁctus
3233 4802 3304 4856 ab
3338 4803 3461 4858 alio
3491 4798 3858 4873 postearliber

2235 4903 2376 4957 sicut
2420 4899 2754 4971 schphanta
2790 4895 3171 4969 (Porphyrius)
3204 4897 3515 4966 mentitur,
3561 4894 3663 4954 sed
3705 4891 3868 4966 ipsius

2237 4996 2488 5052 Danielis
2513 5008 2637 5050 esse
2669 4993 2946 5048 credatur.

2317 5089 2470 5165 (Cap.
2504 5088 2593 5144 IV.
2626 5117 2698 5128 -
2721 5086 2882 5143 Vers.
2917 5086 2996 5158 l.)
3017 5084 3132 5157 Ego
3182 5084 3708 5141 Nabuchodonosor
3734 5081 3871 5153 quic—

2240 5195 2322 5240 tus
2346 5200 2487 5239 eram
2508 5183 2561 5235 in
2589 5181 2743 5234 domo
2768 5195 2904 5245 mea,
2928 5190 2977 5232 et
3001 5181 3191 5249 ﬂorens
3212 5177 3262 5231 in
3288 5179 3508 5250 palatio
3537 5195 3675 5233 meo.
3701 5177 3873 5232 Histo-

2240 5282 2322 5335 ria
2352 5277 2571 5349 quidem
2619 5273 2908 5331 manifesta
2938 5281 3025 5329 est
3054 5281 3110 5327 et
3150 5289 3257 5326 non
3288 5288 3510 5343 magna
3545 5275 3876 5344 interpreta-

2243 5374 2391 5429 tione
2430 5372 2679 5442 indiget,
2710 5367 2857 5439 quod
2890 5367 2959 5423 ad
2986 5366 3253 5423 oﬁ'ensam
3281 5366 3395 5423 Dei
3428 5368 3879 5426 Nabuchodono-

2241 5482 2335 5522 sor
2364 5480 2557 5521 versus
2587 5464 2643 5518 in
2673 5462 2967 5519 amentiam
2993 5502 3007 5526 ,
3057 5469 3267 5530 septem
3315 5462 3495 5517 annis
3528 5462 3681 5519 inter
3726 5461 3877 5517 bruta

2242 5560 2497 5622 animalia
2523 5558 2768 5628 vixerit,
2804 5564 2862 5615 et
2888 5556 3185 5615 herbarum
3227 5553 3539 5616 radicibus
3577 5558 3746 5616 alitus
3772 5555 3879 5622 sit,

2284 5838 2312 5880 δ
2352 5839 2591 5905 Victor.,
2622 5834 2807 5892 similis
2837 5833 2947 5904 ﬁlio
2991 5832 3086 5888 Dei
3116 5830 3185 5887 ad
3210 5829 3489 5901 Vulgata:
3525 5832 3839 5892 lectionem
3859 5865 3881 5902 ,

2215 5914 2460 5969 subnexa
2487 5909 2833 5980 expositione
2858 5915 3067 5961 tantum
3096 5921 3205 5960 non
3238 5916 3567 5965 renuente.
