4108 6338
323 249 433 310 ἓνιὸ
1150 246 1804 311 COMMENTARlORUM
1842 246 1908 308 ΙΝ
1949 246 2306 307 DANIELEM
2345 247 2571 307 LlBER.
2613 245 2769 309 CAP.
2808 248 2904 307 IV.
3517 250 3622 312 5H

319 380 389 422 ac
430 371 620 438 postea
668 367 1048 426 misericordia
1088 370 1183 427 Dei
1222 364 1515 428 restitutus
1560 371 1614 426 in
1649 383 1878 442 regnum
1901 411 1917 437 ,
1948 375 2003 436 Α
2027 367 2168 439 quod
2198 375 2253 424 et
2270 366 2779 424 Nabuchodonosor
2820 366 3061 424 visiones
3111 380 3219 423 non
3251 366 3533 425 oculorum
3564 376 3622 425 et

320 460 636 519 laudaverit
666 471 723 520 et
749 463 1149 536 gloriﬁcaverit
1188 480 1376 538 regem
1406 463 1554 533 caeli,
1586 464 1714 536 quia
1743 462 1927 519 omnia
2029 459 2237 527 cordis,
2262 460 2355 517 sed
2384 461 2578 532 capitis
2629 460 2844 517 noverit
2874 478 2889 515 :
2938 462 3065 532 quia
3118 470 3346 533 propter
3393 461 3625 533 gloriam

318 567 492 625 Opera
532 555 654 627 ejus
677 571 844 625 vera;
871 567 930 615 et
963 558 1067 614 viae
1096 558 1216 631 ejus
1242 558 1445 630 judicia
1469 600 1488 627 ,
1519 566 1575 614 et
1614 556 1930 629 gradientes
2028 569 2315 612 servorum
2365 554 2465 611 Dei
2507 555 2812 611 futurorum
2860 554 2940 611 illi
2973 555 3231 626 mysteria
3281 555 3623 613 revelantur.

320 648 385 704 in
413 650 674 712 superbia
696 659 878 722 potest
904 650 1215 709 humiliare.
1244 651 1354 710 Sed
1376 650 1471 724 qui
1496 650 1688 707 volunt
1710 665 1807 722 per
1823 649 1930 706 Na—
2102 652 2121 721 (
2144 650 2309 707 Vers.
2341 650 2421 722 6.)
2447 648 2626 705 Donec
2665 650 2864 723 collega
2892 651 3153 723 ingressus
3175 661 3249 707 est
3274 652 3329 708 in
3350 662 3629 725 conspectu

317 741 755 801 buchodonosor
777 747 1112 803 contrariam
1151 746 1461 818 intelligere
1510 744 1883 801 fortitudinem
1908 786 1924 814 ,
2029 758 2142 798 meo
2170 742 2383 809 Daniel,
2417 742 2444 781 δ
2492 746 2577 799 cui
2607 761 2794 799 nomen
2823 744 3106 801 Balthasar
3133 748 3414 802 secundum
3439 764 3629 803 nomen

321 836 398 894 de
414 853 523 909 qua
544 837 809 895 Dominus
837 841 1082 912 loquitur
1108 840 1164 895 in
1197 839 1522 911 Evangelio:
1548 838 1801 894 Videbam
1824 837 1933 894 Sa»
2032 834 2129 889 Dei
2158 837 2274 891 mei.
2301 836 2558 907 Exceptis
2581 835 2725 892 LXX
2744 833 2911 911 646
2933 838 3375 910 translatoribus,
3399 841 3495 912 qui
3518 843 3635 897 haec

325 941 510 987 lanam
531 934 680 1005 quasi
699 933 876 1006 fulgur
904 934 1170 988 cadentem
1196 934 1260 987 de
1280 933 1408 988 cwlo
1442 931 1593 1000 (Luc.
1622 947 1680 999 x,
1715 929 1826 1001 18).
1861 926 1932 983 Et
2033 931 2214 987 omnia
2240 931 2431 987 nescio
2458 947 2563 1003 qua
2593 934 2808 988 ratione
2835 933 3245 1004 praeterierunt,
3270 943 3381 992 tres
3407 936 3634 1008 reliqui,

323 1024 572 1082 Joannes
602 1026 656 1082 in
686 1026 1054 1098 Apocalypsi,
1084 1026 1229 1098 quod
1274 1026 1441 1082 draco
1469 1025 1672 1081 cadens
1720 1024 1772 1078 in
1826 1032 1933 1078 ter-
2038 1033 2061 1061 ο
2093 1022 2345 1095 collegam
2397 1025 2744 1095 interpretati
2791 1035 2939 1081 sunt.
2974 1024 3150 1093 .Unde
3183 1027 3389 1097 judicio
3440 1031 3639 1101 magis-

324 1133 446 1174 ram
474 1160 490 1184 ,
518 1119 737 1174 tertiam
760 1128 970 1190 partem
1000 1118 1281 1174 stellarum
1298 1133 1484 1175 secum
1502 1115 1929 1186 traxerit(Apoc.
2036 1125 2249 1172 trornm
2283 1117 2563 1187 Ecclesiae,
2604 1118 2775 1175 editio
2798 1134 2991 1175 eorum
3020 1120 3074 1174 in
3112 1120 3218 1175 hoc
3247 1121 3522 1178 volumine
3552 1139 3637 1181 re-

324 1209 465 1282 ιιι).
499 1210 569 1267 Et
602 1210 772 1267 Isaias
812 1230 827 1266 :
860 1211 1133 1280 Quomodo
1180 1212 1366 1266 cecidit
1406 1210 1613 1279 lucifer,
1656 1210 1743 1280 qui
1784 1225 1935 1263 mane
2036 1209 2258 1278 pudiata
2288 1220 2411 1275 est;
2444 1218 2500 1266 et
2546 1210 2944 1267 Theodotionis
2971 1212 3133 1284 vulgo
3184 1212 3400 1285 legitur,
3436 1230 3556 1285 quae
3585 1222 3642 1272 et

324 1306 599 1361 oriebatur
632 1304 791 1379 (Isai.
831 1322 945 1375 xiv,
980 1305 1121 1378 9.2)?
1150 1316 1408 1362 asserunt
1456 1318 1797 1377 nequaquam
1840 1317 1936 1372 po—
2038 1300 2289 1371 Hebrmo,
2320 1312 2374 1358 et
2402 1302 2616 1358 cazteris
2644 1304 3069 1359 translatoribus
3096 1306 3370 1377 congruit.
3401 1305 3557 1362 Unde
3584 1315 3642 1363 et
3683 1319 3723 1360 ι

322 1399 504 1454 tuisse
551 1398 713 1466 ﬁeri,
748 1407 806 1455 ut
855 1398 980 1455 feno
1010 1413 1111 1469 per
1160 1407 1369 1469 septem
1407 1413 1583 1453 annos
1614 1403 1939 1451 vescerelur
2037 1394 2304 1466 Origenes
2332 1396 2386 1451 in
2435 1411 2582 1453 nono
2630 1397 2965 1454 Stromatum
3015 1399 3292 1455 volumine
3336 1402 3535 1457 asserit
3578 1417 3641 1459 se

323 1489 502 1549 homo
532 1492 625 1564 qui
672 1492 914 1548 nutritus
946 1492 1111 1549 estin
1145 1491 1359 1548 deliciis
1383 1533 1399 1557 ,
1428 1502 1485 1548 et
1525 1498 1734 1560 septem
1779 1490 1938 1545 annis
2039 1504 2159 1559 quae
2214 1501 2519 1559 sequuntur
2553 1491 2622 1546 ab
2644 1489 2748 1546 hoc
2780 1492 2903 1547 loco
2954 1492 3008 1547 in
3066 1492 3340 1563 propheta
3390 1493 3639 1564 Daniele,

323 1584 540 1655 absque
585 1585 693 1640 ulla
744 1586 1075 1642 laceratione
1110 1585 1365 1656 corporis
1392 1586 1685 1653 sni,inter
1734 1584 1939 1639 bestias
2041 1597 2148 1636 non
2188 1582 2339 1650 juxta
2390 1583 2749 1656 Septuaginta
2792 1586 3143 1658 interpretes,
3190 1587 3282 1658 qui
3315 1588 3543 1644 multum
3574 1589 3644 1646 ab

322 1680 557 1738 vixerit.
593 1681 658 1736 Et
679 1680 955 1753 quomodo
984 1681 1187 1737 amenti
1220 1680 1427 1735 homini
1457 1695 1555 1751 per
1595 1687 1804 1750 septem
1841 1692 1937 1731 an-
2040 1673 2316 1730 Hebraica
2369 1678 2601 1733 veritate
2648 1677 3010 1748 discordant,
3045 1680 3140 1737 sed
3188 1681 3344 1751 juxta
3383 1680 3641 1740 Theodo-

325 1789 436 1831 nos
466 1772 631 1848 645
664 1774 954 1845 imperium
982 1782 1321 1831 reservatum
1350 1773 1444 1841 sit,
1475 1786 1811 1843 regnumque
1841 1784 1938 1840 po-
1962 1775 2015 1838 Β
2045 1767 2208 1822 tionis
2239 1768 2536 1824 editionem
2587 1770 2885 1829 disserere.

327 1866 708 1924 tentissimum
751 1866 957 1937 absque
987 1882 1114 1938 rege
1139 1874 1293 1921 tanto
1320 1874 1565 1935 tempore
1609 1863 1772 1919 fuerit
1797 1878 1809 1917 :
1844 1870 1939 1917 aut
2113 1859 2216 1927 Qui
2243 1860 2393 1915 habet
2412 1863 2655 1933 spiritum
2679 1864 2896 1919 deorum
2924 1875 3222 1922 sanctorum
3252 1868 3305 1923 in
3328 1870 3602 1941 semetipso
3623 1885 3644 1927 :

325 1961 384 2017 si
424 1960 568 2016 alius
608 1959 688 2015 illi
717 1960 1047 2017 successerit
1084 1959 1140 2015 in
1168 1974 1398 2030 regnum
1424 1999 1439 2026 ,
1470 1958 1627 2029 cujus
1662 1955 1939 2012 vecordiae
2040 1959 2087 2005 et
2112 1953 2373 2007 somnium
2402 1969 2583 2009 coram
2608 1958 2722 2028 ipso
2744 1957 2942 2013 locutus
2968 1975 3105 2028 sum,
3134 1970 3241 2016 etc.
3270 1960 3376 2017 Pro
3405 1977 3473 2018 eo
3499 1962 3645 2034 quod

327 2052 696 2110 aestimandus
742 2052 847 2120 sit,
896 2061 955 2108 ut
1000 2052 1224 2109 cederet
1271 2050 1543 2123 imperio,
1582 2050 1731 2122 quod
1787 2056 1941 2104 tanto
2042 2044 2132 2101 hic
2163 2046 2383 2116 dicitur,
2442 2049 2669 2106 deorum
2718 2062 3060 2122 sanctorum,
3094 2054 3275 2127 lingua
3326 2055 3644 2125 Chaldaica,

330 2158 589 2221 tempore
634 2148 983 2221 possidebat:
1018 2148 1321 2219 praesertim
1348 2161 1472 2203 cum
1506 2146 1752 2201 historiae
1781 2141 1942 2199 Chal-
2042 2154 2146 2209 qna
2197 2142 2437 2211 scriptus
2489 2152 2575 2199 est
2625 2143 2841 2213 Daniel,
2918 2147 3153 2219 legimus
3221 2165 3379 2206 eum
3439 2166 3647 2208 CADISIN

328 2243 586 2299 datorum
614 2242 751 2298 nihil
782 2242 892 2298 tale
919 2243 1274 2307 contineant;
1306 2255 1408 2297 nec
1440 2239 1682 2311 potuisse
1716 2235 1854 2300 ﬁeri,
1885 2242 1946 2290 ut
2044 2235 2262 2322 (τἰυντρ
2286 2221 2491 2325 νηί-ηρ),
2547 2239 2695 2310 quod
2739 2239 2875 2296 Deos
2924 2252 3160 2309 sanctos,
3193 2248 3265 2313 (et
3314 2260 3423 2301 non
3478 2245 3646 2301 Deum

332 2338 432 2409 qui
478 2338 547 2394 de
590 2338 900 2394 minoribus
951 2337 1327 2407 scripserant,
1362 2336 1574 2405 majora
1623 2334 1939 2390 reticerem.
2044 2337 2281 2382 sanctum
2309 2330 2604 2402 signiﬁcat,
2656 2342 2714 2388 ut
2760 2334 3071 2390 Theodotio
3117 2338 3514 2409 interpretatus
3539 2345 3648 2394 est.

334 2432 475 2489 Haec
502 2441 685 2489 autem
710 2432 896 2488 omnia
925 2440 1227 2502 aquaerunt
1274 2438 1330 2485 et
1377 2428 1683 2498 replicant:
1715 2435 1774 2482 ut
1820 2441 1945 2482 cum
2046 2417 2157 2476 Nec
2191 2420 2389 2476 mirum
2437 2423 2484 2478 si
2523 2433 2674 2480 erret
2714 2425 3261 2491 Nabuchodonosor:
3301 2441 3357 2486 et
3384 2430 3649 2501 quidquid

336 2525 575 2582 historia
605 2541 714 2582 non
748 2526 999 2592 steterit,
1030 2541 1127 2597 per
1153 2523 1656 2581 Nabuchodonosor
1685 2521 1945 2577 diabolus
2046 2525 2214 2583 ευρθτ
2240 2508 2313 2571 ‘53
2352 2517 2553 2583 cem“,
2588 2532 2698 2573 ηοη
2752 2518 2943 2589 Deum,
3001 2520 3101 2577 8εά
3148 2522 3283 2578 deos
3330 2523 3649 2581 arbitrelm‘.

335 2618 709 2690 signiﬁcetur,
761 2618 914 2685 Quod
959 2631 1060 2674 ηοε
1100 2631 1445 2688 nequaquam
1502 2615 1835 2685 recipimus,
1876 2628 1948 2669 ne
2050 2606 2297 2679 Denique
2348 2618 2403 2664 et
2456 2614 2511 2665 in
2551 2613 3065 2684 consequentibus:
3098 2614 3401 2687 Balthasar,
3457 2617 3653 2689 inquit,

335 2712 529 2766 omnia
570 2725 698 2782 quae
745 2711 1011 2782 legimus,
1064 2709 1273 2765 umbra:
1314 2707 1602 2763 videantur
1626 2716 1682 2763 et
1723 2704 1944 2761 fabulae.
2052 2702 2292 2773 princeps
2340 2703 2687 2777 hariolorum,
2740 2723 2889 2779 quem
2943 2718 3036 2781 ego
3084 2711 3193 2765 scio
3240 2712 3380 2782 quod
3408 2713 3653 2783 spiritum

338 2802 478 2873 Quis
503 2804 652 2859 enim
683 2814 931 2860 amentes
957 2802 1208 2858 homines
1235 2816 1343 2857 non
1390 2807 1581 2857 cernat
1610 2801 1784 2855 instar
1812 2799 1949 2854 bru-
2052 2796 2266 2851 deorum
2317 2808 2618 2855 sanctorum
2646 2800 2833 2857 habeas
2863 2804 2919 2857 in
2948 2813 3014 2858 te.
3065 2804 3355 2861 Balthasar
3399 2807 3656 2878 princeps

342 2906 529 2953 torum
550 2896 910 2953 animantium
942 2898 995 2952 in
1023 2897 1169 2968 agris
1199 2896 1384 2951 vivere
1406 2893 1651 2965 locisque
1672 2893 1952 2966 sylvestri-
2055 2889 2392 2947 hariolorum
2433 2893 2551 2950 sive
2598 2893 3023 2963 incantatorum,
3058 2905 3118 2952 ut
3164 2897 3260 2953 alii
3312 2899 3659 2969 interpretati

341 2990 497 3047 bus?
525 2992 590 3047 Et
614 2999 673 3047 ut
696 2998 892 3047 cuncta
924 2999 1253 3061 praeteream
1283 3030 1297 3056 ,
1329 3003 1454 3043 cum
1503 2989 1674 3042 multo
1717 2986 1955 3042 incredi-
2053 2992 2204 3065 sunt.
2248 2982 2363 3039 Non
2405 2985 2601 3041 mirum
2640 2988 2687 3042 si
2722 2987 2974 3060 princeps
3021 2988 3360 3046 hariolorum
3411 2992 3655 3047 omnium

343 3085 586 3153 biliora,
638 3093 697 3140 et
744 3084 950 3141 Graecae
999 3091 1055 3139 et
1091 3082 1354 3138 Romante
1401 3081 1645 3136 historiae
1687 3079 1954 3135 accidisse
2055 3075 2388 3132 constitutus
2415 3077 2509 3149 sit,
2534 3078 2628 3150 qui
2650 3079 2716 3135 ad
2743 3090 3080 3152 praeceptum
3135 3082 3280 3154 regis
3329 3084 3656 3154 sapientiam

350 3176 669 3234 hominibus
697 3176 1079 3248 prodiderint;
1107 3174 1346 3247 Scyllam
1375 3189 1591 3245 quoque
1635 3181 1692 3228 et
1736 3172 2025 3236 Chime-C
2058 3169 2329 3227 didicerat
2374 3171 2793 3241 Chaldaeorum;
2841 3183 2897 3231 et
2940 3175 3234 3247 decuplum
3282 3177 3525 3234 omnium
3577 3193 3665 3234 sa-

348 3286 470 3327 ram
494 3313 511 3339 ,
550 3270 791 3343 Hydram
812 3312 829 3339 ,
858 3281 1023 3342 atque
1052 3270 1357 3325 Centauros
1383 3309 1398 3333 ,
1422 3282 1553 3323 aves
1580 3276 1636 3323 et
1660 3265 1826 3332 feras,
1860 3264 1962 3319 llo-
2065 3267 2305 3336 pientior
2329 3266 2511 3324 fuerat
2540 3269 2817 3325 inventus.
2850 3271 3167 3338 Quaeramus
3215 3271 3286 3328 ab
3333 3271 3417 3328 his
3463 3272 3556 3344 qui
3607 3273 3662 3329 in

349 3381 445 3424 res
470 3376 525 3423 et
565 3367 821 3432 arbores,
854 3366 1045 3421 stellas
1075 3373 1130 3420 et
1162 3363 1375 3434 lapides
1407 3361 1580 3417 factos
1623 3375 1691 3416 ex
1725 3357 1963 3414 bomini-
2066 3359 2167 3415 hac
2195 3361 2410 3418 visione
2459 3378 2566 3418 non
2599 3364 2873 3434 recipiunt
2899 3363 3213 3433 historiam,
3270 3366 3393 3437 quis
3441 3367 3547 3423 iste
3591 3367 3667 3423 sit

353 3460 463 3517 bus
488 3469 709 3517 narrent
739 3458 967 3515 fabulae:
994 3457 1123 3530 quid
1154 3458 1353 3512 mirum
1383 3454 1534 3510 estsi
1567 3452 1632 3507 ad
1662 3450 1965 3507 ostenden-
2065 3453 2569 3514 Nabuchodonosor
2596 3459 2687 3531 qui
2712 3460 2987 3515 somnium
3018 3459 3257 3525 viderit;
3290 3470 3346 3516 et
3391 3462 3513 3533 quis
3557 3461 3664 3518 Da-

352 3557 482 3614 dam
512 3555 809 3629 potentiam
839 3554 934 3610 Dei
961 3597 976 3622 ,
1003 3561 1057 3609 et
1097 3549 1492 3607 humiliandam
1538 3562 1730 3617 regum
1762 3559 1958 3614 super-

2067 3553 2179 3608 niel
2209 3553 2596 3624 quisomninm
2647 3557 2766 3625 ejus
2797 3556 3089 3623 edisserat,
3146 3566 3202 3613 et
3249 3566 3475 3613 ventura
3519 3573 3665 3630 pra:-

356 3651 507 3707 biam
532 3692 548 3718 ,
579 3650 681 3706 hoc
713 3648 809 3704 Dei
850 3645 1059 3718 judicio
1102 3646 1172 3701 sit
1210 3653 1485 3715 patratum
1509 3638 1787 3708 isQuietus
1814 3651 1964 3692 eram

2068 3644 2244 3713 dicat;
2276 3655 2330 3702 et
2358 3646 2637 3718 quomodo
2660 3648 2747 3703 hic
2777 3648 2893 3719 ipse
2925 3648 3139 3716 Daniel,
3172 3651 3264 3721 qui
3297 3652 3484 3722 utique
3510 3650 3666 3721 juxta

358 3746 414 3801 in
440 3744 608 3800 domo
633 3757 777 3808 mea,
803 3751 859 3798 et
885 3742 1092 3797 ﬂorens
1119 3738 1171 3793 in
1202 3737 1412 3809 palatio
1441 3734 1717 3803 meO.Sive
1742 3733 1798 3786 ίη
1824 3730 1969 3784 υπο⁶
2069 3755 2190 3808 eos,
2218 3751 2405 3797 sancta
2445 3740 2805 3813 intelligenda
2852 3753 2937 3799 est
2982 3742 3266 3812 fortitudo,
3305 3760 3335 3800 a
3381 3744 3669 3802 Nabucho-

357 3857 450 3907 no,
477 3847 537 3895 nt
580 3839 975 3910 interpretatus
1007 3842 1093 3890 est
1140 3832 1466 3890 Theodotio.
1501 3830 1732 3885 Domum
1782 3831 1967 3880 autem

2070 3835 2309 3891 donosor
2365 3836 2620 3908 princeps
2676 3837 3008 3893 hariolorum
3057 3838 3175 3910 ejus
3230 3840 3580 3896 constituitur
3614 3849 3672 3897 et

360 3932 609 3999 diaboli,
640 3933 731 4003 qui
778 3944 1001 3987 sensum
1051 3936 1351 3999 sequuntur
1398 3922 1735 3980 contrarium
1762 3961 1776 3986 .
1811 3935 1970 3975 muu-
2072 3930 2283 4000 collega
2310 3930 2655 4001 appellatur?

358 4026 497 4084 dum
547 4027 711 4081 ίεῑυω
756 4023 1088 4093 ίηιθηίῧυηῑο
1120 4020 1197 4076 De
1223 4034 1331 4091 (1υο
1358 4025 1414 4073 ει
1443 4016 1496 4071 ί¹¹
1526 4014 1824 4085 Ενίιιιεειίο
1854 4011 1971 4082 ipse
2151 4023 2341 4096 (Vers.
2384 4024 2465 4095 7.)
2492 4024 2769 4094 Videbam,
2792 4034 2839 4081 et
2862 4042 2977 4082 ecce
3007 4024 3162 4082 arbor
3208 4027 3263 4082 in
3290 4026 3464 4082 medio
3498 4034 3672 4095 terrm,

362 4118 609 4189 loquitur
662 4116 728 4171 ad
772 4114 1157 4171 Salvatorem:
1206 4109 1337 4166 Htec
1375 4109 1550 4163 omnia
1598 4106 1729 4161 mihi
1775 4104 1974 4159 tradita

2075 4128 2123 4174 et
2167 4119 2393 4174 altitudo
2422 4119 2535 4191 ejus
2558 4120 2740 4188 nimia,
2783 4130 2890 4177 etc.
2920 4120 3039 4176 Non
3077 4120 3253 4177 solum
3283 4120 3350 4176 de
3378 4120 3673 4177 Nabucho-

363 4219 486 4268 sunt
532 4209 716 4285 (Matt.
760 4224 836 4275 1v,
885 4206 963 4280 9).
990 4207 1059 4261 Et
1097 4204 1392 4275 Apostolus
1441 4201 1613 4258 dicit:
1646 4197 1880 4254 Mundus
1917 4198 1974 4252 in

2076 4213 2321 4271 donosor
2372 4229 2503 4286 rege
2555 4214 2961 4281 Chaldaeorum,
2994 4215 3093 4272 sed
3118 4214 3187 4271 de
3218 4217 3473 4273 omnibus
3498 4216 3683 4288 impiis

365 4305 601 4378 maligno
630 4303 829 4375 positus
858 4308 934 4355 est
963 4297 1008 4372 (ι
1033 4296 1193 4353 Ῑοαηο
1223 4295 1307 4368 ν)ο
2077 4310 2345 4382 propheta
2375 4309 2616 4381 loquitur
2644 4328 2660 4367 :
2697 4308 2819 4365 Vidi
2858 4311 3075 4383 impium
3120 4311 3588 4383 superexallalum,
3633 4323 3681 4368 ct

367 4444 375 4451 ·
443 4420 466 4493 (
488 4420 645 4475 Vers.
674 4416 758 4489 2.)
793 4414 1071 4473 Somnium
1107 4412 1214 4468 vidi
1257 4411 1397 4485 quod
1428 4407 1707 4483 perterruit
1734 4423 1816 4462 me
1862 4421 1879 4460 :
1928 4416 1976 4463 ct
2081 4403 2335 4458 eleuatum
2362 4404 2497 4457 sicut
2527 4404 2707 4459 cedros
2738 4400 2926 4459 Libani
2952 4404 3091 4477 (Ps.
3146 4421 3335 4471 XXXVI,
3385 4407 3455 4463 ’55
3478 4406 3537 4477 ):
3586 4407 3681 4478 qni

371 4514 715 4587 cogitationes
746 4526 873 4566 mete
924 4510 981 4563 in
1026 4516 1193 4563 stratu
1240 4521 1371 4573 meo,
1424 4513 1533 4560 etc.
1590 4500 1980 4572 Respondeant
2007 4583 2043 4587 Α
2082 4511 2187 4551 non
2213 4496 2475 4551 virtutum
2505 4495 2896 4567 magnitudine,
2923 4496 3018 4552 sed
3045 4512 3142 4553 sua
3175 4498 3459 4554 elevantur
3487 4513 3685 4569 super-

369 4583 544 4680 quale
568 4604 846 4661 somnium
872 4599 1071 4658 viderit
1090 4597 1367 4656 contraria
1386 4594 1682 4653 fortitudo:
1706 4594 1812 4649 nisi
1843 4593 1982 4648 forte
2006 4583 2062 4645 D
2087 4590 2210 4645 hia:
2251 4597 2308 4646 et
2349 4589 2473 4647 ideo
2512 4590 2861 4659 exciduntur,
2907 4599 2963 4646 et
3003 4601 3283 4649 corruunt.
3315 4592 3478 4668 647
3532 4594 3685 4652 Unde

370 4715 544 4760 omne
591 4698 736 4771 quod
778 4698 833 4754 in
886 4697 990 4754 hoc
1020 4693 1223 4752 mundo
1266 4693 1474 4750 habere
1502 4691 1744 4761 videtur,
1789 4688 1977 4745 umbra
2085 4683 2287 4740 bonum
2310 4693 2396 4739 est
2419 4683 2556 4740 illud
2580 4682 2783 4742 sectari
2804 4684 2944 4756 quod
2968 4685 3228 4743 Dominus
3250 4688 3480 4745 docetin
3506 4688 3687 4744 Evan-

372 4805 435 4855 ει
459 4796 736 4853 somnium
762 4802 870 4852 εει,
2086 4778 2227 4851 gelio
2251 4795 2265 4831 :
2309 4776 2508 4833 Discite
2545 4794 2578 4833 a
2602 4793 2701 4848 me,
2730 4778 2857 4846 quia
2902 4776 3042 4832 mitis
3085 4779 3198 4835 sitm
3223 4780 3501 4836 ethumilis
3531 4781 3687 4837 corde

450 4889 524 4945 Et
573 4888 792 4944 visiones
835 4886 1019 4959 capitis
1071 4885 1172 4940 mei
1218 4882 1656 4941 conturbauerunt
1700 4896 1803 4936 me.
1843 4877 1979 4936 Nota
2088 4872 2324 4947 (Matth.
2350 4888 2429 4945 ιι,
2460 4871 2587 4946 29).
2622 4870 2780 4941 Quod
2825 4881 3009 4929 autem
3060 4874 3137 4931 ait
3161 4874 3317 4947 juxta
3355 4874 3688 4934 Theodotio-

453 5110 481 5140 ι
517 5098 600 5156 Ita
627 5095 825 5171 quibus
850 5095 1058 5177 utimur
1084 5106 1217 5149 mss.
1248 5099 1303 5147 et
1322 5089 1565 5177 Vict.nex
1592 5084 1985 5144 vetustioribus
2094 5079 2374 5137 codicibus
2404 5093 2535 5177 usus
2569 5094 2756 5177 parum
2787 5080 3115 5177 emendatis;
3144 5091 3203 5136 ut
3229 5080 3501 5177 acciperet
3531 5086 3690 5177 colle-

375 5153 618 5244 vulgatis
635 5153 967 5238 praeferunt.
1002 5166 1256 5223 Martian.
1300 5177 1425 5219 cum
1463 5160 1706 5224 Erasm.,
1752 5167 1985 5229 quwranl
2094 5153 2696 5244 qaut-praeberem)?
2721 5153 3055 5244 igqi'poulqr‘q
3072 5155 3253 5244 inpos
3283 5153 3566 5244 i'n‘G'rteco
3613 5157 3693 5244 le-

379 5222 915 5370 J'ﬁgidﬁii“?
1092 5309 1106 5322 .
1593 5300 1607 5314 ο
1693 5222 1699 5224 ⁷
1764 5222 1774 5229 ’
1904 5300 1915 5312 .
2094 5222 2267 5307 geret.
2324 5222 2509 5280 Potuit
2559 5237 2690 5280 vero
2733 5222 3240 5311 Nabuchodonosor
3288 5228 3588 5314 Danielem.
3625 5243 3693 5284 eo

458 5314 487 5354 ι)
576 5314 708 5370 alat.
751 5312 969 5369 Omisso
1006 5309 1218 5370 reliquo
1246 5320 1435 5370 versu,
1462 5312 1728 5360 continuo
1762 5301 1943 5357 subdit
1971 5317 1985 5353 :
2097 5311 2315 5352 nomine
2340 5298 2603 5370 collegam
2632 5295 2871 5354 voluisse
2892 5299 3192 5370 appellare,
3226 5316 3352 5368 qura
3404 5301 3547 5357 alter
3577 5316 3693 5370 ipse

388 5301 394 5302 ί
458 5314 487 5354 ι)
535 5301 708 5370 Palat.
751 5310 969 5369 Omisso
1006 5309 1218 5380 reliquo
1246 5320 1435 5370 versu,
1462 5301 1728 5360 continuo
1762 5301 1943 5357 subdit
1971 5317 1985 5353 :
2097 5301 2315 5352 nomine
2340 5301 2603 5367 collegam
2632 5301 2871 5354 voluisse
2892 5301 3192 5367 appellare,
3226 5301 3352 5368 quia
3404 5301 3547 5357 alter
3570 5302 3695 5429 ipse

384 5387 579 5445 Caeteri
617 5386 876 5445 similiter,
907 5383 1131 5455 exceptis
1162 5377 1337 5455 LXX,
1364 5376 1589 5455 quihth
1617 5376 1794 5430 omnia
1818 5374 1988 5428 nescio
2096 5380 2150 5425 et
2176 5368 2451 5455 secundus
2484 5384 2513 5421 a
2546 5382 2674 5455 rege
2689 5380 2881 5455 “esset.
2912 5369 3123 5455 gotum
3155 5371 3386 5455 quippe_
3406 5372 3539 5455 illud
3590 5374 3695 5455 Ale-

382 5438 1583 5532 aestimaremnmium.
1761 5527 1782 5532 _
2098 5438 3338 5532 εηεηιίε,Αμειεειξιειῖίειῑεέξξιηιρωιεςέςέιιπειρ
3364 5442 3699 5532 ἀρητῆρος

467 5511 489 5570 ε
532 5511 654 5585 Non
679 5511 964 5599 collegam,
990 5527 1086 5582 sed
1114 5511 1374 5599 alterum;
1396 5523 1512 5599 sive
1536 5511 1644 5599 non
1668 5521 1868 5597 ἑταῖρον
1895 5514 1992 5572 sed

2098 5515 2272 5599 ξιξερος
2298 5513 2415 5587 ἐγώ.
2442 5511 2981 5599 Βθηίιιυθρι-ίξςθηςς,
3005 5514 3283 5599 Ιιοηιὶμηίὸ
3307 5516 3360 5570 in
3390 5511 3661 5599 Numeros
3677 5559 3693 5586 ,

399 5530 405 5532 ν
467 5542 489 5570 c
532 5530 648 5585 Non
679 5530 964 5599 collegam,
990 5530 1086 5582 sed
1114 5530 1370 5590 alterum,
1396 5530 1512 5577 sive
1536 5536 1644 5575 non
1668 5530 1868 5597 ἑταῖρον
1895 5530 1992 5572 seu
2098 5530 2272 5589 erepo:
2298 5530 2415 5587 εγω.
2442 5530 2974 5639 uentqueprtbenes
3005 5530 3196 5598 uomit.
3216 5530 3283 5569 ιδ
3307 5532 3360 5570 ιη
3390 5530 3694 5586 numeros,

388 5604 568 5680 ετιρρν
600 5603 848 5680 laterum
874 5609 1113 5680 Veteres.
1138 5594 1547 5680 °.E."°.mi"a“"‘_
1568 5590 1996 5680 QP'YSS’§F°'BP§
2100 5585 2659 5680 Eili?ﬁ'3‘“‘..‘“.1‘tfi
2690 5586 3267 5680 ⁸1³μῄέ¹ἴ⁸³ῗεί⁸ῗηὲἐῗε
3279 5588 3550 5680 _‘_".'i‘.."f.
3563 5590 3701 5680 1???

393 5616 568 5680 ἕτερον
600 5616 613 5655 Ι
688 5616 848 5656 θτιιηι
874 5616 1113 5665 veteres,
1138 5616 1193 5652 Cl
1220 5616 1542 5650 "Ollllﬂalllll
1569 5616 1996 5675 uurysttatumua
2100 5616 2409 5670 ιιειεξμιηιιω
2435 5616 2496 5640 ιιι
2525 5616 2640 5668 tum
2692 5616 2747 5639 su
2794 5616 3009 5671 unumne
3061 5616 3133 5641 0w
3146 5616 3267 5670 qua.
3298 5616 3421 5642 usus
3473 5616 3538 5643 uc
3583 5616 3701 5661 tpau

393 5690 464 5729 ac
495 5616 896 5730 Theggoretus.
928 5671 1133 5741 Estque
1164 5668 1259 5741 illa
1285 5666 1690 5741 interpretatio,
1715 5675 1997 5741 stvequze
2102 5656 2356 5741 Dantele,
2393 5665 2443 5714 et
2492 5657 2660 5713 tribus
2706 5672 2887 5713 amicis
2933 5674 3047 5731 ejus
3096 5673 3116 5714 :
3159 5668 3464 5732 scripserat
3508 5660 3702 5721 Graece

394 5745 632 5801 amicum
664 5751 760 5800 aut
806 5731 1073 5813 collegam
1126 5740 1389 5813 prasfert,
1419 5731 1997 5813 long_ior:_t__Chaldaica
2105 5731 2348 5806 ἑταίροις.

398 5818 633 5875 veritate
665 5833 679 5872 :
724 5830 896 5888 quare
939 5806 1089 5871 visus
1124 5806 1210 5871 est
1248 5812 1425 5869 doctis
1453 5806 1588 5867 viris
1639 5806 2004 5879 Hieronymus
