4054 6324
487 289 593 353 819
1422 292 1425 297 '
1738 280 1799 341 8.
1837 277 2111 342 EUSEBII
2149 276 2530 341 HIERONYMI
3657 272 3752 339 890

486 412 672 459 rentur
704 418 825 459 vasa
872 415 1034 457 aurea
1063 405 1217 472 atque
1250 405 1519 472 argentea,
1571 414 1686 471 qua:
1732 406 2087 471 asportaverat
2115 399 2165 461 Î‘
2194 395 2459 451 Videntur
2505 399 2685 449 autem
2733 389 2884 461 digiti
2929 388 2984 444 in
3037 386 3246 459 pariete
3294 385 3531 442 scribere
3578 398 3753 445 contra

492 496 978 553 Nabuchodonosor
1006 502 1154 567 pater
1176 495 1288 565 ejus
1308 494 1373 547 de
1393 490 1582 564 templo
1611 492 1752 562 quod
1783 492 1879 562 fuit
1911 492 1965 545 in
1992 488 2085 544 Je-
2191 488 2581 545 candelabrum
2613 504 2627 541 :
2664 501 2732 543 ne
2752 494 2807 542 et
2828 489 3055 551 'manus,
3079 492 3133 539 et
3158 480 3209 537 id
3242 479 3383 551 quod
3416 480 3753 551 scribebatur,

488 592 740 657 rusalem,
770 598 829 644 ut
859 588 1085 644 biberent
1113 588 1167 642 in
1195 587 1266 642 eis
1293 603 1403 655 rex,
1440 595 1547 642 etc.
1580 583 1827 639 Tradunt
1874 582 2087 638 Hebraei
2194 582 2410 652 longius
2439 596 2469 637 a
2501 579 2707 637 lumine
2747 594 2855 635 non
2886 584 3167 649 parerent.
3210 574 3274 630 Et
3306 573 3544 630 scribunt
3584 575 3633 630 in
3675 589 3759 646 pa-

488 681 800 755 hujusmodi
844 681 1083 737 fabulam
1124 697 1138 735 :
1189 694 1361 749 usque
1390 678 1460 735 ad
1495 677 1954 750 septuagesimum
1986 690 2085 730 an-
2191 676 2330 730 riete
2370 674 2509 729 aulae
2540 674 2741 745 regiae,
2775 680 2838 728 ut
2870 670 3141 742 intelligat
3177 683 3274 725 rex
3309 666 3376 722 ad
3404 681 3462 722 se
3507 668 3759 737 pertinere

491 796 647 848 num,
678 795 785 851 quo
823 778 1091 834 Jeremias
1122 776 1495 846 captivitatem
1544 774 1732 845 populi
1776 771 2088 828 Judteorum
2193 768 2335 838 quod
2369 768 2647 823 scribitur.

494 876 714 933 dixerat
742 888 868 930 esse
896 871 1213 929 solvendam
1236 913 1251 938 ,
1280 869 1443 942 652
1469 870 1537 924 de
1569 882 1676 939 quo
1705 876 1760 922 et
1798 865 2093 921 Zacharias
2266 863 2451 937 (Vers.
2488 863 2571 935 6.)
2599 862 2747 917 Tunc
2774 862 2931 933 facies
2958 860 3091 932 regis
3119 865 3430 913 commutata
3460 864 3549 921 est,
3573 863 3672 911 etc.
3703 853 3764 911 Et

491 969 546 1026 in
581 966 847 1040 principio
892 965 1188 1021 voluminis
1230 964 1311 1018 sui
1345 964 1601 1033 loquitur,
1651 960 1861 1016 irritam
1895 967 2093 1029 putans
2196 960 2284 1016 hic
2314 960 2610 1017 notandum
2638 970 2863 1031 propter
2892 973 2987 1014 eos
3020 956 3268 1027 psalmos
3296 952 3387 1025 qui
3423 952 3619 1007 habent
3649 951 3767 1005 titu-

495 1062 593 1118 Dei
624 1058 1073 1132 pollicitationem
1091 1055 1715 1126 Balthasar,falsumque
1739 1054 2090 1125 promissum,
2196 1054 2279 1109 los
2311 1071 2324 1108 :
2371 1053 2483 1108 Pro
2514 1052 2594 1107 his
2621 1052 2711 1124 qui
2760 1048 3214 1106 commutabantur
3239 1092 3253 1117 ,
3285 1045 3428 1117 quod
3478 1043 3766 1100 immutatio

491 1169 691 1211 versus
723 1152 775 1208 in
804 1151 1083 1225 gaudium,
1112 1150 1302 1207 fecerit
1326 1148 1535 1220 grande
1564 1147 1902 1212 convivium,
1925 1144 2097 1199 insul-
2199 1164 2306 1204 non
2333 1148 2508 1204 solum
2540 1146 2745 1214 sancti,
2777 1145 2872 1202 sed
2899 1144 3279 1215 etpeccatoris
3300 1155 3516 1212 quoque
3541 1138 3627 1194 sit.
3650 1138 3767 1194 Nam

494 1257 620 1305 tans
645 1245 1049 1319 quodammodo
1075 1245 1191 1315 spei
1234 1242 1575 1307 Judzeorum,
1614 1249 1670 1296 et
1712 1240 1861 1295 vasis
1905 1237 2094 1306 templi

495 1340 613 1407 Dei,
650 1338 747 1395 sed
773 1339 959 1395 statim
1014 1336 1152 1393 ultio
1203 1346 1500 1393 consecuta
1552 1342 1658 1389 est.
1704 1332 1859 1401 Quod
1911 1340 2095 1386 autem

500 1432 834 1489 Balthasaris
865 1438 1074 1501 patrem
1102 1427 1607 1483 Nabuchodonosor
1630 1434 1815 1497 vocat,
1841 1440 1946 1478 non
1975 1423 2101 1479 facit

499 1541 751 1583 errorem
770 1525 1071 1581 scientibus
1091 1521 1605 1592 sanctteScriptura:
1627 1518 2096 1576 consuetudinem:

500 1634 606 1691 qua
636 1629 842 1689 patres,
874 1632 1064 1673 omnes
1104 1615 1294 1687 proavi
1337 1624 1391 1670 et
1431 1614 1667 1685 majores
1698 1622 1982 1668 vocantur.
2035 1612 2102 1666 Et

501 1711 609 1769 hoc
638 1709 1117 1777 considerandum,
1151 1708 1297 1781 quod
1326 1706 1544 1765 sobrius
1574 1708 1682 1762 ista
1732 1721 1845 1761 non
1894 1704 2098 1770 faciat;

2200 1252 2256 1298 et
2298 1243 2354 1297 in
2400 1241 2869 1314 consequentibus
2899 1239 3169 1308 legimus:
3206 1236 3321 1293 Rea:
3346 1234 3624 1290 Balthasar
3658 1233 3769 1287 satis

2200 1336 2542 1392 conturbatus
2568 1344 2664 1402 est,
2696 1342 2742 1390 et
2773 1334 2946 1389 cultus
2976 1333 3120 1387 illius
3148 1332 3451 1384 immutatus
3475 1338 3568 1383 est.

2275 1428 2453 1504 (Vers.
2480 1426 2559 1499 7.)
2579 1425 2908 1482 Exclamavit
2931 1426 3105 1495 itaque
3124 1440 3218 1479 rea:
3241 1423 3463 1494 fortiter,
3483 1431 3535 1475 ut
3555 1419 3773 1475 introdu-

2204 1531 2375 1577 cerent
2398 1538 2608 1593 magos,
2647 1518 2924 1575 Chaldaeos
2954 1528 2999 1573 et
3032 1518 3333 1588 haruspices
3356 1558 3372 1582 ,
3422 1524 3528 1571 etc.
3576 1514 3777 1570 Oblitus

2202 1632 2394 1674 eorum
2432 1631 2551 1685 qua:
2590 1614 3098 1671 Nabuchodonosor
3136 1611 3486 1676 acciderant,
3515 1610 3775 1680 antiquum

2206 1722 2260 1769 et
2296 1712 2550 1768 inolitum
2607 1726 2718 1767 suae
2767 1709 2945 1781 gentis
2996 1709 3245 1779 sequitur
3274 1722 3525 1764 errorem
3556 1724 3567 1761 :
3598 1715 3659 1761 ut
3685 1721 3780 1760 non

501 1804 599 1860 sed
634 1804 988 1871 temulentus,
1022 1803 1336 1872 oblitusque
1385 1816 1561 1872 ptenae
1592 1816 1712 1871 quae
1740 1796 2103 1857 Nabuchodo-

2222 1805 2305 1862 Dei
2336 1807 2657 1877 prophetam
2678 1846 2693 1872 ,
2727 1804 2822 1861 sed
2848 1818 3056 1875 magos,
3083 1812 3139 1859 et
3166 1801 3456 1859 Chaldaeos
3487 1799 3785 1871 etltaruspi-

500 1911 669 1953 nosor
696 1910 960 1969 proavum
989 1895 1135 1951 illius
1166 1906 1463 1951 consecuta
1490 1901 1595 1949 est.

576 1988 760 2063 (Vers.
786 1988 871 2059 4.)
920 1987 1171 2042 Bibebant
1215 1988 1412 2052 vinum,
1438 1994 1486 2040 et
1518 1984 1802 2041 laudabant
1833 1984 1953 2039 deos
1983 2000 2105 2038 suos

499 2099 710 2149 aureos,
745 2091 793 2136 et
822 2092 1119 2154 argenteos,
1151 2090 1198 2137 et
1250 2096 1436 2147 aereos,
1472 2084 1690 2154 ferreos,
1723 2081 2018 2152 ligneosque
2058 2089 2106 2134 et

499 2180 755 2252 lapideos.
782 2178 995 2245 Quanta
1025 2176 1297 2232 stultitia!
1334 2177 1386 2231 in
1434 2176 1614 2231 aureis
1642 2176 1791 2231 vasis
1820 2175 2067 2231 bibentes
2086 2215 2101 2241 ,

500 2273 637 2329 deos
661 2271 872 2343 ligneos
912 2270 1207 2326 laudabant
1243 2278 1298 2325 et
1350 2270 1614 2340 lapideos.
1663 2268 1930 2337 Quamdiu
1978 2281 2108 2323 vasa

500 2368 724 2424 fuerunt
764 2366 819 2421 in
863 2365 1031 2421 idolio
1084 2364 1399 2437 Babylonis,
1431 2379 1539 2419 non
1572 2373 1655 2419 est
1704 2364 1878 2419 iratus
1919 2363 2107 2419 Domi-

504 2476 609 2519 nus
638 2479 653 2518 :
681 2460 1017 2517 videbantur
1047 2460 1190 2516 enim
1245 2475 1360 2516 rem
1414 2459 1513 2514 Dei
1562 2458 1861 2515 secundum
1886 2474 2107 2530 pravam

498 2556 717 2628 quidem
734 2556 1274 2627 Opinionem,tamen
1303 2553 1491 2610 divino
1519 2554 1689 2609 cultui
1716 2567 2105 2610 consecrasse:

500 2659 790 2722 postquam
814 2659 995 2705 autem
1019 2648 1270 2704 humanis
1293 2649 1481 2704 usibus
1506 2646 1687 2703 divina
1712 2646 2106 2715 contaminant,

501 2744 690 2801 statim
725 2756 885 2813 poena
912 2745 1161 2814 sequitur
1182 2750 1307 2812 post
1334 2739 1705 2811 sacrilegium.
1736 2737 1986 2793 Laudant
2014 2752 2110 2791 au-

505 2844 617 2893 tem
641 2836 775 2893 deos
801 2850 954 2902 suos,
985 2835 1312 2891 insultantes
1337 2833 1451 2890 Deo
1479 2833 1812 2900 Judaeorum;
1835 2831 1978 2903 quod
2004 2830 2110 2887 illis

500 2931 786 2988 victoriam
814 2930 1204 2997 tribuentibus,
1231 2929 1494 2985 bibebant
1519 2929 1572 2983 in
1595 2927 1743 2983 vasis
1765 2925 1906 2996 ejus.
1938 2925 2106 2982 Juxta

501 3023 891 3097 tr0pologiam,
927 3025 1030 3081 hoc
1054 3022 1344 3080 dicendum
1367 3032 1454 3079 est
1486 3041 1499 3077 :
1533 3022 1678 3093 quod
1722 3034 1915 3077 omnes
1935 3021 2110 3075 haere-

505 3119 625 3188 tici,
657 3128 716 3176 et
742 3119 990 3176 doctrina
1024 3118 1297 3175 contraria
1325 3116 1563 3181 veritati,
1588 3131 1708 3187 quae
1729 3113 1959 3170 assumit
1988 3128 2111 3169 ver-

2205 1915 2296 1956 ÏƒÎµÎµ
2324 1908 2503 1957 Î½Î¿Î¿Î¸Î¹.

2278 1993 2521 2067 Purpura
2564 1992 2803 2048 vestietur
2834 2007 2852 2045 :
2896 2000 2944 2046 et
2972 1999 3204 2063 torquem
3245 2005 3461 2044 auream
3500 1986 3698 2042 habebit
3737 1986 3787 2039 in

2207 2088 2363 2143 collo.
2388 2087 2524 2142 Rem
2548 2085 2771 2157 quidem
2800 2086 2937 2141 facio
2959 2083 3267 2150 ridiculam,
3297 2093 3353 2137 ut
3385 2082 3439 2137 in
3460 2081 3791 2152 expositione

2207 2181 2600 2253 praphetarum
2649 2180 2718 2235 de
2766 2179 3059 2236 verborum
3097 2177 3398 2248 generibus
3437 2176 3589 2248 quasi
3629 2189 3793 2246 gram-

2210 2275 2441 2330 maticus
2470 2273 2747 2345 disputem
2774 2291 2787 2329 :
2820 2272 2918 2329 sed
2943 2270 3069 2343 quia
3094 2286 3121 2325 a
3150 2271 3390 2343 quodam
3418 2268 3555 2326 nihil
3580 2270 3793 2334 sciente,

2209 2375 2263 2423 et
2306 2368 2485 2423 omnia
2512 2366 2809 2438 pollicente
2845 2364 3214 2436 reprehensus
3244 2379 3399 2431 sum,
3432 2379 3532 2419 cur
3561 2372 3792 2434 torquem

2208 2478 2409 2535 genere
2458 2461 2722 2518 feminino
2750 2460 3128 2516 transtulerim
3147 2500 3162 2527 ,
3198 2459 3455 2515 breviter
3483 2459 3750 2514 annotabo
3780 2498 3795 2525 ,

2208 2554 2353 2626 quod
2383 2552 2410 2593 Î¹â€™
2436 2553 2637 2610 Cicero
2666 2564 2722 2610 et
2753 2553 2906 2609 Maro
2932 2562 3181 2625 torquem
3206 2552 3258 2608 in
3292 2568 3499 2625 genere
3529 2551 3795 2618 feminino,

2209 2648 2363 2705 Titus
2387 2647 2575 2704 Livius
2600 2647 2906 2703 masculino
2935 2646 3197 2703 dixerint.

2284 2740 2352 2794 Et
2389 2742 2573 2796 tertius
2612 2740 2667 2795 in
2693 2755 2852 2812 regno
2879 2756 2990 2794 meo
3021 2741 3141 2805 erit,
3188 2748 3297 2795 elc.
3329 2737 3435 2797 Vel
3465 2738 3662 2795 tertius
3687 2745 3803 2810 post

2210 2849 2320 2899 me,
2352 2834 2441 2889 vel
2471 2849 2611 2889 unus
2642 2849 2710 2890 ex
2743 2833 2917 2890 tribus
2945 2831 3284 2905 principibus
3311 2874 3328 2902 ,
3365 2849 3509 2907 quos
3540 2833 3666 2890 alibi
3700 2852 3802 2909 Ï„ÏÎ¹-

2216 2932 2415 2992 ÏƒÏ„á½±Ï„Î±Ï‚
2444 2929 2699 3001 legimus.

2286 3024 2486 3096 Regina
2512 3034 2704 3091 autem,
2742 3038 2837 3095 pro
2859 3039 2915 3078 re
2941 3038 3055 3095 qua:
3085 3022 3352 3078 acciderat
3372 3023 3487 3097 regi
3522 3031 3572 3077 et
3601 3020 3808 3094 optima-

2214 3118 2349 3172 tibus
2379 3119 2490 3188 eius
2508 3162 2522 3185 ,
2551 3116 2765 3171 domum
2790 3116 3006 3171 convivii
3035 3117 3266 3188 ingressa
3287 3129 3396 3184 est,
3425 3126 3537 3173 etc.
3557 3116 3702 3171 Hanc
3725 3113 3810 3170 Jo-

506 3213 575 3270 ba
606 3214 1020 3285 prophetarum;
1076 3220 1132 3268 et
1181 3210 1517 3267 testimoniis
1570 3209 1770 3265 divinae
1816 3207 2108 3277 Scriptura:
2135 3214 2178 3275 C
2212 3211 2419 3282 sephus
2437 3211 2613 3264 aviam
2634 3208 2987 3277 Balthasaris,
3007 3207 3271 3281 Origenes
3291 3221 3536 3266 matrem
3553 3208 3808 3264 scribunt:

505 3308 749 3365 abutitur
777 3308 844 3363 ad
876 3323 1097 3363 sensum
1131 3321 1322 3371 suum;
1354 3314 1409 3361 et
1454 3304 1549 3359 dat
1601 3303 1790 3359 bibere
1836 3302 1921 3357 his
1968 3316 2107 3373 quos

504 3402 727 3474 decipit,
760 3411 971 3460 etcum
1004 3400 1200 3473 quibus
1249 3398 1512 3455 fornicata
1572 3406 1658 3454 est
1708 3414 1721 3451 :
1778 3395 1931 3451 tollat
1982 3408 2109 3449 vasa

506 3496 695 3567 templi
730 3496 847 3564 Dei,
881 3503 937 3550 et
967 3494 1268 3551 inebrietur
1294 3491 1350 3547 in
1380 3493 1463 3547 eis
1497 3508 1510 3545 :
1535 3499 1591 3547 et
1620 3505 1727 3546 non
1754 3489 1922 3545 Deum
1954 3486 2109 3557 cujus

502 3603 639 3646 vasa
658 3598 811 3657 sunt,
843 3588 941 3644 sed
971 3588 1105 3644 deos
1135 3587 1320 3643 laudet
1368 3600 1567 3642 aureos
1618 3593 1675 3640 et
1712 3593 2026 3654 argenteos,
2058 3590 2112 3638 et

507 3698 710 3749 aeneos,
744 3694 800 3739 et
828 3682 1057 3751 ferreos,
1087 3682 1412 3752 ligneosque
1440 3688 1496 3736 et
1521 3680 1784 3749 lapideos.
1816 3676 1983 3733 Aurel
2012 3677 2113 3732 mi-

506 3775 567 3831 hi
591 3775 845 3831 videntur
868 3784 893 3812 Î¹
917 3774 973 3829 hi
1004 3772 1097 3845 qui
1119 3772 1368 3829 saeculari
1396 3771 1617 3827 ratione
1644 3770 1932 3842 compositi
1961 3778 2107 3824 sunt.

509 3870 801 3941 Argentei,
835 3872 928 3939 qui
976 3868 1181 3923 habent
1225 3867 1425 3939 eloquii
1448 3875 1815 3939 venustatem,
1848 3875 1903 3922 et
1930 3866 2110 3921 rheto-

450 3981 467 4006 Î¿
509 3963 622 4019 rica
650 3972 771 4018 arte
797 3962 1097 4019 constructi
1126 3970 1274 4016 sunt.
1307 3961 1612 4028 Quiautem
1636 3960 1874 4015 inferunt
1902 3958 2112 4014 fabulas

510 4064 825 4126 poetarum,
857 4063 914 4111 et
942 4055 1174 4109 vetustis
1206 4064 1436 4108 utuntur
1467 4052 1877 4119 traditionibus,
1907 4052 2113 4108 haben-

513 4160 596 4207 tes
626 4150 774 4206 inter
799 4164 859 4205 se
884 4149 1111 4203 multam
1128 4147 1217 4204 vel
1249 4148 1534 4219 elegantia:
1560 4148 1647 4205 vel
1677 4147 1921 4217 stultitiae
1950 4146 2112 4203 diffe-

511 4243 772 4310 rentiam,
794 4240 959 4315 653
989 4242 1080 4297 isti
1114 4249 1382 4298 vocantur
1410 4243 1548 4298 aenei
1578 4252 1631 4297 et
1663 4241 1853 4298 ferrei.
1884 4241 1986 4307 Qui
2016 4256 2115 4296 au-

512 4342 623 4392 tem
655 4334 870 4407 penitus
910 4334 1091 4406 inepta
1126 4346 1459 4407 proponunt,
1490 4336 1653 4407 lignei
1687 4334 2029 4405 appellantur
2058 4343 2115 4392 et

513 4432 735 4505 lapidei.
769 4432 919 4502 Quos
947 4447 1142 4489 omnes
1164 4433 1216 4487 in
1246 4432 1383 4487 duas
1410 4441 1598 4503 partes
1628 4429 2112 4487 Deuteronomium

511 4527 730 4597 dividit,
778 4527 1069 4586 scribens:
1102 4527 1409 4583 Maledictus
1455 4528 1544 4599 qui
1595 4528 1718 4598 facit
1755 4526 2016 4596 sculptile,
2068 4536 2115 4583 et

514 4621 803 4694 conï¬‚atile,
822 4639 951 4696 opus
973 4637 1227 4677 manuum
1246 4621 1486 4690 artiï¬cis,
1520 4632 1566 4677 et
1592 4621 1737 4691 ponit
1761 4619 1896 4675 illud
1926 4622 1979 4675 in
2000 4620 2115 4675 abs-
2138 4639 2191 4700 Î¹)

515 4714 725 4771 condito
764 4713 945 4786 (Deut.
978 4729 1150 4783 xxvtt,
1185 4714 1298 4787 15).
1327 4714 1687 4771 Abscondunt
1724 4714 1868 4770 enim
1918 4730 2109 4770 omnes

513 4807 781 4877 haeretici,
805 4816 862 4865 et
881 4808 1138 4879 operiunt
1158 4807 1566 4864 mendaciorum
1588 4824 1810 4865 suorum
1833 4808 2106 4880 dogmata,

510 4908 572 4957 ut
600 4899 864 4973 sagittent
892 4900 1209 4956 in-obscuro
1232 4910 1414 4958 rectos
1443 4901 1632 4957 corde.
1954 4974 1955 4977 Î·

544 4992 812 5067 (Vers.5.)
826 4990 895 5049 In
909 4993 1090 5049 eadem
1100 4993 1232 5049 hora
1242 5004 1594 5068 apparuerunt
1610 4994 1759 5068 digiti
1769 4997 1915 5067 quasi
1928 5012 2111 5052 manus

510 5087 733 5144 hominis
752 5088 1023 5144 scribentis
1044 5094 1227 5142 contra
1246 5087 1614 5143 candelabrum
1638 5089 1693 5142 iu
1720 5089 1993 5161 superï¬cie
2016 5107 2111 5161 pa-

508 5179 655 5236 rietis
681 5178 821 5237 aula:
858 5180 1033 5253 regiae.
1066 5177 1136 5233 Et
1164 5196 1256 5236 rea:
1303 5182 1583 5253 aspiciebat
1626 5184 1878 5239 articulos
1923 5200 2107 5240 manus

508 5270 801 5327 scribentis.
852 5271 1091 5328 Pulchre
1138 5271 1315 5327 dixit:
1352 5270 1418 5326 In
1457 5274 1633 5331 eadem
1678 5275 1809 5330 hora
1835 5318 1850 5343 ,
1885 5278 2028 5333 sicut
2058 5283 2112 5332 et

510 5375 677 5434 supra
711 5363 943 5437 legimus
971 5363 1040 5423 de
1068 5364 1576 5425 Nabuchodonosor
1604 5387 1617 5423 :
1649 5386 1767 5424 cum
1797 5369 1967 5425 adhuc
1994 5388 2107 5426 ser-

508 5470 594 5511 mo
622 5466 751 5513 esset
778 5463 833 5513 in
855 5474 944 5514 ore
978 5460 1149 5533 regis,
1181 5475 1281 5515 vos:
1308 5462 1371 5516 de
1416 5463 1545 5516 caelo
1576 5463 1720 5529 ruit;
1754 5478 1823 5519 ne
1864 5465 1935 5519 ob
1961 5465 2106 5519 aliud

506 5546 615 5605 sibi
628 5550 779 5607 illata
798 5552 1086 5624 supplicia,
1104 5551 1203 5610 sed
1220 5553 1291 5609 ob
1306 5553 1710 5625 blasphemiam
1722 5566 2103 5627 cognosceret.

583 5794 612 5858 ÎµÎ¹
637 5783 698 5858 in
719 5783 913 5842 iisdem
936 5784 1066 5843 Mss.
1088 5785 1163 5841 dli
1183 5801 1282 5858 pro
1300 5787 1375 5843 hi.

2212 3303 2359 3359 unde
2385 3314 2438 3359 et
2464 3303 2618 3359 novit
2644 3303 2945 3374 pr:eterita,
2974 3317 3094 3373 quas
3121 3318 3218 3359 rex
3245 3302 3568 3375 ignorabat.
3594 3299 3814 3372 Evigilct

2213 3414 2342 3472 ergo
2394 3399 2769 3472 Porphyrius,
2821 3399 2913 3469 qui
2966 3413 3086 3454 eam
3134 3397 3484 3455 Balthasaris
3526 3397 3815 3454 somniatur

2214 3509 2472 3559 uxorem,
2506 3501 2560 3548 et
2589 3491 2773 3548 illudit
2822 3493 2942 3563 plus
2978 3492 3161 3558 scire,
3209 3507 3380 3563 quam
3433 3491 3712 3547 maritum.
3803 3518 3816 3541 Î¹

2285 3587 2469 3659 (Vers.
2497 3586 2612 3657 10.)
2644 3586 2740 3641 Est
2769 3588 2845 3641 vir
2877 3586 2931 3640 in
2960 3602 3118 3657 regno
3141 3595 3227 3640 tuo
3251 3631 3265 3654 ,
3298 3590 3398 3659 qui
3428 3587 3674 3660 spiritum
3703 3582 3818 3637 deo-

2214 3696 2330 3734 rum
2351 3688 2648 3735 sanctorum
2683 3678 2833 3735 habet
2856 3680 2908 3733 in
2938 3696 3011 3734 se.
3041 3678 3250 3734 Prtetcr
3274 3678 3703 3752 Symmachum,
3732 3674 3816 3747 qui

2217 3776 2567 3833 Chaldaicam
2601 3776 2889 3832 veritatem
2928 3784 3150 3832 secutus
3196 3784 3325 3845 est,
3367 3776 3566 3833 caeteri
3592 3774 3820 3849 spiritum

2218 3869 2314 3927 Dei
2340 3872 2683 3942 interpretati
2716 3880 2865 3929 sunt.

2288 3961 2356 4017 Et
2388 3964 2441 4018 in
2473 3964 2653 4019 diebus
2682 3966 2844 4037 patris
2873 3965 2948 4019 tui
2978 3964 3233 4035 sapientia
3265 3972 3314 4019 et
3360 3965 3588 4021 scientia
3618 3964 3823 4019 inrentu:

2217 4067 2337 4113 sunt
2368 4059 2421 4112 in
2450 4074 2507 4113 eo
2534 4102 2550 4128 ,
2582 4068 2687 4115 etc.
2733 4059 2947 4115 Patrem
2990 4070 3151 4117 vocat
3189 4058 3743 4124 Nabuchodonosor,
3775 4061 3825 4108 ut

2218 4166 2382 4222 supra
2414 4152 2648 4207 diximus
2672 4192 2687 4219 ,
2732 4167 2997 4223 proavum
3027 4153 3143 4223 ejus
3171 4196 3187 4222 ,
3234 4155 3555 4210 secundum
3605 4162 3826 4209 consue-

2220 4247 2459 4303 tudinem
2508 4247 2941 4319 Scripturarum.
2976 4246 3243 4303 lmitanda
3288 4257 3487 4305 autem
3529 4257 3616 4305 est
3663 4243 3825 4302 sancti

2217 4341 2319 4396 viri
2357 4347 2411 4396 et
2440 4340 2585 4397 inter
2623 4340 2887 4397 barbaros
2936 4338 3282 4397 conversatio
3313 4383 3331 4409 ,
3366 4356 3498 4398 cum
3541 4338 3691 4411 regis
3719 4333 3827 4390 avia

2217 4435 2305 4493 vel
2332 4444 2511 4492 mater
2537 4451 2636 4507 pro
2659 4435 2923 4492 virtutum
2954 4434 3335 4507 magnitudine
3365 4436 3544 4492 tantis
3569 4449 3694 4490 eum
3724 4433 3831 4487 lau-

2218 4529 2377 4585 dibus
2407 4529 2608 4586 elevet.

2288 4620 2474 4694 (Vers.
2511 4621 2627 4695 ll.)
2655 4622 2736 4678 Ad
2777 4639 2891 4694 quae
2919 4622 3240 4693 respondens
3291 4619 3499 4677 Daniel
3544 4623 3623 4676 ait
3667 4634 3832 4676 coram

2218 4731 2338 4786 rege
2366 4732 2383 4770 :
2427 4714 2649 4773 Munera
2675 4724 2765 4770 tua
2791 4717 2894 4772 sint
2919 4716 3008 4770 tibi
3038 4731 3059 4770 :
3109 4724 3160 4771 et
3191 4715 3333 4769 dona
3363 4715 3564 4771 domus
3607 4724 3712 4769 tua:
3753 4712 3829 4766 ale

2217 4809 2312 4863 teri
2334 4807 2434 4874 da,
2464 4818 2574 4864 etc.
2602 4806 2944 4864 IEmulemur
2974 4806 3277 4873 Danielem,
3303 4804 3488 4878 Regis
3519 4806 3834 4877 dignitatem

2219 4912 2275 4960 et
2303 4920 2531 4960 munera
2559 4912 3005 4961 contemnentem
3023 4942 3039 4969 ,
3070 4902 3163 4974 qui
3186 4902 3409 4973 absque
3449 4902 3637 4975 pretio
3665 4898 3838 4975 profe-

2218 5010 2347 5053 rens
2372 4996 2658 5053 veritatem
2695 4996 2807 5067 jam
2838 4995 2937 5052 illo
2979 5005 3228 5066 tempore
3268 5006 3636 5068 praeceptum
3667 4994 3836 5050 Evan-

2217 5093 2454 5164 gelicum
2499 5092 2828 5164 sequebatur
2860 5109 2875 5147 :
2910 5090 3089 5147 Gratis
3146 5090 3428 5162 accepistis
3452 5133 3468 5160 ,
3500 5091 3672 5165 gratis
3702 5089 3835 5143 date.

2216 5185 2455 5257 Alioqui,
2488 5193 2544 5241 et
2568 5185 2741 5241 tristia
2764 5184 3131 5254 nuntiantem,
3158 5182 3437 5241 indecens
3458 5194 3588 5242 erat
3611 5183 3839 5240 libenter

2212 5278 2353 5335 dona
2376 5280 2674 5351 suscipere.

2284 5372 2465 5446 (Vers.
2494 5372 2580 5431 l9.
2606 5375 2624 5445 )
2656 5373 2796 5441 Quos
2822 5373 3046 5439 volebat,
3078 5370 3434 5444 interï¬ciebat
3454 5417 3471 5443 ,
3501 5381 3554 5429 et
3586 5387 3721 5446 quos
3759 5383 3843 5423 uo-

2210 5469 2381 5538 lebat,
2414 5472 2736 5545 percutiebat
2765 5488 2786 5527 :
2815 5488 2946 5544 quos
2985 5470 3217 5538 volebat,
3255 5468 3543 5527 exultabat
3569 5513 3589 5540 ,
3637 5478 3686 5526 et
3720 5479 3839 5541 quos

2211 5563 2794 5633 t'olebat,ltumiliabat.
2853 5562 3370 5621 Nabuchodonosor
3426 5564 3629 5637 proavi
3698 5559 3844 5635 ponit

2213 5792 2459 5866 exempla
2482 5838 2497 5863 ,
2529 5802 2591 5866 ut
2634 5800 2719 5850 est
2749 5791 2883 5850 illud
2919 5794 3261 5866 notissimum
3309 5806 3376 5849 Î¹Î¹Î¹
3407 5796 3607 5863 0fï¬‚c.,
3634 5796 3728 5860 Si,
3777 5792 3845 5848 de

575 5856 603 5899 Î¹)
644 5857 893 5916 invenias
959 5856 1272 5918 econtrario
1326 5859 1522 5918 saltem
1570 5860 1715 5934 apud
1779 5858 2095 5921 Ciceronem
2203 5856 2426 5933 Manlii),
2456 5856 2567 5937 qui,
2594 5875 2775 5939 torque
2816 5866 3071 5939 detracto,
3105 5865 3359 5937 Torquati
3392 5856 3605 5926 nomen
3629 5856 3843 5926 invenit.
