4108 6338
324 212 441 272 59.!

327 421 650 490 superbiam
684 420 851 477 etiam
882 430 1241 493 pronepotem
1269 422 1473 477 similia
1511 422 1787 477 sustinere
1811 436 1941 475 con-

327 513 535 571 ﬁrmet.
568 515 624 572 Si
658 524 838 571 autem
871 515 1375 573 Nabuchodonosor
1403 531 1541 588 quos
1570 516 1827 580 volebat,
1860 516 1941 570 in-

327 608 642 667 terﬁciebat
665 652 680 677 ,
713 620 770 667 et
798 627 937 683 quos
971 611 1222 679 volebat,
1255 612 1631 684 percutiebat;
1666 626 1803 684 quos
1846 626 1942 667 vo-

329 702 510 769 lebat,
539 703 837 771 exultabat,
880 715 937 760 et
956 720 1094 777 quos
1123 705 1340 762 volebat
1371 705 1691 761 humiliabat
1719 723 1731 759 :
1764 706 1818 762 in
1840 703 1941 760 hu-

327 794 643 866 juscemodi
672 797 995 867 honoribus,
1024 810 1079 856 et
1103 800 1578 872 percussionibus,
1598 800 1941 857 exaltatione

332 898 399 946 et
438 891 841 959 humiliatione,
873 908 979 948 non
1020 902 1107 950 est
1132 892 1229 949 Dei
1253 892 1598 964 providentia
1624 936 1638 961 ,
1671 909 1774 949 nec
1801 908 1944 964 pra:-

332 995 604 1057 ceptum:
644 987 743 1045 sed
788 1002 979 1044 eorum
1023 989 1275 1044 voluntas
1316 988 1631 1059 percutiunt
1668 1003 1807 1060 quos
1849 1003 1943 1044 vo-

329 1076 576 1145 iuerint,
608 1088 667 1135 et
706 1080 989 1147 exaltant,
1023 1088 1079 1136 et
1107 1080 1339 1152 reliqua.
1378 1080 1532 1149 Quod
1559 1095 1682 1135 cum
1713 1081 1785 1135 ita
1831 1082 1901 1135 sit
1925 1122 1941 1149 ,

332 1170 698 1240 quaerendum
728 1180 848 1238 est,
881 1186 991 1243 quo
1017 1186 1184 1229 sensu
1217 1172 1355 1227 illud
1384 1173 1598 1243 legatur
1633 1189 1647 1227 :
1680 1170 1783 1227 Cor
1810 1172 1946 1244 regis

335 1263 399 1317 in
446 1281 605 1318 manu
656 1263 799 1319 Dei:
840 1281 1162 1336 quocumque
1208 1264 1458 1331 voluerit,
1490 1264 1624 1318 illud
1669 1263 1948 1319 declinabit

340 1353 537 1426 (Prov.
573 1372 671 1411 xxt
694 1397 710 1419 ,
745 1358 798 1428 l)
830 1396 843 1423 ,
878 1357 982 1412 nisi
1022 1357 1162 1413 forte
1194 1367 1443 1413 sanctum
1484 1372 1754 1426 quemque
1807 1356 1950 1412 dica-

337 1463 470 1504 mus
510 1448 672 1522 655
705 1463 891 1520 regem
917 1489 931 1513 ,
962 1448 1119 1520 cujus
1168 1465 1275 1504 non
1321 1458 1518 1521 regnat
1563 1457 1843 1519 peccatum
1895 1449 1948 1505 in

334 1542 563 1596 mortali
587 1556 819 1612 corpore
840 1584 856 1609 ,
881 1551 936 1597 et
959 1542 1118 1612 cujus
1146 1542 1268 1597 ideo
1299 1550 1553 1597 servatur
1580 1556 1702 1607 cor,
1736 1544 1863 1613 quia
1890 1528 1947 1597 in

338 1650 513 1691 manu
544 1635 640 1691 Dei
680 1644 763 1691 est
802 1635 987 1708 (Rom.
1015 1632 1112 1707 rt).
1143 1635 1418 1706 Quidquid
1458 1644 1645 1692 autem
1694 1635 1746 1690 in
1786 1650 1950 1691 manu

1134 207 1782 270 COMMENTARIORUM
1821 208 1888 269 IN
1926 205 2280 269 DANIELEM
2317 205 2521 270 LIBER
2558 208 2710 268 CAP.
2753 210 2841 270 Vl.

325 326 645 397 exemplum
687 342 702 380 :
738 334 801 381 ιιι
838 333 893 381 et
930 325 1025 382 Dei
1057 324 1327 398 justitiam
1360 327 1550 383 doceat
1576 368 1591 394 ,
1625 336 1679 384 et
1714 334 1939 398 propter
1967 338 2018 396 Α

3533 218 3641 275 522

2119 323 2296 396 (Vers.
2324 323 2439 394 29.)
2460 324 2627 395 653
2649 325 2790 378 Tunc
2811 324 3028 399 jubente
3048 342 3165 400 rego
3190 326 3403 383 inclutus
3429 338 3502 385 est
3522 331 3633 387 Da-

2042 418 2148 472 niel
2170 434 2405 488 purpura
2427 427 2472 472 et
2496 419 2821 474 circumdata
2843 430 2913 475 est
2930 430 3133 490 torques
3159 440 3320 479 aurea
3340 424 3475 479 collo
3498 428 3630 497 ejus,

2041 523 2087 567 et
2119 513 2459 580 prtedicatum
2478 520 2554 566 est
2583 512 2647 567 de
2671 528 2751 579 eo,
2792 517 2929 584 quod
2960 513 3167 570 haberet
3196 526 3499 589 potestatem
3532 529 3635 573 ter-

2042 606 2142 660 tius
2169 606 2221 659 in
2246 621 2428 677 regno.
2454 604 2581 661 Sive
2607 605 2781 660 tertiae
2811 607 2980 677 partis
3004 608 3179 679 regni.
3205 608 3435 679 Accepit
3454 620 3638 665 autem

2043 698 2251 770 insigne
2290 699 2495 769 regium
2516 741 2529 767 ,
2566 707 2810 770 torquem
2844 708 2899 755 et
2928 714 3243 771 purpuram,
3278 713 3335 757 ut
3364 703 3526 760 Dario
3545 704 3635 774 qui

2043 799 2162 846 erat
2183 805 2540 847 successurus
2569 791 2622 845 in
2655 806 2879 862 regnum
2916 792 3071 848 ﬁeret
3096 794 3295 864 netior,
3329 804 3383 850 et
3410 812 3503 867 per
3533 812 3636 851 no-

2045 883 2217 940 titiam
2250 883 2592 941 honoratior.
2627 883 2739 941 Nec
2772 884 2972 940 mirum
3013 885 3057 940 si
3091 886 3376 943 Balthasar
3412 890 3642 946 audiens

2047 975 2247 1043 tristia,
2292 977 2522 1032 solverit
2544 977 2827 1048 praemium
2854 1021 2868 1043 ,
2902 978 3047 1049 quod
3079 979 3349 1049 pollicitus
3380 992 3485 1039 est.
3534 986 3642 1039 Aut

2046 1069 2191 1125 enim
2213 1068 2376 1141 longo
2402 1080 2527 1141 post
2552 1079 2802 1140 tempore
2824 1070 3060 1126 credidit
3092 1084 3318 1129 ventura
3351 1090 3469 1144 quae
3496 1076 3647 1132 dixe-

2046 1171 2132 1217 rat
2161 1180 2175 1217 :
2210 1172 2301 1217 aut
2326 1162 2454 1218 dum
2478 1164 2576 1219 Dei
2600 1163 2922 1235 praphetam
2961 1166 3223 1232 honorat,
3260 1180 3441 1239 sperat
3466 1184 3527 1224 se
3553 1185 3645 1226 ve-

2049 1258 2194 1313 niam
2213 1270 2663 1315 consecuturum.
2692 1260 2866 1329 Quatn
2897 1262 2940 1316 si
2967 1276 3073 1316 non
3101 1262 3437 1334 impetravit,
3470 1264 3647 1334 majus

2049 1349 2222 1407 fuisse
2266 1351 2600 1408 credendum
2639 1363 2723 1421 est
2751 1354 3101 1426 sacrilegium
3146 1357 3199 1410 in
3250 1356 3413 1410 Deum
3439 1397 3453 1422 ,
3486 1374 3644 1426 quant

2050 1445 2312 1503 honorem
2338 1447 2393 1502 in
2418 1446 2716 1503 hominem.

2122 1538 2301 1612 (Vers.
2335 1538 2453 1611 50.)
2501 1538 2701 1594 Eadem
2739 1551 2885 1596 nocte
2922 1542 3226 1616 interfectus
3261 1554 3335 1599 est
3363 1544 3645 1599 Baltltasar

2048 1646 2142 1686 rea:
2169 1629 2470 1702 Chaldteus,
2500 1643 2550 1688 et
2581 1633 2775 1689 Darius
2814 1632 3000 1689 Medus
3030 1638 3274 1691 successit
3302 1639 3355 1692 in
3383 1655 3597 1712 regnum
3623 1681 3641 1707 ,

336 1729 443 1785 Dei
470 1729 642 1784 Patris
666 1729 829 1785 fuerit
847 1728 1001 1799 juxta
1025 1730 1407 1801 Evangelium.
1438 1730 1623 1785 nullus
1657 1737 1835 1800 potest
1862 1746 1949 1785 ra-
1981 1727 2024 1787 Β
2052 1739 2217 1779 annos
2240 1733 2394 1779 natus
2420 1726 2688 1797 sexaginta
2716 1726 2869 1781 duos.
2903 1727 3177 1798 Jnsepltus
3214 1730 3409 1786 scribit
3455 1732 3508 1786 in
3552 1732 3649 1788 de-

342 1836 483 1893 pere
512 1837 578 1877 ex
622 1836 684 1877 ea
715 1829 773 1877 et
808 1823 1137 1893 quicumque
1181 1833 1372 1893 raptus
1404 1822 1595 1893 fuerit,
1626 1821 1947 1893 intelligitur

342 1914 401 1971 in
434 1931 598 1970 manu
627 1915 725 1971 Dei
757 1929 863 1970 non
897 1913 1081 1970 fuisse.

420 2008 605 2082 (Vers.
636 2009 755 2079 2‘2.)
788 2007 864 2062 Tu
900 2025 1128 2080 quoque,
1163 2009 1306 2075 [ilius
1342 2012 1455 2082 ejus
1492 2007 1774 2062 Baltltasar
1796 2053 1809 2077 ,
1844 2024 1945 2061 non

347 2102 641 2160 ltumiliasti
672 2119 763 2159 cor
810 2112 957 2158 tuum
1000 2120 1115 2158 cum
1144 2104 1301 2157 scires
1332 2104 1440 2157 tunc
1484 2104 1658 2158 omnia
1683 2118 1699 2156 :
1730 2102 1821 2157 sed
1846 2102 1946 2154 ad-

345 2212 556 2252 versum
596 2196 969 2251 dominatorem
1014 2196 1127 2251 coeli
1162 2197 1389 2251 elevatus
1430 2204 1531 2261 est,
1562 2204 1671 2251 etc.
1703 2194 1949 2249 Proavus

346 2296 501 2355 tuus,
524 2288 647 2359 quia
666 2289 946 2346 elevatum
972 2298 1058 2345 est
1082 2304 1179 2345 eor
1209 2288 1326 2359 ejus
1358 2297 1412 2343 et
1440 2286 1667 2358 Spiritus
1686 2286 1832 2342 illius
1853 2286 1948 2341 ob-

349 2380 603 2437 ﬁrmatus
648 2392 732 2437 est
770 2381 837 2435 ad
887 2382 1234 2456 superbiam,
1268 2380 1553 2449 depositus
1594 2389 1679 2436 est
1707 2378 1779 2435 de
1811 2378 1951 2434 solio

348 2477 503 2546 regni
534 2477 614 2531 sui
639 2485 693 2532 et
720 2476 895 2547 gloria
917 2476 1037 2546 ejus
1058 2476 1238 2530 ablata
1264 2485 1350 2533 est
1374 2484 1429 2530 et
1453 2474 1659 2545 reliqua
1684 2472 1816 2541 (Jer.
1850 2472 1948 2545 tv).

349 2567 422 2624 Et
466 2577 523 2623 tu
551 2568 715 2640 igitur
751 2583 873 2625 cum
922 2568 1040 2624 haec
1085 2568 1156 2623 de
1200 2576 1429 2640 parente
1477 2570 1866 2637 cognovisses,
1899 2574 1954 2621 et

350 2660 525 2718 scires
555 2660 699 2732 quod
726 2661 975 2732 superbis
1012 2661 1217 2718 resistit
1245 2661 1389 2716 Deus
1409 2705 1423 2729 ,
1453 2659 1750 2715 humilibus
1770 2668 1951 2713 autem

350 2752 451 2809 dat
486 2757 715 2826 gratiam
742 2795 757 2821 ,
792 2771 897 2809 non
927 2753 1193 2810 debueras
1243 2753 1512 2808 adversus
1557 2751 1953 2807 dominatorem

351 2852 479 2910 caeli
522 2853 740 2909 elevare
767 2866 865 2907 cor
887 2859 1062 2919 tuum,
1097 2858 1153 2906 et
1178 2849 1440 2904 insultare
1469 2847 1741 2916 majestati
1785 2846 1953 2912 illius,

351 2956 410 3004 et
456 2961 519 3001 ea
568 2946 748 3001 facere
787 2960 909 3016 qua:
957 2944 1168 3001 fecesti.
1216 2942 1372 2998 Hunc
1402 2941 1579 2997 locum
1626 2937 1847 3011 quidam
1889 2938 1957 2994 ad

355 3041 757 3097 Antichristum
788 3022 1055 3107 referunt,
1082 3037 1229 3111 quod
1256 3038 1504 3093 inuitatus
1528 3034 1700 3108 patris
1729 3034 1813 3090 sui
1843 3033 1957 3088 dia-

2049 1818 2193 1874 cimo
2215 1817 2453 1874 Judaieaa
2480 1820 2824 1891 antiquitatis
2848 1822 2992 1878 libro
3015 1868 3027 1890 ,
3054 1824 3284 1879 obsessa
3312 1825 3587 1897 Babylone
3617 1843 3648 1882 a

2050 1913 2220 1969 Medis
2247 1924 2301 1971 et
2340 1915 2518 1972 Persis
2545 1962 2558 1985 ,
2594 1917 2759 1972 Dario
2788 1919 3048 1975 videlicet
3079 1929 3134 1976 et
3163 1920 3307 1993 Cyro
3350 1922 3403 1977 in
3446 1931 3649 1978 tantam

2049 2008 2267 2063 venisse
2300 2008 2589 2064 Balthasar
2614 2026 2799 2083 regem
2831 2012 3124 2085 Babylonis
3154 2016 3490 2071 oblivionem
3520 2018 3602 2072 sui
3638 2057 3653 2079 .

2050 2110 2108 2154 ut
2130 2101 2546 2157 celeberrimum
2573 2103 2737 2159 iniret
2760 2107 3097 2173 convivium,
3129 2117 3182 2163 et
3208 2108 3259 2162 in
3285 2110 3434 2165 vasis
3464 2111 3651 2181 templi

2050 2193 2283 2262 biberet,
2305 2205 2360 2250 et
2383 2197 2639 2252 obsessus
2663 2210 2884 2256 vacaret
2900 2202 3094 2269 epulis.
3120 2202 3273 2258 Unde
3295 2214 3480 2272 potest
3506 2213 3655 2261 stare

2054 2286 2301 2355 historia,
2319 2289 2460 2359 quod
2487 2290 2676 2347 eadem
2695 2304 2855 2350 nocte
2874 2294 2947 2349 sit
2966 2305 3155 2364 captus
3172 2298 3619 2368 atquejugulatus
3641 2318 3654 2354 :

2054 2378 2185 2435 dum
2215 2397 2406 2437 omnes
2431 2393 2529 2437 aut
2572 2384 2802 2440 visionis
2850 2386 3427 2459 interpretationisque
3459 2408 3658 2461 pavore

2057 2480 2330 2529 terrentur
2353 2521 2366 2542 ,
2395 2487 2487 2531 aut
2516 2477 2763 2548 occupati
2792 2492 2916 2533 sunt
2946 2479 3238 2537 festivitate
3261 2526 3275 2549 ,
3309 2493 3361 2537 et
3392 2484 3657 2541 ebrietate

2056 2568 2481 2637 convivii.Quod
2499 2583 2682 2625 autem
2724 2572 2975 2629 vincente
3004 2572 3146 2644 Cyro
3178 2591 3307 2646 rege
3338 2576 3653 2647 Persarum,

2056 2670 2111 2714 et
2134 2660 2292 2716 Dario
2338 2678 2479 2734 rege.
2509 2664 2790 2720 Medorum
2832 2667 2981 2729 solus
3022 2668 3215 2724 Darius
3243 2673 3575 2728 successisse
3602 2675 3657 2729 in

2059 2768 2227 2824 regno
2268 2756 2567 2826 scribitur,
2601 2759 2736 2813 ordo
2768 2762 2943 2814 astatis
2969 2802 2983 2825 ,
3030 2772 3083 2816 et
3113 2764 3533 2835 propinquitatis
3560 2809 3575 2832 ,
3610 2778 3665 2823 et

2058 2847 2209 2917 regni
2245 2856 2348 2902 est.
2401 2849 2591 2905 Darius
2621 2851 2766 2906 enim
2799 2853 3079 2923 sexaginta
3131 2854 3362 2910 duorum
3392 2873 3656 2913 annorum

2059 2946 2211 2993 erat:
2244 2939 2423 3010 majus
2450 2957 2677 3012 regnum
2710 2944 2985 3000 Medorum
3012 2962 3171 3016 quam
3206 2948 3494 3006 Persarum
3528 2953 3659 3023 legi-

2060 3050 2181 3089 mus
2208 3053 2221 3089 :
2255 3043 2311 3091 et
2335 3038 2639 3093 avunculus
2668 3040 2758 3109 qui
2790 3042 2939 3111 prior
2964 3050 3083 3097 erat
3121 3026 3247 3106 jure
3279 3055 3510 3113 naturae,
3539 3063 3663 3103 suc-

355 3136 474 3192 boli
503 3135 843 3207 superbiam,
876 3145 1066 3190 contra
1098 3134 1270 3189 Deum
1301 3142 1518 3189 erectus
1547 3133 1639 3187 sit.
1675 3131 1784 3186 Sed
1814 3145 1962 3201 quaa—
1988 3121 2036 3188 C
2066 3143 2254 3184 cessor
2303 3131 2451 3199 regni
2484 3131 2675 3187 debuit
2704 3136 3001 3189 numerari.
3055 3136 3206 3192 Unde
3246 3147 3301 3193 et
3344 3138 3399 3194 in
3450 3140 3662 3198 visione

357 3232 593 3288 rendam
624 3242 709 3288 εει
736 3232 804 3287 ab
835 3229 953 3297 eis,
985 3230 1109 3301 quis
1140 3230 1212 3285 sit
1261 3229 1446 3283 Daniel
1493 3226 1586 3298 qui
1612 3227 1694 3282 eis
1720 3224 1959 3292 scriptu-

358 3341 479 3383 ram
510 3326 608 3382 Dei
631 3325 1048 3395 interpretetur,
1078 3332 1131 3380 et
1153 3322 1245 3393 qui
1272 3321 1486 3377 Mediet
1505 3320 1686 3375 Persas
1699 3317 1957 3374 occiden-

359 3428 447 3477 tes
462 3435 584 3475 eum
598 3427 654 3475 et
675 3418 1032 3475 succedentes
1051 3418 1101 3472 in
1122 3431 1346 3489 regnum
1367 3414 1505 3485 ejus.
1527 3410 1826 3469 Nullienim
1854 3411 1959 3465 du-

360 3512 512 3570 bium
532 3557 545 3578 ,
588 3514 717 3585 quin
744 3519 869 3583 post
894 3510 1289 3567 Antichristum
1316 3507 1488 3564 sancti
1520 3505 1796 3577 regnaturi
1825 3505 1957 3559 sint.

294 3607 376 3646 ⁴ἱ
440 3607 620 3678 (Vers.
654 3608 772 3675 25.)
816 3604 946 3661 Haec
988 3614 1063 3660 est
1105 3612 1275 3659 autem
1329 3602 1591 3671 scriptura
1622 3615 1734 3669 qua:
1764 3597 1961 3669 digesta

362 3708 439 3755 est
466 3717 484 3755 :
518 3701 693 3763 Mane,
716 3698 957 3765 Tuscus,
988 3697 1221 3753 PHABES.
1252 3694 1321 3750 Et
1338 3696 1447 3749 haec
1477 3692 1829 3765 interpretatio
1854 3706 1964 3744 ser-

361 3796 530 3850 monis
554 3811 573 3850 :
609 3794 785 3859 MANE,
815 3794 1104 3848 numerarit
1134 3790 1280 3847 Deus
1304 3807 1521 3864 regnum
1545 3801 1716 3855 tuum,
1751 3795 1798 3841 et
1822 3802 1962 3841 com-

362 3888 518 3960 plevit
547 3886 702 3943 illud.
754 3886 977 3943 Tnucst.
1002 3932 1016 3955 ,
1051 3900 1338 3958 appensnm
1385 3882 1565 3955 [Vulg
1599 3897 1861 3954 appensus
1907 3888 1963 3936 et

361 3980 603 4036 inventus
620 3978 695 4055 es]
721 3988 795 4036 est
813 3981 866 4034 in
893 3989 1107 4043 statera,
1123 3990 1170 4034 et
1184 3979 1445 4033 inventum
1458 3984 1534 4030 est
1556 3975 1726 4029 minus
1747 3973 1959 4027 habens.

364 4072 608 4137 Pnanes.
638 4073 861 4128 divisum
874 4084 948 4127 est
972 4089 1186 4145 regnum
1207 4080 1375 4137 tuum,
1410 4079 1459 4124 et
1485 4069 1665 4123 datum
1694 4077 1768 4121 est
1796 4066 1965 4121 Medis

366 4176 417 4220 et
460 4165 659 4221 Persis.
693 4166 823 4222 Tria
857 4174 1066 4221 tantum
1096 4164 1267 4219 verba
1294 4163 1348 4218 in
1394 4163 1606 4232 pariete
1641 4169 1667 4197 τι
1695 4158 1967 4229 scriptura

362 4263 715 4335 signaverat:
741 4261 919 4331 Mane,
950 4259 1162 4328 Thccel,
1196 4258 1418 4325 Phares,
1451 4271 1681 4329 quorum
1703 4254 1963 4325 primum,

364 4374 633 4413 numerum
664 4399 679 4424 ,
730 4355 1061 4424 secundum,
1112 4352 1478 4425 appensionem
1511 4392 1526 4417 ,
1577 4349 1836 4414 tertium,
1886 4347 1968 4400 di-

366 4452 611 4509 visionem
653 4461 833 4508 sonat.
862 4450 980 4507 Non
1004 4450 1188 4505 solum
1217 4462 1351 4519 ergo
1377 4446 1619 4502 lectione
1657 4456 1795 4515 opus
1821 4439 1925 4497 fuit
1947 4483 1961 4509 ,

2064 3237 2184 3291 qua:
2214 3231 2402 3277 contra
2436 3223 2777 3295 Babylonem
2808 3228 2862 3281 in
2906 3227 3043 3283 Isaia
3077 3229 3306 3300 legitur,
3343 3247 3461 3302 post
3495 3236 3660 3290 multa

2063 3329 2184 3385 quas
2209 3314 2427 3387 longum
2459 3327 2547 3373 est
2573 3333 2801 3389 ponere,
2823 3321 2937 3376 haec
2967 3322 3145 3377 futura
3179 3334 3496 3381 narrantur:
3533 3328 3664 3383 Ecce

2063 3424 2155 3477 ego
2205 3410 2463 3463 suscitabo
2508 3427 2660 3483 super
2716 3429 2800 3466 eos
2850 3412 3065 3482 Medos,
3097 3418 3186 3488 qui
3245 3430 3514 3489 argentum
3560 3440 3664 3477 non

2064 3510 2318 3571 quierant,
2349 3518 2441 3556 nec
2485 3520 2672 3559 aurum
2716 3507 2870 3560 velint
2895 3523 2914 3561 :
2941 3510 3031 3562 sed
3059 3511 3265 3578 sagittis
3311 3514 3551 3585 parvulos
3582 3516 3666 3570 in-

2065 3594 2345 3663 terficiant,
2375 3604 2422 3650 et
2450 3597 2805 3653 lactantibusb
2829 3602 2988 3656 uteris
3015 3619 3115 3658 non
3142 3606 3483 3660 misereantur
3506 3606 3659 3677 (Isai.

2064 3703 2193 3755 xut,
2234 3690 2313 3759 7).
2368 3690 2434 3745 Et
2477 3690 2786 3747 Jeremias:
2822 3693 3194 3765 Sanctiﬁcafe,
3235 3700 3451 3770 inquit,
3484 3712 3666 3756 contra

2065 3797 2178 3834 eam
2206 3791 2381 3855 gentes
2400 3824 2416 3848 ,
2446 3800 2590 3855 reges
2622 3784 2680 3837 Μ
2683 3784 2833 3853 edice,
2862 3788 3016 3842 duces
3039 3793 3170 3861 ejus,
3197 3800 3244 3844 et
3271 3794 3534 3848 universos
3560 3811 3671 3848 ma—

2066 3875 2313 3949 gistratus
2336 3877 2449 3945 ejus
2477 3888 2820 3951 cunctamque
2852 3890 3042 3937 terram
3062 3887 3332 3955 potestatis
3357 3885 3498 3941 illius
3524 3886 3663 3959 (Jer.

2067 3982 2149 4031 ιι,
2181 3966 2298 4039 28).
2337 3968 2401 4023 Et
2447 3968 2501 4023 in
2531 3974 2997 4043 consequentibus
3024 3992 3035 4027 :
3071 3973 3216 4030 Filia
3251 3975 3489 4048 Babylon
3520 3982 3671 4047 quasi

2067 4077 2189 4115 area
2215 4070 2414 4135 tempus
2454 4066 2659 4121 tritura:
2685 4070 2801 4139 ejus
2828 4084 2847 4122 :
2878 4067 3050 4123 adhuc
3080 4071 3343 4133 modicum
3368 4113 3382 4138 ,
3417 4083 3462 4127 et
3497 4074 3663 4129 veniet

2070 4160 2269 4225 tempus
2294 4156 2563 4211 messionis
2584 4158 2698 4225 eius
2722 4158 2915 4229 (lbid.,
2938 4160 3053 4233 33).
3076 4163 3233 4230 Quod
3251 4174 3431 4220 autem
3456 4165 3509 4219 in
3536 4181 3667 4222 con-

2069 4245 2212 4301 vivio
2253 4258 2411 4318 capta
2458 4250 2530 4305 sit
2571 4251 2736 4324 657
2768 4252 3052 4325 Babylon,
3106 4272 3264 4327 quam
3299 4256 3552 4314 hortatur
3602 4261 3669 4315 ad

2070 4353 2328 4411 pugnam,
2360 4343 2697 4401 manifestius
2744 4346 2934 4402 scribit
2964 4347 3133 4403 Isaias
3160 4367 3174 4403 :
3202 4349 3443 4422 Babylon
3474 4351 3669 4409 dilecta

2070 4446 2185 4485 mea
2213 4434 2356 4503 facta
2385 4444 2458 4489 est
2478 4434 2609 4489 mihi
2636 4437 2689 4493 in
2722 4439 3031 4494 miraculum
3063 4456 3081 4495 :
3108 4456 3243 4513 pone
3270 4460 3519 4513 mensam,
3549 4464 3674 4503 con-

366 4546 461 4602 sed
494 4544 949 4617 interpretatione
975 4557 1163 4599 eorum
1200 4556 1320 4611 qua,
1366 4540 1615 4611 legem“
1665 4544 1725 4591 υι
1764 4534 1963 4590 intem-
1991 4526 2317 4595 Dtemplare
2356 4528 2412 4582 in
2457 4530 2670 4599 specula
2712 4534 3032 4590 comedentes
3075 4545 3125 4590 et
3175 4537 3445 4595 bibentes:
3474 4543 3674 4613 surgite

368 4648 521 4710 geret
546 4639 637 4708 qui
670 4637 788 4693 haec
828 4636 991 4693 verba
1031 4633 1395 4707 praedicerent
1424 4629 1604 4702 :quod
1629 4628 1842 4684 scilicet
1865 4642 1964 4681 nu-

370 4740 644 4787 merasset
686 4730 830 4787 Deus
866 4743 1090 4800 regnum
1117 4726 1263 4783 illius
1289 4734 1455 4795 atque
1495 4719 1869 4791 complesset,
1910 4723 1966 4772 et

373 4822 832 4895 apprehendisset
866 4820 922 4877 in
965 4829 1164 4877 statera
1194 4817 1384 4887 judicii
1416 4816 1499 4873 sui
1536 4833 1548 4869 :
1578 4822 1635 4871 et
1672 4824 1800 4868 ante
1838 4824 1962 4867 eum

366 4915 648 4988 jugularet
685 4914 896 4987 gladius
916 4954 932 4980 ,
962 4928 1121 4985 quam
1153 4918 1350 4966 natura
1377 4907 1732 4973 dissolveret,
1765 4912 1823 4960 et
1869 4903 1971 4958 im-

372 5012 583 5080 perium
614 5009 731 5079 ejus
761 5009 816 5063 in
846 5006 1034 5062 Medos
1059 5004 1402 5060 divideretur
1437 5010 1493 5057 et
1521 5000 1743 5056 Persas.
1788 4998 1967 5069 Cyrus

373 5105 539 5170 enim,
561 5112 621 5158 ut
640 5111 768 5158 ante
783 5100 898 5173 jam
922 5098 1181 5166 diximus,
1203 5111 1298 5153 rex
1320 5095 1634 5160 Persarum,
1652 5093 1842 5162 juncto
1863 5091 1966 5147 sibi

375 5195 540 5254 Dario
566 5196 865 5264 avunculo,
894 5194 1171 5251 subvertit
1197 5191 1486 5263 imperium
1526 5186 1927 5243 Chaldaeorum.

450 5325 477 5400 ξ
504 5316 582 5372 Ita
606 5316 879 5400 Victo-rius
900 5310 1284 5400 'restituiti'e‘x;
1310 5306 1583 5365 Brixianis
1608 5302 1767 5360 codd.
1816 5304 1971 5359 Mart.

375 5388 572 5458 scripta
595 5404 720 5444 cum
758 5388 982 5441 Erasmo
1014 5388 1282 5463 retinuita
1380 5451 1387 5459 _
1527 5450 1537 5459 I
1700 5446 1712 5458 _

449 5459 477 5498 ι»
510 5461 782 5515 Victorius
821 5458 1125 5512 lactentibus
1147 5464 1307 5528 uteri.
1334 5451 1425 5509 Sic
1452 5463 1597 5528 gnum
1621 5488 1635 5512 ,
1664 5456 1764 5512 att,
1794 5454 1971 5528 textus

378 5544 535 5586 vocat
589 5532 852 5587 lactentes
891 5529 1031 5585 uteri
1084 5524 1397 5581 infantulos.
1452 5521 1709 5575 Frucmtn
1764 5521 1971 5572 ventris

380 5611 464 5658 est
491 5604 543 5657 in
567 5602 820 5658 Hebraeo.
855 5601 965 5656 Nec
992 5599 1061 5672 de
1090 5597 1375 5672 matribus,
1402 5591 1635 5672 qum-lac
1660 5589 1971 5660 praeberent

379 5673 473 5731 sed
503 5675 571 5729 de
604 5673 843 5744 parvulis
862 5673 952 5744 qui
984 5671 1117 5726 illud
1142 5677 1471 5744 suggerent,
1502 5664 1720 5744 dicitur.

452 5756 475 5784 ο
514 5728 706 5802 Graeca
748 5728 994 5811 Josephi.
1051 5728 1405 5809 ηιλῶἷιίψι.
1456 5728 1520 5803 x,
1567 5749 1619 5811 c.
1664 5732 1762 5811 il,
1797 5728 1978 5811 uerba

379 5816 462 5877 sic
508 5816 733 5884 habent,
760 5804 954 5892 Δαρέίῳ
977 5813 1033 5870 δὲ
1062 5820 1138 5889 τῷ
1166 5804 1512 5872 recruducrunt
1539 5810 1630 5868 τήν
1659 5804 1987 5864 Βαϐυλωνίων

644 5912 778 5976 Pu
794 5929 935 5977 non.
981 5909 1189 5973 XXV.

2067 4618 2323 4690 principes
2350 4663 2366 4687 ,
2410 4623 2627 4695 arripite
2659 4623 2900 4696 clypeum
2954 4624 3111 4697 (Isai.
3144 4645 3266 4697 χιι,
3320 4634 3377 4699 4,
3410 4633 3491 4706 5).

2144 4715 2299 4786 (Cap.
2338 4716 2513 4771 VL—
2544 4718 2701 4775 Vers.
2734 4720 2762 4774 1
2788 4722 2970 4793 seqq.)
3000 4721 3210 4779 Placuit
3254 4724 3439 4797 Dario,
3472 4738 3521 4784 et
3548 4746 3673 4784 con-

2070 4811 2238 4864 stituit
2262 4828 2423 4882 supra
2453 4829 2670 4886 regnum
2708 4825 2946 4889 satrapas
2985 4829 3191 4874 centum
3234 4821 3442 4895 viginti,
3494 4832 3551 4878 ut
3589 4841 3670 4879 es-

2071 4913 2183 4957 sent
2206 4904 2261 4957 in
2283 4913 2387 4959 toto
2417 4921 2577 4977 regno
2599 4926 2693 4963 suo
2727 4926 2745 4964 :
2774 4918 2822 4964 et
2843 4926 3000 4980 super
3025 4929 3114 4967 eos
3166 4915 3425 4983 principes
3474 4924 3574 4969 tres
3606 4932 3670 4970 ea:

2070 4995 2255 5067 quibus
2283 4996 2473 5053 Daniel
2503 5016 2640 5055 unus
2670 5010 2801 5056 erat.
2835 5001 3108 5075 Iosephus
3135 5004 3206 5061 de
3241 5022 3349 5077 quo
3379 5021 3543 5077 supra
3588 5007 3672 5061 di-

2073 5091 2272 5153 ximus,
2323 5090 2483 5161 hujus
2534 5093 2637 5149 loci
2680 5095 2927 5152 scribens
2977 5096 3280 5164 historiam,
3334 5100 3402 5152 ita
3453 5099 3669 5154 locutus

2074 5182 2433 5239 estzDarius
2467 5196 2489 5224 ο
2544 5197 2725 5243 autem
2776 5189 2867 5261 qui
2926 5190 3350 5262 Babyloniorum
3403 5189 3673 5246 destruxit

2084 5300 2346 5382 ᾑγςμονίαν
2370 5304 2504 5382 μετὰ
2532 5307 2700 5382 Κύρου
2723 5314 2817 5382 Teii
2837 5316 3120 5382 au'nsuoﬁc
3136 5350 3151 5375 ,
3177 5306 3291 5382 ἔτος
3316 5306 3374 5382 ἦν
3402 5310 3671 5382 ἑξηκοστὸν

2082 5369 2321 5453 δὲύτερον
2343 5369 2379 5437 ,⁷
2402 5372 2492 5453 ἄεξε.
2651 5369 3148 5453 ΔΒιιιϐυλῷγέίεἷλειιγξ
3170 5376 3227 5453 ὃς
3255 5377 3312 5439 ἧν
3358 5369 3673 5453 ’ῥάτνὰνγρυς

2079 5443 2417 5525 uias-{Emptis
2440 5444 2496 5502 δὲ
2520 5450 2670 5525 ξιταρὰ
2706 5460 2813 5511 τοῖς
2837 5448 3067 5525 Ἐλληᾳιν
3108 5452 3337 5525 inultis-0
3365 5443 3672 5525 ἔχομαι-Ἀ’οὲ

2079 5518 2172 5597 ml
2207 5518 2439 5597 Δαγϋπῼςον
2602 5518 2865 5597 ’προφήτην
2908 5523 3107 5589 λαϐὼν,
3134 5518 3322 5597 ἄγαγεν
3369 5518 3463 5597 εἷς
3482 5522 3673 5583 Μηδίαν

2076 5588 2211 5676 πρὸς
2241 5590 2425 5656 αὐτὸν,
2456 5595 2544 5647 καὶ
2570 5588 2744 5682 radians
2772 5596 2910 5665 αὐτῷ
2942 5601 3095 5683 cipit;
3123 5588 3375 5685 μᾶτᾴδούς
3414 5589 3530 5667 εἶχε
3576 5598 3672 5651 σὺν

2076 5669 2236 5740 αὐῖῷ·
2270 5669 2369 5716 τῶν
2389 5670 2543 5740 τριῶν
2553 5669 2655 5740 γὰρ
2669 5672 2953 5739 σατραπῶν
2977 5669 3059 5740 ἦν,
3091 5669 3181 5727 οὓς
3210 5669 3415 5724 ἐπὶτῶν
3435 5669 3676 5732 ἑξήκοντα

2087 5732 2178 5789 καὶ
2204 5732 2513 5808 τριακοσῖων
2536 5732 2839 5811 uerganch
2865 5738 3172 5799 κατέστησε.

3171 5904 3247 5965 17
