4108 6338
1701 246 1758 303 8.
1802 242 2076 305 IUSEBII
2114 242 2491 302 HIBRONYMI

3635 244 3743 303 528

444 376 754 448 imperium,
802 372 1028 442 juvante
1056 382 1140 432 se,
1190 373 1245 422 et
1287 363 1495 436 pariter
1541 363 1835 425 dimicante
1898 362 2041 432 Cyro
2067 369 2121 428 Α
2145 360 2290 432 quod
2323 360 2497 421 tidelis
2526 368 2690 429 esset,
2744 369 2801 418 et
2829 362 3012 418 omnis
3038 362 3214 434 cuipze
3244 362 3482 435 suspicio
3518 376 3626 419 non
3661 366 3744 419 in-

446 470 753 541 propinquo
801 480 924 529 suo,
980 476 1182 518 annum
1224 461 1351 516 vitro
1400 460 1599 531 agebat
1636 458 2042 530 sexagesimum

2145 456 2426 513 veniretur
2457 457 2510 512 in
2551 471 2638 512 eo.
2671 455 2775 511 Pro
2801 458 3113 529 suspicione
3143 459 3451 516 Theodotio
3468 468 3525 516 et
3549 461 3742 531 Aquila

446 560 768 627 secundum,
799 556 1019 628 quando
1049 554 1194 625 cepit
1219 552 1552 623 Babylonem
1585 571 1598 607 :
1634 561 1864 624 eratque
1902 551 2045 607 illius
2146 550 2459 622 ἀμϐλάκημα
2486 549 2829 620 interpretati
2852 559 2998 619 sunt,
3025 566 3148 623 qua:
3171 551 3466 608 Chaldaice
3490 550 3518 591 ι)
3542 551 3745 609 dicitur

446 653 719 725 Astyagis,
780 650 870 720 qui
920 648 1096 704 altero
1139 647 1282 716 apud
1313 644 1538 702 Graecos
1567 645 1869 703 vocabatur
1911 642 2041 716 [ΑΙ.

444 742 695 814 vocatur]
741 741 1006 797 nomine:
1056 738 1285 809 tulitque
1323 752 1513 795 secum
1572 737 1851 795 Danielem
1913 751 2037 806 pro.

444 838 687 909 phetam,
711 845 765 890 et
796 833 1022 889 adduxit
1043 833 1096 887 in
1123 831 1378 902 Mediam,
1410 841 1465 887 et
1507 847 1673 887 unum
1706 829 1841 887 fecit
1867 845 1898 884 e
1943 828 2037 883 tri-

442 931 544 988 bus
572 928 930 1000 principibus,
960 925 1054 997 qui
1083 926 1341 982 universo
1372 940 1542 997 regno
1590 925 1710 995 eius
1740 931 2038 994 praeerant.

444 1023 527 1080 Ex
548 1038 658 1093 quo
679 1020 1034 1090 intelligimus
1060 1019 1324 1075 subversa
1373 1016 1669 1090 Babylone,
1702 1008 1923 1070 Darium
1954 1027 2039 1069 reo

443 1128 659 1172 versum
687 1126 811 1169 esse
836 1110 907 1167 ad
936 1124 1164 1181 regnum
1193 1125 1351 1165 suum
1377 1108 1431 1164 in
1459 1108 1708 1173 Mediam,
1743 1120 2038 1176 secumque

438 1205 742 1263 adduxisse
774 1201 1056 1259 Danielem
1105 1200 1160 1256 in
1189 1199 1401 1256 honore
1431 1200 1644 1265 eodem,
1695 1214 1802 1271 quo
1843 1214 1871 1251 a
1910 1197 2037 1252 Bal-

440 1299 629 1361 tbasar
667 1293 1130 1369 provectuli.
1180 1292 1519 1367 proiectum]
1561 1302 1875 1364 acceperat.
1926 1290 2036 1347 Nec

437 1390 749 1462 ambiguum
797 1400 902 1453 est,
946 1387 1167 1445 audisse
1206 1401 1329 1444 eum
1372 1386 1587 1457 signum
1608 1394 1774 1455 atque
1816 1392 2038 1454 portenv

432 1484 725 1555 tum,quod
770 1481 1078 1551 ,Balthazar
1132 1480 1431 1543 acciderat,
1483 1486 1540 1535 et
1582 1477 2036 1547 interpretatione

434 1591 596 1648 quam
618 1574 810 1635 Daniel
859 1582 1214 1645 exposuerat,
1240 1583 1295 1629 et
1316 1571 1593 1643 quomodo
1616 1570 1896 1626 Medorum
1948 1586 2033 1624 re-

430 1684 597 1741 gnum
622 1667 1025 1737 Persarumque
1074 1663 1411 1735 pradixerit.
1446 1662 1616 1721 Nemo
1644 1676 1777 1733 ergo
1817 1673 2035 1732 pertur-

2146 656 2425 699 RSSAI‘I’IA.
2460 641 2709 714 Cumque
2760 642 2829 703 ab
2882 644 3116 700 llehrmo
3155 659 3458 715 quaererem
3499 644 3632 717 quid
3669 644 3745 701 si-

2142 733 2446 803 gniﬁcaret,
2481 735 2769 807 respondit
2792 737 2909 792 vim
2935 737 3085 793 verbi
3112 750 3310 793 sonare
3336 735 3536 814 δέλεαρ,
3580 753 3743 810 quam

2144 842 2244 884 nos
2262 827 2563 885 illecebrosis
2591 829 2709 887 sive
2756 832 2982 904 σφάλμα,
3017 831 3120 885 hoc
3142 839 3247 899 est,
3280 846 3506 887 errorem
3557 832 3742 889 dicere

2143 934 2475 990 possumus:
2526 921 2705 979 Porro
2760 922 3049 993 Euripides
3105 923 3159 978 in
3204 923 3386 980 Medea
3428 926 3736 997 ἀμπλακίας.

2141 1029 2241 1084 per
2283 1037 2324 1071 π
2372 1025 2423 1077 et
2476 1031 2585 1071 non
2618 1030 2716 1085 per
2743 1017 2796 1089 β,
2845 1016 3126 1090 ἁμαρτιας,
3156 1015 3209 1071 id
3258 1025 3364 1084 est,
3407 1027 3617 1087 peccata
3640 1031 3740 1088 ιρι

2143 1107 2332 1177 pellat.

2209 1201 2395 1273 (Vere.
2426 1201 2511 1273 5.)
2545 1199 2803 1259 Dixerunt
2830 1219 2953 1276 ergo
2978 1204 3075 1259 viri
3097 1205 3214 1260 illi:
3243 1202 3365 1260 Non
3420 1206 3738 1260 inveniemus

2139 1294 2250 1369 [AL
2317 1297 2629 1370 invenimus]
2665 1296 2878 1355 Danieli
2949 1301 3180 1371 aliquam
3232 1301 3575 1365 occasionem,
3637 1300 3738 1354 nisi

2137 1392 2274 1459 forte
2295 1391 2348 1442 in
2388 1389 2499 1462 lege
2554 1389 2650 1447 Dei
2677 1394 2782 1445 sui.
2841 1392 2990 1448 Felix
3021 1392 3370 1450 conversatio
3420 1392 3475 1449 in
3502 1392 3735 1465 quaint.

2137 1481 2498 1543 micinullsm
2522 1482 2803 1553 reperiunt
2837 1485 3208 1553 occasionem,
3254 1484 3523 1541 nieil'erte
3567 1484 3620 1539 in
3660 1483 3739 1541 lc-

2136 1574 2343 1647 gitimis
2366 1576 2484 1631 Dei.

2207 1670 2389 1741 (Vere.
2416 1671 2499 1741 0.)
2516 1670 2664 1728 Tunc
2682 1675 2959 1747 principes,
3003 1685 3053 1730 et
3081 1683 3310 1746 satrapae
3361 1672 3735 1743 surripuerunt

432 1762 615 1828 betur,
668 1759 815 1830 quod
867 1774 1011 1815 nunc
1063 1758 1115 1813 in
1175 1772 1345 1828 regno
1378 1756 1547 1823 Darii,
1581 1769 1725 1811 nunc
1774 1754 1830 1809 in
1862 1767 2017 1824 rcgnc

2135 1765 2262 1833 regi,
2314 1776 2363 1819 et
2396 1766 2467 1820 sic
2504 1765 2665 1820 locuti
2710 1774 2829 1822 sunt
2867 1769 2932 1822 ei.
2979 1766 3217 1825 Pulchre
3256 1767 3417 1833 dixit,
3464 1766 3735 1838 surripue-

431 1855 583 1925 Cyri,
614 1853 803 1909 Daniel
830 1852 994 1909 luisse
1024 1850 1256 1909 dicatur.
1290 1850 1398 1907 Pro
1439 1848 1626 1915 Dario,
1676 1847 2031 1917 Septuaginta

426 1948 773 2007 Artaxercen
830 1946 1179 2017 interpretati
1237 1952 1383 2001 sunt.
1437 1942 1597 2012 Quod
1649 1951 1835 2001 autem
1890 1940 2031 1998 ordo

431 2048 800 2113 praeposterus
830 2047 936 2103 est,
972 2048 1028 2095 ut
1054 2045 1185 2099 ante
1232 2035 1334 2099 sub
1365 2035 1528 2091 Dario
1558 2044 1810 2093 narretur
1851 2032 2025 2091 histo-

426 2134 532 2202 ria,
599 2148 761 2205 quam
819 2132 921 2188 sub
951 2132 1260 2198 Baltbasar,
1306 2128 1454 2200 quod
1486 2142 1672 2199 postea
1706 2129 1899 2186 lecturi
1936 2144 2025 2183 su-

426 2241 569 2291 mus.
602 2225 747 2297 quia
783 2225 945 2281 Dario
972 2222 1293 2283 interfectus
1318 2233 1422 2290 est,
1459 2223 1593 2281 illud
1645 2221 1859 2283 videtur
1892 2220 2023 2278 mihi

426 2319 478 2370 in
512 2329 695 2382 causa,
726 2314 871 2385 quod
901 2317 1086 2373 statim
1115 2313 1398 2371 historiam
1422 2312 1663 2371 historian
1722 2313 2018 2383 copulavit.

425 2413 478 2466 iu
513 2411 619 2467 line
649 2410 794 2467 enim
824 2411 1122 2481 superioris
1151 2410 1369 2471 dixerat
1398 2409 1644 2467 Visionia
1672 2427 1686 2464 :
1722 2410 1788 2465 Et
1830 2407 2021 2464 Ωωοίω

424 2501 609 2558 Medus
630 2503 871 2557 successit
891 2503 949 2557 in
966 2519 1176 2574 regnum
1199 2519 1363 2559 annos
1387 2513 1537 2561 natus
1560 2504 1831 2574 sexaginta
1866 2503 2017 2558 duos.

421 2595 533 2652 Sub
563 2596 668 2653 hoc
698 2596 863 2668 igitur
896 2598 1075 2663 Dario,
1131 2597 1224 2668 qui
1272 2597 1547 2655 interfecit
1574 2597 1881 2663 Baltbasar,
1905 2596 2019 2652 lucc

417 2698 571 2760 gesta
602 2698 732 2744 sunt
759 2706 878 2760 quae
907 2690 1108 2745 dicturi
1138 2706 1350 2747 sumus.

489 2782 669 2851 (γυνθ.
702 2782 785 2853 4.)
828 2781 995 2837 Porro
1025 2798 1117 2837 rex
1162 2783 1419 2855 cogitabat
1442 2784 1753 2839 constituere
1786 2801 1903 2839 cum
1928 2802 2018 2839 δυ-

419 2891 511 2943 per
540 2891 686 2929 cuiue
714 2891 954 2947 regnum,
1014 2874 1149 2930 unde
1201 2877 1461 2948 principes
1487 2886 1535 2931 et
1563 2887 1790 2948 satrapae
1817 2893 2016 2946 auarae

418 2968 541 3022 bant
584 2969 925 3034 occasionem,
977 2978 1034 3022 ut
1090 2969 1372 3024 itwcnirent
1406 2969 1613 3025 Danieli
1637 2986 1702 3026 etc
1748 2971 1907 3026 latere
1928 2987 2013 3026 re-

418 3063 518 3133 gis,
544 3072 650 3118 etc.
688 3062 792 3118 Pro
845 3061 1207 3134 principibus,
1252 3063 1420 3139 65s
1459 3065 1602 3136 quod
1656 3066 2014 3137 Symmachus

2134 1867 2255 1911 runt
2286 1874 2303 1910 :
2373 1857 2493 1914 Non
2558 1859 2703 1915 enim
2756 1860 2858 1915 hoc
2920 1862 3085 1917 locuti
3148 1871 3293 1930 sunt,
3353 1862 3498 1933 quod
3570 1874 3737 1933 agere

2131 1949 2463 2021 cogitabant,
2489 1951 2583 2007 sed
2617 1968 2713 2023 per
2741 1953 3005 2010 honorem
3038 1956 3203 2027 regis,
3237 1954 3459 2012 inimico
3492 1954 3733 2010 moliun-

2131 2052 2221 2100 tur
2247 2045 2504 2103 insidias.

2202 2137 2381 2210 (Vers.
2413 2140 2496 2212 8.)
2527 2138 2685 2195 Nunc
2714 2143 2909 2212 itaque,
2960 2156 3072 2211 rem,
3111 2143 3366 2212 conﬁrma
3419 2142 3731 2197 sententiam

2129 2243 2177 2288 et
2220 2234 2385 2289 scribe
2431 2234 2720 2302 decretum,
2762 2246 2817 2291 at
2857 2252 2961 2292 non
3013 2238 3331 2307 immutetur,
3378 2234 3547 2309 659
3592 2234 3733 2307 quod

2127 2334 2377 2380 statutum
2425 2336 2500 2381 est
2558 2344 2589 2380 a
2641 2326 2815 2381 Medis
2862 2337 3013 2396 atque
3050 2327 3246 2383 Persis.
3276 2327 3631 2398 Perspicuum
3671 2328 3731 2382 iit

2126 2415 2233 2488 [ΑΙ.
2267 2415 2365 2490 sit]
2392 2419 2535 2489 quod
2596 2433 2760 2488 supra
2788 2418 3053 2487 diximus,
3093 2436 3257 2474 unum
3298 2435 3523 2490 regnum
3560 2418 3731 2476 fuisse

2124 2509 2228 2564 sub
2261 2509 2425 2563 Dario
2454 2517 2511 2567 et
2531 2509 2679 2582 Cyro
2708 2510 2987 2566 Medorum
3009 2519 3173 2581 atque
3203 2511 3511 2566 Persarum.

2197 2600 2377 2669 (Vera.
2414 2600 2531 2670 10.)
2562 2600 2716 2666 Quod
2762 2617 2883 2656 eum
2907 2599 3101 2656 Daniel
3128 2602 3488 2674 comperisset,
3521 2602 3575 2654 id
3618 2611 3724 2668 est,

2122 2693 2453 2747 constitutam
2471 2693 2653 2764 legem,
2684 2697 2951 2763 ingressus
2997 2701 3073 2749 est
3094 2694 3304 2748 domum
3350 2711 3522 2759 suain,
3554 2703 3621 2760 et,
3650 2694 3728 2764 fee

2123 2784 2310 2838 nostris
2345 2784 2539 2853 apertis
2559 2784 2614 2838 in
2652 2784 2916 2839 omnecqu
2945 2800 3042 2841 sue
3061 2794 3247 2840 contra
3280 2783 3601 2851 Ierusalem,
3634 2787 3729 2839 tri-

2122 2876 2214 2930 bus
2265 2876 2583 2946 temporibus
2629 2878 2686 2930 in
2731 2877 2815 2932 die
2839 2878 3077 2946 ﬂectebat
3099 2893 3271 2949 genua
3304 2894 3424 2945 sua,
3457 2887 3506 2931 et
3535 2877 3729 2932 adora-

2121 2968 2207 3023 bat
2234 2986 2250 3022 :
2284 2970 2730 3040 conﬁtcbatnrque
2753 2986 2929 3026 coram
2949 2968 3062 3025 Deo
3100 2987 3196 3025 suo
3225 2971 3359 3027 sicut
3395 2979 3517 3025 ante
3556 2972 3728 3041 facere

2119 3074 2471 3119 consueuerat.
2531 3064 2607 3120 De
2656 3067 2803 3120 omni
2864 3064 3149 3134 Scriptura
3193 3072 3376 3120 sancta
3406 3064 3572 3121 celeri
3612 3079 3727 3122 me-

416 3155 733 3211 transtulit:
778 3155 1084 3217 Thcodotio
1134 3161 1419 3224 τακτικοὺς,
1451 3158 1640 3228 Aquila
1694 3165 2017 3222 συνικτικούς

2123 3157 2294 3213 moria
2321 3157 2765 3229 congregandum
2793 3166 2902 3225 est,
2955 3157 3047 3213 ubi
3078 3156 3318 3230 δώματα.
3358 3171 3483 3228 quas
3529 3156 3729 3212 Latine

415 3248 810 3319 interpretatus
854 3258 960 3305 est.
1015 3247 1265 3320 Cumque
1321 3267 1621 3320 quaererem
1680 3254 1771 3323 qui
1826 3265 2013 3311 essent

417 3342 510 3397 isti
563 3343 836 3412 principes
887 3348 1131 3409 τακτικοὶ,
1188 3345 1275 3400 vel
1327 3350 1631 3415 σννσκτικοὶ,
1691 3347 1745 3402 iu
1784 3349 2014 3418 Septua-

411 3435 561 3505 ginta
608 3434 849 3491 editione
900 3436 1006 3508 legi
1055 3435 1414 3503 manilestius,
1467 3441 1558 3509 qui
1616 3439 1917 3496 dixerunt:
1965 3451 2014 3497 et

410 3529 541 3583 duos
568 3531 704 3585 viros
748 3547 875 3602 quos
904 3532 1171 3586 constituit
1201 3548 1318 3587 cum
1356 3550 1438 3598 eo,
1467 3543 1514 3587 et
1540 3544 1764 3604 satrapa:
1806 3545 2013 3589 centum

407 3624 610 3698 viginti.
640 3624 780 3693 Quia
810 3623 973 3695 igitur
1004 3625 1147 3681 inter
1178 3626 1316 3681 duos
1346 3627 1642 3698 principes,
1676 3628 1821 3684 inter
1873 3644 2015 3700 quos

412 3725 533 3772 erat
563 3718 777 3783 tcrtius,
813 3718 956 3774 hunc
988 3718 1217 3789 primum
1247 3720 1429 3776 facere
1460 3737 1551 3777 rex
1583 3725 1855 3794 cogitabat
1882 3765 1896 3788 ,
1932 3725 2014 3779 in-

412 3809 572 3864 vidia:
606 3816 664 3865 et
693 3808 1011 3865 insidiarum
1057 3820 1181 3866 nata
1213 3813 1431 3871 occasio
1460 3823 1565 3869 est.
1599 3824 1625 3852 ι
1680 3815 2013 3883 Qumrebaut

410 3902 758 3959 occasionem
808 3910 869 3959 ut
921 3903 1230 3965 invenirent
1268 3905 1477 3962 Danieli
1519 3921 1585 3965 ex
1638 3906 1807 3965 latere
1838 3908 2005 3979 regis.

410 3996 478 4052 Et
509 3995 562 4051 in
594 3995 697 4050 hoc
729 3995 850 4051 loco
880 3995 1091 4053 llebraei
1122 3998 1227 4054 tale
1252 3999 1437 4054 nescio
1459 3998 1587 4069 quid
1618 4001 2006 4070 suspicantur:

410 4086 555 4142 latus
586 4086 751 4158 regis,
789 4088 972 4159 regina
1006 4098 1111 4155 est,
1143 4089 1232 4145 vel
1260 4090 1577 4147 concubium
1605 4091 1722 4161 ejus
1761 4104 2007 4151 creterra-

410 4194 518 4253 que
568 4197 784 4250 uxores,
832 4198 952 4254 qua:
998 4198 1066 4239 ex
1110 4184 1281 4240 latere
1333 4183 1628 4241 dormiunt.
1676 4185 2013 4254 Quaerebam

410 4290 542 4348 ergo
572 4278 922 4333 occasionem
970 4276 1022 4332 in
1057 4276 1220 4332 rebus
1267 4275 1669 4347 hujuscemodi,
1705 4277 1749 4333 si
1806 4280 1858 4333 in
1887 4296 2007 4335 ser.

410 4385 591 4432 mone.
643 4378 813 4436 tactu,
876 4379 1033 4433 nutu,
1095 4368 1431 4429 internuntio
1474 4380 1697 4440 possent
1747 4387 2011 4431 accusare

412 4457 713 4519 Danielem.
761 4461 871 4519 Sed
925 4462 1149 4525 nullam,
1183 4461 1455 4532 inquiunt,
1480 4478 1699 4519 causam
1731 4473 1787 4521 et
1825 4468 2006 4535 suspi-

2116 3250 2374 3306 dicuntur
2404 3260 2426 3289 θ
2458 3250 2626 3305 naenia
2653 3250 2737 3305 rei
2756 3259 2912 3315 tecta,
2932 3251 3050 3305 sive
3071 3250 3290 3316 salaria,
3326 3258 3380 3304 et
3411 3245 3439 3287 ἀ
3467 3250 3722 3323 discipula,

2118 3344 2173 3399 id
2205 3353 2310 3410 est,
2337 3345 2606 3399 cenacula
2635 3343 2948 3415 legerimus.
2984 3342 3117 3401 Nam
3143 3351 3198 3398 et
3228 3342 3490 3398 Dominus
3540 3351 3727 3397 noster

2116 3433 2324 3491 Pascha
2351 3434 2592 3491 celebrat
2613 3434 2667 3491 iu
2690 3433 2976 3492 (miraculo
3000 3433 3220 3503 (Mollis.
3252 3433 3364 3504 xiv)
3388 3450 3405 3487 :
3427 3441 3482 3490 α
3502 3433 3557 3489 in
3578 3434 3725 3490 Acti-

2116 3526 2613 3595 buaApostolorum
2637 3541 2800 3598 super
2816 3534 3040 3583 centum
3059 3525 3253 3597 v'ginti
3269 3528 3482 3582 animas
3495 3525 3724 3582 creden-

2115 3623 2253 3677 tium
2300 3619 2537 3690 Spiritus
2562 3630 2782 3677 sanctus
2807 3619 3092 3677 deaoeitdit
3137 3620 3192 3675 in
3222 3619 3565 3677 miraculum
3597 3622 3721 3691 (Ac-

2115 3725 2216 3770 tor.
2264 3717 2328 3786 l).
2363 3715 2432 3771 Et
2460 3730 2605 3771 nunc
2637 3714 2829 3771 Daniel
2873 3716 3017 3787 regis
3037 3716 3197 3785 jussu
3252 3724 3635 3782 contemnens,
3664 3724 3724 3770 et

2114 3809 2169 3863 in
2214 3809 2326 3867 Deo
2365 3808 2574 3867 habens
2620 3808 2895 3877 ﬁduciam,
2943 3822 3051 3865 non
3081 3816 3205 3865 orat
3254 3808 3309 3864 in
3340 3807 3528 3864 humili
3573 3808 3716 3871 loco,

2113 3902 2210 3959 sed
2239 3902 2299 3958 in
2323 3903 2587 3960 excelso:
2641 3903 2993 3959 etleneetras
3033 3902 3213 3972 aperit
3252 3911 3443 3958 contra
3488 3899 3721 3956 Jerusa-

2112 3995 2241 4060 lem.
2297 3995 2387 4051 ubi
2439 4004 2558 4052 erat
2611 3995 2748 4053 visio
2792 3994 2959 4065 pacis.
3015 3993 3149 4052 Orat
3174 4005 3358 4050 autem
3416 3991 3719 4049 secundum

2113 4096 2442 4157 prisceptum
2498 4086 2620 4155 Dei,
2675 4086 2940 4157 Dictaque
2988 4084 3324 4150 Salomonis.
3382 4085 3476 4154 qui
3531 4093 3721 4139 contra

2113 4178 2381 4249 templum
2400 4179 2669 4235 orandum
2701 4193 2825 4236 esse
2853 4178 3156 4237 admonuit.
3212 4177 3337 4233 Tria
3369 4185 3552 4234 autem
3594 4183 3725 4230 sunt.

2114 4279 2363 4342 tempora
2389 4272 2589 4343 quibus
2616 4273 2731 4329 Deo
2760 4270 3043 4331 ﬂectenda
3063 4279 3189 4331 wet
3218 4285 3395 4341 aenea
3426 4288 3445 4325 :
3497 4269 3716 4329 tertiam

2114 4365 2329 4431 horam,
2359 4376 2573 4425 sextam
2595 4375 2651 4423 et
2673 4380 2875 4427 nonam
2913 4363 3283 4423 ecclesiastica
3316 4363 3537 4419 traditio
3565 4362 3721 4418 intel-

2109 4456 2248 4529 ligit.
2282 4458 2531 4528 Denique
2559 4458 2719 4517 tertia
2752 4456 2887 4515 hora
2909 4457 3201 4519 descendit
3225 4456 3465 4526 Spiritus
3495 4460 3720 4511 sanctus

408 4553 625 4607 cionem
654 4555 896 4622 reperire
936 4563 1191 4623 poterant
1219 4552 1325 4625 [Αἰ.
1360 4555 1678 4630 potuerunt]
1712 4576 1726 4613 ;
1760 4560 1886 4627 quia
1917 4575 2005 4617 eu.
2037 4557 2089 4619 1)
2112 4565 2276 4622 super
2328 4552 2621 4622 Apostolos
2669 4553 2809 4625 (Art.
2863 4551 2968 4620 in).
3022 4550 3193 4609 Sexta
3254 4549 3449 4609 volens
3518 4547 3720 4607 Petrus

411 4644 622 4699 nuchns
675 4653 812 4711 erat,
844 4654 897 4699 et
938 4662 1061 4701 curn
1092 4647 1144 4703 iu
1176 4661 1237 4703 re
1289 4649 1462 4720 stupri
1489 4664 1720 4720 arguere
1771 4667 1879 4709 non
1911 4668 2010 4722 ρος

412 4744 609 4790 terant.
668 4735 780 4791 Hoc
828 4736 903 4791 illi
947 4738 1206 4803 dixerint,
1252 4740 1344 4810 qui
1384 4750 1608 4811 propter
1661 4744 2006 4803 occasionem

410 4830 571 4881 unius
605 4827 758 4883 verbi
792 4828 979 4897 longas
1008 4830 1189 4885 solent
1217 4829 1428 4891 fabulas
1456 4842 1666 4891 texere.
1692 4834 1799 4888 Nos
1837 4834 2011 4892 inter-

408 4927 689 4988 pretcmur
730 4918 1073 4989 simpliciter,
1108 4922 1253 4992 quod
1292 4923 1493 4979 nullam
1526 4926 1873 4985 occasionem
1914 4928 2013 4985 ad-

412 5027 598 5068 versus
628 5027 751 5068 eum
788 5013 1101 5083 reperirint,
1135 5016 1187 5072 in
1217 5031 1320 5087 qua
1354 5016 1469 5088 regi
1495 5018 1691 5077 noxius
1724 5019 1909 5086 fuerit,
1941 5036 2009 5077 eo

481 5196 505 5223 ει
551 5185 823 5259 Prmponit
854 5188 1081 5254 Victoru,
1145 5189 1295 5247 Unde
1349 5194 1608 5265 principes
1660 5207 1709 5255 et
1775 5206 1999 5268 satrapa:

481 5258 723 5311 terebant.
758 5270 862 5311 etc.

407 5268 723 5329 qurereoant,
758 5270 862 5315 clc.

482 5329 508 5369 ι)
550 5330 604 5393 In
635 5332 924 5409 (lha'dnico
953 5333 1149 5402 legitur
1180 5333 1341 5409 hodie
1366 5344 1583 5395 unum
1608 5335 1991 5409 Hrclseblsitbo,

408 5413 456 5456 et
487 5402 851 5473 corruptelam.
909 5400 1116 5471 Legit"!
1143 5400 1275 5465 editi
1319 5414 1516 5466 animo
1540 5407 1883 5464 schelsltithah
1924 5400 1997 5466 ad

409 5475 730 5543 marginem.
785 5488 890 5529 non
943 5476 1308 5549 intelligemus
1340 5478 1729 5549 Hieronymum
1763 5496 1871 5535 non
1910 5484 1988 5535 cis

410 5542 551 5600 tusse
581 5555 897 5607 contextum
931 5542 1321 5610 Cluildaicnm;
1354 5549 1451 5607 sed
1485 5542 1695 5605 dixisse
1742 5554 1992 5610 suspicio-

408 5630 521 5669 nem
550 5618 844 5691 Chaldaico
884 5632 1138 5675 sermone
1166 5618 1433 5688 appellari
1491 5619 1755 5687 Essaitha,
1796 5618 1851 5678 id
1883 5635 1989 5691 est,

406 5690 661 5765 primum.
692 5687 1393 5765 quod‘veregcorrupteiam,
1427 5703 1473 5749 et
1496 5694 1805 5763 prauitatem
1823 5687 1993 5765 signiQ

403 5748 803 5836 iucundeque
834 5754 974 5816 forte
1246 5748 1419 5827 insue

2116 4643 2431 4711 comedere.
2491 4645 2559 4705 ad
2613 4644 2921 4705 orationem
2972 4644 3221 4701 ascendit
3274 4642 3333 4697 in
3369 4641 3717 4701 ccettaculum

2115 4736 2252 4807 (Act.
2280 4735 2359 4808 x).
2385 4736 2562 4805 Nona,
2586 4738 2785 4799 Petrus
2801 4748 2859 4797 et
2878 4737 3127 4799 Joannes
3159 4736 3455 4807 pergebant
3494 4735 3562 4797 ad
3582 4742 3719 4795 tern-

2117 4833 2266 4903 plum
2292 4833 2428 4905 (Act.
2456 4833 2563 4905 ιιι).

2184 4926 2370 4999 (Vere.
2398 4926 2512 4997 il.)
2547 4925 2657 4981 Viri
2685 4927 2846 4997 igitur
2866 4925 2945 4980 illi
2984 4924 3241 4981 curiosius
3265 4924 3607 4995 inquirentcs,
3632 4924 3719 4979 iu-

2110 5029 2354 5076 venerunt
2414 5019 2687 5077 Danielcm
2744 5029 2997 5086 autem,
3047 5027 3095 5073 et
3143 5016 3493 5073 obaecrantem
3546 5015 3721 5075 Deum

2184 5208 2206 5236 ο
2242 5199 2417 5259 Μειδία
2442 5200 2626 5270 legunt
2670 5215 2803 5261 mss.
2830 5201 3079 5266 codices;
3111 5200 3401 5267 Erasmus.
3432 5201 3710 5267 manu;

2103 5274 2329 5326 COnsulc
2353 5290 2514 5339 supra
2543 5274 2933 5327 anttotationes
2964 5282 3179 5327 nostras
3213 5273 3264 5325 iu
3298 5287 3420 5340 cap.
3452 5289 3543 5327 XLI
3577 5272 3714 5328 Eze-

2103 5341 2317 5415 chielis.
2353 5343 2531 5397 Mser.
2563 5372 2636 5383 ο·-
2666 5341 2764 5415 Ita,
2818 5345 2903 5415 vel
2954 5359 3078 5397 cum
3105 5343 3476 5415 Adypbthongo
3522 5345 3712 5397 mtrnia

2103 5411 2301 5468 habent
2339 5424 2391 5468 et
2425 5428 2555 5468 mss.
2590 5413 2784 5475 nostri.
2823 5411 3571 5470 Nihiloseciu'simalim'cum
3622 5415 3712 5469 Vi-

2104 5485 2277 5538 ctorio
2305 5492 2428 5553 post
2459 5486 2753 5541 Eresmum
2788 5485 3045 5541 substitui
3079 5480 3331 5540 Marciana
3361 5500 3426 5541 ex
3462 5500 3571 5540 uno
3603 5500 3708 5540 ms.

2106 5556 2323 5628 Brixiae,
2356 5556 2640 5627 alteroque
2668 5556 2802 5628 oliui
2830 5557 2980 5628 edito
3010 5556 3174 5611 libro.
3212 5556 3350 5612 Vitle
3379 5572 3501 5628 quas
3542 5573 3709 5628 snpe-

2103 5627 2219 5698 rjus
2262 5626 2314 5681 in
2345 5642 2467 5698 cap.
2505 5626 2591 5681 xu
2650 5626 2922 5682 Ezechiel.
2960 5638 3016 5684 et
3044 5628 3211 5698 epist.
3245 5628 3313 5683 ad
3355 5626 3625 5685 Sintniam
3654 5636 3711 5684 et

2104 5696 2304 5753 Frctel.
2340 5696 2721 5753 observamus.

2173 5767 2199 5806 ιι
2237 5768 2355 5841 Non
2386 5770 2679 5841 incongrue
2706 5769 2937 5826 Palatio.
3001 5784 3101 5826 ms.
3132 5769 3386 5839 Menesi,
3417 5768 3469 5827 id
3492 5780 3596 5837 est,
3623 5786 3709 5826 as-

2101 5836 2385 5899 censibiils
2410 5838 2548 5897 loco.
