4054 6324
3713 124 3787 227 ἢ

442 270 546 328 sat
1710 262 1772 322 s.
1812 259 2080 320 susnsu
2119 259 2503 319 HIERONYMI
3624 267 3719 327 523

438 393 619 437 terra:
650 387 675 415 ει
722 377 835 432 Pax
866 376 1002 431 vobis
1045 375 1442 449 multiplicetur.
1485 376 1531 431 A
1571 392 1653 433 me
1701 377 2046 433 constitutum
2070 380 2126 440 Α
2151 379 2318 434 missa
2347 386 2506 445 sunt,
2539 376 2696 448 juxta
2728 376 2859 432 illud
2888 377 3033 449 quod
3072 378 3126 432 in
3162 376 3574 434 Deuteronomio
3600 379 3721 451 legi-

440 475 825 538 estdecretum,
869 481 923 525 ut
968 472 1021 525 in
1062 471 1304 526 universo
1346 472 1568 543 imperio
1598 481 1644 528 et
1686 490 1844 545 regno
1890 489 2004 527 meo
2032 514 2047 539 ,

442 565 739 620 tremiscant
780 571 827 617 et
867 571 1089 630 paveant
1132 560 1305 617 Deum
1334 560 1593 619 Danielis.
1649 564 1773 635 Ipse
1802 571 1876 619 est
1916 564 2051 619 enim

445 661 581 712 Deus
610 660 776 712 vivens
800 698 815 723 ,
848 665 895 711 et
937 664 1159 713 wternus
1208 658 1262 711 in
1303 658 1530 726 alecula,
1582 666 1630 712 et
1674 674 1890 729 regnum
1937 660 2049 729 ejus

438 770 543 807 non
569 750 931 823 dissipabitur,
976 762 1024 806 et
1068 760 1296 822 potestas
1332 755 1445 825 ejus
1488 768 1649 824 usque
1676 753 1732 806 in
1770 762 2046 807 internum.

438 844 563 915 Ipse
593 844 838 898 liberator
876 852 1029 914 atque
1066 843 1319 926 salvator,
1354 844 1549 913 faciens
1572 844 1745 915 signa,
1790 853 1839 897 et
1888 844 2051 897 mira-

442 938 567 993 bilia
594 938 650 991 in
678 936 806 991 caelo
834 946 882 990 et
903 938 953 990 in
980 945 1140 1007 terra,
1165 939 1251 1008 qui
1281 936 1517 993 liberavit
1541 936 1814 993 Danielem
1845 938 1906 992 de
1932 938 2052 992 lacu

441 1028 673 1084 leonum.
722 1030 872 1085 Sicut
912 1029 1423 1086 Nabuchodonosor
1469 1031 1797 1086 scribentem
1852 1030 2052 1101 linguis

443 1133 499 1181 ct
528 1124 802 1195 gentibus,
835 1123 1052 1196 quidam
1097 1125 1489 1196 interpretatus
1536 1134 1621 1181 est
1661 1125 1715 1180 in
1747 1125 2051 1181 contrarias

440 1215 789 1272 fortitudines
811 1261 825 1285 ,
853 1218 925 1271 ita
953 1225 1008 1272 et
1053 1216 1276 1272 Darium
1311 1218 1728 1287 interpretatur,
1760 1217 1905 1289 quod
1934 1230 2054 1272 om—

445 1326 545 1368 nes
574 1310 641 1365 ad
677 1310 1053 1379 paenitentiam
1106 1321 1383 1381 provocet.
1418 1312 1488 1367 Et
1516 1314 1713 1383 quierit
1745 1312 1864 1385 [Αι.
1905 1329 2053 1384 (λικε-

446 1402 625 1475 ritur]
667 1414 844 1458 utrum
879 1403 983 1459 hoc
1015 1405 1070 1457 in
1102 1404 1209 1460 isto
1249 1404 1452 1460 mundo
1481 1405 1727 1461 futurum
1758 1408 1866 1475 sit,
1900 1421 1970 1461 an
1998 1406 2052 1462 in

444 1497 641 1563 altero,
675 1496 760 1551 vel
799 1504 952 1553 certe
997 1505 1121 1567 post
1161 1498 1299 1552 alios
1328 1497 1586 1554 mundos.
1632 1498 1767 1567 Quae
1817 1514 1917 1555 nos
1953 1514 2054 1569 pro

442 1580 842 1657 deliramentis,
870 1598 925 1644 et
951 1591 1123 1646 cassis
1151 1590 1414 1646 ducentes
1463 1591 1692 1658 fabulis,
1728 1591 1832 1647 hoc
1875 1592 2051 1647 solum

441 1682 675 1738 dicimus
705 1698 717 1736 :
751 1681 876 1738 ideo
916 1683 1069 1754 signa
1104 1683 1221 1739 ﬁeri
1264 1699 1363 1754 per
1394 1699 1584 1741 servos
1614 1684 1711 1741 Dei
1742 1685 1883 1756 apud
1923 1686 2052 1742 bar-

2154 487 2275 527 mus
2308 491 2318 525 :
2356 472 2579 540 Quando
2629 470 2893 525 dividebat
2944 472 3241 526 Altissimus
3285 480 3454 542 gentes
3485 486 3502 525 :
3530 474 3720 542 quando

2150 565 2421 637 separabat
2452 565 2591 635 ﬁlios
2620 564 2820 631 Adam,
2853 566 3121 619 constituit
3161 563 3403 618 terminos
3429 566 3722 635 pepulerunt

2141 662 2302 731 juxta
2336 677 2605 715 numerum
2650 660 2958 733 angelorum
2998 660 3116 715 Dei.
3157 659 3293 713 Pars
3339 669 3502 714 autent
3530 658 3725 715 Domini

2150 752 2377 825 populus
2406 754 2517 824 ejus
2542 770 2559 806 :
2581 752 2751 808 Jacob
2773 753 3040 822 funiculus
3066 750 3537 824 Itaereditatisejusb
3555 751 3723 823 (Deut.

2154 860 2323 911 χχχιι,
2357 844 2433 917 8).
2470 845 2616 901 Mare
2643 855 2825 901 autem
2860 845 3121 901 mundum
3160 845 3352 911 istum,
3382 844 3728 914 saeculumque

2153 939 2451 1009 signiﬁcat,
2483 941 2642 996 salsis
2672 941 2984 1011 amarisque
3024 939 3281 995 ﬂuctibus
3310 938 3682 995 redundantem
3712 956 3724 992 :

2154 1034 2294 1089 sicut
2323 1034 2583 1090 Dominus
2627 1037 2679 1091 in
2735 1036 2991 1107 parabola
3038 1050 3255 1105 sagena:
3295 1034 3473 1089 missa:
3512 1034 3564 1088 in
3593 1048 3730 1089 mare

2155 1130 2557 1200 interpretatur
2578 1130 2797 1201 (Matth.
2826 1132 2966 1200 xui).
2992 1128 3146 1186 Unde
3169 1138 3225 1184 et
3244 1127 3411 1184 draco
3431 1142 3524 1184 rex
3549 1128 3733 1183 dicitur

2152 1222 2393 1277 omnium
2420 1237 2542 1293 qua:
2588 1223 2643 1277 in
2679 1224 2834 1293 aquis
2857 1231 3022 1289 sunt,
3052 1231 3107 1278 et
3131 1222 3288 1293 cujus
3314 1221 3603 1277 secundum
3633 1222 3731 1277 Da-

2154 1314 2242 1369 vid
2275 1316 2327 1369 in
2360 1314 2496 1371 mari
2534 1315 2956 1387 confringantur
2995 1316 3177 1386 capita
3215 1313 3391 1386 (Psal.
3424 1314 3633 1386 Lxxm).
3672 1314 3735 1369 Et

2153 1406 2209 1461 in
2241 1406 2408 1463 Amos
2448 1409 2682 1480 legimus
2714 1427 2726 1461 :
2762 1407 2826 1463 Si
2858 1408 3184 1463 descenderit
3211 1408 3270 1462 in
3297 1408 3611 1479 profundum
3635 1424 3735 1461 ma-

2154 1501 2248 1566 ris,
2266 1500 2335 1554 ibi
2352 1502 2612 1556 mandabo
2633 1502 2873 1570 draconi,
2888 1509 2935 1557 et
2956 1501 3209 1559 mordebit
3231 1518 3351 1556 eum
3374 1500 3547 1573 (Amos
3569 1517 3639 1571 ις,
3661 1500 3732 1572 5).

2157 1592 2401 1662 Quatuor
2432 1601 2611 1649 autem
2654 1594 2883 1661 bestias,
2928 1610 3051 1666 qua:
3080 1594 3450 1651 ascendebant
3479 1594 3545 1651 de
3572 1594 3735 1662 mari,

2156 1696 2212 1742 et
2239 1697 2396 1743 erant
2426 1687 2656 1744 diversae
2686 1688 2829 1743 inter
2873 1702 2933 1744 se
2955 1731 2970 1756 ,
2998 1689 3196 1760 angelo
3224 1688 3529 1743 disserente
3556 1700 3738 1742 nosca-

440 1778 605 1832 haras
634 1776 911 1845 nationes,
948 1785 1007 1832 ut
1035 1778 1194 1833 unius
1221 1777 1320 1833 Dei
1351 1778 1531 1834 cultus
1554 1820 1569 1846 ,
1602 1787 1657 1834 et
1687 1779 1883 1850 religio
1915 1794 2049 1850 prae-
2078 1777 2128 1839 B
2154 1794 2297 1835 mus.
2348 1778 2470 1845 Hw,
2522 1780 2717 1851 inquit,
2766 1790 2993 1849 quatuor
3039 1781 3216 1835 bestice
3262 1796 3487 1852 magnes,
3535 1791 3740 1850 quatuor

446 1872 682 1928 dicetur.

514 1968 533 2035 (
561 1964 698 2020 Vers
726 1964 818 2018 28.
845 1962 866 2034 )
896 1961 1064 2017 Porro
1095 1961 1291 2018 Daniel
1318 1964 1664 2033 perseveravit
1688 1979 1850 2035 usque
1876 1964 1943 2018 ad
1968 1980 2050 2019 re-

442 2073 603 2130 gnum
629 2055 806 2124 Darii,
836 2072 1153 2128 regnumque
1178 2055 1300 2127 Cyri
1324 2054 1523 2111 Persas.
1552 2052 1695 2128 Ergo
1716 2056 1861 2128 quod
1886 2071 2051 2129 supra

442 2153 676 2223 legimus
709 2153 763 2208 in
801 2150 907 2207 line
950 2153 1141 2222 prima;
1186 2152 1415 2209 visionis
1446 2169 1461 2205 :
1496 2151 1623 2205 Fuit
1662 2161 1831 2207 autem
1861 2150 2055 2206 Daniel

445 2264 605 2319 usque
634 2247 703 2301 ad
733 2263 934 2301 annum
958 2247 1185 2318 primum
1228 2244 1349 2317 Cyri
1372 2248 1546 2318 regis,
1594 2262 1703 2303 non
1746 2247 1870 2303 vitae
1905 2246 2051 2301 illius

443 2347 657 2408 tempus
702 2337 1081 2408 accipiendum
1131 2345 1237 2393 est.
1268 2337 1555 2409 Siquidem
1603 2339 1657 2393 iu
1699 2339 1892 2393 ultima
1917 2338 2053 2409 legi-

445 2446 566 2486 mus
598 2430 810 2487 visione
845 2448 857 2485 :
892 2429 1042 2485 Anno
1089 2430 1241 2483 tertio
1273 2428 1396 2500 Cyri
1428 2430 1562 2501 regis
1598 2428 1902 2498 Persarum,
1936 2445 2053 2484 ver-

442 2525 562 2580 bum
608 2526 893 2579 revelatum
938 2534 1013 2579 est
1062 2521 1304 2577 Danielis
1334 2532 1676 2594 cognomento
1717 2521 2053 2578 Baltltasar:

438 2619 539 2676 sed
565 2619 669 2673 hoc
694 2618 1059 2691 signiﬁcatur,
1090 2615 1235 2686 quod
1263 2631 1438 2687 usque
1480 2615 1549 2671 ad
1580 2616 1819 2687 primum
1848 2631 2054 2673 annum

440 2714 565 2788 Cyri
612 2717 777 2787 regis,
825 2714 918 2785 qui
971 2712 1357 2769 Chaldaeorum
1397 2712 1670 2769 destruxit
1720 2713 2053 2782 imperium,

442 2810 637 2867 Daniel
668 2818 862 2879 potens
894 2807 1062 2864 fuerit
1085 2808 1136 2862 in
1168 2807 1421 2867 Chaldma
1455 2827 1465 2862 :
1504 2816 1691 2879 postea
1722 2823 1853 2864 vero
1893 2823 1924 2863 a
1952 2809 2055 2863 Da-

448 2906 533 2961 rio
556 2906 608 2960 in
636 2903 829 2960 Medos
860 2904 1158 2959 translatus
1183 2904 1273 2959 sit.

517 2996 680 3069 (Cap.
716 2995 828 3051 V11.
854 3024 926 3035 —
944 2994 1105 3051 Vers.
1133 2994 1221 3065 1.)
1251 2994 1400 3049 Anno
1423 2996 1590 3065 primo
1610 2993 1893 3049 Baltltasar
1919 2994 2055 3063 regis

445 3090 735 3164 Babylonis
758 3089 947 3146 Daniel
978 3091 1241 3145 somnium
1270 3090 1421 3145 vidit.
1466 3088 1613 3144 Visio
1652 3099 1825 3145 autem
1869 3089 2053 3162 capitis

2153 1889 2311 1945 regna
2342 1883 2656 1945 consurgent
2688 1874 2752 1928 de
2794 1885 2951 1929 terra.
2986 1874 3234 1942 Quatuor
3264 1884 3447 1930 autem
3491 1873 3632 1929 venti
3659 1870 3743 1941 qui

2154 1963 2462 2035 pugnabant
2491 1964 2549 2020 in
2580 1965 2717 2020 mari
2770 1980 2987 2037 magno,
3024 1966 3149 2021 ideo
3182 1966 3331 2022 venti
3359 1964 3484 2022 caeli
3526 1978 3643 2020 esse
3666 1962 3742 2018 di-

2152 2068 2350 2115 cuntur
2383 2076 2395 2113 :
2429 2060 2554 2130 quia
2578 2061 2952 2131 unusquisque
2975 2061 3202 2132 angelus
3229 2060 3363 2116 facit
3389 2075 3488 2131 pro
3504 2074 3567 2115 eo
3589 2073 3743 2129 regno

2152 2152 2297 2222 quod
2323 2151 2428 2206 sibi
2454 2151 2717 2207 creditum
2760 2163 2866 2208 est.
2900 2153 2970 2207 Et
3003 2153 3107 2209 hoc
3136 2152 3466 2221 notandum,
3496 2151 3634 2223 quod
3661 2164 3742 2205 re-

2152 2259 2383 2315 gnorum
2411 2244 2579 2316 665
2599 2244 2789 2301 feritas
2818 2254 2979 2317 atque
3007 2245 3305 2303 crudelitas
3334 2245 3627 2303 bestiarum
3654 2258 3744 2299 no-

2157 2340 2306 2395 mine
2335 2339 2769 2396 demonstretur.

2226 2430 2414 2500 (Vers.
2440 2429 2523 2501 4.)
2557 2430 2741 2486 Prima
2763 2434 2914 2502 quasi
2941 2432 3126 2500 letena,
3149 2442 3200 2488 et
3221 2432 3337 2489 alas
3362 2433 3577 2489 habebat
3608 2431 3745 2504 aqui-

2156 2522 2241 2577 ιω.
2276 2523 2601 2595 Aspiciebam
2631 2525 2798 2581 donec
2843 2525 3030 2581 evulste
3074 2537 3194 2581 sunt
3244 2526 3346 2583 ala:
3395 2532 3524 2602 ejus,
3574 2536 3621 2581 et
3658 2542 3739 2581 su-

2155 2614 2299 2671 blata
2319 2626 2394 2671 est
2416 2617 2480 2672 de
2500 2627 2662 2685 terra,
2697 2628 2743 2672 et
2766 2635 2924 2687 super
2947 2618 3103 2687 pedes
3125 2621 3276 2692 quasi
3297 2619 3457 2675 homo
3481 2618 3615 2674 stetit
3641 2617 3743 2692 (ΑΙ.

2155 2711 2396 2783 steterit),
2449 2721 2494 2765 et
2540 2728 2630 2767 cor
2659 2715 2770 2785 ejus
2811 2713 2989 2768 datum
3027 2723 3101 2768 est
3138 2714 3207 2769 ei.
3242 2714 3492 2785 Regnum
3532 2712 3746 2783 Babylo-

2158 2805 2305 2860 nium
2338 2813 2563 2876 propter
2589 2806 2881 2873 smvitiam,
2924 2814 2979 2861 ct
3003 2805 3417 2873 crudelitatem,
3462 2805 3574 2862 sive
3598 2818 3747 2877 prop-

2159 2908 2243 2955 ter
2270 2898 2564 2966 luxuriam,
2594 2909 2649 2956 et
2675 2899 2843 2955 vitam
2883 2898 3095 2955 libidini
3121 2901 3483 2966 servientem,
3513 2913 3616 2955 non
3645 2898 3742 2965 leo,

2159 2992 2256 3047 sed
2304 2992 2474 3048 learns
2520 2991 2849 3062 appellatur.
2880 2990 3218 3049 Aiuntenim
3249 2991 3301 3047 hi
3325 2992 3420 3063 qui
3461 2991 3529 3047 de
3556 2990 3744 3047 bestia-

2158 3100 2276 3140 rum
2302 3084 2575 3154 scripsere
2600 3085 2830 3151 naturis,
2863 3084 3063 3140 lezenas
3092 3099 3218 3141 esse
3240 3083 3565 3152 ferociores,
3591 3081 3746 3138 maxi-

444 3187 558 3255 ejus
584 3186 642 3238 in
687 3184 845 3238 cubili
890 3200 1006 3238 suo.
1034 3181 1103 3236 Et
1152 3182 1416 3236 somnium
1465 3180 1712 3250 scribens,
1758 3180 1897 3236 brevi
1942 3196 2050 3235 ser-
2078 3174 2125 3241 C
2158 3194 2243 3235 me
2270 3179 2314 3233 si
2346 3177 2554 3233 catulos
2583 3177 2846 3244 nutriant,
2881 3185 2936 3231 et
2965 3192 3183 3247 semper
3209 3178 3416 3247 gestire
3440 3177 3504 3232 ad
3532 3174 3741 3232 coitum.

446 3291 600 3335 moue
640 3277 1061 3349 comprehendit,
1093 3278 1492 3347 summatimque
1536 3278 1908 3347 perstringens,
1953 3278 2048 3331 ait.

445 3375 575 3430 llmc
600 3374 858 3444 pericope
875 3415 888 3437 ,
921 3372 1084 3444 663
1111 3385 1275 3441 quam
1302 3386 1446 3425 nunc
1469 3385 1733 3426 conamur
1757 3385 2050 3440 exponere,

442 3476 499 3523 et
522 3482 759 3537 sequens
788 3507 803 3530 ,
847 3465 915 3519 de
961 3480 1067 3535 qua
1112 3463 1308 3519 dicturi
1356 3478 1568 3529 smnus,
1625 3462 1835 3532 priores
1879 3471 2048 3529 sunt,

441 3561 596 3631 juxta
625 3557 911 3614 historiam
932 3600 945 3623 ,
982 3571 1144 3626 quam
1173 3555 1297 3611 duae
1325 3555 1662 3625 superiores.
1690 3555 1796 3610 Ista
1820 3555 1963 3610 enim
1996 3562 2054 3611 et

439 3668 707 3724 sequens,
740 3650 920 3722 primo
950 3657 1005 3704 et
1037 3649 1204 3705 tertio
1230 3663 1374 3704 anno
1406 3648 1693 3704 Balthasar
1727 3649 1875 3718 regis
1905 3647 2050 3704 acci-

444 3745 593 3801 disse
616 3747 997 3798 memorantur
1022 3739 1159 3811 (Jer.
1188 3741 1403 3810 xxxix).
1437 3737 1533 3793 Illa
1563 3746 1743 3793 autem
1778 3753 1898 3804 quze
1924 3746 2052 3795 ante

444 3838 785 3907 superiorem
818 3835 957 3891 lecta
986 3841 1073 3889 est
1095 3874 1110 3899 ,
1140 3834 1441 3889 novissimo
1470 3847 1646 3899 anno,
1675 3832 1844 3886 immo
1870 3832 2053 3888 novis-

446 3932 579 3985 sima
610 3929 701 3984 die
747 3927 901 3997 regni
951 3925 1237 3980 Balthasar
1273 3925 1551 3981 scribitur.
1582 3924 1651 3978 Et
1682 3923 1786 3980 hoc
1817 3938 1924 3979 non
1962 3938 2052 3978 so-

448 4024 559 4076 lum
590 4021 645 4075 in
675 4019 923 4088 Daniele,
953 4017 1051 4073 sed
1082 4018 1135 4073 in
1163 4017 1401 4075 Jeremia
1429 4033 1646 4089 quoque
1675 4026 1731 4072 et
1757 4017 2050 4075 Ezechiele

448 4115 688 4185 legimus
733 4111 971 4181 (Ezech.
1002 4111 1148 4181 xvn)
1179 4128 1193 4165 :
1225 4111 1368 4166 sicut
1411 4112 1464 4165 in
1494 4111 1626 4166 locis
1660 4111 1792 4181 ipsis
1821 4155 1835 4180 ,
1867 4113 1912 4166 si
1941 4113 2049 4169 vita

443 4219 629 4261 comes
655 4202 852 4273 fuerit,
878 4202 1080 4258 docere
1106 4203 1427 4271 poterimus.
1459 4201 1566 4258 Sed
1597 4202 1650 4255 in
1677 4204 2049 4274 superioribus

445 4297 580 4353 ordo
612 4296 860 4368 sequitur
904 4295 1150 4351 historiae
1183 4312 1197 4351 :
1230 4294 1360 4365 quid
1402 4295 1505 4349 sub
1543 4294 2048 4355 Nabuchodonosor

446 4402 500 4447 et
530 4391 836 4456 Balthasar,
865 4398 919 4446 et
945 4389 1131 4454 Dario,
1172 4387 1290 4443 sive
1320 4388 1464 4460 Cyro
1498 4389 1828 4445 mirabilium
1867 4391 2049 4462 signo-

442 4498 562 4537 rum
584 4482 866 4538 acciderit.
896 4482 953 4535 ln
974 4480 1061 4535 his
1083 4495 1219 4535 vero
1249 4492 1547 4536 narrantur
1560 4482 1772 4537 somnia
1793 4498 1915 4553 quae
1936 4485 2048 4539 sin-

2155 3269 2310 3339 Quod
2339 3279 2519 3324 autem
2562 3268 2798 3324 habebat
2830 3267 2942 3322 alas
2982 3269 3201 3339 aquila},
3236 3268 3554 3339 superbiam
3592 3266 3747 3338 signi-

2155 3363 2283 3418 ﬁcat
2310 3362 2462 3432 regni
2492 3360 2882 3431 potentissimi,
2914 3360 3070 3431 cujus
3103 3362 3358 3431 princeps
3391 3360 3628 3432 loquitur
3654 3373 3745 3428 per

2152 3457 2346 3513 Isaiam
2381 3473 2393 3509 :
2429 3456 2605 3528 Super
2625 3455 2800 3509 sidera
2822 3454 2936 3509 caeli
2963 3470 3153 3524 ponam
3195 3456 3447 3509 thronum
3478 3470 3639 3509 meum
3663 3468 3681 3506 :
3701 3458 3745 3506 et

2154 3567 2241 3606 ero
2288 3550 2472 3604 similis
2519 3549 2787 3603 Altissimo
2825 3547 2997 3620 (lsai.
3046 3549 3187 3619 xxv).
3222 3548 3621 3605 Unde'dicitur
3680 3542 3742 3599 ad

2154 3659 2278 3701 eum
2308 3661 2321 3698 :
2356 3644 2418 3699 Si
2463 3642 2567 3699 alte
2620 3643 2809 3714 feraris
2850 3652 2906 3697 ut
2950 3642 3151 3714 aquila,
3208 3643 3331 3697 inde
3389 3652 3438 3697 te
3486 3638 3744 3697 detraham

2157 3736 2177 3810 (
2201 3739 2389 3793 Abdia.
2416 3738 2458 3808 ).
2490 3736 2771 3808 Alioquin,
2801 3743 2862 3792 ut
2894 3737 2978 3793 leo
3019 3736 3166 3793 inter
3196 3736 3429 3806 beSIias,
3473 3738 3545 3793 ita
3574 3732 3742 3805 aquila

2154 3831 2301 3887 inter
2323 3846 2453 3887 aves
2483 3845 2705 3901 regnum
2732 3837 2902 3886 tenet.
2931 3828 3038 3887 Sed
3063 3839 3117 3886 et
3144 3829 3247 3886 hoc
3267 3830 3582 3896 dicendum,
3604 3824 3745 3896 aqui-

2154 3924 2259 3980 lam
2292 3924 2464 3979 multo
2491 3933 2741 3996 tempore
2771 3924 2977 3990 vivere,
3024 3933 3077 3981 et
3126 3940 3356 3995 regnum
3404 3923 3742 3997 Assyriorum

2153 4019 2336 4075 multis
2358 4019 2611 4075 aetatibus
2637 4019 2806 4076 fuisse
2831 4019 3189 4076 dominatum.
3217 4020 3376 4089 Quod
3405 4030 3584 4077 autem
3610 4014 3743 4073 evul-

2154 4129 2229 4169 sas
2250 4122 2377 4169 sunt
2403 4112 2502 4169 alae
2531 4114 2671 4183 ejus,
2698 4113 2751 4168 id
2781 4123 2887 4181 est,
2920 4112 3130 4179 lamna},
3162 4114 3277 4170 sive
3305 4115 3527 4186 aquilae,
3556 4119 3741 4168 caetera

2154 4224 2319 4278 regna
2348 4208 2642 4278 signiﬁcat,
2666 4208 2865 4279 quibus
2890 4207 3039 4277 prius
3067 4208 3396 4275 imperabat,
3421 4216 3477 4263 et
3497 4204 3745 4262 volitabat

2152 4304 2206 4357 in
2235 4303 2459 4357 mundo.
2484 4300 2553 4357 Et
2582 4301 2790 4356 sublata
2816 4311 2922 4367 est,
2952 4302 3166 4372 inquit,
3196 4303 3260 4358 de
3287 4311 3463 4369 terra;
3490 4300 3742 4357 subverso

2155 4394 2416 4452 videlicet
2442 4406 2464 4435 ε
2495 4395 2722 4465 imperio
2744 4394 3143 4451 Chaldaeorum.
3168 4395 3437 4468 Quodque
3462 4392 3740 4466 sequitur:

2156 4491 2222 4544 Et
2243 4508 2397 4561 super
2421 4492 2575 4561 pedes
2601 4493 2752 4564 quasi
2781 4492 2933 4545 homo
2957 4492 3116 4559 stetit,
3145 4500 3193 4546 et
3217 4507 3306 4547 cor
3328 4492 3441 4563 ejus
3467 4491 3644 4545 datum
3670 4492 3741 4542 ett

442 4578 584 4647 gulis
618 4577 728 4631 sint
755 4574 869 4629 visa
911 4573 1250 4643 temporibus
1284 4590 1297 4627 :
1329 4588 1562 4645 quorum
1600 4574 1753 4630 solus
1780 4576 2045 4647 propheta
2070 4576 2124 4638 D
2148 4584 2216 4650 ei,
2253 4585 2300 4639 si
2329 4583 2397 4639 de
2426 4583 2940 4641 Nabuchodonosor
2981 4582 3356 4655 intelligimus,
3401 4581 3740 4653 perspicuum

447 4670 700 4725 conscius
733 4676 820 4724 est
842 4709 858 4737 ,
892 4678 947 4724 et
988 4670 1188 4725 nullam
1233 4670 1441 4726 habent
1485 4672 1627 4742 apud
1659 4673 1916 4731 barbaras
1947 4691 2047 4730 na-

445 4763 627 4817 tiones
653 4761 789 4831 signi
816 4760 904 4815 vel
935 4761 1290 4817 revelationis
1315 4764 1741 4833 magnitudinem
1769 4782 1782 4831 ;
1808 4767 1905 4824 sed
1932 4776 2048 4824 tan-

446 4867 560 4911 tum
601 4854 934 4920 scribuntur,
966 4862 1027 4908 ut
1065 4855 1208 4924 apud
1254 4865 1504 4926 posteros
1536 4875 1728 4917 eorum
1776 4878 1897 4933 qua:
1930 4864 2044 4920 visa

443 4959 573 5007 sunt
599 4993 612 5018 ,
647 4949 907 5004 memoria
932 4958 1270 5017 perseveret.

518 5042 712 5117 (Vers.
740 5043 775 5096 2
800 5084 814 5107 ,
862 5040 960 5111 5.)
1003 5040 1256 5096 Videbam
1296 5044 1350 5097 in
1390 5046 1584 5103 visione
1615 5066 1729 5104 mea
1782 5061 1926 5105 nocte
1952 5067 1968 5104 :
1997 5061 2046 5106 et

441 5154 554 5191 ecce
575 5145 803 5207 quatuor
831 5133 966 5188 venti
993 5134 1109 5187 cwli
1153 5136 1451 5206 pugnabant
1482 5140 1535 5194 in
1567 5143 1699 5197 mari
1724 5160 1945 5215 ntagno,
1996 5152 2045 5198 et

441 5240 665 5300 quatuor
704 5227 879 5282 bestia:
921 5228 1143 5298 grandes
1180 5230 1521 5286 ascendebant
1563 5235 1625 5290 de
1664 5238 1797 5291 mari
1828 5238 2043 5293 diversae

438 5324 570 5379 inter
596 5340 669 5379 se.
697 5322 948 5389 Quatuor
973 5329 1165 5376 ventos
1195 5322 1321 5379 cmli
1346 5368 1359 5392 ,
1405 5335 1637 5396 quatuor
1675 5330 1913 5385 arbitror
1941 5346 2037 5385 an-

436 5414 637 5483 gelicas
684 5420 1017 5483 potestates,
1062 5412 1261 5483 quibus
1306 5417 1627 5487 principalia
1673 5436 1841 5493 regna
1876 5436 2029 5478 com-

516 5534 541 5561 ³
565 5525 696 5592 Qum
741 5524 867 5579 hinc
893 5524 1295 5594 subsequuntur
1324 5531 1461 5585 sacri
1494 5530 1699 5587 Textus
1728 5535 1892 5589 verba
1932 5549 2031 5589 nec

441 5595 698 5649 subnexa:
725 5595 1049 5664 expositioni
1080 5603 1382 5655 necessaria
1414 5612 1576 5666 sunt,
1612 5619 1709 5659 nec
1738 5606 1792 5660 in
1827 5605 2028 5661 nostris

445 5681 574 5719 mss.
608 5666 895 5744 habent-nr.
929 5666 1136 5722 Passim
1188 5686 1321 5744 vero
1352 5688 1513 5743 supra
1558 5681 1721 5744 atque
1771 5677 1927 5740 infra,
1978 5679 2024 5732 si

440 5753 540 5817 qua
574 5736 835 5806 ejusmodi
886 5749 1196 5820 occurrunt,
1239 5742 1307 5820 de
1344 5736 1540 5815 quibus
1584 5736 1863 5820 Lectorem
1907 5736 2026 5803 ruo-

427 5814 621 5863 nuisse
672 5822 856 5877 parum
907 5814 1203 5879 intererat,
1240 5814 1290 5868 in
1333 5814 1697 5888 pr0ponendis
1728 5820 2021 5893 Seripturae

2148 4688 2235 4735 est
2256 4678 2402 4751 quod
2423 4688 2711 4750 postquam
2741 4676 2981 4748 perdidit
3005 4691 3255 4747 regnum,
3284 4685 3340 4734 et
3365 4674 3605 4747 potentia
3630 4672 3741 4743 ejus

2149 4772 2328 4827 ablata
2352 4781 2456 4839 est,
2484 4787 2701 4827 rursum
2726 4770 2780 4826 in
2808 4770 3098 4841 pristinum
3122 4778 3321 4826 statum
3346 4770 3632 4825 restitutus
3649 4762 3734 4831 sit,

2149 4874 2204 4921 et
2229 4880 2339 4920 non
2382 4866 2608 4920 leaenam
2632 4905 2647 4929 ,
2677 4863 2774 4919 sed
2807 4863 3085 4919 hominem
3134 4877 3194 4919 se
3221 4877 3345 4918 esse
3382 4859 3661 4924 didicerit,
3686 4863 3740 4911 et

2149 4976 2244 5017 cor
2275 4960 2547 5030 receperit
2573 4959 2719 5030 quod
2748 4959 3026 5014 amiserat.
3059 4957 3156 5015 Sin
3198 4967 3378 5013 autem
3416 4953 3739 5028 generaliter

2149 5053 2217 5109 de
2246 5069 2412 5124 regno
2438 5051 2821 5109 Chaldteorum
2848 5053 2952 5108 hoc
2974 5051 3318 5108 sentiendum
3350 5059 3459 5117 est,
3491 5047 3634 5119 quod
3661 5046 3739 5100 in-

2150 5144 2381 5200 terfecto
2411 5144 2718 5209 Balthasar,
2744 5154 2798 5200 et
2838 5143 3009 5199 Medis
3035 5143 3324 5215 Persisque
3353 5142 3584 5213 imperio
3612 5152 3735 5195 suc-

2149 5237 2493 5303 cedentibus,
2527 5236 2811 5309 Babylonii
2843 5235 3114 5304 homines,
3148 5246 3203 5292 et
3242 5235 3462 5291 humilis
3506 5232 3737 5304 fragilis-

2148 5345 2252 5402 que
2281 5339 2488 5386 natura:
2509 5345 2570 5387 se
2591 5345 2715 5387 esse
2740 5330 3133 5387 intellexerint.
3158 5329 3295 5385 Nota
3318 5328 3573 5385 ordinem
3604 5344 3617 5381 :
3646 5321 3736 5396 qui

2142 5423 2194 5478 in
2210 5423 2859 5493 imaginecaputaureum
2873 5422 3202 5492 dicitur,‘,hie
3225 5422 3398 5478 leaena
3411 5419 3730 5490 appellatur.

2134 5534 2290 5607 locis,
2309 5536 2453 5592 taciti
2478 5538 2542 5593 ad
2566 5538 2976 5594 concinniorem
3001 5551 3134 5592 mss.
3174 5536 3412 5607 regulam
3435 5536 3728 5605 exigamus.

2204 5605 2485 5676 hApponit
2502 5609 2708 5667 Victor.
2731 5625 2930 5666 nomen
2955 5610 3126 5664 Israel
3144 5624 3209 5664 ex
3232 5605 3421 5665 Graeco
3442 5617 3611 5675 textu,
3628 5617 3732 5676 qno

2128 5679 2247 5735 sine
2261 5675 2481 5737 dubium
2496 5692 2656 5752 atque
2670 5682 3042 5751 imperfectum
3059 5695 3275 5736 sensum
3290 5695 3411 5737 esse
3423 5675 3723 5735 contendit.

2205 5763 2225 5791 ε
2263 5752 2463 5809 Vitiose
2510 5764 2671 5809 antea
2719 5753 2999 5825 legebatur
3041 5754 3203 5823 impio
3239 5770 3259 5807 :
3292 5752 3436 5825 quod
3488 5767 3592 5806 ms.
3636 5762 3720 5802 ca-

2125 5822 2306 5896 sﬁgaL
