4108 6338
392 289 496 345 5‘39

1175 284 1822 345 COMMENTARIOBUM
1864 285 1930 341 IN
1970 284 2326 343 DANIELEM
2365 285 2567 344 LIBER
2605 287 2757 345 CAP.
2805 288 2916 344 VII.

3586 287 3691 346 550

464 405 485 472 (
510 402 665 459 Vers.
699 403 753 458 5.
782 402 801 474 )
838 402 903 458 Et
932 417 1044 457 ecce
1068 402 1229 457 bestia
1263 404 1369 458 alia
1395 402 1581 458 similis
1607 419 1732 458 urso
1770 404 1826 456 in
1847 409 1995 474 parte
2019 402 2071 466 Α
2097 402 2230 460 ruit.
2260 400 2330 456 Et
2359 404 2473 458 alas
2505 404 2721 459 habebat
2749 415 2997 475 quatuor.
3028 405 3175 461 Nihil
3206 406 3351 462 enim
3393 403 3693 462 Alexandri

384 497 546 563 stetit,
571 505 619 551 et
645 505 748 551 tres
775 497 980 551 ordines
1002 505 1150 550 erant
1178 498 1234 551 in
1264 512 1351 551 ore
1392 499 1525 569 ejus,
1569 504 1618 551 et
1656 497 1711 549 in
1753 496 1991 550 dentibus

385 589 541 654 eius;
565 598 615 643 et
654 590 729 645 sic
754 590 991 645 dicebant
1019 591 1067 643 ei
1096 605 1113 643 :
1144 589 1331 662 Surge,
1364 591 1572 646 comede
1615 606 1798 646 carnes
1823 590 1992 663 pluri-

384 695 523 735 mas.
546 680 728 737 Bestia
761 682 999 737 secunda
1032 697 1160 737 urso
1202 683 1420 748 similis,
1452 684 1569 752 ipsa
1593 693 1675 739 est
1706 683 1776 739 de
1806 699 1909 753 qua
1936 684 1987 739 in

384 774 599 831 visione
622 783 817 831 statua:
847 776 1077 847 legimus
1102 775 1312 849 (Supra
1350 793 1411 845 ιι,
1454 778 1563 846 52)
1603 796 1616 833 :
1651 777 1839 831 Pectus
1878 778 1990 848 ejus

381 875 434 919 et
463 867 677 921 brachia
701 869 763 922 de
784 876 1023 940 argento,
1051 868 1170 922 lucc
1190 868 1259 924 ob
1278 868 1555 935 duritiam,
1584 877 1638 923 et
1655 868 1987 924 ferocitatem

382 973 520 1014 urso
545 968 914 1029 comparatur.
955 958 1208 1029 Rigidum
1250 962 1396 1016 enim
1428 971 1481 1016 et
1516 961 1804 1029 parcioris"
1812 961 1988 1016 victus

383 1052 438 1107 in
490 1069 697 1109 morem
745 1053 1309 1120 Lacedaamoniorum,
1338 1053 1504 1127 665
1536 1070 1764 1125 regnum
1795 1054 1990 1110 Persa-

382 1159 508 1199 rum
540 1145 641 1200 fuit
675 1164 687 1199 :
722 1146 794 1200 ita
822 1154 883 1199 ut
926 1145 980 1200 in
1013 1146 1295 1216 pulmento
1337 1148 1454 1201 sale
1487 1158 1740 1204 uteretur
1779 1157 1833 1204 et
1869 1162 1992 1203 car-

382 1237 566 1291 damo.
601 1238 869 1310 Legamus
894 1237 1023 1311 Cyri
1064 1241 1287 1310 majoris
1320 1240 1605 1297 infantiam
1652 1241 1990 1315 (Educatio—

381 1345 502 1383 nem
529 1331 636 1384 sive
672 1331 1118 1401 institutionem).
1166 1332 1431 1403 Quodque
1476 1334 1675 1390 dicitur
1705 1353 1717 1390 :
1749 1334 1818 1389 In
1845 1344 1992 1407 parte

382 1439 494 1477 una
516 1424 679 1491 stetit,
708 1424 788 1479 sic
817 1424 1032 1480 Hebraei
1072 1426 1531 1496 interpretantur,
1580 1428 1717 1483 nihil
1760 1443 1855 1484 eos
1891 1429 1990 1484 ad-

382 1531 603 1572 versum
634 1516 797 1572 Israel
826 1516 1055 1573 crudele
1077 1518 1336 1587 gessisse.
1369 1518 1525 1575 Unde
1551 1528 1605 1575 et
1634 1521 1687 1575 in
1717 1520 1988 1575 Zacharia

380 1607 679 1680 Propheta,
711 1610 837 1681 equi
868 1609 978 1665 albi
1026 1611 1373 1681 appellantur
1398 1612 1587 1681 (Zach.
1634 1615 1697 1685 t).
1730 1615 1865 1671 Tres
1894 1631 1991 1670 au-

381 1709 492 1756 tem
519 1701 741 1758 ordines
761 1744 776 1769 ,
805 1702 924 1758 sive
950 1716 1143 1760 versus
1174 1706 1267 1774 qui
1295 1706 1529 1761 erantin
1560 1721 1655 1762 ore
1680 1706 1819 1777 ejus,
1854 1717 1909 1763 et
1933 1709 1984 1763 in

2093 497 2321 554 victoria
2347 499 2590 554 velocius
2621 500 2739 566 fuit,
2773 501 2863 571 qui
2907 500 2974 555 ab
3003 500 3225 573 Illyrico
3250 543 3267 570 ,
3309 510 3368 556 et
3414 499 3697 556 Adriatico

2092 592 2228 645 mari
2257 606 2430 661 usque
2458 592 2523 646 ad
2562 591 2808 647 Indicum
2834 591 3109 649 Oceanum
3135 636 3150 659 ,
3200 603 3255 649 et
3302 593 3546 661 Gangem
3591 591 3694 646 llu-

2092 683 2263 749 vium,
2299 700 2407 739 non
2436 693 2546 740 tam
2573 686 2797 755 praeliis,
2829 699 2987 756 quam
3009 687 3261 742 victoriis
3309 685 3607 757 percurrit,
3637 693 3695 741 et

2091 778 2145 833 in
2180 784 2273 839 sex
2304 779 2463 833 annis
2490 790 2697 848 partem
2749 779 3003 849 Europis,
3032 789 3087 835 et
3114 794 3339 836 omnem
3366 782 3470 835 sibi
3499 779 3687 835 Asiam

2090 870 2422 941 subjugavit.
2447 870 2695 939 Quatuor
2718 881 2900 926 autem
2923 872 3098 940 capita
3122 871 3344 926 eosdem
3367 872 3500 928 dicit
3521 871 3692 927 duces

2090 965 2231 1035 ejus,
2262 964 2356 1035 qui
2389 975 2578 1035 postea
2612 978 2964 1021 successores
2990 965 3146 1036 regni
3175 967 3530 1033 exstiterunt,
3557 966 3689 1020 Pto-

2092 1061 2367 1129 lomazum,
2397 1061 2707 1128 Seleucum,
2738 1060 3078 1130 Philippum,
3113 1060 3468 1131 Antigonum.
3500 1059 3688 1128 Quod-

2091 1171 2195 1227 que
2223 1155 2441 1210 additur
2470 1173 2483 1211 :
2517 1154 2585 1208 Et
2614 1162 2841 1226 potestas
2877 1158 3002 1208 data
3029 1162 3106 1208 est
3146 1155 3212 1222 ei,
3251 1152 3492 1208 ostendit
3514 1193 3531 1219 ,
3575 1166 3689 1207 non

2090 1248 2387 1305 Alexandri
2474 1247 2855 1313 fortitudinis,
2925 1247 3021 1302 sed
3088 1246 3307 1301 Domini
3386 1245 3687 1301 voluntatis

2089 1342 2283 1398 fuisse.

2161 1435 2344 1507 (Vers.
2376 1433 2454 1506 7.)
2491 1432 2621 1488 Post
2650 1434 2746 1489 hoc
2769 1434 3083 1507 aspiciebam
3102 1434 3158 1487 in
3178 1433 3374 1487 uisione
3411 1432 3600 1499 noctis,
3640 1441 3689 1486 et

2089 1544 2204 1582 ecce
2236 1528 2391 1582 bestia
2412 1539 2598 1598 quarta
2623 1528 2870 1582 terribilis
2891 1537 3045 1596 atque
3063 1527 3340 1595 mirabilis,
3363 1536 3413 1580 et
3435 1526 3584 1597 {ortis
3606 1527 3692 1579 ni-

2090 1625 2190 1677 mis
2220 1624 2439 1678 :dentes
2471 1625 2663 1694 ferreos
2693 1622 2913 1677 habebat
2935 1637 3151 1693 magnos
3171 1662 3185 1686 ,
3223 1619 3501 1675 comedens
3534 1628 3689 1689 atque

2090 1716 2462 1783 comminuens,
2488 1725 2533 1770 et
2560 1716 2760 1787 reliqua
2783 1715 3000 1786 pedibus
3022 1715 3131 1768 suis
3151 1712 3485 1768 conculcans.
3509 1711 3689 1778 Quar-

379 1792 672 1861 dentibus,
722 1796 939 1865 quidam
979 1797 1058 1851 sic
1103 1797 1492 1867 interpretatus
1520 1810 1635 1867 est,
1672 1810 1727 1854 ut
1758 1816 1983 1871 regnum
2016 1793 2065 1853 Β
2094 1821 2205 1865 lum
2237 1809 2382 1880 quod
2428 1825 2573 1866 nunc
2603 1810 2794 1865 urbem
2847 1817 2999 1864 tenet
3044 1817 3349 1870 terrarum,
3399 1805 3689 1875 imperium

376 1887 670 1943 Persarum
701 1888 755 1942 in
787 1898 897 1945 tres
925 1889 1204 1960 principes
1246 1890 1454 1947 diceret
1502 1891 1668 1947 fuisse
1694 1894 1930 1948 divisum
1966 1910 1981 1948 :

375 1979 526 2034 sicut
550 1979 603 2033 in
648 1984 902 2057 πέραοπῇ
960 1980 1244 2036 Baltbasar
1286 1991 1342 2038 et
1392 1982 1538 2038 Darii
1582 1984 1837 2054 legimus,
1871 1993 1983 2040 tres

374 2072 551 2128 fuisse
578 2074 879 2143 principes,
909 2074 999 2143 qui
1029 2082 1245 2130 centum
1271 2075 1464 2144 viginti
1497 2077 1730 2146 satrapis
1755 2076 1985 2147 praefue-

382 2164 521 2220 rint.
552 2164 661 2221 Alii
690 2174 896 2234 autem,
923 2175 1035 2222 tres
1078 2182 1233 2238 reges
1282 2175 1405 2237 post
1427 2167 1628 2240 Cyrum
1662 2169 1829 2225 fuisse
1856 2170 1986 2226 Per-

373 2272 560 2313 sarum
590 2266 895 2326 autumant,
924 2268 981 2316 et
1002 2268 1025 2296 ο
1055 2275 1175 2330 qua:
1200 2260 1312 2316 illis
1338 2262 1452 2316 sint
1480 2262 1701 2317 nomina
1728 2264 1979 2320 reticent.

372 2350 489 2406 Nos
515 2367 645 2407 vero
674 2367 798 2408 cum
842 2361 968 2423 post
1014 2352 1216 2424 Cyrum
1265 2354 1356 2425 qui
1400 2357 1648 2426 regnavit
1692 2357 1850 2412 annis
1882 2357 1981 2413 tri—

373 2446 570 2515 ginta,
618 2445 862 2501 sciamus
920 2446 1063 2516 apud
1118 2446 1314 2502 Persas
1362 2462 1623 2519 regnasse
1673 2447 1980 2521 Cambysen

374 2538 550 2593 ﬁlium
582 2539 703 2611 ejus
727 2581 742 2605 ,
775 2550 831 2596 et
855 2539 1054 2596 fratres
1096 2555 1305 2612 magos,
1336 2550 1389 2597 et
1416 2542 1678 2611 deinceps
1718 2543 1937 2599 Darium
1963 2586 1978 2610 ,

372 2631 538 2701 cujus
573 2631 818 2687 secundo
844 2648 988 2688 anno
1018 2643 1260 2704 emptum
1292 2643 1377 2690 est
1423 2634 1682 2691 aediﬁcari
1718 2637 1980 2707 templum

371 2726 431 2782 in
457 2726 790 2783 Jerusalem.
817 2712 1105 2795 Quintum,
1135 2727 1372 2785 Xerxem
1425 2729 1594 2785 lilium
1625 2731 1773 2786 Darii
1807 2750 1821 2785 :
1854 2747 1982 2787 sex-

371 2830 514 2888 tum,
546 2821 885 2875 Artabanum
914 2838 929 2874 :
962 2821 1280 2890 septimum,
1316 2825 1701 2889 Artaxerxem,
1743 2826 1834 2896 qui
1884 2849 1983 2897 μα·

371 2914 621 2989 κρόχεφ,
655 2913 706 2967 id
727 2921 832 2977 est,
864 2913 1193 2983 longintanus
1223 2916 1640 2986 cognominatus
1667 2927 1752 2973 est
1786 2936 1797 2972 :
1832 2927 1984 2974 octa-

371 3021 539 3069 vum,
589 3006 617 3044 δ
668 3006 904 3063 Xerxem
934 3027 947 3061 :
978 3025 1179 3066 nonum
1207 3009 1590 3081 {Sogdianum
1626 3029 1637 3064 :
1674 3010 1944 3066 decimum
1965 3052 1981 3077 ,

374 3103 602 3158 Darium
614 3114 979 3175 cognomento
997 3105 1138 3162 νόθον
1163 3123 1176 3159 :
1203 3105 1578 3175 undecimum,
1596 3106 1980 3171 Artaxerxem,

2087 1903 2457 1958 Romanorum
2484 1910 2590 1968 est,
2631 1902 2699 1956 de
2748 1915 2857 1971 quo
2896 1900 2948 1954 in
2998 1910 3177 1954 statua
3221 1898 3465 1953 dicitur:
3516 1895 3705 1949 Tibitz‘

2086 1998 2199 2068 ejus
2240 1995 2691 2066 ferrew:'pedum
2734 1994 2973 2064 quaedam
3026 2009 3148 2064 pars
3185 1992 3351 2061 ferrea
3376 2032 3391 2057 ,
3446 1988 3686 2060 quazdam

2086 2088 2265 2158 ﬁctilis
2289 2106 2308 2154 ;
2332 2096 2386 2143 et
2417 2095 2598 2142 tamen
2646 2087 2818 2157 ipsius
2847 2085 2976 2141 ferri
3019 2099 3084 2139 ex
3113 2092 3268 2154 parte
3314 2096 3462 2137 nunc
3501 2080 3692 2135 memi-

2087 2182 2189 2247 nit,
2218 2181 2410 2236 dentes
2440 2181 2562 2249 ejus
2592 2182 2824 2246 ferreos,
2857 2189 2913 2234 et
2943 2192 3169 2247 magnos
3195 2191 3320 2233 esse
3340 2183 3683 2231 contestans.

2088 2275 2344 2345 Satisque
2371 2272 2562 2341 miror,
2589 2272 2735 2343 quod
2762 2286 2887 2327 cum
2914 2285 3076 2340 supra
3106 2270 3357 2335 leaenam,
3387 2277 3441 2323 et
3471 2280 3686 2331 ursum,

2086 2376 2143 2422 et
2171 2366 2421 2436 pardum,
2454 2367 2507 2419 in
2540 2366 2716 2419 tribus
2745 2364 2928 2434 regnis
2956 2362 3224 2433 posuerit,
3252 2360 3559 2415 Romanum
3593 2371 3686 2412 re-

2086 2475 2251 2533 gnum
2280 2459 2412 2514 nulli
2440 2457 2629 2513 bestiae
2676 2455 3005 2527 compararit
3040 2474 3052 2509 :
3096 2454 3200 2508 nisi
3231 2452 3374 2507 forte
3414 2460 3474 2506 ut
3500 2449 3690 2505 formi-

2086 2552 2334 2607 dolosam
2362 2550 2562 2605 faceret
2592 2548 2848 2614 besriam,
2877 2546 3206 2602 vocabulum
3237 2540 3693 2613 tacuit,'utquid-

2087 2645 2214 2716 quid
2246 2644 2484 2699 ferocius
2506 2642 2933 2713 cogitaverimus
2963 2640 3018 2694 in
3050 2638 3263 2704 bestiis,
3289 2635 3393 2692 hoc
3412 2635 3690 2690 Romanos

2088 2740 2481 2810 intelligamus.
2518 2738 2628 2792 lloc
2656 2736 2800 2806 quod
2845 2734 2934 2789 hic
2976 2733 3201 2789 tacitum
3234 2740 3339 2799 est,
3384 2729 3600 2786 Hebraei
3630 2729 3685 2785 in

2088 2832 2322 2889 Psalmis
2339 2832 2541 2886 dictum
2560 2837 2756 2901 putant
2781 2846 2793 2882 :
2828 2827 3123 2881 Deuastavit
3149 2842 3265 2881 eam
3284 2841 3411 2893 aper
3434 2825 3498 2879 de
3517 2823 3645 2877 silva
3670 2838 3691 2888 ς

2088 2937 2136 2981 et
2164 2925 2442 2997 singularis
2474 2926 2613 2995 ferus
2644 2924 2888 2995 depastus
2915 2928 2989 2973 est
3015 2935 3130 2972 eam
3173 2916 3293 2989 (Ps.
3325 2932 3487 2971 Lxxtx
3513 2957 3527 2978 .
3568 2913 3685 2984 14).

2088 3021 2195 3077 Pro
2226 3037 2333 3091 quo
2363 3022 2415 3074 in
2446 3020 2678 3075 Hebraao
2706 3017 2872 3072 habet
2900 3033 2915 3070 :
2947 3015 3139 3069 Omnes
3156 3013 3328 3068 bestia:
3357 3013 3470 3083 agri
3492 3010 3692 3064 lacera.

2088 3123 2269 3169 uerunt
2300 3130 2438 3179 eam;
2466 3112 2593 3167 dum
2622 3111 2675 3165 in
2703 3124 2811 3164 uno
2839 3107 3071 3178 imperio
3094 3106 3485 3168 Romanorum,
3506 3102 3690 3157 omnia

371 3196 468 3266 (Illi
498 3198 825 3268 appellatas
850 3210 933 3257 est
961 3208 1191 3277 μνήμων,
1225 3203 1277 3258 id
1310 3212 1391 3259 est
1415 3245 1430 3270 ,
1482 3206 1765 3259 recordans
1797 3221 1815 3259 :
1847 3204 1982 3260 duo-
2011 3186 2058 3247 (ἶ
2090 3206 2253 3263 simul
2282 3219 2447 3276 regna
2471 3202 2882 3273 cognoscimus,
2914 3213 3037 3269 quae
3078 3198 3230 3267 prius
3277 3195 3493 3251 fuerant
3534 3207 3696 3262 sepa-

372 3288 672 3359 decimum,
707 3293 873 3347 alium
906 3294 1290 3360 Artaxerxem,
1321 3299 1409 3367 qui
1456 3306 1509 3351 et
1550 3298 1670 3368 ipse
1699 3296 1981 3367 cognomi-

375 3391 540 3438 natus
589 3392 675 3439 est
725 3385 900 3441 Ochus
932 3404 950 3441 :
987 3390 1209 3443 tertium
1245 3390 1541 3457 decimum,
1590 3391 1792 3458 Arsen,
1845 3390 1981 3446 Ochi

378 3476 556 3531 ﬁlium
592 3496 605 3531 :
637 3488 889 3549 quartum
934 3481 1231 3549 decimum,
1281 3484 1500 3538 Dariqu
1545 3485 1755 3539 Arsami
1788 3483 1982 3550 filium,

376 3571 473 3640 qui
498 3571 569 3625 ab
610 3573 930 3629 Alexandro
958 3576 1311 3632 Macedonum
1342 3593 1474 3649 rege
1521 3585 1813 3648 superatus
1855 3587 1937 3632 est
1970 3596 1984 3632 :

377 3663 665 3731 Quomodo
693 3676 805 3722 tres
850 3684 1008 3739 reges
1034 3669 1325 3725 Persarum
1361 3671 1530 3727 fuisse
1562 3671 1852 3725 dicemus?
1881 3672 1983 3726 nisi

380 3754 524 3811 forte
549 3757 816 3828 eligamus
844 3761 1058 3831 aliquos
1082 3763 1416 3818 saevissimos
1441 3806 1455 3829 ,
1485 3779 1624 3833 quos
1648 3779 1713 3818 ex
1742 3763 1988 3819 historiis

378 3850 626 3918 reperire
658 3865 765 3906 non
807 3866 1118 3921 possumus.
1172 3856 1313 3925 Ergo
1363 3864 1475 3910 tres
1525 3855 1745 3911 ordines
1788 3856 1842 3910 in
1890 3871 1987 3911 ore

380 3942 532 4010 regni
562 3941 882 4007 Persarum,
915 3953 969 4001 et
1009 3946 1061 4001 in
1103 3946 1356 4003 dentibus
1395 3948 1537 4018 ejus,
1571 3949 1671 4003 tria
1701 3963 1866 4019 regna
1892 3948 1988 4003 de-

381 4034 577 4088 bemus
624 4035 900 4106 accipere,
957 4038 1403 4110 Babyloniorum,
1464 4040 1768 4107 Medorum,
1826 4049 1989 4110 atque

383 4122 674 4180 Persarum
718 4144 731 4181 ;
773 4145 894 4198 qua:
957 4131 1008 4185 in
1065 4147 1231 4186 unum
1272 4133 1490 4187 redacta
1551 4143 1678 4186 sunt
1735 4147 1987 4203 regnum.

383 4216 652 4286 Quodque
683 4218 938 4275 infertur.
974 4221 1039 4276 Et
1067 4224 1142 4276 sic
1182 4224 1420 4278 dicebant
1444 4225 1487 4278 ei
1517 4227 1767 4278 :comede
1809 4240 1991 4278 carnes

389 4306 680 4376 plurimas,
713 4312 843 4367 illud
876 4321 1090 4384 tempus
1138 4316 1430 4386 significat,
1476 4314 1696 4385 quando
1740 4315 1843 4369 sub
1890 4315 1993 4371 As-

390 4416 574 4466 suero,
632 4418 795 4473 quem
850 4404 1210 4477 Septuaginta
1256 4408 1614 4463 Artaxerxem
1660 4419 1877 4473 vocant,
1922 4406 1992 4462 ad

388 4497 794 4563 suggestionem
824 4497 997 4553 Aman
1029 4501 1274 4571 Agagita:
1302 4543 1316 4567 ,
1347 4518 1449 4556 una
1477 4502 1566 4556 die
1592 4515 1787 4556 omnes
1815 4500 1992 4556 Judtei

2088 3307 2228 3352 rata.
2279 3295 2413 3350 Illud
2459 3304 2641 3349 autem
2687 3293 2830 3363 quod
2876 3291 3164 3361 sequitur:
3207 3286 3495 3342 Comedens
3536 3293 3693 3355 atque

2091 3390 2469 3451 comminuens,
2498 3395 2547 3439 et
2569 3386 2771 3456 reliqua
2794 3383 3006 3455 pedibus
3035 3382 3145 3436 suis
3165 3380 3499 3443 conculcans,
3523 3376 3693 3447 signi-

2092 3482 2219 3537 ficat
2249 3495 2440 3535 omnes
2471 3481 2741 3545 nationes,
2771 3479 2861 3534 vel
2892 3477 3208 3535 interfectas
3237 3476 3308 3532 ab
3336 3476 3449 3542 eis,
3475 3473 3559 3530 vel
3587 3472 3691 3529 tri-

2091 3574 2247 3641 buto,
2274 3582 2330 3628 et
2355 3571 2608 3626 servituti
2633 3572 2970 3641 subjugatas.

2167 3667 2470 3721 Dissimulis
2500 3675 2673 3719 autem
2694 3675 2804 3719 erat
2845 3664 3044 3719 caeteris
3075 3663 3251 3717 bestiis
3288 3677 3416 3733 quas
3461 3659 3694 3715 uideram

2094 3762 2238 3832 prius
2278 3760 2463 3833 [Vu|g.
2508 3770 2628 3814 ante
2665 3758 2823 3831 eam].
2875 3758 2934 3812 In
2989 3757 3272 3826 prioribus
3312 3757 3458 3811 enim
3504 3754 3698 3810 bestiis

2093 3856 2307 3927 singula
2340 3854 2695 3909 formidinum
2730 3853 2904 3924 signa,
2929 3854 2983 3907 in
3015 3852 3118 3907 hac
3137 3851 3317 3907 omnia
3344 3858 3492 3904 sunt.

2164 3949 2325 4021 $7
2364 3947 2431 4001 Et
2474 3947 2689 4001 habebat
2717 3963 2911 4002 cornua
2938 3947 3132 4001 decem.
3178 3942 3519 4014 Porphyrius
3558 3941 3698 3996 duas

2096 4042 2435 4112 posteriores
2462 4041 2689 4107 bestias,
2720 4039 3073 4096 Macedonum
3107 4047 3165 4092 et
3192 4037 3587 4100 Romanorum,
3641 4033 3699 4087 in

2096 4151 2209 4192 uno
2236 4135 2596 4191 Macedonum
2637 4148 2808 4204 regno
2844 4134 3021 4204 ponit,
3073 4140 3128 4186 et
3171 4129 3413 4184 dividit:
3463 4125 3701 4181 Pardum

2096 4230 2289 4285 volens
2316 4227 2545 4297 intelligi
2578 4228 2755 4295 ipsum
2789 4223 3163 4280 Alexandrum
3200 4242 3211 4277 :
3258 4221 3485 4277 bestiam
3515 4229 3701 4273 autem

2102 4323 2420 4380 dissimilem
2446 4323 2665 4377 caeteris
2698 4320 2909 4385 bestiis,
2958 4327 3197 4388 quatuor
3239 4314 3538 4371 Alexandri
3581 4326 3707 4368 suc-

2105 4430 2380 4482 cessores,
2410 4425 2465 4469 et
2486 4414 2686 4470 deinde
2713 4428 2887 4483 usque
2905 4411 2971 4465 ad
2994 4408 3327 4465 Antiochum
3342 4413 3707 4477 cognomento

2109 4509 2452 4579 Epiphanen,
2485 4507 2678 4562 decem
2718 4519 2878 4573 reges
2907 4509 3215 4565 enumerat,
3242 4500 3337 4570 qui
3358 4499 3579 4555 fuerunt
3602 4512 3709 4553 sai-

384 4584 527 4653 jussi
559 4595 686 4643 sunt
718 4592 972 4646 trucidari
1004 4590 1239 4664 (Esther.
1275 4592 1380 4666 ιιι).
1409 4594 1725 4666 Etpulchre
1758 4608 1868 4649 non
1897 4593 1993 4658 ait,
2024 4586 2079 4647 D
2105 4600 2314 4656 vissimi
2348 4617 2362 4653 :
2410 4600 2668 4669 ipsosque
2714 4612 2875 4668 reges
2922 4611 3030 4651 non
3077 4594 3239 4649 unius
3281 4593 3438 4665 ponit
3502 4590 3657 4662 regni
3688 4632 3705 4658 ,

392 4688 673 4744 devorabat
703 4708 789 4746 eos
815 4708 833 4757 ;
866 4695 986 4757 sed,
1016 4696 1090 4749 sic
1118 4695 1356 4752 dicebant
1397 4700 1443 4752 ei
1474 4714 1493 4752 :
1524 4707 1583 4752 ut
1622 4706 1851 4752 conatus
1880 4706 1997 4751 tan-

394 4797 507 4843 tum
563 4791 771 4860 fuerit,
828 4804 882 4849 et
929 4810 1273 4867 nequaquam
1327 4800 1405 4855 rei
1460 4800 1641 4855 exitus
1694 4798 1768 4854 sit
1798 4813 1997 4853 conse-

394 4901 577 4947 cutus.

467 4998 653 5067 (Vers.
708 5000 788 5069 6.)
844 4999 971 5057 Pas:
1018 5004 1115 5058 hoc
1169 5006 1524 5077 aspiciebam,
1600 5016 1649 5060 et
1712 5022 1829 5061 ecce
1888 5006 1998 5060 alia

401 5112 423 5139 ε
440 5104 589 5172 quasi
610 5104 831 5173 pardus,
859 5115 905 5160 et
922 5107 1033 5160 alas
1053 5107 1270 5162 habebat
1294 5109 1401 5163 avis
1413 5120 1638 5178 quatuor
1665 5110 1828 5181 666
1847 5127 2003 5179 super

398 5220 473 5273 se,
505 5213 553 5257 et
576 5215 805 5275 quatuor
852 5210 1026 5279 capita
1054 5218 1206 5263 erant
1235 5211 1288 5263 in
1326 5210 1507 5279 bestia,
1541 5220 1589 5265 et
1614 5220 1840 5281 potestas
1882 5213 2009 5267 data

401 5314 473 5358 est
512 5307 579 5359 ei.
614 5305 862 5362 Tertium
889 5325 1122 5379 regnum
1154 5310 1540 5379 Macedonum,
1584 5313 1651 5366 dc
1681 5328 1791 5384 quo
1817 5314 1869 5369 in
1895 5323 2009 5370 sta-

403 5418 490 5464 tua
541 5409 775 5480 legimus
812 5430 826 5466 :
866 5410 1055 5467 Venter
1101 5422 1147 5466 et
1178 5416 1381 5484 femora
1404 5417 1517 5485 ejus
1554 5430 1620 5469 ea:
1659 5430 1797 5478 tere,
1835 5416 2006 5486 pardo

406 5510 594 5566 beStite
632 5511 998 5568 velocissima:
1047 5523 1102 5570 et
1151 5514 1401 5592 ὁρμητικῇ
1447 5524 1841 5586 comparatur,
1889 5532 2012 5587 qua:

409 5626 653 5684 praeceps
704 5612 876 5689 fertur
905 5614 971 5669 ad
1008 5618 1353 5688 sanguinem,
1389 5625 1447 5674 et
1473 5618 1616 5674 saltu
1668 5618 1725 5674 in
1774 5628 2011 5676 mortem

482 5781 507 5845 ξι
538 5772 771 5845 Palatin.
805 5789 909 5830 ms.
942 5775 1029 5845 qui
1052 5776 1132 5832 illi
1150 5778 1251 5832 sint
1272 5778 1484 5832 omnino
1509 5779 1747 5834 reticent.

480 5842 510 5881 ιι
537 5844 680 5900 ltlem
712 5861 814 5902 ms.
848 5842 1082 5903 octavam
1109 5848 1272 5903 aliam
1302 5848 1540 5905 Xersem.

2103 4702 2258 4757 verbi
2282 4701 2480 4770 gratia,
2508 4698 2864 4763 Macedoniae,
2901 4696 3096 4767 Syrias,
3151 4694 3315 4763 Asize,
3368 4702 3425 4748 et
3468 4689 3714 4762 Egypti,

2107 4801 2203 4857 sed
2231 4801 2301 4856 de
2328 4798 2559 4854 diversis
2580 4798 2764 4869 regnis
2789 4812 2954 4851 unum
2984 4794 3155 4850 efficit
3173 4808 3402 4865 regnum
3437 4791 3708 4857 ordinem,

2108 4914 2171 4959 ut
2212 4902 2474 4959 videlicet
2518 4917 2581 4956 ea
2624 4916 2744 4971 qure
2785 4900 2987 4969 scripta
3036 4905 3207 4954 sunt:
3264 4894 3334 4950 0s
3381 4895 3595 4965 loquens
3632 4894 3716 4945 in-

2112 5009 2304 5078 gentia,
2335 5020 2444 5061 non
2480 5004 2549 5060 de
2580 5004 2945 5067 Antichristo,
2993 5000 3090 5057 sed
3136 4998 3206 5056 de
3248 4996 3519 5053 Antiocho
3566 4993 3714 5047 dicta

2111 5108 2429 5163 credantur.

2185 5210 2369 5280 (Vers.
2400 5208 2486 5280 8.)
2542 5204 2949 5262 Considerabam
2978 5217 3214 5270 cornua,
3261 5208 3308 5253 et
3372 5212 3487 5252 ecce
3549 5209 3717 5249 cornu

2115 5310 2262 5366 aliud
2291 5310 2565 5380 paruulum
2596 5317 2768 5362 ortum
2798 5317 2873 5361 est
2902 5306 2966 5359 de
3008 5302 3175 5357 medio
3208 5314 3412 5366 eorum,
3444 5306 3492 5350 et
3514 5296 3614 5350 tria
3652 5295 3719 5351 de

2118 5413 2360 5469 cornibus
2414 5410 2598 5484 primis
2630 5418 2678 5465 et
2710 5408 2859 5462 vulsa
2895 5412 3017 5460 sunt
3054 5422 3085 5458 a
3131 5401 3263 5475 facie
3304 5402 3439 5472 ejus.
3486 5396 3555 5450 Et
3603 5411 3719 5451 ecce

2123 5514 2263 5571 oculi
2284 5514 2437 5585 quasi
2462 5512 2599 5567 oculi
2626 5509 2853 5565 hominis
2884 5517 3032 5563 erant
3062 5508 3115 5560 in
3132 5518 3293 5558 cornu
3320 5502 3418 5555 isto
3436 5542 3450 5567 ,
3480 5508 3529 5554 et
3554 5515 3611 5555 os
3635 5499 3719 5554 lo-

2119 5634 2281 5690 quens
2338 5616 2592 5688 ingentia.
2658 5612 2887 5668 Frustra
2927 5608 3263 5679 Porphyrius
3296 5619 3471 5662 cornu
3520 5617 3722 5675 parvu-

2201 5787 2222 5816 ε
2252 5775 2534 5834 lnterserit
2560 5774 2763 5831 Victor.
2792 5772 2942 5831 euasi
2976 5786 3044 5827 ex
3074 5769 3300 5842 Vulgata
3330 5775 3389 5829 et
3416 5764 3712 5825 Hebraico.
