4108 6338
426 261 533 318 5'55

1684 257 1742 313 S.
1786 250 2057 314 EUSEBII
2100 250 2483 311 IIIERONYMI

3620 255 3729 314 536

500 372 652 447 (Cap.
690 370 1069 429 Vlll.—Vers.
1108 371 1186 444 1.)
1214 372 1367 427 Anno
1387 373 1537 428 tertio
1566 374 1715 446 regni
1735 371 2016 428 Balthasar
2045 366 2093 429 A
2122 371 2264 442 quod
2309 371 2590 429 Medorum
2623 384 2787 447 atque
2832 375 3124 433 Persarum
3173 385 3362 435 cernat
3407 375 3724 448 imperium.

434 468 590 540 regis,
615 466 741 521 visio
767 464 1011 538 apparuit
1048 464 1194 519 mihi.
1230 464 1342 536 Ego
1368 462 1559 521 Daniel
1580 476 1692 539 post
1722 466 1775 519 id
1796 466 1935 538 quod
1951 466 2029 520 vi-

434 559 612 613 deram
642 558 693 611 in
716 556 999 630 principio.
1029 555 1161 612 Post
1186 556 1325 613 duos
1354 572 1529 613 annos
1550 557 1851 629 superioris
1874 573 2030 614 reve-

432 653 674 719 lationis,
707 651 823 707 haec
851 652 1012 708 visio.
1043 652 1137 707 Illa
1167 654 1310 708 enim
1354 654 1407 708 in
1437 653 1613 723 primo
1633 669 1778 709 anno
1809 654 2032 709 Baitha-

430 760 522 800 sar
551 762 565 799 :
596 746 711 798 htec
742 744 795 799 in
844 744 1008 800 tertio
1050 746 1311 802 cernitur.
1366 745 1521 803 Unde
1571 745 1738 802 infert
1768 763 1782 801 :
1813 746 1944 801 Post
1974 744 2029 800 id

436 836 578 907 quod
607 836 846 892 videram
873 839 925 893 in
957 837 1249 909 principio.

506 933 687 1005 (Vers.
719 933 800 1004 ἓ.)
834 934 1021 989 Vidiin
1051 935 1246 992 visione
1277 952 1411 1002 mea,
1446 954 1561 992 cum
1606 954 1766 993 essent
1796 941 1850 993 in
1879 938 2033 1011 Susis

430 1036 623 1092 castro,
647 1028 787 1097 quod
811 1037 882 1080 est
906 1028 959 1081 in
988 1025 1146 1081 Elam
1176 1030 1385 1101 regione
1408 1029 1591 1102 [ναις.
1625 1028 1873 1104 civitate].
1906 1031 2035 1087 Sive

431 1128 490 1172 ut
520 1118 827 1189 Symachus
853 1119 1246 1190 interpretatus
1287 1130 1391 1189 est,
1424 1122 1647 1188 civitate,
1673 1136 1703 1176 a
1730 1138 1836 1192 qua
1870 1122 2033 1178 etiam

432 1211 587 1282 regio
635 1225 833 1266 nomen
869 1212 1107 1281 accepit,
1138 1222 1198 1266 ut
1244 1228 1274 1269 a
1316 1212 1619 1285 Babylone,
1650 1214 1953 1286 Babylonii,
1980 1227 2036 1271 et

432 1304 501 1358 ab
533 1303 708 1370 Elatn,
742 1305 1011 1373 Elamitm,
1040 1319 1139 1375 pro
1169 1321 1276 1375 qua
1321 1306 1678 1377 Septuaginta
1722 1306 2035 1362 Elimaidem

430 1397 690 1465 regionem
728 1396 1071 1468 interpretati
1103 1406 1250 1454 sunt.
1289 1398 1447 1455 Susis
1490 1409 1675 1455 autem
1709 1402 2035 1472 metropolis

434 1497 519 1544 est
559 1489 800 1559 regionis
833 1491 1217 1558 Elamitarum,
1248 1490 1303 1547 in
1345 1507 1449 1562 qua
1494 1492 1686 1547 Daniel
1733 1493 2035 1548 secundum

442 1582 728 1637 historiam
764 1592 788 1621 α
813 1583 1062 1654 Josephi,
1103 1586 1294 1640 turrim
1338 1586 1609 1641 exstruxit
1657 1585 1951 1650 excelsam,
1981 1597 2039 1642 et

2204 466 2382 536 (Vers.
2416 465 2498 539 5.)
2529 467 2666 524 Ecce
2699 479 2876 525 autem
2907 471 3081 527 hircus
3108 486 3386 546 caprarum
3410 470 3635 527 veniebat
3661 470 3727 526 ab

2132 560 2393 616 occidente
2419 580 2575 631 super
2604 565 2790 636 faciem
2841 567 2997 621 totius
3024 578 3027 581 ‘
3052 576 3239 636 terrea,
3283 577 3331 623 et
3358 584 3459 622 non
3490 567 3733 640 tangebat

2134 664 2343 722 terram,
2374 664 2480 713 etc.
2507 657 2587 713 Ne
2617 659 2737 730 quis
2770 675 2857 716 me
2880 669 3031 732 putet
3072 663 3350 733 proprium
3382 677 3600 718 sensum
3633 676 3733 732 po-

2134 764 2285 817 nere,
2316 749 2588 808 Gabrielis
2610 755 2933 824 exponentis
2954 755 3220 811 visionem
3250 754 3730 826 prophetae,verba

2133 843 2379 900 dicamus
2404 862 2419 900 :
2452 847 2623 913 Aries,
2656 848 2855 919 inquit,
2884 866 3033 920 quem
3063 849 3243 904 vidisti
3275 848 3468 904 habere
3492 850 3598 903 duo
3619 866 3736 903 cor-

2136 953 2264 1005 nua,
2293 954 2384 992 rex
2400 937 2675 994 Medorum
2703 950 2799 1008 est,
2832 950 2988 1013 atque
3017 941 3327 998 Persarum.
3364 942 3553 997 Darius
3584 942 3737 999 vide-

2136 1028 2267 1085 licet
2308 1033 2520 1087 Arsami
2556 1031 2719 1100 lilius,
2772 1035 2847 1089 in'
2872 1050 2980 1105 quo
3011 1034 3292 1092 Medorum
3344 1043 3400 1090 et
3444 1034 3734 1091 Persarum

2136 1139 2360 1195 regnum
2406 1125 2741 1182 destructum
2772 1136 2876 1184 est.
2910 1128 3085 1184 Porro
3118 1130 3293 1184 hircus
3315 1145 3616 1201 caprarum,
3643 1130 3732 1199 qui

2136 1218 2367 1274 veniebat
2388 1220 2451 1273 ab
2479 1220 2757 1289 occidente,
2788 1230 2843 1277 et
2869 1234 3093 1293 propter
3118 1222 3337 1278 nimiam
3382 1222 3732 1278 velocitatem

2137 1319 2340 1367 terram
2395 1321 2616 1384 tangere
2644 1330 2751 1369 non
2813 1315 3120 1383 videbatur,
3156 1315 3468 1372 Alexander
3496 1325 3603 1383 est,
3635 1330 3734 1371 rex

2138 1405 2474 1472 Grmcorum,
2506 1409 2619 1480 qui,
2652 1410 2936 1467 subversis
2986 1409 3222 1483 Thebis,
3249 1410 3302 1466 in
3335 1410 3528 1467 Persas
3576 1425 3731 1467 arma

2138 1500 2422 1571 corripuit,
2443 1510 2513 1557 'et
2565 1502 2707 1573 apud
2761 1502 3054 1560 Granicum
3112 1505 3329 1560 ﬂuvium
3377 1504 3513 1560 inito
3551 1512 3728 1560 certa-

2139 1595 2306 1663 mine,
2352 1596 2497 1651 Darii
2530 1596 2695 1653 duces
2719 1599 3016 1670 superavit.
3047 1608 3104 1654 et
3123 1600 3189 1655 ad
3220 1608 3519 1656 extremum
3555 1599 3733 1671 ipsum

440 1678 651 1747 quadro
675 1678 997 1734 aediﬁcatam
1030 1695 1324 1744 marmore,
1350 1688 1626 1751 tantaque
1649 1679 2039 1751 magnitudinis
2067 1756 2108 1761 _
2140 1685 2305 1758 674
2353 1688 2624 1755 percussit
2651 1688 2901 1756 arietem,
2934 1698 2991 1744 et
3018 1689 3125 1746 duo
3174 1691 3293 1760 ejus
3320 1692 3589 1761 confregit
3615 1705 3742 1746 cor-

440 1788 501 1837 et
530 1780 972 1851 pulchritudinis,
1007 1789 1062 1833 ut
1087 1793 1261 1848 usque
1290 1777 1343 1832 in
1378 1790 1621 1847 praesens
1642 1776 1896 1831 videatur
1917 1792 2040 1833 esse
2066 1756 2117 1818 Β
2147 1756 2293 1842 una;
2328 1778 2540 1847 Medos,
2586 1790 2750 1851 atque
2793 1781 2989 1839 Persas
3019 1800 3033 1836 :
3065 1756 3317 1855 misitque
3357 1801 3479 1841 eum
3513 1756 3612 1840 sub
3642 1800 3739 1855 pc-

440 1891 602 1931 nova.
645 1874 704 1929 In
754 1888 928 1943 caque
967 1886 1154 1942 regum
1206 1870 1498 1925 Persarum
1546 1879 1709 1940 atquc
1754 1869 2035 1924 Medorum

437 1970 754 2026 conduntur
797 1967 1061 2038 reliquiae,
1095 1975 1150 2020 et
1177 1973 1364 2020 custos
1396 1964 1513 2019 sive
1558 1963 1813 2030 :edituus,
1847 1978 1911 2019 ac
1946 1977 2037 2018 sa-

440 2065 636 2120 cerdos
665 2062 882 2134 ejudem
913 2060 1262 2132 loci_Jud:eus
1283 2067 1388 2115 est.
1432 2059 1563 2112 Cum
1594 2075 1754 2113 essem
1796 2058 1850 2112 in
1890 2057 2039 2113 Susis

438 2171 628 2214 castro.
658 2159 775 2213 Non
806 2172 915 2228 quo
943 2166 1182 2212 castrum
1230 2156 1343 2225 ipsa
1389 2153 1460 2208 sit
1498 2152 1653 2222 urbs,
1679 2160 1739 2206 ut
1779 2151 2036 2219 diximus,

443 2252 771 2320 metropolis
808 2258 864 2304 et
905 2246 1306 2319 potentissima,
1336 2244 1434 2301 sed
1465 2260 1573 2315 quo
1599 2252 1747 2300 tanta
1778 2243 2041 2299 ﬁrmitate

444 2345 738 2411 tediﬁcata,
767 2352 826 2397 ut
845 2350 1082 2398 castrum
1110 2354 1238 2396 esse
1256 2338 1529 2394 videatur.

520 2435 643 2492 Vidi
666 2446 838 2491 autem
854 2437 909 2489 in
938 2435 1131 2489 visione
1146 2450 1224 2488 me
1240 2449 1350 2489 esse
1367 2449 1521 2505 super
1536 2440 1741 2505 portam
1767 2430 1911 2487 Ulai.
1928 2431 1968 2485 Ρ
1979 2446 2041 2487 ro

440 2547 550 2603 quo
580 2530 775 2601 Aquila
810 2528 1112 2595 transtulit,
1136 2543 1292 2597 super
1319 2524 1456 2580 Ubal
1499 2522 1665 2580 Ulai:
1707 2524 2037 2592 Theodotio,

436 2642 595 2696 super
629 2622 804 2690 Ubal;
830 2620 1215 2694 Symmachus,
1246 2636 1402 2691 super
1441 2620 1685 2691 paludem
1716 2616 1875 2685 Ulai;
1899 2617 2039 2690 Sep-

439 2719 711 2789 tuaginta,
740 2716 768 2755 δ
800 2732 957 2787 super
990 2723 1194 2785 portam
1229 2711 1369 2767 Ulai.
1403 2712 1701 2768 Sciendum
1738 2719 1824 2768 est
1858 2720 2040 2766 autem

443 2811 586 2878 Ulai,
614 2826 812 2866 nomen
842 2823 966 2865 esse
996 2807 1138 2873 loci;
1167 2808 1285 2862 sive
1304 2815 1491 2879 portas,
1519 2815 1575 2859 ut
1598 2805 1653 2860 in
1675 2805 1861 2873 Troja,
1884 2805 2043 2860 σκαιά

440 2915 623 2976 porta,
642 2902 806 2974 673
828 2911 883 2955 et
913 2898 1056 2969 apud
1086 2899 1385 2966 Romanos,
1419 2896 1761 2953 Carmentalis
1803 2895 2038 2952 dicitur':

439 2996 707 3051 habentes
741 2992 970 3065 singula:
1003 3007 1072 3047 ex
1114 2989 1353 3062 propriis
1384 2988 1567 3045 causis
1597 2988 1841 3060 origines
1866 2989 2044 3043 nomi-

440 3104 595 3144 num.

511 3182 580 3236 Et
610 3181 772 3235 levavi
834 3177 1015 3234 oculos
1052 3192 1194 3231 meos
1248 3184 1295 3230 et
1347 3174 1473 3229 vidi.
1509 3174 1775 3243 Quamvis
1807 3174 1861 3228 in
1891 3189 2043 3229 som-
2066 3142 2113 3205 Ο

439 3273 524 3328 nis
575 3272 865 3328 videantur
902 3311 921 3339 ,
962 3284 1082 3340 qua:
1145 3267 1399 3323 videntur
1450 3267 1506 3322 in
1573 3268 1769 3322 umbra
1811 3307 1828 3334 ,
1893 3266 2046 3323 vide-

437 3367 567 3423 licet
595 3373 651 3422 et
679 3366 947 3437 imagine:
988 3372 1170 3420 tamen
1219 3378 1288 3419 ne
1311 3362 1427 3434 ipsa
1450 3360 1669 3433 quidem
1702 3360 1889 3417 videre
1920 3375 2044 3431 pos-

666 3469 688 3497 c

441 3472 791 3621 suaisrs..5.)
802 3548 867 3603 Et
887 3565 1005 3604 ecce
1023 3547 1159 3602 aries
1171 3564 1305 3602 unus
1327 3547 1496 3601 stabat
1520 3555 1640 3600 ante
1650 3545 1893 3619 paludem
1905 3544 2044 3619 (sive

436 3652 559 3697 ante
586 3652 813 3713 partam,
838 3641 978 3711 quod
1012 3639 1274 3697 Hebraice
1302 3639 1503 3697 dicitur
1527 3637 1687 3711 usu.)
1714 3638 1905 3694 habens
1927 3654 2044 3693 cor-

439 3754 543 3792 nua
591 3736 827 3803 excelsa,
858 3746 905 3791 et
936 3752 1098 3791 unum
1126 3736 1387 3791 excelsius
1428 3736 1594 3790 altera
1632 3745 1788 3806 atque
1836 3748 2042 3789 succre-

438 3831 891 3901 scens.Arietem,
928 3830 1145 3886 Darium
1192 3838 1355 3885 vocat
1405 3827 1730 3883 avunculum
1773 3826 1923 3899 Cyri,
1948 3826 2043 3898 qui

439 3937 567 4001 post
593 3928 866 3999 Astyagen
898 3937 1107 3998 patrem
1137 3923 1387 3997 regnavit
1416 3924 1473 3979 in
1513 3922 1705 3978 Medis.
1734 3921 1919 3977 Cornu
1948 3938 2044 3976 au-

440 4036 550 4079 tem
578 4038 742 4078 unum
771 4020 1041 4078 excelsius
1077 4020 1251 4076 altero
1279 4027 1441 4090 atque
1461 4031 1833 4086 succrescens,
1866 4016 2040 4086 ipsum

438 4116 642 4189 Cyrum
669 4115 958 4187 signiﬁcat,
1000 4115 1091 4185 qui
1141 4122 1263 4183 post
1314 4114 1588 4185 Astyagen
1640 4127 1801 4166 avum
1840 4118 2043 4167 mater-

440 4225 569 4265 num
599 4225 721 4265 cum
753 4209 1022 4264 avunculo
1061 4207 1245 4274 Dario,
1273 4221 1436 4277 quem
1469 4206 1646 4262 Graeci
1675 4208 1922 4287 κυαξαρεν
1945 4223 2039 4263 vo-

440 4312 588 4366 cant,
612 4302 786 4357 Medis
812 4299 1100 4371 imperavit
1129 4308 1186 4356 et
1224 4298 1428 4354 Persis.

515 4394 695 4466 (Vers.
724 4395 804 4465 4.)
835 4392 1029 4448 Postea
1056 4392 1161 4447 vidi
1194 4392 1409 4445 arietem
1430 4391 1675 4446 cornibus
1703 4391 2036 4447 ventilantem

434 4500 614 4545 contra
644 4488 671 4526 ά
700 4487 1037 4556 occidentem,
1069 4499 1117 4541 et
1171 4494 1353 4541 contra
1399 4484 1714 4555 aquilonem,
1766 4494 1814 4538 et
1854 4494 2036 4540 contra

436 4595 729 4660 meridiem,
776 4602 886 4648 etc.
941 4590 1060 4646 Non
1100 4591 1277 4662 ipsum
1322 4590 1571 4659 arietem,
1604 4590 1809 4662 Cyrum
1834 4590 2033 4645 videli-

433 4703 543 4760 cet,
568 4695 655 4749 vel
686 4694 929 4761 Darium,
960 4692 1058 4748 sed
1086 4692 1332 4762 ejusdem
1383 4693 1538 4763 regni
1565 4692 1817 4761 arietem,
1848 4692 1903 4747 id
1927 4700 2030 4759 est,

438 4797 652 4852 Darium
686 4797 944 4865 alterum,
975 4796 1068 4868 qui
1122 4797 1342 4851 ultimus
1375 4797 1632 4867 potentia:
1674 4795 1905 4853 Persica:
1936 4812 2031 4852 rex

431 4901 555 4966 fuit,
585 4910 635 4957 et
663 4917 824 4972 quem
868 4899 1145 4971 superavit
1175 4900 1481 4955 Alexander
1507 4899 1741 4970 Philippi
1767 4899 1911 4954 ﬁlius
1934 4915 2032 4954 rex

437 5003 809 5059 Macedonum.
834 5002 989 5070 Quod
1022 5009 1203 5056 autem
1245 5000 1441 5056 Darius
1467 5002 1569 5056 iste
1590 5016 1686 5056 rex
1712 5001 2029 5071 potentissi-

430 5122 575 5174 mus,
597 5117 651 5163 et
681 5106 984 5163 ditissimus
1011 5103 1199 5171 fuerit,
1219 5113 1327 5159 tam
1355 5103 1581 5172 Grzecaz,
1605 5119 1766 5175 quam
1798 5103 2025 5171 Latinae,

430 5225 495 5267 ac
524 5210 770 5266 barbara:
796 5215 1025 5265 narrant
1044 5206 1310 5263 historiae.

500 5312 568 5368 Et
594 5329 686 5385 ego
714 5310 1087 5382 intelligebam.
1119 5308 1197 5364 Ex
1228 5309 1601 5382 superioribus
1628 5311 1775 5367 enim
1801 5309 2029 5366 visioni-

424 5414 563 5481 bus,
614 5413 669 5467 in
717 5410 913 5483 quibus
943 5406 1243 5464 secundum
1297 5424 1525 5482 regnum
1560 5424 1659 5481 per
1697 5408 1923 5465 arietem
1971 5417 2026 5466 et

420 5512 638 5570 hircum
692 5510 1060 5584 signiﬁcatum
1104 5518 1233 5577 est,
1285 5510 1451 5568 etiam
1507 5527 1651 5569 nunc
1712 5513 2018 5588 intelligit,

440 5675 451 5679 ο
495 5660 521 5688 ει
546 5648 931 5730 Haeepenead
951 5650 1177 5730 verbum
1199 5666 1270 5730 ex
1288 5650 1527 5724 Josepho
1556 5653 1827 5730 descripta
1856 5669 2008 5730 sunt,

417 5736 579 5795 quem
607 5720 811 5795 videsis
843 5723 941 5776 lib.
969 5721 1018 5778 Χ
1046 5722 1343 5794 Antiquitt.
1378 5720 1498 5795 cap.
1533 5720 1749 5784 ultimo;

485 5795 512 5833 δ
536 5793 709 5849 Palat.
725 5797 885 5865 juxta
918 5803 1143 5863 portam,
1168 5807 1274 5849 etc.

2060 4534 2116 4595 D

2143 1871 2303 1927 dibus
2353 1872 2486 1937 suis,
2521 1884 2573 1928 et
2603 1884 2895 1945 utrumque
2935 1890 3104 1931 cornu
3156 1893 3256 1932 suo
3282 1877 3587 1948 subiugavit
3631 1879 3734 1932 im-

2144 1964 2320 2033 perio.
2353 1963 2528 2020 Cornu
2588 1977 2759 2021 autem
2809 1969 3009 2038 grande
3038 2011 3051 2033 ,
3102 1969 3223 2038 ipse
3275 1978 3360 2025 est
3403 1985 3497 2025 rex
3530 1971 3741 2040 primus

2143 2056 2474 2124 Alexander,
2499 2073 2606 2128 quo
2638 2058 2914 2115 tricesimo
2961 2060 3204 2117 sectmdo
3232 2061 3409 2115 aetatis
3451 2076 3565 2115 suae
3595 2075 3741 2116 anno

2143 2160 2359 2206 mortuo
2387 2151 2441 2206 in
2473 2151 2768 2224 Babylone,
2790 2164 3150 2208 surrexerunt
3172 2168 3272 2223 pro
3296 2167 3362 2207 eo
3385 2160 3617 2223 quatuor
3640 2151 3744 2207 (1η-

2143 2258 2235 2301 ces
2262 2242 2403 2313 ejus,
2450 2246 2541 2313 qui
2597 2245 2700 2301 sibi
2732 2246 3022 2316 imperium
3069 2246 3394 2302 diviserunt.
3443 2245 3740 2319 [Egyptum

2144 2338 2292 2395 cnim
2324 2337 2648 2394 Ptolomaeus
2674 2338 2803 2409 Lagi
2837 2340 2979 2394 ﬁlius
3004 2339 3175 2395 tenuit
3208 2355 3221 2393 :
3256 2339 3578 2395 Macedonas
3608 2338 3741 2394 Phi-

2143 2430 2345 2501 lippus,
2374 2431 2467 2501 qui
2500 2440 2558 2487 et
2601 2432 2834 2487 Arideus
2864 2430 2972 2503 [ΑΙ.
3001 2431 3187 2504 Arius]
3212 2431 3378 2487 frater
3398 2431 3691 2487 Alexandri
3725 2449 3737 2485 :

2146 2523 2386 2596 Syriam,
2417 2534 2473 2581 et
2501 2525 2856 2597 Babylonem,
2877 2536 2931 2580 et
2959 2525 3141 2581 omnia
3164 2540 3329 2595 regna
3352 2524 3614 2592 Orientis,
3636 2524 3741 2581 Se-

2146 2618 2334 2674 leucus
2363 2617 2599 2674 Nicanor
2628 2635 2641 2672 :
2675 2618 2819 2675 Asia:
2844 2618 3086 2689 regnavit
3110 2618 3428 2689 Antigonus.
3462 2616 3567 2673 Sed
3604 2632 3736 2682 non,

2146 2710 2346 2782 inquit,
2377 2712 2432 2765 in
2480 2712 2789 2780 fortitudine
2829 2714 2963 2785 ejus.
2992 2711 3181 2767 Nullus
3208 2711 3354 2766 enim
3384 2708 3743 2781 magnitudini

2145 2802 2441 2859 Alexandri
2495 2804 2672 2874 potuit
2712 2805 3005 2875 comquari.
3036 2801 3105 2857 Et
3149 2812 3264 2876 post
3308 2803 3472 2858 multa
3516 2812 3745 2875 tempora

2147 2895 2323 2968 Syria:
2345 2913 2436 2951 rex
2473 2898 2745 2971 impudens
2785 2898 2937 2968 facie,
2963 2906 3012 2951 et
3039 2896 3330 2969 intelligens
3369 2896 3746 2970 propositiones

2145 3000 2443 3061 consurget
2485 2991 2792 3046 Antiochus
2815 2990 3059 3065 ἐπιφανὴς
3090 2988 3235 3045 ﬁlius
3271 2988 3511 3056 Seleuci,
3564 2986 3657 3058 qui
3684 2994 3744 3042 et

2148 3080 2469 3154 Philopator
2492 3084 2805 3156 appellatus
2830 3084 3046 3152 est.Qui
3073 3099 3196 3139 cum
3236 3083 3398 3140 obses
3426 3082 3621 3138 luisset
3633 3081 3745 3136 Ro-

2148 3190 2272 3245 mae,
2303 3183 2378 3240 et,
2404 3176 2681 3232 nesciente
2704 3187 2918 3246 senatu,
2946 3193 3044 3247 per
3071 3177 3254 3232 dolum
3285 3175 3525 3248 cepisset
3566 3176 3741 3247 impe-

2146 3266 2309 3335 rium,
2341 3276 2530 3323 contra
2584 3267 2940 3324 Ptolomaeum
2989 3268 3410 3325 Philometorem
3438 3266 3741 3335 dimicavit,

2148 3358 2252 3415 hoc
2279 3370 2385 3427 eet,
2413 3372 2599 3415 contra
2627 3359 2923 3426 Meridiem,
2949 3370 3005 3417 et
3030 3371 3222 3418 contra
3267 3361 3571 3433 Egyptios.
3602 3359 3743 3417 Rur-

2147 3468 2379 3525 sumque
2424 3454 2493 3509 ad
2523 3454 2807 3526 Orientem,
2835 3463 2891 3512 et
2908 3466 3100 3512 contra
3126 3471 3225 3513 eos
3249 3456 3340 3529 qui
3370 3471 3462 3512 res
3488 3471 3657 3512 novas
3687 3456 3741 3513 in

2146 3545 2373 3604 Perside
2401 3547 2810 3616 moliebantur;
2835 3548 2905 3604 ad
2945 3560 3249 3606 extremum
3300 3558 3489 3606 contra
3526 3550 3744 3607 ludimus

2148 3642 2438 3709 dimicans,
2469 3652 2631 3714 capta
2670 3641 2877 3711 Iudaea,
2908 3644 3183 3715 ingressus
3207 3652 3293 3698 est
3321 3642 3740 3716 Jerosolymam;

2147 3736 2275 3793 etin
2298 3734 2500 3805 templo
2528 3736 2625 3792 Dei
2646 3735 2996 3791 simulacrum
3044 3735 3195 3791 Jovis
3222 3735 3467 3807 Olympii
3512 3736 3739 3791 statuit:

2147 3841 2195 3887 et
2211 3848 2370 3903 usque
2394 3832 2464 3886 ad
2490 3833 2851 3905 fortitudinem
2889 3834 3023 3900 culi,
3050 3833 3101 3888 id
3125 3841 3232 3899 est,
3266 3834 3406 3889 ﬁlios
3432 3834 3620 3901 Israel,
3650 3834 3742 3905 qui

2144 3927 2461 3996 angelorum
2474 3926 2815 3982 vallabantur
2837 3928 3063 3991 auxilio,
3079 3928 3256 3983 erexit
3283 3929 3741 3999 magniﬁcentiam

2145 4035 2323 4088 suam,
2357 4022 2432 4077 ita
2487 4032 2545 4077 ut
2583 4022 2652 4078 de
2682 4024 2885 4079 sanctis
2916 4023 3177 4094 plurimos
3208 4024 3531 4080 idololatria:
3572 4024 3743 4095 subji-

2144 4124 2296 4171 ceret
2322 4132 2337 4181 ;
2362 4124 2420 4171 et
2446 4116 2596 4171 velut
2633 4116 2819 4172 stellas
2838 4116 2960 4173 cmli
2986 4118 3335 4173 conculcaret
3356 4118 3587 4190 pedibus
3603 4119 3737 4173 suis.

2144 4209 2324 4279 Atque
2350 4209 2421 4263 ita
2451 4208 2652 4264 factum
2698 4219 2802 4276 est,
2837 4219 2896 4265 ut
2931 4210 3231 4277 Meridiem,
3272 4220 3328 4266 et
3356 4210 3657 4275 Orientem,
3687 4210 3740 4265 id

2144 4307 2228 4355 est
2252 4299 2516 4370 Eyptnm
2544 4311 2602 4357 et
2622 4300 2899 4358 Persidem
2927 4317 3026 4356 suo
3046 4311 3256 4359 teneret
3277 4303 3525 4373 imperio.
3557 4302 3741 4369 Quod-

2142 4408 2248 4465 que
2271 4395 2349 4449 ait
2382 4412 2394 4448 :
2432 4392 2603 4466 Usque
2622 4396 2692 4449 ad
2717 4397 3005 4468 principem
3026 4395 3348 4467 fortitudinis
3374 4397 3738 4467 magnificatus

2141 4494 2236 4552 est,
2264 4485 2367 4542 hoc
2396 4487 2685 4558 signillcat,
2710 4488 2853 4557 quod
2882 4498 3101 4546 erectus
3143 4491 3209 4544 sit
3238 4498 3423 4545 contra
3455 4478 3646 4557 Deum,
3682 4498 3741 4546 et

2142 4600 2363 4643 sanctos
2382 4589 2530 4645 illius
2545 4589 2945 4658 persecutussit
2968 4608 2982 4656 ;
2998 4600 3048 4646 et
3075 4591 3266 4647 tulerit
3279 4591 3664 4665 ἕνδελιχισμὸν,
3681 4590 3737 4647 id

2144 4700 2247 4757 est,
2294 4693 2424 4763 juge
2447 4692 2787 4762 sacriﬁcium,
2830 4690 2976 4760 quod
3006 4706 3165 4747 mane
3184 4690 3537 4757 on‘erebatur,
3566 4699 3622 4747 et
3649 4707 3742 4747 ve-

2142 4802 2327 4860 spere,
2358 4801 2414 4847 et
2440 4792 2699 4862 polluerit
2727 4803 2889 4862 atque
2927 4791 3193 4863 dejecerit
3226 4794 3400 4847 locum
3443 4792 3741 4863 sancti/ica-

2141 4893 2298 4946 tionis
2343 4897 2479 4967 ejus.
2512 4893 2579 4948 Et
2604 4893 2710 4949 hoc
2738 4910 2846 4949 non
2878 4908 2974 4949 sua
3007 4894 3228 4963 virtute,
3263 4893 3361 4948 sed
3382 4903 3592 4965 propter
3622 4910 3740 4961 pec-

2137 5006 2256 5052 cata
2286 4998 2489 5067 populi.
2513 4995 2691 5067 Atque
2722 4996 2795 5051 ita
2823 4997 3022 5052 factum
3054 5005 3235 5063 est,ut
3261 4997 3468 5053 veritas
3496 5008 3740 5069 proster-

2139 5109 2363 5156 neretur
2391 5099 2443 5154 in
2478 5107 2704 5169 terram,
2730 5108 2805 5168 et,
2856 5100 3005 5155 cultu
3033 5099 3301 5156 idolorum
3350 5098 3604 5169 ﬂorente,
3638 5099 3737 5182 Qei

2136 5200 2327 5271 religio
2354 5201 2787 5270 conquiesceret.

2207 5303 2389 5375 (Vers.
2424 5301 2541 5373 15.)
2569 5301 2635 5356 Et
2649 5304 2827 5357 audivi
2844 5305 3082 5360 unumde
3108 5307 3306 5362 sanctis
3328 5308 3654 5378 loquentem:
3684 5319 3733 5366 et

2132 5406 2269 5463 dixit
2294 5420 2428 5459 unus
2444 5412 2653 5459 sanctus
2667 5405 2822 5460 alteri
2844 5408 3037 5475 nescio,
3064 5409 3147 5460 cui
3168 5409 3413 5478 loquenti.
3437 5409 3545 5465 Pro
3564 5410 3731 5467 altera

2130 5515 2302 5571 nescio
2346 5525 2496 5585 quo,
2552 5509 2697 5581 quod
2760 5508 3127 5582 Symmachus
3188 5512 3583 5586 interpretatus
3647 5526 3731 5573 est

2199 5669 2220 5698 ε
2246 5653 2467 5713 Addunt
2491 5651 2602 5706 duo
2629 5665 2762 5723 mss.
2794 5650 2905 5705 sine
2944 5652 3109 5706 oculis
3130 5653 3363 5711 elevatis.
3580 5720 3585 5723 _

2187 5729 2213 5768 d
2249 5725 2422 5780 Vatic.
2441 5732 2623 5777 contra
2647 5721 2908 5776 Orientem
2931 5733 2977 5777 et
3007 5734 3192 5778 contra
3218 5721 3585 5785 Occidentem.
3623 5729 3725 5787 Pa-

2120 5804 2215 5863 lat.
2243 5798 2505 5854 Orientem
2531 5795 2813 5850 dumtaxat
2854 5808 2953 5864 pro
2987 5793 3347 5855 Occidentem.
