4108 6338
368 294 448 347 ἰδῖ
1101 290 1760 352 COMMENTARIORUM
1798 291 1866 349 IN
1908 290 2261 352 DANIELEM
2303 293 2504 349 LIBER
2542 291 2695 349 CAP.
2741 291 2871 349 VIII.

3526 294 3631 350 ειδε

341 419 366 446 ⁸
392 414 494 469 τινί
516 433 671 478 ποτε,
718 428 882 485 quem
930 425 984 470 et
1031 428 1133 470 nos
1174 417 1347 469 secutl
1391 428 1600 480 sumus,
1634 413 1825 483 Aquila
1882 420 1940 468 et
1967 417 2023 476 Α
2118 412 2187 467 Et
2217 429 2331 467 ecce
2363 412 2503 467 stetit
2532 413 2587 466 in
2618 420 2893 481 conspectu
2939 426 3052 466 meo
3099 411 3249 481 quasi
3298 410 3489 483 species
3513 411 3632 468 viri.

336 506 504 579 675
553 507 868 564 Theodotio
887 550 901 574 ,
932 516 987 564 et
1024 504 1168 563 LXX
1192 490 1406 578 (’JDSD)
1434 505 1462 545 δ
1490 508 1723 581 φελμονὶ,
1760 507 1936 577 ipsum

336 598 566 653 verbum
593 599 917 655 llebraicum
942 609 1261 671 posuerunt.
1281 599 1487 655 Nomen
1511 614 1641 668 ergo
1667 598 1842 668 angeli
1861 606 1943 653 ta-

334 705 495 758 cens,
509 692 843 761 generaliter
857 702 1019 747 unum
1034 693 1333 763 quemlibet
1347 691 1416 745 de
1429 690 1635 762 angelis
1659 690 1936 745 indicavit.

416 784 862 857 Usquequo-visio
885 795 933 841 et
956 788 1084 859 juge
1113 786 1461 856 sacri/icium,
1489 795 1537 839 et
1563 794 1829 859 peccatum
1854 785 1941 838 de-

332 878 617 933 solationis
655 895 773 948 quae
802 882 941 950 facta
985 889 1079 950 est,
1119 889 1167 935 et
1195 880 1564 948 sanctuarium,
1607 889 1656 933 et
1685 879 1942 947 fortitudo

333 970 740 1026 conculcabitur
763 974 788 1027 ?
812 972 961 1029 Unus
1006 974 1233 1045 angelus
1265 974 1562 1045 interrogat
1584 974 1812 1029 alterum
1838 990 1928 1027 an~

333 1064 524 1134 gelum
558 1080 733 1137 usque
762 1066 829 1121 ad
860 1066 1003 1138 quod
1029 1075 1241 1137 tempus
1263 1066 1359 1121 Dei
1385 1066 1591 1136 judicio
1618 1066 1718 1121 sub
1746 1066 1937 1121 Antio-

338 1159 447 1213 cbo
477 1173 606 1230 rege
635 1160 830 1231 Syriae,
860 1160 1119 1230 templum
1152 1160 1394 1215 futurum
1425 1160 1498 1216 sit
1523 1160 1852 1226 desolatam,
1887 1169 1943 1215 et

337 1250 697 1306 simulacrum
723 1250 874 1307 Jovis
916 1261 1182 1307 staturum
1217 1252 1268 1306 in
1309 1251 1511 1321 templo
1541 1252 1662 1318 Dei,
1706 1253 1858 1322 juxta
1888 1251 1940 1307 id

334 1344 488 1415 quod
519 1343 821 1415 subiunxit,
853 1344 1042 1402 dicens
1074 1363 1088 1400 :
1123 1345 1191 1401 Et
1222 1347 1580 1401 sanctuarium
1608 1354 1656 1400 et
1688 1345 1939 1416 fortitudo

337 1438 760 1493 conculcabitur.

412 1530 599 1601 (Vers.
629 1531 746 1603 14.)
766 1530 837 1586 Et
859 1532 993 1587 dixit
1020 1532 1067 1587 ei
1091 1548 1112 1587 :
1139 1531 1312 1601 Usque
1336 1533 1404 1586 ad
1425 1548 1688 1603 vesperam
1713 1540 1760 1586 et
1790 1547 1942 1587 mane

336 1634 361 1662 ο
388 1624 502 1678 dies
522 1624 627 1678 duo
654 1626 824 1680 millia
866 1628 1099 1696 trecenti,
1121 1637 1169 1681 rt
1198 1627 1534 1682 mandabitur
1556 1626 1935 1682 sanctuarium.

330 1716 608 1789 Legamus
631 1719 1061 1776 Maehabmorum
1086 1722 1276 1788 libros,
1301 1731 1356 1778 et
1382 1722 1604 1793 Jnsephi
1629 1722 1933 1789 historiam,

2045 505 2161 562 Non
2189 506 2334 561 enim
2364 505 2465 561 viri
2490 514 2620 559 sunt
2664 505 2861 574 angeli,
2888 505 2983 561 sed
3008 505 3059 560 in
3079 504 3261 575 specie
3284 502 3534 559 videntur
3556 503 3636 557 vi-

2044 615 2253 655 rorum.
2288 600 2441 656 Sicut
2468 598 2740 653 Abraham
2766 598 2831 653 ad
2853 612 3111 667 quercum
3132 598 3371 654 Mambre
3400 605 3511 653 tres
3535 597 3636 653 visi

2043 700 2170 747 sunt
2197 693 2297 748 viri
2324 691 2477 765 (Gen.
2530 690 2672 763 vni),
2725 690 2815 760 qui
2858 690 3048 761 utique
3090 690 3191 745 viri
3242 706 3347 745 non
3378 699 3533 746 erant
3562 707 3576 757 ;
3603 706 3635 747 θ

2043 784 2238 856 quibus
2265 798 2406 839 unus
2435 783 2695 838 adoretur
2716 791 2775 839 ut
2806 782 3085 837 Dominus.
3117 782 3271 839 Unde
3303 792 3357 838 et
3387 782 3636 839 Salvator

2044 876 2285 946 loquitur
2307 876 2357 930 in
2384 875 2681 947 Evangelio
2720 892 2734 928 :
2765 873 3032 929 Abraham
3062 875 3187 928 vidit
3236 874 3372 929 diem
3420 890 3633 940 meum;

2045 966 2169 1023 vidit
2192 979 2239 1024 et
2270 968 2470 1024 lwtatus
2495 978 2568 1023 est
2611 966 2795 1039 (Joan.
2828 983 2945 1033 vui,
2977 964 3090 1037 56).

2117 1071 2297 1145 (Vers.
2330 1072 2396 1127 16
2418 1082 2470 1127 et
2500 1070 2613 1141 I7.)
2643 1070 2709 1124 Et
2737 1071 2913 1125 audivi
2934 1086 3102 1125 vocem
3128 1069 3225 1123 viri
3250 1070 3381 1124 inter
3412 1070 3556 1137 Ulai,
3586 1077 3636 1126 et

2043 1167 2365 1233 clamavit,et
2393 1168 2466 1220 ait
2499 1183 2517 1222 :
2546 1165 2774 1234 Gabriel,
2817 1167 2901 1237 fac
2928 1164 3213 1235 intelligere
3264 1166 3413 1218 istam
3440 1163 3622 1237 [Vulg.

2039 1258 2220 1331 istum]
2253 1260 2521 1315 visionem.
2550 1260 2615 1312 Et
2644 1259 2776 1313 venit
2798 1267 2843 1313 et
2868 1260 3001 1313 stetit
3020 1260 3174 1329 juxta
3201 1259 3286 1311 ubi
3305 1275 3397 1328 ego
3418 1257 3635 1313 stabam.

2044 1350 2272 1421 Cumque
2314 1353 2552 1417 venisset,
2598 1366 2791 1421 pavens
2814 1352 2985 1404 corrui
3012 1351 3066 1404 in
3097 1351 3282 1421 faciem
3329 1365 3514 1403 meam.
3543 1347 3639 1403 Vi-

2041 1457 2160 1497 rum
2206 1445 2367 1498 istum
2395 1444 2487 1512 qui
2514 1444 2770 1514 praecepit
2816 1442 3053 1499 Gabrieli
3089 1451 3148 1497 ut
3187 1440 3466 1497 Danielem
3491 1439 3637 1497 face-

2042 1545 2124 1590 ret
2150 1535 2461 1606 intelligere
2486 1535 2771 1602 visionem,
2788 1534 2961 1590 Jndmi
2991 1533 3305 1589 Michaelem
3328 1541 3634 1588 autumant.

2041 1629 2453 1702 Consequenter
2506 1641 2686 1685 autem
2744 1631 2866 1699 quia
2897 1628 3031 1684 visio
3060 1627 3129 1683 de
3159 1627 3361 1698 praeliis
3384 1636 3522 1693 erat,
3550 1641 3634 1681 re-

2042 1741 2280 1797 gumque
2331 1724 2742 1789 certaminibus,
2775 1726 2939 1779 immo
2964 1736 3253 1791 regnorum
3279 1720 3639 1775 successioni-

331 1812 521 1882 ibique
542 1813 803 1883 scriptum
823 1813 1499 1885 reperiemus,eentesimo
1522 1814 1937 1886 quadragesimo
1969 1808 2017 1868 B
2046 1820 2166 1883 hns,
2197 1816 2437 1879 Gabriel.
2471 1817 2563 1887 qni
2591 1816 2917 1887 praepositus
2961 1825 3045 1871 est
3073 1813 3272 1884 prmliis
3302 1814 3423 1869 huic
3454 1811 3636 1869 ofﬁcio

335 1906 503 1961 tertio
532 1921 678 1961 anno
707 1921 735 1961 a
768 1907 1025 1975 Seleuco,
1059 1909 1151 1979 qui
1184 1908 1392 1978 primus
1416 1909 1659 1979 regnavit
1700 1910 1753 1962 in
1781 1909 1935 1980 Syria

332 2009 460 2069 post
491 2000 884 2065 Alexandrum,
933 2002 1233 2072 ingressum
1284 2002 1611 2057 Antiochum
1659 2001 1938 2074 Jerosoly-

333 2101 574 2159 mam,et
605 2094 857 2149 universa
881 2105 1550 2167 vastasse,reversumque
1578 2110 1721 2151 anno
1752 2097 1934 2161 tertio,

333 2184 388 2239 in
423 2186 630 2255 templo
659 2186 908 2256 posuisse
955 2195 1186 2243 statuam
1216 2187 1383 2255 lovis,
1428 2198 1481 2245 et
1508 2203 1677 2259 usque
1722 2188 1787 2243 ad
1843 2187 1937 2243 Ju-

331 2278 461 2334 dam
510 2279 899 2345 Machameum,
952 2282 1003 2338 id
1051 2292 1154 2349 Gal,
1205 2298 1376 2354 usque
1405 2283 1470 2338 ad
1522 2298 1720 2338 annum
1754 2291 1937 2338 cente-

328 2372 530 2428 simum
561 2374 1036 2446 quadragesimum
1067 2385 1337 2441 octavum,
1370 2392 1469 2447 per
1512 2392 1684 2431 annos
1714 2376 1938 2431 vastita-

331 2466 402 2521 tis
446 2466 747 2523 Jerusalem
791 2482 889 2523 sex
920 2509 935 2535 ,
987 2468 1466 2524 contaminationis
1512 2479 1692 2525 autem
1750 2469 1934 2540 templi

329 2568 468 2623 tres,
499 2559 608 2614 duo
638 2559 805 2616 millia
856 2570 1129 2619 trecentos
1161 2562 1301 2632 dies,
1336 2572 1389 2617 et
1421 2571 1537 2619 tres
1575 2578 1791 2619 menses
1814 2577 1936 2619 esse

327 2652 679 2724 completos;
713 2664 831 2724 post
859 2669 998 2725 quos
1051 2655 1310 2726 templum
1344 2664 1627 2727 purgatum
1668 2664 1772 2711 est.
1805 2655 1936 2722 Qui-

331 2746 462 2802 dam
498 2763 596 2817 pro
649 2748 861 2805 duobus
915 2750 1154 2806 millibus
1186 2751 1463 2818 trecentis,
1496 2750 1602 2805 duo
1634 2751 1799 2805 millia
1830 2750 1936 2806 du-

326 2849 525 2896 centos
576 2844 762 2910 legunt
793 2860 806 2896 :
833 2859 901 2898 ne
929 2859 1025 2899 sex
1049 2843 1198 2914 anni,
1232 2852 1287 2899 et
1332 2854 1441 2900 tres
1494 2858 1712 2899 menses
1738 2859 1934 2914 super-

324 2946 456 2988 esse
480 2932 792 2989 videantur.
826 2936 980 2990 llunc
1025 2935 1202 2990 locum
1255 2936 1503 3006 plerique
1532 2943 1841 2991 nostrormn
1866 2934 1934 2990 ad

322 3025 716 3082 antichriStum
743 3028 987 3083 referunt
1012 3071 1026 3096 ,
1058 3038 1114 3085 et
1140 3030 1282 3100 quod
1324 3029 1425 3084 sub
1468 3030 1739 3085 Antiocho
1769 3029 1821 3087 in
1851 3039 1936 3101 ty-

326 3132 404 3189 po
434 3117 635 3173 factum
679 3128 763 3175 est
797 3162 812 3187 ,
858 3120 962 3175 sub
1017 3121 1111 3177 illo
1164 3122 1219 3176 in
1271 3122 1498 3177 veritate
1558 3122 1748 3177 dicunt
1806 3137 1930 3179 esse

2042 1911 2404 1978 mancipatur.
2432 1908 2641 1963 Gabriel
2670 1912 2812 1964 enim
2838 1908 2891 1964 in
2923 1908 3161 1977 linguam
3191 1917 3436 1961 nostram
3469 1906 3638 1961 verti-

2043 2014 2132 2060 tur
2163 2006 2441 2076 fortitudo,
2476 2005 2561 2059 vel
2587 2004 2826 2059 robustus
2872 2003 2991 2059 Dei.
3019 2003 3173 2060 Unde
3216 2012 3270 2060 et
3299 2017 3365 2059 eo
3390 2013 3637 2072 tempore

2040 2114 2146 2169 quo
2174 2108 2295 2155 erat
2342 2098 2601 2153 Dominus
2644 2097 2973 2163 nasciturus,
3006 2106 3065 2153 et
3104 2097 3406 2151 indicturus
3432 2094 3632 2151 bellum

2040 2192 2379 2248 dmmonibus
2407 2233 2420 2256 ,
2450 2201 2506 2247 et
2555 2191 2984 2261 triumphaturus
3037 2189 3104 2244 de
3153 2188 3377 2255 mundo,
3413 2185 3633 2243 Gabriel

2038 2284 2189 2341 venit
2232 2285 2298 2339 ad
2349 2283 2665 2338 Zachariam
2701 2325 2717 2349 ,
2768 2292 2823 2337 et
2870 2283 2937 2336 ad
2971 2282 3197 2337 Mariam
3231 2280 3406 2352 (Luc.
3448 2295 3464 2332 ι
3494 2281 3535 2350 ).
3571 2279 3637 2333 Et

2038 2387 2228 2452 postea
2261 2379 2313 2433 in
2342 2378 2575 2432 Psalmis
2607 2377 2836 2446 legimus
2860 2376 2928 2430 de
2956 2374 3190 2429 Domino
3216 2371 3587 2441 triumphante
3618 2390 3634 2427 :

2042 2474 2171 2541 Quis
2204 2482 2277 2526 est
2306 2473 2403 2526 iste
2456 2487 2547 2525 rex
2598 2471 2780 2541 gloria:
2807 2470 2829 2523 Σ)
2861 2467 3111 2523 Dominus
3163 2466 3316 2537 {ortis
3352 2473 3399 2517 et
3431 2473 3633 2532 potens,

2041 2565 2292 2619 Dominus
2325 2564 2480 2635 fortis
2510 2565 2562 2617 in
2599 2564 2778 2632 prwlio
2808 2578 2827 2627 ;
2854 2562 2969 2633 ipse
3014 2567 3088 2614 est
3135 2575 3228 2613 rea:
3247 2557 3433 2629 gloria
3454 2555 3630 2627 (Psal.

2038 2674 2191 2723 χχιιι,
2225 2659 2302 2730 8).
2327 2657 2669 2727 Ubicumque
2697 2664 2876 2710 autem
2904 2654 3197 2721 medicina,
3228 2659 3283 2707 et
3309 2649 3519 2705 sanatio
3537 2663 3635 2703 ne-

2038 2754 2275 2809 cessaria
2321 2760 2445 2821 est,
2488 2751 2722 2823 Raphael
2776 2749 3050 2815 mittitur,
3094 2747 3186 2817 qui
3241 2745 3634 2814 interpretatur

2037 2847 2241 2901 curatio
2268 2846 2396 2912 ;vel
2424 2844 2682 2898 medicina
2714 2841 2849 2897 Deie
2891 2842 2976 2896 :si
2998 2841 3084 2896 cui
3110 2849 3290 2895 tamen
3330 2838 3507 2909 placet
3527 2836 3638 2891 To-

2039 2939 2141 2994 hia:
2191 2939 2390 2994 librum
2434 2938 2701 3008 recipere.
2752 2936 2922 2990 Porro
2968 2934 3056 2990 ubi
3112 2932 3313 3004 populo
3368 2943 3637 3001 prospera

2039 3034 2461 3104 promittuntur,
2521 3040 2575 3087 et
2630 3029 2867 3102 ἰλασμὸς,
2898 3026 3044 3098 quod
3094 3040 3193 3081 nos
3246 3025 3333 3080 vel
3380 3024 3635 3096 prapitia-

2039 3128 2271 3192 tionem,
2312 3126 2399 3182 vel
2450 3126 2611 3198 677
2658 3125 3006 3191 expiationem
3058 3134 3345 3191 possumus
3404 3118 3624 3185 dicere,

324 3212 741 3283 complendum.
773 3214 925 3284 Quod
959 3224 1142 3271 autem
1176 3215 1342 3271 infert
1369 3232 1380 3269 :
1418 3215 1760 3271 Mundabitur
1806 3235 1931 3273 san-
1958 3194 2003 3259 Ο
2040 3220 2059 3260 ί
2084 3221 2392 3278 necessaria
2425 3194 2539 3288 est,
2569 3194 2834 3285 blichael,
2858 3216 3132 3284 dirigitur,
3162 3215 3252 3284 qui
3306 3213 3635 3282 interpreta-

321 3309 612 3381 ctuarium.
652 3308 808 3365 Judze
832 3310 1127 3367 Machabaei
1159 3312 1431 3383 signiﬁcat
1458 3319 1722 3383 tempora,
1746 3314 1839 3385 qui
1859 3314 1928 3369 de

322 3402 451 3483 vico
478 3401 659 3458 Modin
689 3400 715 3440 ἀ
747 3404 1007 3460 fratribus
1029 3422 1093 3460 ac
1116 3409 1434 3478 propinquis
1466 3424 1649 3464 secum
1680 3409 1929 3464 anniten-

323 3494 498 3564 tibus,
531 3504 587 3551 et
616 3496 801 3552 multis
837 3497 906 3554 de
935 3500 1135 3570 populo
1184 3500 1519 3569 Judaeorum,
1546 3501 1802 3557 Antiochi
1827 3501 1927 3557 du-

321 3604 425 3644 ces
444 3599 675 3660 superat
711 3592 867 3661 juxta
911 3592 1132 3661 Emaus,
1163 3611 1284 3666 quae
1312 3611 1457 3650 nunc
1482 3596 1764 3668 Nicepolis
1792 3596 1929 3651 dici-

325 3690 437 3738 tur.
470 3683 625 3751 Quod
656 3685 884 3742 audiens
934 3690 1233 3745 Antiochus
1277 3689 1367 3758 qui
1400 3699 1592 3745 contra
1626 3690 1925 3760 principem

324 3776 637 3846 principum
680 3790 1037 3847 surrexerat,
1072 3781 1122 3837 id
1173 3790 1277 3846 est,
1322 3782 1608 3837 Dominum
1636 3783 1925 3838 dominan-

326 3870 491 3937 tium,
514 3881 570 3925 et
592 3887 776 3943 regem
806 3888 989 3945 regum
1021 3876 1072 3930 in
1123 3875 1411 3941 Elimaide,
1462 3892 1583 3947 qua:
1612 3876 1763 3948 regio
1792 3876 1926 3932 Per-

329 3980 516 4021 sarum
547 3978 653 4037 est,
701 3970 963 4040 templum
1006 3972 1188 4027 Dianae
1218 3973 1452 4044 Spoliare
1498 3975 1748 4043 cupiens,
1780 3974 1923 4046 quod

330 4057 569 4115 habebat
596 4062 829 4131 pretiosa
848 4063 1014 4136 676
1029 4063 1278 4132 donaria,
1296 4075 1346 4121 et
1377 4065 1453 4120 ibi
1480 4082 1701 4139 quoque
1724 4069 1925 4124 amisso

323 4154 593 4219 exercitu,
617 4156 737 4210 sine
764 4156 1015 4210 manibus
1041 4159 1308 4212 contritus
1336 4170 1439 4223 est,
1468 4158 1519 4212 id
1561 4170 1665 4225 est,
1691 4160 1924 4215 tristitia:

324 4246 520 4302 morbo
550 4248 735 4318 periit.
769 4248 1013 4319 Vespere
1062 4260 1242 4306 autem
1298 4262 1353 4307 et
1406 4267 1586 4319 mane,
1620 4255 1922 4310 successio-

323 4354 449 4394 nem
470 4339 579 4394 diei
610 4345 888 4412 noctisque
912 4342 1201 4414 signiﬁcat.

397 4431 584 4505 (Vcrs.
602 4433 716 4506 I5.)
732 4433 783 4487 F
782 4445 956 4490 actum
982 4444 1057 4491 est
1082 4446 1258 4491 autem
1286 4452 1403 4491 cum
1431 4438 1659 4493 viderem
1690 4455 1781 4511 ego
1808 4437 1921 4492 Da-

322 4524 433 4579 niel
461 4527 707 4581 visionem
736 4568 751 4591 ,
804 4538 853 4582 ct
902 4544 1187 4599 quwrerem
1239 4529 1654 4601 intelligentiam.
1692 4531 1919 4588 Videbat

2036 3323 2123 3370 tur
2169 3316 2285 3385 quis
2334 3315 2467 3369 sicut
2519 3312 2712 3366 Deus?
2751 3312 2854 3365 hoc
2906 3307 3165 3363 videlicet
3242 3302 3477 3359 nominis
3548 3302 3634 3356 in-

2036 3408 2432 3479 terpretatione
2457 3405 2805 3477 signiﬁcante
2824 3445 2841 3471 ,
2865 3401 3009 3474 quod
3043 3402 3095 3456 in
3130 3399 3241 3455 Deo
3270 3397 3341 3452 sit
3363 3395 3633 3451 medicina

2030 3520 2186 3561 vera.

2104 3606 2171 3661 Et
2200 3606 2272 3659 ait
2301 3605 2369 3658 ad
2390 3620 2468 3657 me
2492 3618 2508 3655 :
2533 3599 2797 3671 Intellige,
2849 3598 2927 3666 fili
2974 3594 3195 3650 hominis
3225 3631 3241 3657 ,
3285 3591 3531 3663 quoniam
3575 3589 3630 3642 in

2032 3709 2261 3768 tempore
2294 3698 2412 3767 ﬁnis
2439 3694 2776 3767 complebitnr
2805 3692 2956 3758 visio,
2999 3701 3099 3747 etc.
3134 3686 3408 3754 Ezechiel,
3438 3695 3493 3740 et
3524 3684 3631 3738 Da-

2031 3793 2160 3859 niel,
2217 3798 2273 3846 et
2326 3789 2657 3844 Zacharias:
2690 3785 2813 3856 quia
2863 3799 3009 3853 szepe
3052 3786 3194 3838 inter
3245 3779 3468 3850 angelos
3503 3791 3628 3833 esse

2030 3899 2092 3941 se
2146 3891 2382 3939 cernunt
2447 3882 2565 3955 [Αι.
2640 3877 3010 3949 cernuntur],
3078 3892 3147 3932 ne
3228 3874 3517 3930 eleventur
3570 3873 3626 3928 in

2030 3979 2344 4050 superbiam
2368 4020 2383 4044 ,
2437 3984 2493 4032 et
2535 3974 2792 4045 angelicae
2832 3974 2917 4028 vel
2948 3980 3189 4035 natum,
3222 3968 3307 4023 vel
3351 3967 3633 4038 dignitatis

2030 4087 2091 4128 se
2138 4085 2258 4126 esse
2309 4068 2567 4133 credant,
2622 4066 2988 4121 admonentur
3019 4061 3328 4130 fragilitatis
3383 4073 3533 4123 suae,
3575 4066 3631 4112 et

2028 4163 2125 4219 ﬁlii
2159 4164 2437 4218 hominum
2468 4165 2853 4229 nuncupantur
2874 4202 2887 4225 ,
2921 4164 2979 4209 ut
3011 4154 3258 4208 homines
3287 4166 3348 4207 se
3378 4164 3502 4207 esse
3528 4163 3630 4204 no-

2028 4260 2233 4315 verint.
2481 4234 2511 4257 ’

2101 4351 2282 4424 (Vers.
2318 4349 2433 4417 18.)
2466 4347 2535 4402 Ει
2565 4346 2729 4418 tetigit
2774 4360 2890 4408 me;
2932 4351 2980 4395 et
3008 4340 3189 4395 statuit
3230 4354 3309 4391 me
3354 4337 3409 4390 in
3454 4335 3626 4407 gradu

2028 4461 2160 4500 meo.
2194 4444 2439 4513 Dixitque
2469 4442 2616 4509 mihi,
2648 4450 2745 4493 etc.
2776 4435 3046 4506 Propheta
3069 4433 3163 4504 qui
3188 4444 3390 4500 pavore
3418 4428 3623 4497 lapsus,

2027 4537 2343 4607 quadrupes
2390 4546 2444 4589 et
2494 4546 2699 4604 pronus
2738 4529 2949 4600 iacebat
2987 4527 3041 4581 itt
3093 4532 3281 4579 terra:
3312 4521 3379 4577 ad
3423 4528 3627 4575 tactum

322 4616 598 4673 visionem
632 4634 729 4689 per
750 4596 1039 4689 picturam,
1074 4631 1128 4676 et
1159 4596 1473 4692 imaginem,
1503 4632 1558 4677 et
1586 4624 1729 4678 illius
1761 4625 1921 4680 intel-
1948 4596 2001 4656 Ῑ)
2027 4596 2203 4703 angeli
2226 4596 2475 4700 erigitur,
2495 4596 2567 4681 'ut
2595 4596 2766 4695 possit
2793 4623 2999 4691 absque
3027 4618 3323 4675 formidine
3356 4616 3545 4671 audire
3572 4622 3628 4670 et

323 4712 605 4782 ligentiam
634 4716 933 4771 nesciebat.
965 4716 1080 4771 Non
1105 4732 1236 4786 ergo
1264 4719 1439 4772 omnis
1467 4718 1558 4787 qui
1585 4718 1726 4773 videt
1760 4717 1920 4773 intel-

322 4803 443 4876 ligit
485 4823 499 4860 :
558 4807 832 4877 quomodo
880 4807 928 4863 si
976 4808 1311 4879 Scripturam
1378 4820 1621 4865 sanctam
1678 4811 1921 4882 legamus

323 4898 498 4955 oculis
519 4910 574 4955 et
600 4900 773 4958 corde
807 4917 914 4956 non
947 4901 1336 4973 intelligamus.

399 5074 425 5103 α
452 5066 682 5122 Palatia.
727 5079 832 5120 ms.
862 5074 1143 5130 TINIIOTE,
1176 5062 1416 5137 secunda
1457 5077 1618 5118 manu
1656 5064 1915 5137 tinipole;

324 5137 610 5248 legebatur
633 5148 792 5192 antea
815 5151 939 5191 cum
971 5132 1325 5190 circumﬂexo
1345 5141 1591 5190 τῐνιποτε.

450 5209 605 5248 νηπίη
658 5225 738 5248 mc
791 5205 1253 5248 nnmnmimndnm
1284 5215 1338 5248 pl
1359 5206 1522 5248 Rana-
1551 5222 1591 5248 nt

450 5209 625 5264 Vatic.
658 5225 760 5263 ms.
791 5205 1254 5279 quemadmodum
1284 5206 1523 5279 etSang.
1551 5220 1718 5279 penes
1746 5205 1910 5279 Mont-

325 5282 466 5365 faue.
494 5280 702 5364 Latinis
727 5276 925 5335 litteris
955 5292 1248 5343 PBELIONI,
1281 5277 1375 5331 alii
1398 5276 1520 5332 libri
1553 5278 1802 5349 pelmoni,
1826 5287 1920 5333 aut

326 5353 728 5487 “tribadas,
760 5421 936 5490 inquit
984 5419 1194 5476 Victor.
1226 5434 1325 5475 nec
1377 5420 1429 5474 in
1460 5419 1714 5487 Hebraeo,
1745 5436 1921 5490 neque

326 5496 379 5551 in
404 5495 679 5551 Brixianis
706 5493 866 5550 codd.
895 5492 1128 5547 habetur
1161 5510 1174 5547 :
1200 5492 1409 5563 adjecta
1434 5500 1613 5547 autem
1640 5490 1914 5563 fueritve]

328 5584 391 5625 ex
421 5568 825 5634 Theodotione,
854 5565 938 5621 vel
972 5572 1028 5620 ut
1057 5562 1440 5621 subintellecta
1470 5579 1502 5620 e
1537 5563 1782 5635 margine
1811 5562 1916 5619 huc

328 5640 726 5769 ιωέιὲιῗὲθιηεε.
747 5710 1184 5779 vetustioresque
1214 5706 1343 5763 editi
1370 5707 1491 5764 libri
1540 5707 1664 5777 ﬁliis
1688 5721 1783 5776 pro
1808 5709 1917 5777 [ra-

327 5784 512 5853 tribus,
543 5783 688 5854 quod
736 5781 944 5854 pridem
976 5778 1252 5854 Victorius
1281 5779 1720 5854 Florentinorum
1745 5779 1912 5854 codd.

326 5872 432 5926 ope
462 5850 801 5923 emendavit,
830 5853 947 5925 ipsa
977 5860 1209 5922 cogente
1240 5851 1466 5908 historia
1494 5852 1513 5907 1
1549 5850 1912 5908 Mat-habilior.

2028 4722 2331 4793 intelligere
2354 4735 2476 4792 qua:
2504 4720 2775 4774 dicuntur.

2101 4814 2281 4886 (Vers.
2305 4811 2425 4884 ‘26.)
2460 4812 2539 4866 Tu
2561 4828 2682 4882 ergo
2708 4811 2855 4880 signa
2892 4806 3154 4861 Visionem
3177 4820 3195 4857 :
3225 4805 3346 4875 quia
3377 4812 3492 4873 post
3519 4803 3628 4856 dies

2028 4911 2218 4965 multos
2238 4908 2359 4964 erit.
2390 4906 2646 4977 Exposita
2675 4903 2894 4961 Gabriel
2926 4901 3165 4972 Angelus
3194 4897 3438 4965 Visione,
3467 4910 3628 4967 quam

2027 5082 2099 5130 ll;
2125 5067 2256 5122 item
2277 5082 2340 5132 ιι,
2366 5066 2420 5121 8.
2451 5063 2673 5119 Fratres
2697 5060 2851 5118 Iudae
2876 5051 3433 5132 Machahmiﬁimnn‘,
3466 5053 3621 5132 lose-

2024 5125 2164 5209 phus
2189 5150 2241 5192 et
2262 5125 2695 5209 Jn'nathasrsunt.
2725 5125 3616 5209 C:eternmetconferenduslose—

2028 5206 2164 5280 phus
2198 5208 2489 5279 Antiqttitt.
2528 5208 2747 5280 lih._xtt,
2781 5206 2900 5259 c.9.

2102 5289 2126 5317 θ
2154 5280 2271 5335 Huc
2302 5268 2581 5336 transfert.
2622 5278 2796 5332 Palat.
2823 5292 2923 5329 ms.
2955 5273 3124 5328 verba
3156 5272 3251 5325 hoc
3271 5268 3506 5323 videlicet
3529 5282 3623 5319 no-

2024 5352 2180 5415 minis
2238 5354 2662 5415 interpretatione
2708 5349 3038 5422 signiﬁcante
3067 5384 3099 5422 ,_
3125 5342 3262 5422 (Iuntl
3290 5343 3370 5422 in“
3402 5336 3513 5392 Deo
3555 5339 3625 5422 sit

2027 5412 2145 5478 vera
2174 5409 2425 5477 medicina
2473 5438 2496 5475 ε
2533 5421 2705 5475 ferme
2732 5409 2857 5474 cvutn'
2891 5409 3485 5492 Eras_tni_:Victt-triiq-tte
3504 5409 3623 5492 edi-

2030 5496 2220 5551 tionib.
2246 5511 2365 5565 qua:
2388 5494 2635 5549 Martian.
2656 5492 2720 5545 ad
2739 5492 2899 5565 linem
2920 5486 3143 5565 capituli
3165 5485 3364 5537 rectius
3387 5482 3618 5565 distulit.

2101 5566 2119 5604 ί
2154 5555 2297 5621 idem
2331 5581 2453 5620 cum
2484 5565 2722 5634 antiquis
2757 5559 3084 5617 editionibus
3117 5574 3128 5610 :
3172 5555 3520 5634 necessarium
3548 5560 3622 5607 est

2022 5647 2080 5693 ut
2109 5637 2333 5692 Michael
2359 5622 2637 5707 dirigatur,
2662 5635 2750 5706 qni
2779 5634 3142 5707 interpretatur
3162 5628 3285 5693 Quis
3304 5626 3435 5707 sicut
3459 5622 3618 5707 Deus.

2029 5710 2095 5767 Ut
2121 5709 2315 5765 scilicet
2344 5698 2685 5779 intelligatur,
2717 5704 2838 5779 quia
2869 5700 3309 5779 propitiationeni,
3332 5699 3410 5755 vel
3437 5698 3618 5771 expia-

2025 5784 2214 5839 tionem
2242 5781 2417 5837 nullus
2445 5771 2604 5850 po§sit
2634 5771 2877 5846 conferre
2895 5774 2996 5828 nisi
3023 5771 3185 5830 Deus.
3628 5792 3629 5795 η
