4108 6338
471 282 574 337 ὅδ’)

1731 286 1787 343 S.
1835 282 2111 342 ΕΠΕΕΒΠ
2137 282 2523 341 ﬂlEBDlYIi

3661 282 3770 344 διο

466 419 628 473 stipi-a
674 414 729 457 ut
773 405 1047 473 potuimus
1091 402 1477 472 disseruimus,
1528 404 1754 475 ponitlu
1803 406 1909 459 line
1940 420 1954 457 ι
1988 401 2066 457 Tu
2095 404 2139 465 Α
2174 399 2249 473 1).
2299 399 2355 456 in
2401 400 2591 457 cinere
2619 400 2785 470 igitur
2823 408 2877 457 et
2914 415 3078 458 sacco
3111 401 3346 471 postulat
3380 399 3593 471 impleri
3620 401 3765 471 quod

464 512 586 568 ergo
612 497 758 568 signa
792 490 1057 550 Visionem
1095 509 1112 549 ἔ
1158 496 1279 567 quia
1310 509 1425 567 post
1452 499 1562 553 dies
1606 496 1794 552 mullos
1822 499 1939 551 erit.
1984 497 2063 551 Ex

463 593 633 647 verba
708 591 1007 647 ostendens
1080 590 1409 662 signaculi,
1452 589 1684 644 obscura
1745 603 1877 644 esse
1942 604 2065 658 quae

462 682 805 748 dicebantur,
837 691 891 738 et
936 698 1043 737 non
1096 692 1283 752 patere
1329 681 1623 736 multorum
1671 681 1881 736 auditui
1908 721 1922 743 ,
1964 694 2065 735 nec

462 788 624 848 posse
666 786 794 832 ante
846 775 1104 848 intelligi,
1162 776 1264 831 nisi
1319 776 1483 832 rebus
1538 784 1594 831 et
1645 776 1909 845 operibus
1957 774 2061 830 im-

462 870 741 941 plesntur.

538 961 723 1034 (Vers.
754 961 876 1033 27.)
929 962 995 1016 Et
1040 977 1135 1033 ego
1179 961 1368 1017 Daniel
1396 963 1573 1033 (angui
1612 973 1660 1015 et
1688 964 1932 1034 aegrotavi
1976 976 2064 1033 per

462 1054 591 1110 dies.
652 1055 878 1126 Cumque
913 1058 1275 1123 surrexissent,
1305 1055 1557 1125 faciebam
1580 1070 1739 1123 Opera
1768 1058 1924 1127 regis.
1952 1056 2067 1111 lloc

459 1156 544 1204 est
574 1148 726 1213 illud,
760 1149 902 1220 quod
932 1151 987 1204 in
1014 1149 1216 1206 Genesi
1237 1151 1304 1206 de
1321 1152 1595 1205 Abrsbam
1613 1151 1844 1221 legimus
1874 1170 1886 1205 :
1916 1151 2065 1221 quod

460 1251 748 1313 postquam
782 1242 1074 1297 Dominum
1107 1243 1342 1299 audierit
1372 1245 1683 1314 loquentem
1706 1245 1832 1309 sibi,
1860 1252 2065 1299 terram

460 1343 518 1392 et
544 1336 781 1392 cinerem
813 1352 936 1393 esse
968 1352 1026 1392 se
1056 1336 1256 1392 dixerit
1290 1337 1442 1410 (Gen.
1477 1337 1652 1409 svnt).
1696 1338 1845 1408 Ergo
1878 1339 2066 1394 Daniel

461 1428 529 1483 ad
558 1430 787 1484 visionis
813 1430 1094 1486 horrorem
1128 1431 1401 1501 languisse
1426 1473 1440 1496 ,
1484 1441 1542 1486 et
1570 1442 1869 1501 uegrotasse
1898 1445 1957 1487 se
1984 1431 2069 1487 dia

461 1521 540 1576 cit
573 1538 587 1576 :
627 1530 684 1577 et
723 1537 845 1577 cum
896 1526 1244 1591 surrexisset,
1298 1522 1489 1580 iecisse
1527 1540 1690 1595 opera
1738 1541 1857 1596 quae
1900 1525 2003 1581 sibi
2034 1541 2065 1580 s

460 1630 589 1685 rege
639 1616 854 1672 fuerant
883 1617 1175 1689 imperata,
1208 1620 1444 1674 reddens
1475 1620 1729 1675 omnibus
1758 1622 1978 1701 omnia,
2011 1629 2068 1676 et

464 1707 849 1781 Evangelicum
874 1712 1007 1767 illud
1033 1715 1213 1769 sciens
1244 1731 1257 1767 :
1290 1713 1510 1769 Reddite
1538 1730 1653 1784 quae
1693 1724 1811 1769 sunt
1840 1714 2064 1771 Ctesaris

463 1799 679 1869 Censori,
710 1813 757 1856 et
779 1818 895 1872 qua
914 1812 1033 1858 sunt
1060 1803 1159 1858 Dei
1184 1804 1293 1859 Deo
1321 1805 1475 1875 (Luc.
1509 1822 1604 1875 xx,
1631 1805 1747 1871 Eii).

536 1897 601 1951 Et
631 1898 893 1969 stupebam
916 1899 985 1952 ad
1012 1900 1284 1966 uisionem,
1308 1908 1357 1954 et
1380 1915 1485 1953 non
1512 1909 1626 1953 erat
1645 1901 1734 1971 qui
1753 1901 2065 1971 interpretaa

463 1999 624 2045 retur.
661 1991 719 2047 Si
748 2006 855 2047 non
879 2002 998 2047 erat
1027 1994 1115 2062 qui
1150 1995 1639 2063 interpretaretur,
1671 1995 1947 2064 quomodo
1977 2009 2068 2050 su-

457 2097 556 2154 pra
597 2081 989 2154 interpretatus
1029 2094 1113 2140 est
1142 2085 1407 2156 angelus?
1438 2085 1544 2141 Sed
1572 2086 1718 2156 quod
1749 2086 1914 2154 dicit,
1963 2087 2064 2143 hoc

458 2186 564 2240 est,
599 2184 755 2247 reges
784 2176 1051 2242 audierat,
1084 2187 1138 2232 et
1166 2186 1357 2233 eorum
1390 2179 1606 2233 nomina
1639 2178 1917 2234 nesciebat
1948 2197 1961 2234 :
1989 2180 2069 2234 iu-

460 2275 580 2322 tura
606 2278 967 2338 cognoverat,
989 2280 1043 2324 et
1074 2285 1182 2340 quo
1214 2279 1463 2341 tempore
1491 2270 1670 2327 futura
1701 2283 1890 2328 essent
1910 2314 1923 2337 ,
1965 2274 2066 2328 du-

458 2360 588 2416 bius
614 2360 929 2417 ﬂuctuabat.
967 2360 1158 2432 Itaque
1196 2362 1343 2431 quod
1375 2364 1554 2418 solum
1587 2365 1764 2419 lacere
1803 2373 2015 2435 poterat
2046 2402 2062 2432 ,

458 2453 715 2523 stupebat
743 2453 810 2509 sd
840 2454 1131 2521 visionem,
1173 2463 1229 2510 et
1261 2455 1356 2511 Dei
1386 2456 1632 2512 scientias
1661 2466 1858 2513 cuncta
1892 2458 2062 2515 relin-

462 2546 688 2617 quebat.
992 2554 1003 2561 ‘

530 2639 687 2711 (Cap.
716 2639 886 2695 ηιμ
905 2640 1061 2698 Vere.
1096 2643 1175 2715 i.)
1201 2642 1273 2698 In
1295 2659 1435 2698 anno
1464 2645 1632 2716 primo
1666 2642 1819 2699 Darii
1844 2646 1943 2713 ﬁlii
1966 2648 2066 2700 As-

456 2734 619 2798 sleri,
650 2734 716 2787 de
738 2735 938 2790 semine
969 2735 1268 2806 Medorum,
1296 2738 1385 2808 qui
1415 2738 1687 2807 imperauit
1714 2753 1870 2809 super
1893 2738 2064 2811 678

457 2840 676 2896 regnum
705 2825 1106 2896 Chaldtzorum,
1157 2845 1296 2882 anno
1341 2844 1445 2883 uno
1483 2830 1630 2901 regni
1670 2831 1804 2893 eius.
1858 2831 1953 2885 llic
1978 2843 2064 2887 est

457 2916 676 2985 Darius,
709 2918 803 2990 qui
832 2934 956 2975 cum
986 2918 1129 2993 Cyro
1157 2921 1445 2978 Chaldaeos
1484 2922 1927 2996 Babyloniosque
1971 2936 2063 2982 su-

458 3014 689 3081 peravit,
722 3028 790 3075 ne
825 3025 1073 3081 putemus
1118 3015 1269 3071 illum
1301 3015 1523 3072 Dorium
1551 3057 1568 3083 ,
1618 3016 1773 3087 cujus
1801 3032 1945 3073 anno
1975 3034 2063 3074 se-

458 3103 641 3159 cundo
683 3106 946 3175 templum
993 3108 1320 3165 aediﬁcatum
1365 3120 1453 3173 est
1508 3109 1676 3183 (quod
1725 3110 2065 3184 Porphyrius

2170 494 2497 564 promiserat
2540 494 2682 549 Deus
2707 512 2719 547 :
2744 508 2852 555 non
2885 504 2992 564 quia
3028 502 3180 550 esset
3216 491 3527 549 incredulus
3554 490 3768 551 futuro-

2168 603 2320 654 rum;
2352 589 2446 644 sed
2477 603 2546 645 ne
2574 588 2841 644 securitas
2878 588 3268 659 negligentiam
3295 630 3309 654 ,
3343 594 3401 641 et
3437 584 3765 658 negligentia

2168 692 2384 753 pareret
2436 680 2717 738 oﬂ‘ensam.

2240 775 2486 840 Obsecro,
2517 776 2741 831 Domine
2756 775 2899 833 Deus
2926 792 3112 847 magne
3130 784 3179 830 et
3199 772 3467 831 terribilis.
3488 771 3768 829 Adversus

2165 883 2261 924 eos
2281 870 2373 939 qui
2402 878 2491 923 tus
2516 877 2782 938 prlecepta
2805 876 3190 924 contemnunt.

2237 961 2418 1032 (Vers.
2448 960 2530 1029 4.)
2556 959 2867 1016 Custodiam
2898 970 3106 1032 paetum
3132 971 3179 1014 et
3200 958 3614 1015 misericordiam
3639 956 3771 1014 dili-

2165 1052 2399 1123 gentibus
2430 1061 2499 1120 τι,
2526 1062 2576 1107 et
2600 1052 3011 1108 custodiendus
3049 1052 3299 1107 mandata
3333 1060 3443 1107 tua.
3490 1049 3610 1105 Non
3638 1062 3774 1119 ergo

2165 1147 2307 1218 quod
2340 1149 2626 1218 pollicetur
2652 1149 2795 1204 Deus
2822 1147 3007 1203 statim
3038 1146 3280 1203 luturum
3313 1153 3429 1211 est;
3452 1142 3549 1199 sed
3589 1144 3644 1200 in
3673 1155 3773 1201 eos

2166 1257 2260 1296 sua
2291 1242 2553 1310 promissa
2586 1241 2846 1312 complet,
2867 1242 2957 1311 qui
2980 1235 3568 1296 custodiuntmsndata
3595 1234 3769 1290 illius.

2236 1334 2425 1403 (Vere.
2458 1333 2540 1406 5.)
2572 1334 2942 1400 Peccavimus,
2972 1333 3146 1402 inique
3174 1340 3201 1368 ι
3227 1330 3448 1401 egimus,
3474 1328 3631 1398 impie
3655 1326 3771 1396 egi-

2166 1444 2297 1495 mus,
2329 1437 2374 1482 et
2406 1428 2727 1491 recessimus,
2766 1437 2872 1480 etc.
2922 1425 3152 1480 Peccata
3185 1421 3415 1493 populi,
3457 1419 3583 1490 quia
3628 1432 3771 1475 unus

2166 1535 2197 1574 e
2228 1519 2429 1589 populo
2498 1527 2623 1584 est,
2683 1524 2975 1575 enumerat
3012 1515 3181 1589 379
3219 1528 3287 1570 ex
3342 1526 3580 1583 persona
3634 1525 3769 1576 sua,

2165 1612 2309 1681 quod
2339 1619 2395 1667 et
2424 1610 2745 1680 Apostolum
2791 1608 2846 1664 id
2879 1607 3115 1678 epistola
3160 1606 3228 1661 ad
3269 1604 3552 1667 Romanos
3588 1603 3772 1663 facere

2166 1702 2415 1773 legimus.

2093 1796 2137 1856 B
2236 1795 2422 1867 (Vers.
2456 1794 2539 1863 7.)
2570 1793 2683 1851 Tibi
2709 1834 2724 1861 ,
2748 1794 2990 1859 Domine,
3011 1790 3257 1865 justitia:
3287 1788 3433 1845 nobis
3452 1797 3770 1842 autemcon-

2168 1889 2305 1957 [usio
2327 1888 2501 1959 faciei,
2517 1896 2624 1943 etc.
2642 1886 2800 1943 Juste
2829 1886 2975 1943 enim
3008 1885 3270 1954 patimur,
3300 1880 3445 1953 quod
3474 1894 3768 1937 meremur.

2238 1982 2422 2055 (Vere.
2446 1983 2529 2051 8.)
2563 1981 2676 2036 Tibi
2708 1981 2930 2036 Domino
2963 1977 3071 2033 Deo
3102 1987 3283 2034 nostra
3311 1973 3692 2039 misericordia,
3723 1983 3773 2029 et

2167 2077 2470 2147 propitiatio
2501 2085 2650 2130 :eto.
2685 2075 2762 2130 De
2782 2089 2891 2145 quo
2916 2087 3084 2143 supra
3125 2070 3340 2127 dixerat
3372 2087 3385 2123 :
3422 2067 3556 2137 Tibi,
3588 2065 3775 2125 Dami-

2168 2187 2249 2235 ne,
2276 2171 2525 2241 justitia;
2552 2184 2697 2224 nunc
2725 2170 2847 2239 quia
2886 2168 3148 2225 Dominus
3189 2179 3296 2220 non
3338 2164 3518 2221 solum
3545 2162 3725 2233 iuetus
3751 2202 3768 2229 ,

2167 2261 2262 2317 sed
2286 2272 2342 2317 et
2368 2262 2683 2318 misericors
2708 2270 2814 2327 est,
2840 2261 2971 2321 dicit
2998 2277 3011 2313 :
3043 2258 3181 2325 Tibi,
3204 2255 3448 2323 Domine,
3474 2256 3769 2313 misericors

2166 2359 2275 2425 dia.
2303 2367 2359 2414 ut
2389 2368 2514 2428 post
2541 2359 2870 2415 sententiam
2898 2356 3223 2428 judicantis,
3255 2367 3379 2408 eum
3411 2360 3669 2422 provocet
3697 2350 3768 2413 ad

2166 2453 2535 2509 clementiam.

2234 2544 2419 2617 (Vere.
2445 2542 2559 2617 ii.)
2595 2543 2661 2598 Et
2687 2543 2901 2598 stillavit
2925 2559 3082 2613 super
3104 2558 3219 2598 nos.
3244 2540 3361 2601 Non
3386 2547 3555 2599 totum
3579 2540 3633 2597 in
3663 2554 3766 2596 nos

2165 2636 2411 2693 ell‘udisti
2435 2640 2591 2703 iram,
2625 2652 2785 2709 quam
2811 2636 2957 2691 ferre
2977 2650 3085 2692 non
3118 2644 3470 2705 poteramus;
3500 2630 3597 2689 sed
3639 2631 3762 2687 siit.-

2165 2731 2272 2786 lam
2307 2731 2499 2787 luroris
2532 2733 2607 2786 tui
2633 2772 2646 2797 ,
2681 2741 2738 2786 ut
2770 2730 3007 2800 correpti
3038 2729 3089 2784 in
3118 2729 3274 2799 plaga
3300 2768 3315 2796 ,
3360 2735 3765 2785 reverterentur

2164 2825 2231 2880 ad
2261 2835 2337 2881 te.

2239 2917 2293 2972 Μ
2302 2919 2549 2975 aledictio
2572 2928 2620 2973 et
2642 2918 2915 2973 detestatio
2934 2932 3052 2986 qua:
3073 2915 3267 2986 scripta
3280 2924 3354 2968 est
3377 2914 3431 2985 in
3457 2911 3643 2969 libro]!
3651 2913 3766 2982 ausi

2164 3015 2290 3068 servi
2315 3012 2436 3078 Dei,
2468 3021 2574 3068 etc.
2601 3012 2660 3068 in
2696 3010 3125 3069 Deuteronomio
3150 3009 3563 3065 maledictiones
3592 3017 3649 3064 et
3670 3006 3765 3064 be-

2166 3107 2506 3164 ucdictiones
2555 3108 2649 3163 Dei
2704 3106 2929 3177 legimus
2959 3104 3142 3178 (Deut.
3190 3103 3385 3175 nvn),
3417 3117 3541 3174 qua:
3572 3111 3761 3173 postea

458 3199 785 3270 suspicatur,
820 3208 879 3256 ut
908 3218 1083 3259 annos
1115 3204 1353 3260 Danielis
1381 3203 1665 3273 extendat)
1695 3206 1780 3262 vel
1812 3221 1939 3262 eum
1967 3207 2055 3277 qui
2083 3189 2131 3257 ϐ
2162 3200 2320 3255 dieue
2348 3210 2477 3255 sunt
2511 3201 2564 3256 in
2604 3209 2786 3256 monte
2816 3197 3076 3265 Garizim,
3102 3209 3154 3255 et
3178 3195 3370 3262 Habui,
3398 3196 3578 3267 justas
3600 3210 3766 3266 super

456 3294 526 3348 ab
557 3294 866 3351 Alexandro
893 3297 1245 3353 Macedonum
1280 3314 1407 3370 rege
1438 3311 1729 3367 superatus
1758 3310 1863 3356 est.
1899 3301 2063 3357 Addit

458 3404 590 3459 ergo
619 3406 819 3446 nomen
852 3392 1040 3460 patris,
1070 3393 1329 3465 additque
1359 3396 1664 3462 victoriam,
1700 3398 1823 3464 quia
1854 3397 2060 3465 primus

456 3480 525 3536 de
551 3483 761 3538 semine
786 3484 1084 3551 Medorum,
1110 3488 1380 3542 subvertit
1407 3503 1629 3559 regnum
1654 3489 2060 3556 Chaldaeorum,

2166 3303 2220 3348 et
2250 3302 2595 3362 peccatores.

2234 3398 2415 3469 (Vers.
2451 3396 2566 3470 i5.)
2604 3397 2771 3453 Omns
2813 3397 3008 3452 malum
3040 3394 3137 3450 hoe
3169 3394 3307 3449 venit
3346 3407 3502 3464 super
3544 3406 3636 3446 nos
3672 3400 3767 3446 :et

2163 3507 2265 3545 non
2296 3495 2588 3563 rogauimus
2621 3493 2806 3563 facient
2839 3500 3004 3554 tuam,
3048 3489 3268 3544 Domine
3303 3487 3441 3542 Deus
3483 3494 3676 3550 noster,
3710 3493 3770 3540 ut

458 3582 516 3627 ut
546 3572 755 3631 auferat
795 3584 1019 3646 propter
1048 3578 1463 3636 similitudinem
1496 3581 1767 3646 nominis,
1811 3583 2061 3645 lectionis
2161 3594 2529 3641 reuerteremur
2573 3585 2638 3639 ab
2683 3585 3042 3651 iniiuitatibus
3074 3583 3288 3648 nostris,
3335 3590 3381 3636 et
3422 3582 3768 3653 cogitaremus

458 3678 701 3721 errorem
713 3706 725 3719 .

534 3754 717 3825 (Vers.
748 3757 830 3830 9.)
862 3757 977 3832 Ego
1027 3759 1209 3817 Daniel
1257 3763 1491 3819 intellexi
1530 3766 1583 3820 in
1615 3766 1762 3821 libris
1792 3782 2062 3825 numerum

460 3863 718 3903 annorum
761 3851 824 3904 de
864 3868 968 3922 quo
1018 3856 1186 3925 factas
1227 3864 1300 3912 est
1329 3874 1499 3911 sermo
1541 3857 1755 3915 Domini
1800 3861 1869 3915 ad
1915 3858 2065 3913 lere-

462 3940 624 3994 miam
645 3940 969 4009 prophetam,
1002 3954 1055 3999 ut
1085 3948 1468 4014 complerentur
1492 3949 1825 4007 desolatiouis
1845 3951 2065 4007 Jerusa-

460 4031 561 4085 lem
612 4035 939 4107 septuaginta
980 4040 1129 4093 anni.
1173 4039 1505 4098 Pmdixerat
1551 4043 1818 4100 Jeremias
1847 4052 2065 4115 septua-

369 4133 371 4136 ‘
462 4125 614 4195 ginta
643 4142 819 4185 asinos
862 4130 1221 4190 desolationis
1260 4137 1448 4206 templi
1475 4137 1605 4209 (Jer.
1635 4156 1705 4195 LII
1725 4182 1740 4206 ,
1770 4139 1864 4211 29)
1896 4160 1909 4194 :
1943 4148 2065 4209 post

460 4231 599 4287 quos
622 4234 813 4276 rursus
842 4223 1051 4279 veniret
1078 4227 1307 4296 populus
1340 4230 1391 4282 in
1422 4218 1685 4299 Judaea'm,
1733 4241 1788 4287 et
1828 4232 2066 4287 aediﬁca-

460 4321 651 4368 rentur
690 4315 952 4385 templum
1001 4325 1059 4374 et
1109 4318 1412 4377 Jerusalem
1444 4342 1459 4377 :
1491 4339 1611 4393 qua:
1650 4339 1737 4401 res
1786 4326 2062 4382 Dauielem

462 4420 570 4460 non
600 4405 728 4463 fecit
752 4410 1143 4483 negligentem,
1176 4416 1271 4469 sed
1297 4417 1468 4487 magis
1500 4430 1758 4486 provocat
1782 4420 1849 4475 ad
1871 4435 2067 4491 rogau~

460 4498 590 4555 dum
623 4518 636 4555 ε
672 4512 729 4557 ut
757 4504 900 4573 quod
934 4506 1077 4563 Deus
1108 4522 1202 4578 per
1225 4524 1376 4565 suam
1410 4512 1659 4581 promisit
1687 4513 2061 4583 clementiam,

462 4605 561 4660 per
592 4592 751 4661 hujus
779 4594 886 4667 [Αι.
914 4596 1135 4672 borum]
1165 4600 1389 4670 impleat
1422 4619 1616 4673 preces
1636 4646 1651 4672 ,
1686 4621 1755 4663 ne
1786 4608 2064 4677 negligen-

2164 3685 2425 3738 reritatrm
2454 3694 2619 3738 tuam.
2650 3683 2889 3739 Grandis
2920 3683 3141 3751 duritia,
3170 3692 3227 3737 ut
3260 3683 3312 3737 in
3347 3682 3519 3752 plagis
3562 3679 3719 3749 positi
3745 3719 3761 3747 ,

2165 3775 2339 3831 Deum
2371 3792 2478 3831 non
2510 3786 2789 3847 rogarent,
2829 3775 2975 3848 quod
3018 3786 3071 3831 et
3104 3778 3149 3830 si
3182 3783 3465 3846 rogarunt,
3500 3774 3623 3829 ideo
3654 3787 3761 3829 non

2164 3877 2445 3939 rogarunt,
2472 3870 2599 3937 quia
2623 3884 2730 3924 non
2759 3882 2881 3924 sunt
2903 3869 3111 3924 reversi
3133 3869 3203 3923 ab
3224 3866 3607 3939 iniquitatibus
3628 3868 3762 3922 suis.

2165 3963 2426 4019 Reversio
2461 3973 2641 4018 autem
2682 3964 2749 4018 ab
2783 3963 3070 4034 iniquitate
3090 3973 3173 4018 est
3202 3960 3446 4032 cogitare
3476 3960 3767 4017 veritatem

2166 4056 2288 4112 Dei.

2238 4148 2419 4220 (Vera.
2456 4150 2569 4221 ib.)
2621 4149 2685 4204 Et
2727 4150 2961 4223 vigilavit
2994 4148 3249 4203 Dominus
3277 4164 3433 4221 super
3464 4148 3723 4203 malitiam
3749 4190 3767 4215 ,

2166 4252 2212 4297 et
2249 4243 2473 4297 adduxit
2516 4259 2629 4297 eam
2653 4258 2809 4312 super
2838 4259 2950 4306 nos,
2982 4252 3086 4298 etc.
3119 4242 3344 4311 Quando
3376 4250 3599 4312 propter
3636 4256 3768 4313 pecs

2166 4345 2283 4390 cata
2313 4334 2661 4404 corripimur,
2706 4335 2894 4405 vigilat
2921 4346 3086 4404 super
3127 4349 3226 4390 nos
3258 4334 3433 4402 Deus,
3486 4346 3540 4389 et
3581 4332 3769 4389 visitet

2167 4440 2288 4484 nos.
2322 4429 2554 4496 Quando
2582 4444 2715 4485 vero
2740 4444 2771 4483 α
2804 4430 2913 4486 Deo
2953 4428 3291 4493 dessrimur,
3325 4438 3382 4483 et
3421 4442 3529 4483 non
3559 4427 3768 4499 judica-

2170 4538 2313 4588 mur,
2366 4523 2684 4595 indiguique
2730 4538 2919 4579 sumus
2966 4524 3313 4594 correptione
3361 4522 3595 4589 Domini,
3638 4533 3768 4578 tunc

2167 4615 2404 4672 dormire
2432 4616 2654 4672 dicitur.
2687 4617 2842 4672 Unde
2885 4625 2942 4672 et
2984 4617 3036 4671 in
3068 4617 3302 4673 Psalmis
3327 4616 3558 4687 legimus
3586 4634 3597 4671 :
3632 4617 3771 4672 Sur-

454 4681 527 4782 ξίίδ
555 4686 886 4782 Eupalium.
920 4698 973 4743 ei
1002 4695 1256 4761 superbia
1288 4696 1461 4764 pariat
1482 4696 1777 4759 clientium.
1814 4701 2060 4773 Denique
2085 4699 2139 4760 D
2164 4711 2292 4764 redit
2312 4712 2462 4782 quasi
2486 4711 2749 4765 dormiens
2782 4710 3056 4774 Dominus,
3097 4720 3143 4764 et
3182 4712 3334 4781 quasi
3356 4681 3710 4778 l{arripuimus
3738 4726 3771 4766 α

461 4776 519 4833 in
545 4776 743 4835 Genesi
791 4782 1021 4853 legimus
1063 4784 1215 4856 (Gen.
1250 4788 1351 4857 is),
1384 4799 1604 4849 centum
1652 4794 1839 4865 viginti
1892 4808 2066 4857 annos

466 4873 799 4942 pmttitentias
828 4878 1157 4934 constitutos
1183 4892 1309 4936 ante
1336 4883 1599 4941 diluvium
1631 4904 1644 4939 :
1670 4888 1763 4955 qui
1790 4889 1911 4958 Quia
1945 4899 2068 4946 tan—

465 4975 520 5021 to
552 4976 814 5038 tempore,
846 4970 951 5033 itoc
980 4981 1084 5036 est,
1120 4984 1340 5031 centum
1371 4982 1548 5046 annis,
1583 4980 1879 5037 noluerunt
1907 4999 2067 5054 agere

467 5062 868 5133 paenitentiam,
896 5080 1237 5139 nequaquam
1270 5080 1548 5143 exspectat
1578 5083 1634 5128 ut
1663 5086 1714 5130 et
1746 5077 1938 5146 viginti
1976 5077 2065 5135 alii

464 5157 890 5227 compleantur:
925 5161 1021 5216 sed
1069 5161 1230 5218 infert
1277 5176 1425 5234 ante,
1471 5168 1611 5236 quod
1658 5178 1844 5238 postea
1895 5170 2068 5230 fuerat

465 5254 852 5309 comminatus.
880 5255 1036 5313 Unde
1068 5269 1119 5313 et
1148 5259 1213 5314 ad
1243 5260 1537 5317 Jeremiam
1560 5264 1781 5333 dicitur,
1818 5268 1888 5322 ob
1921 5268 2069 5325 duri-

467 5345 595 5401 tiam
618 5347 799 5404 cordis
824 5352 1007 5421 populi
1025 5353 1333 5409 Judteorum
1353 5372 1368 5410 :
1390 5357 1471 5412 Ne
1491 5374 1603 5412 ores
1624 5376 1718 5432 pro
1742 5363 1931 5434 populo
1946 5360 2067 5418 hoc:

463 5440 703 5509 quianon
722 5444 997 5500 exaudiam
1025 5457 1072 5502 te
1096 5446 1228 5516 (Jer.
1256 5448 1467 5524 vu,iG).
1500 5453 1564 5508 Et
1589 5452 1655 5509 ad
1676 5454 1928 5511 Samuel:
1960 5454 2065 5513 Us-

466 5546 665 5602 quequo
685 5532 828 5604 luges
852 5554 1007 5608 super
1037 5538 1206 5595 Sauli
1226 5550 1273 5595 et
1294 5559 1386 5612 ego
1413 5544 1578 5617 abjeei
1598 5561 1713 5600 eum
1736 5547 1780 5616 (i
1798 5548 1927 5619 Reg.
1955 5564 2062 5617 xvt,

544 5696 573 5777 ξ
600 5689 749 5747 Unus
778 5694 1060 5777 Palatinus
1090 5700 1244 5774 impie
1272 5705 1543 5777 gessinms,
1585 5709 1807 5775 peceatis'
1851 5707 2057 5777 polluti.

470 5759 610 5850 Quid
648 5779 783 5850 unus
812 5783 839 5820 e
863 5772 1061 5850 populo
1087 5759 1183 5850 est...
1208 5759 1316 5850 etc.
1353 5759 1597 5850 νευράν).
1625 5759 1801 5849 impie-
1823 5759 2061 5850 {iniiinii

465 5829 695 5888 Peccata
714 5829 1073 5910 populi,'etc.
1111 5829 1379 5903 Victorius
1423 5829 2066 5923 at"iiia'iei'pér‘i§s'6l6l

2174 4806 2291 4857 vino
2315 4803 2488 4874 (Psal.
2519 4803 2747 4871 una).
2782 4802 2978 4858 Malitia
3008 4803 3153 4858 enim
3204 4814 3260 4857 et
3300 4804 3554 4874 iniquitas
3585 4815 3769 4858 nostra

2175 4896 2408 4950 inebriat
2453 4879 2616 4951 Deum
2653 4914 2667 4950 :
2719 4911 2840 4966 qua:
2888 4895 3105 4965 quando
3152 4895 3209 4950 in
3252 4896 3415 4950 nobis
3450 4894 3771 4964 corripitur,

2174 4988 2435 5057 evigilare
2464 4988 2682 5055 dicitur,
2708 4996 2763 5042 ct
2791 4988 2859 5043 de
2890 5003 2985 5043 sua
3016 4988 3283 5043 ebrietate
3318 5003 3684 5060 consurgere;
3714 4998 3773 5043 ut

2177 5097 2275 5136 nos
2303 5091 2523 5152 peccato
2546 5079 2730 5138 ebrios
2761 5081 3017 5152 evigilare
3047 5070 3207 5135 iactat
3228 5078 3472 5151 jusliiizn.

2247 5174 2430 5246 (γωδ.
2461 5174 2570 5246 i5.)
2602 5169 2669 5229 Et
2697 5191 2856 5241 nunc,
2887 5168 3104 5229 Domine
3128 5173 3263 5229 Deus
3294 5184 3488 5239 uoster,
3520 5182 3623 5230 etc.
3654 5172 3769 5231 Me-

2177 5284 2295 5323 mor
2324 5278 2410 5324 est
2445 5270 2651 5339 antiqui
2683 5269 2958 5337 beneﬁcii,
2990 5278 3051 5325 nt
3080 5268 3151 5324 ad
3188 5268 3423 5325 similem
3460 5269 3628 5325 Deum
3660 5269 3773 5324 cle-

2176 5362 2433 5416 mentiam
2466 5372 2748 5432 provocet.

2246 5452 2427 5523 (Vers.
2456 5452 2571 5526 i7.)
2604 5452 2671 5509 Et
2700 5450 2909 5511 ostende
2941 5452 3125 5529 {aciem
3166 5462 3311 5511 luam
3338 5470 3493 5527 super
3540 5461 3778 5511 sanctua-

2172 5550 2308 5604 rium
2330 5558 2493 5619 tuum,
2524 5552 2662 5621 quod
2683 5550 2941 5607 desertum
2960 5560 3055 5607 est.
3084 5551 3254 5622 Imple
3275 5564 3461 5623 opere,
3495 5550 3638 5622 quod
3660 5562 3777 5607 ser-

2168 5711 2333 5796 giam,
2380 5711 2446 5795 ad
2471 5711 2687 5783 Vulgat.
2722 5710 2853 5768 edit.
2898 5712 3118 5783 scripsit
3164 5712 3493 5785 intonantem
3536 5711 3772 5785 fecimus,

2168 5798 2326 5851 impie
2354 5799 2570 5855 egimus.

2246 5854 2273 5892 ιι
2307 5854 2470 5911 Addit
2501 5853 2707 5913 Victor.
2737 5862 2919 5929 potens
2943 5870 3009 5915 ex
3032 5854 3234 5917 Psalmi
3267 5862 3436 5915 textu.
