  <div class='ocr_page' id='page_1' title='image "/cluster/home/n/w/nwhite01/storage/ocr_20150623/25/hvd.32044015471394/279.png"; bbox 0 0 4108 6338; ppageno 0'>
   <div class='ocr_carea' id='block_1_1' title="bbox 474 282 580 342">
    <p class='ocr_par' dir='ltr' id='par_1_1' title="bbox 474 282 580 342">
     <span class='ocr_line' id='line_1_1' title="bbox 474 282 580 342; baseline -0.019 0"><span class='ocrx_word' id='word_1_1' title='bbox 474 282 580 342; x_wconf 71' lang='grc'><strong>543</strong></span> 
     </span>
    </p>
   </div>
   <div class='ocr_carea' id='block_1_2' title="bbox 1720 276 2513 337">
    <p class='ocr_par' dir='ltr' id='par_1_2' title="bbox 1720 276 2513 337">
     <span class='ocr_line' id='line_1_2' title="bbox 1720 276 2513 337; baseline -0.003 0"><span class='ocrx_word' id='word_1_2' title='bbox 1720 278 1776 337; x_wconf 89' lang='lat' dir='ltr'><strong>S.</strong></span> <span class='ocrx_word' id='word_1_3' title='bbox 1818 276 2091 335; x_wconf 88' lang='lat' dir='ltr'><strong>EUSEBll</strong></span> <span class='ocrx_word' id='word_1_4' title='bbox 2132 276 2513 335; x_wconf 80' lang='lat' dir='ltr'><strong>HIERONYMI</strong></span> 
     </span>
    </p>
   </div>
   <div class='ocr_carea' id='block_1_3' title="bbox 3657 289 3762 348">
    <p class='ocr_par' dir='ltr' id='par_1_3' title="bbox 3657 289 3762 348">
     <span class='ocr_line' id='line_1_3' title="bbox 3657 289 3762 348; baseline -0.01 0"><span class='ocrx_word' id='word_1_5' title='bbox 3657 289 3762 348; x_wconf 69' lang='grc' dir='ltr'>διι</span> 
     </span>
    </p>
   </div>
   <div class='ocr_carea' id='block_1_4' title="bbox 470 397 3767 478">
    <p class='ocr_par' dir='ltr' id='par_1_4' title="bbox 470 397 3767 478">
     <span class='ocr_line' id='line_1_4' title="bbox 470 397 3767 478; baseline -0.003 -15"><span class='ocrx_word' id='word_1_6' title='bbox 470 420 634 478; x_wconf 87' lang='lat' dir='ltr'><strong>quam</strong></span> <span class='ocrx_word' id='word_1_7' title='bbox 662 403 1008 461; x_wconf 90' lang='lat' dir='ltr'><strong>tenebantur.</strong></span> <span class='ocrx_word' id='word_1_8' title='bbox 1044 398 1187 455; x_wconf 92' lang='lat' dir='ltr'><strong>Dicit</strong></span> <span class='ocrx_word' id='word_1_9' title='bbox 1220 405 1402 455; x_wconf 91' lang='lat' dir='ltr'><strong>autem</strong></span> <span class='ocrx_word' id='word_1_10' title='bbox 1441 398 1560 469; x_wconf 89' lang='lat' dir='ltr'><strong>ipse</strong></span> <span class='ocrx_word' id='word_1_11' title='bbox 1591 397 1835 469; x_wconf 76' lang='lat' dir='ltr'><strong>Angelus</strong></span> <span class='ocrx_word' id='word_1_12' title='bbox 1856 406 2076 467; x_wconf 90' lang='lat' dir='ltr'><strong>septua-</strong></span> <span class='ocrx_word' id='word_1_13' title='bbox 2101 400 2152 459; x_wconf 75' lang='grc' dir='ltr'><strong>Α</strong></span> <span class='ocrx_word' id='word_1_14' title='bbox 2178 397 2304 453; x_wconf 93' lang='lat' dir='ltr'><strong>dum</strong></span> <span class='ocrx_word' id='word_1_15' title='bbox 2338 397 2557 453; x_wconf 90' lang='lat' dir='ltr'><strong>illorum</strong></span> <span class='ocrx_word' id='word_1_16' title='bbox 2590 399 3028 470; x_wconf 72' lang='lat' dir='ltr'><strong>supputationem</strong></span> <span class='ocrx_word' id='word_1_17' title='bbox 3063 412 3288 473; x_wconf 90' lang='lat' dir='ltr'><strong>possunt</strong></span> <span class='ocrx_word' id='word_1_18' title='bbox 3314 404 3494 462; x_wconf 79' lang='lat' dir='ltr'><strong>facere</strong></span> <span class='ocrx_word' id='word_1_19' title='bbox 3524 421 3621 477; x_wconf 92' lang='lat' dir='ltr'><strong>per</strong></span> <span class='ocrx_word' id='word_1_20' title='bbox 3650 408 3767 464; x_wconf 81' lang='lat' dir='ltr'><strong>sin.</strong></span> 
     </span>
    </p>
   </div>
   <div class='ocr_carea' id='block_1_5' title="bbox 471 489 2068 573">
    <p class='ocr_par' dir='ltr' id='par_1_5' title="bbox 471 489 2068 573">
     <span class='ocr_line' id='line_1_5' title="bbox 471 489 2068 573; baseline -0.006 -18"><span class='ocrx_word' id='word_1_21' title='bbox 471 502 619 573; x_wconf 88' lang='lat' dir='ltr'><strong>ginta</strong></span> <span class='ocrx_word' id='word_1_22' title='bbox 649 513 916 555; x_wconf 89' lang='lat' dir='ltr'><strong>annorum</strong></span> <span class='ocrx_word' id='word_1_23' title='bbox 946 492 1347 557; x_wconf 86' lang='lat' dir='ltr'><strong>hebdomadas,</strong></span> <span class='ocrx_word' id='word_1_24' title='bbox 1373 492 1428 548; x_wconf 91' lang='lat' dir='ltr'><strong>id</strong></span> <span class='ocrx_word' id='word_1_25' title='bbox 1460 502 1576 560; x_wconf 88' lang='lat' dir='ltr'><strong>est,</strong></span> <span class='ocrx_word' id='word_1_26' title='bbox 1599 506 1772 547; x_wconf 90' lang='lat' dir='ltr'><strong>annos</strong></span> <span class='ocrx_word' id='word_1_27' title='bbox 1806 489 2068 562; x_wconf 79' lang='lat' dir='ltr'><strong>quadrin—</strong></span> 
     </span>
    </p>
   </div>
   <div class='ocr_carea' id='block_1_6' title="bbox 472 585 2071 667">
    <p class='ocr_par' dir='ltr' id='par_1_6' title="bbox 472 585 2071 667">
     <span class='ocr_line' id='line_1_6' title="bbox 472 585 2071 667; baseline -0.007 -17"><span class='ocrx_word' id='word_1_28' title='bbox 472 602 667 667; x_wconf 89' lang='lat' dir='ltr'><strong>gentos</strong></span> <span class='ocrx_word' id='word_1_29' title='bbox 692 592 983 663; x_wconf 91' lang='lat' dir='ltr'><strong>nonaginta</strong></span> <span class='ocrx_word' id='word_1_30' title='bbox 1002 636 1017 659; x_wconf 95' lang='lat'><strong>,</strong></span> <span class='ocrx_word' id='word_1_31' title='bbox 1045 589 1114 645; x_wconf 90' lang='lat' dir='ltr'><strong>ab</strong></span> <span class='ocrx_word' id='word_1_32' title='bbox 1145 589 1296 644; x_wconf 80' lang='lat' dir='ltr'><strong>exitu</strong></span> <span class='ocrx_word' id='word_1_33' title='bbox 1317 587 1611 655; x_wconf 86' lang='lat' dir='ltr'><strong>sermonis,</strong></span> <span class='ocrx_word' id='word_1_34' title='bbox 1647 595 1705 641; x_wconf 93' lang='lat' dir='ltr'><strong>ut</strong></span> <span class='ocrx_word' id='word_1_35' title='bbox 1741 585 2071 657; x_wconf 88' lang='lat' dir='ltr'><strong>respondea-</strong></span> 
     </span>
    </p>
   </div>
   <div class='ocr_carea' id='block_1_7' title="bbox 472 680 2071 753">
    <p class='ocr_par' dir='ltr' id='par_1_7' title="bbox 472 680 2071 753">
     <span class='ocr_line' id='line_1_7' title="bbox 472 680 2071 753; baseline -0.006 -11"><span class='ocrx_word' id='word_1_36' title='bbox 472 694 581 753; x_wconf 87' lang='lat' dir='ltr'><strong>tur,</strong></span> <span class='ocrx_word' id='word_1_37' title='bbox 612 694 668 740; x_wconf 89' lang='lat' dir='ltr'><strong>et</strong></span> <span class='ocrx_word' id='word_1_38' title='bbox 689 693 748 740; x_wconf 90' lang='lat' dir='ltr'><strong>ut</strong></span> <span class='ocrx_word' id='word_1_39' title='bbox 773 682 1075 739; x_wconf 78' lang='lat' dir='ltr'><strong>aediﬁcetur</strong></span> <span class='ocrx_word' id='word_1_40' title='bbox 1102 681 1435 747; x_wconf 82' lang='lat' dir='ltr'><strong>Jerusalem,</strong></span> <span class='ocrx_word' id='word_1_41' title='bbox 1462 680 1783 735; x_wconf 87' lang='lat' dir='ltr'><strong>vicesimum</strong></span> <span class='ocrx_word' id='word_1_42' title='bbox 1811 680 2071 733; x_wconf 87' lang='lat' dir='ltr'><strong>Artaxer-</strong></span> 
     </span>
    </p>
   </div>
   <div class='ocr_carea' id='block_1_8' title="bbox 472 772 2071 849">
    <p class='ocr_par' dir='ltr' id='par_1_8' title="bbox 472 772 2071 849">
     <span class='ocr_line' id='line_1_8' title="bbox 472 772 2071 849; baseline -0.004 -15"><span class='ocrx_word' id='word_1_43' title='bbox 472 779 560 834; x_wconf 90' lang='lat' dir='ltr'><strong>xis</strong></span> <span class='ocrx_word' id='word_1_44' title='bbox 587 778 739 849; x_wconf 90' lang='lat' dir='ltr'><strong>regis</strong></span> <span class='ocrx_word' id='word_1_45' title='bbox 768 778 1061 833; x_wconf 85' lang='lat' dir='ltr'><strong>Persarum</strong></span> <span class='ocrx_word' id='word_1_46' title='bbox 1087 791 1290 831; x_wconf 90' lang='lat' dir='ltr'><strong>annum</strong></span> <span class='ocrx_word' id='word_1_47' title='bbox 1320 774 1526 831; x_wconf 87' lang='lat' dir='ltr'><strong>habere</strong></span> <span class='ocrx_word' id='word_1_48' title='bbox 1553 773 1902 844; x_wconf 89' lang='lat' dir='ltr'><strong>principium.</strong></span> <span class='ocrx_word' id='word_1_49' title='bbox 1930 772 2071 828; x_wconf 68' lang='lat' dir='ltr'><strong>Nee~</strong></span> 
     </span>
    </p>
   </div>
   <div class='ocr_carea' id='block_1_9' title="bbox 474 866 2072 942">
    <p class='ocr_par' dir='ltr' id='par_1_9' title="bbox 474 866 2072 942">
     <span class='ocr_line' id='line_1_9' title="bbox 474 866 2072 942; baseline -0.004 -15"><span class='ocrx_word' id='word_1_50' title='bbox 474 872 613 927; x_wconf 86' lang='lat' dir='ltr'><strong>mias</strong></span> <span class='ocrx_word' id='word_1_51' title='bbox 641 871 845 942; x_wconf 87' lang='lat' dir='ltr'><strong>quippe</strong></span> <span class='ocrx_word' id='word_1_52' title='bbox 868 870 1028 941; x_wconf 82' lang='lat' dir='ltr'><strong>hujus</strong></span> <span class='ocrx_word' id='word_1_53' title='bbox 1053 871 1314 940; x_wconf 84' lang='lat' dir='ltr'><strong>pincerna</strong></span> <span class='ocrx_word' id='word_1_54' title='bbox 1337 868 1548 941; x_wconf 86' lang='lat' dir='ltr'><strong>(Neem.</strong></span> <span class='ocrx_word' id='word_1_55' title='bbox 1574 866 1860 937; x_wconf 76' lang='lat' dir='ltr'><strong>1),sicutin</strong></span> <span class='ocrx_word' id='word_1_56' title='bbox 1884 866 2072 921; x_wconf 73' lang='lat' dir='ltr'><strong>Esdrae</strong></span> 
     </span>
    </p>
   </div>
   <div class='ocr_carea' id='block_1_10' title="bbox 471 962 2069 1035">
    <p class='ocr_par' dir='ltr' id='par_1_10' title="bbox 471 962 2069 1035">
     <span class='ocr_line' id='line_1_10' title="bbox 471 962 2069 1035; baseline -0.006 -13"><span class='ocrx_word' id='word_1_57' title='bbox 471 965 615 1022; x_wconf 87' lang='lat' dir='ltr'><strong>libro</strong></span> <span class='ocrx_word' id='word_1_58' title='bbox 644 965 871 1035; x_wconf 88' lang='lat' dir='ltr'><strong>legimus</strong></span> <span class='ocrx_word' id='word_1_59' title='bbox 903 964 1117 1034; x_wconf 80' lang='lat' dir='ltr'><strong>rogavit</strong></span> <span class='ocrx_word' id='word_1_60' title='bbox 1146 977 1355 1033; x_wconf 81' lang='lat' dir='ltr'><strong>regem,</strong></span> <span class='ocrx_word' id='word_1_61' title='bbox 1380 962 1696 1031; x_wconf 86' lang='lat' dir='ltr'><strong>accepitque</strong></span> <span class='ocrx_word' id='word_1_62' title='bbox 1724 974 2069 1029; x_wconf 89' lang='lat' dir='ltr'><strong>responsum,</strong></span> 
     </span>
    </p>
   </div>
   <div class='ocr_carea' id='block_1_11' title="bbox 474 1054 2073 1124">
    <p class='ocr_par' dir='ltr' id='par_1_11' title="bbox 474 1054 2073 1124">
     <span class='ocr_line' id='line_1_11' title="bbox 474 1054 2073 1124; baseline -0.003 -11"><span class='ocrx_word' id='word_1_63' title='bbox 474 1069 535 1113; x_wconf 91' lang='lat' dir='ltr'><strong>ut</strong></span> <span class='ocrx_word' id='word_1_64' title='bbox 565 1056 930 1113; x_wconf 71' lang='lat' dir='ltr'><strong>aediﬁcaretur</strong></span> <span class='ocrx_word' id='word_1_65' title='bbox 949 1056 1275 1111; x_wconf 83' lang='lat' dir='ltr'><strong>Jerusalem.</strong></span> <span class='ocrx_word' id='word_1_66' title='bbox 1300 1056 1366 1109; x_wconf 88' lang='lat' dir='ltr'><strong>Et</strong></span> <span class='ocrx_word' id='word_1_67' title='bbox 1390 1054 1493 1108; x_wconf 88' lang='lat' dir='ltr'><strong>iste</strong></span> <span class='ocrx_word' id='word_1_68' title='bbox 1514 1068 1768 1124; x_wconf 89' lang='lat' dir='ltr'><strong>egressus</strong></span> <span class='ocrx_word' id='word_1_69' title='bbox 1790 1062 1875 1109; x_wconf 93' lang='lat' dir='ltr'><strong>est</strong></span> <span class='ocrx_word' id='word_1_70' title='bbox 1892 1068 2073 1110; x_wconf 85' lang='lat' dir='ltr'><strong>sermo</strong></span> 
     </span>
    </p>
   </div>
   <div class='ocr_carea' id='block_1_12' title="bbox 468 1150 2075 1224">
    <p class='ocr_par' dir='ltr' id='par_1_12' title="bbox 468 1150 2075 1224">
     <span class='ocr_line' id='line_1_12' title="bbox 468 1150 2075 1224; baseline -0.002 -15"><span class='ocrx_word' id='word_1_71' title='bbox 468 1156 561 1224; x_wconf 89' lang='lat' dir='ltr'><strong>qui</strong></span> <span class='ocrx_word' id='word_1_72' title='bbox 589 1153 936 1211; x_wconf 64' lang='lat' dir='ltr'><strong>exstruendaa</strong></span> <span class='ocrx_word' id='word_1_73' title='bbox 968 1153 1148 1217; x_wconf 88' lang='lat' dir='ltr'><strong>urbis,</strong></span> <span class='ocrx_word' id='word_1_74' title='bbox 1181 1160 1236 1207; x_wconf 91' lang='lat' dir='ltr'><strong>et</strong></span> <span class='ocrx_word' id='word_1_75' title='bbox 1265 1150 1674 1207; x_wconf 66' lang='lat' dir='ltr'><strong>circumdandae</strong></span> <span class='ocrx_word' id='word_1_76' title='bbox 1709 1150 1880 1206; x_wconf 88' lang='lat' dir='ltr'><strong>muris</strong></span> <span class='ocrx_word' id='word_1_77' title='bbox 1915 1151 2075 1207; x_wconf 90' lang='lat' dir='ltr'><strong>daret</strong></span> 
     </span>
    </p>
   </div>
   <div class='ocr_carea' id='block_1_13' title="bbox 471 1244 2071 1318">
    <p class='ocr_par' dir='ltr' id='par_1_13' title="bbox 471 1244 2071 1318">
     <span class='ocr_line' id='line_1_13' title="bbox 471 1244 2071 1318; baseline -0.002 -15"><span class='ocrx_word' id='word_1_78' title='bbox 471 1246 748 1304; x_wconf 89' lang='lat' dir='ltr'><strong>licentiam</strong></span> <span class='ocrx_word' id='word_1_79' title='bbox 793 1266 805 1302; x_wconf 92' lang='lat'><strong>:</strong></span> <span class='ocrx_word' id='word_1_80' title='bbox 848 1262 968 1318; x_wconf 70' lang='lat' dir='ltr'><strong>quae</strong></span> <span class='ocrx_word' id='word_1_81' title='bbox 1015 1260 1187 1315; x_wconf 88' lang='lat' dir='ltr'><strong>usque</strong></span> <span class='ocrx_word' id='word_1_82' title='bbox 1227 1246 1293 1299; x_wconf 92' lang='lat' dir='ltr'><strong>ad</strong></span> <span class='ocrx_word' id='word_1_83' title='bbox 1337 1244 1468 1300; x_wconf 88' lang='lat' dir='ltr'><strong>illud</strong></span> <span class='ocrx_word' id='word_1_84' title='bbox 1516 1252 1731 1315; x_wconf 85' lang='lat' dir='ltr'><strong>tempus</strong></span> <span class='ocrx_word' id='word_1_85' title='bbox 1770 1246 2071 1300; x_wconf 85' lang='lat' dir='ltr'><strong>vicinarum</strong></span> 
     </span>
    </p>
   </div>
   <div class='ocr_carea' id='block_1_14' title="bbox 468 1337 2075 1413">
    <p class='ocr_par' dir='ltr' id='par_1_14' title="bbox 468 1337 2075 1413">
     <span class='ocr_line' id='line_1_14' title="bbox 468 1337 2075 1413; baseline -0.001 -16"><span class='ocrx_word' id='word_1_86' title='bbox 468 1341 711 1413; x_wconf 87' lang='lat' dir='ltr'><strong>gentium</strong></span> <span class='ocrx_word' id='word_1_87' title='bbox 742 1340 960 1410; x_wconf 84' lang='lat' dir='ltr'><strong>patebat</strong></span> <span class='ocrx_word' id='word_1_88' title='bbox 984 1339 1317 1395; x_wconf 87' lang='lat' dir='ltr'><strong>incursibus.</strong></span> <span class='ocrx_word' id='word_1_89' title='bbox 1351 1340 1406 1395; x_wconf 90' lang='lat' dir='ltr'><strong>Si</strong></span> <span class='ocrx_word' id='word_1_90' title='bbox 1433 1338 1655 1409; x_wconf 86' lang='lat' dir='ltr'><strong>quidem</strong></span> <span class='ocrx_word' id='word_1_91' title='bbox 1681 1339 1746 1393; x_wconf 90' lang='lat' dir='ltr'><strong>ad</strong></span> <span class='ocrx_word' id='word_1_92' title='bbox 1774 1337 1902 1412; x_wconf 81' lang='lat' dir='ltr'><strong>Cyri</strong></span> <span class='ocrx_word' id='word_1_93' title='bbox 1930 1340 2075 1412; x_wconf 88' lang='lat' dir='ltr'><strong>regis</strong></span> 
     </span>
    </p>
   </div>
   <div class='ocr_carea' id='block_1_15' title="bbox 472 1436 2075 1510">
    <p class='ocr_par' dir='ltr' id='par_1_15' title="bbox 472 1436 2075 1510">
     <span class='ocr_line' id='line_1_15' title="bbox 472 1436 2075 1510; baseline -0.002 -16"><span class='ocrx_word' id='word_1_94' title='bbox 472 1439 795 1508; x_wconf 89' lang='lat' dir='ltr'><strong>imperium,</strong></span> <span class='ocrx_word' id='word_1_95' title='bbox 830 1438 923 1510; x_wconf 89' lang='lat' dir='ltr'><strong>qui</strong></span> <span class='ocrx_word' id='word_1_96' title='bbox 962 1438 1271 1494; x_wconf 83' lang='lat' dir='ltr'><strong>volentibus</strong></span> <span class='ocrx_word' id='word_1_97' title='bbox 1313 1439 1516 1494; x_wconf 84' lang='lat' dir='ltr'><strong>reverti</strong></span> <span class='ocrx_word' id='word_1_98' title='bbox 1547 1438 1943 1510; x_wconf 86' lang='lat' dir='ltr'><strong>Jerosolymam</strong></span> <span class='ocrx_word' id='word_1_99' title='bbox 1981 1436 2075 1491; x_wconf 90' lang='lat' dir='ltr'><strong>de-</strong></span> 
     </span>
    </p>
   </div>
   <div class='ocr_carea' id='block_1_16' title="bbox 475 1530 2077 1601">
    <p class='ocr_par' dir='ltr' id='par_1_16' title="bbox 475 1530 2077 1601">
     <span class='ocr_line' id='line_1_16' title="bbox 475 1530 2077 1601; baseline -0.002 -14"><span class='ocrx_word' id='word_1_100' title='bbox 475 1531 631 1587; x_wconf 89' lang='lat' dir='ltr'><strong>derat</strong></span> <span class='ocrx_word' id='word_1_101' title='bbox 670 1540 1017 1601; x_wconf 90' lang='lat' dir='ltr'><strong>potestatem,</strong></span> <span class='ocrx_word' id='word_1_102' title='bbox 1049 1531 1208 1587; x_wconf 86' lang='lat' dir='ltr'><strong>Jesus</strong></span> <span class='ocrx_word' id='word_1_103' title='bbox 1254 1530 1505 1593; x_wconf 79' lang='lat' dir='ltr'><strong>Pontifex</strong></span> <span class='ocrx_word' id='word_1_104' title='bbox 1552 1540 1607 1585; x_wconf 91' lang='lat' dir='ltr'><strong>et</strong></span> <span class='ocrx_word' id='word_1_105' title='bbox 1653 1530 1979 1596; x_wconf 87' lang='lat' dir='ltr'><strong>Zorobabel,</strong></span> <span class='ocrx_word' id='word_1_106' title='bbox 2023 1538 2077 1583; x_wconf 93' lang='lat' dir='ltr'><strong>et</strong></span> 
     </span>
    </p>
   </div>
   <div class='ocr_carea' id='block_1_17' title="bbox 476 1623 2071 1693">
    <p class='ocr_par' dir='ltr' id='par_1_17' title="bbox 476 1623 2071 1693">
     <span class='ocr_line' id='line_1_17' title="bbox 476 1623 2071 1693; baseline 0.001 -17"><span class='ocrx_word' id='word_1_107' title='bbox 476 1632 665 1693; x_wconf 87' lang='lat' dir='ltr'><strong>postea</strong></span> <span class='ocrx_word' id='word_1_108' title='bbox 699 1623 903 1679; x_wconf 84' lang='lat' dir='ltr'><strong>Esdras</strong></span> <span class='ocrx_word' id='word_1_109' title='bbox 936 1624 1236 1687; x_wconf 88' lang='lat' dir='ltr'><strong>Sacerdos,</strong></span> <span class='ocrx_word' id='word_1_110' title='bbox 1269 1633 1323 1679; x_wconf 90' lang='lat' dir='ltr'><strong>et</strong></span> <span class='ocrx_word' id='word_1_111' title='bbox 1352 1624 1537 1679; x_wconf 68' lang='lat' dir='ltr'><strong>caeteri</strong></span> <span class='ocrx_word' id='word_1_112' title='bbox 1566 1624 1658 1691; x_wconf 88' lang='lat' dir='ltr'><strong>qui</strong></span> <span class='ocrx_word' id='word_1_113' title='bbox 1688 1640 1810 1678; x_wconf 92' lang='lat' dir='ltr'><strong>cum</strong></span> <span class='ocrx_word' id='word_1_114' title='bbox 1841 1625 1922 1678; x_wconf 88' lang='lat' dir='ltr'><strong>eis</strong></span> <span class='ocrx_word' id='word_1_115' title='bbox 1952 1639 2071 1693; x_wconf 90' lang='lat' dir='ltr'><strong>pro-</strong></span> 
     </span>
    </p>
   </div>
   <div class='ocr_carea' id='block_1_18' title="bbox 476 1716 2075 1790">
    <p class='ocr_par' dir='ltr' id='par_1_18' title="bbox 476 1716 2075 1790">
     <span class='ocr_line' id='line_1_18' title="bbox 476 1716 2075 1790; baseline 0.001 -18"><span class='ocrx_word' id='word_1_116' title='bbox 476 1716 645 1773; x_wconf 74' lang='lat' dir='ltr'><strong>ficisci</strong></span> <span class='ocrx_word' id='word_1_117' title='bbox 668 1718 976 1785; x_wconf 88' lang='lat' dir='ltr'><strong>voluerant,</strong></span> <span class='ocrx_word' id='word_1_118' title='bbox 1008 1718 1296 1790; x_wconf 89' lang='lat' dir='ltr'><strong>Templum</strong></span> <span class='ocrx_word' id='word_1_119' title='bbox 1329 1727 1384 1775; x_wconf 92' lang='lat' dir='ltr'><strong>et</strong></span> <span class='ocrx_word' id='word_1_120' title='bbox 1412 1718 1627 1785; x_wconf 89' lang='lat' dir='ltr'><strong>urbem,</strong></span> <span class='ocrx_word' id='word_1_121' title='bbox 1658 1729 1714 1775; x_wconf 91' lang='lat' dir='ltr'><strong>et</strong></span> <span class='ocrx_word' id='word_1_122' title='bbox 1744 1734 1930 1773; x_wconf 90' lang='lat' dir='ltr'><strong>muros</strong></span> <span class='ocrx_word' id='word_1_123' title='bbox 1958 1720 2075 1788; x_wconf 85' lang='lat' dir='ltr'><strong>ejus</strong></span> 
     </span>
    </p>
   </div>
   <div class='ocr_carea' id='block_1_19' title="bbox 2172 492 3767 576">
    <p class='ocr_par' dir='ltr' id='par_1_19' title="bbox 2172 492 3767 576">
     <span class='ocr_line' id='line_1_19' title="bbox 2172 492 3767 576; baseline 0.009 -32"><span class='ocrx_word' id='word_1_124' title='bbox 2172 492 2329 563; x_wconf 88' lang='lat' dir='ltr'><strong>gnlos</strong></span> <span class='ocrx_word' id='word_1_125' title='bbox 2376 506 2591 548; x_wconf 87' lang='lat' dir='ltr'><strong>menses</strong></span> <span class='ocrx_word' id='word_1_126' title='bbox 2626 492 2745 549; x_wconf 91' lang='lat' dir='ltr'><strong>dies</strong></span> <span class='ocrx_word' id='word_1_127' title='bbox 2786 494 2975 566; x_wconf 78' lang='lat' dir='ltr'><strong>viginti</strong></span> <span class='ocrx_word' id='word_1_128' title='bbox 3014 513 3210 553; x_wconf 87' lang='lat' dir='ltr'><strong>novem</strong></span> <span class='ocrx_word' id='word_1_129' title='bbox 3241 497 3349 571; x_wconf 77' lang='grc' dir='ltr'><strong>[ΑΙ.</strong></span> <span class='ocrx_word' id='word_1_130' title='bbox 3380 501 3568 572; x_wconf 81' lang='lat' dir='ltr'><strong>viginti</strong></span> <span class='ocrx_word' id='word_1_131' title='bbox 3596 504 3767 576; x_wconf 85' lang='lat' dir='ltr'><strong>octo],</strong></span> 
     </span>
    </p>
   </div>
   <div class='ocr_carea' id='block_1_20' title="bbox 2174 584 3774 664">
    <p class='ocr_par' dir='ltr' id='par_1_20' title="bbox 2174 584 3774 664">
     <span class='ocr_line' id='line_1_20' title="bbox 2174 584 3774 664; baseline 0.008 -24"><span class='ocrx_word' id='word_1_132' title='bbox 2174 593 2228 640; x_wconf 88' lang='lat' dir='ltr'><strong>et</strong></span> <span class='ocrx_word' id='word_1_133' title='bbox 2254 584 2420 638; x_wconf 82' lang='lat' dir='ltr'><strong>semis</strong></span> <span class='ocrx_word' id='word_1_134' title='bbox 2455 602 2468 637; x_wconf 86' lang='lat'><strong>:</strong></span> <span class='ocrx_word' id='word_1_135' title='bbox 2503 584 2575 638; x_wconf 90' lang='lat' dir='ltr'><strong>ita</strong></span> <span class='ocrx_word' id='word_1_136' title='bbox 2607 594 2666 639; x_wconf 89' lang='lat' dir='ltr'><strong>ut</strong></span> <span class='ocrx_word' id='word_1_137' title='bbox 2706 586 2839 641; x_wconf 88' lang='lat' dir='ltr'><strong>solis</strong></span> <span class='ocrx_word' id='word_1_138' title='bbox 2878 587 3116 644; x_wconf 88' lang='lat' dir='ltr'><strong>circulus</strong></span> <span class='ocrx_word' id='word_1_139' title='bbox 3153 607 3253 663; x_wconf 90' lang='lat' dir='ltr'><strong>per</strong></span> <span class='ocrx_word' id='word_1_140' title='bbox 3298 607 3473 649; x_wconf 88' lang='lat' dir='ltr'><strong>annos</strong></span> <span class='ocrx_word' id='word_1_141' title='bbox 3510 596 3774 664; x_wconf 86' lang='lat' dir='ltr'><strong>quadrin-</strong></span> 
     </span>
    </p>
   </div>
   <div class='ocr_carea' id='block_1_21' title="bbox 2172 679 3771 750">
    <p class='ocr_par' dir='ltr' id='par_1_21' title="bbox 2172 679 3771 750">
     <span class='ocr_line' id='line_1_21' title="bbox 2172 679 3771 750; baseline 0.006 -16"><span class='ocrx_word' id='word_1_142' title='bbox 2172 687 2364 749; x_wconf 82' lang='lat' dir='ltr'><strong>gentos</strong></span> <span class='ocrx_word' id='word_1_143' title='bbox 2409 679 2704 749; x_wconf 82' lang='lat' dir='ltr'><strong>nonaginta</strong></span> <span class='ocrx_word' id='word_1_144' title='bbox 2747 682 2868 750; x_wconf 90' lang='lat' dir='ltr'><strong>plus</strong></span> <span class='ocrx_word' id='word_1_145' title='bbox 2905 682 3101 739; x_wconf 86' lang='lat' dir='ltr'><strong>habcat</strong></span> <span class='ocrx_word' id='word_1_146' title='bbox 3134 685 3252 741; x_wconf 90' lang='lat' dir='ltr'><strong>dies</strong></span> <span class='ocrx_word' id='word_1_147' title='bbox 3298 696 3576 742; x_wconf 91' lang='lat' dir='ltr'><strong>trecentos</strong></span> <span class='ocrx_word' id='word_1_148' title='bbox 3611 703 3771 744; x_wconf 87' lang='lat' dir='ltr'><strong>sexa-</strong></span> 
     </span>
    </p>
   </div>
   <div class='ocr_carea' id='block_1_22' title="bbox 2174 772 3774 850">
    <p class='ocr_par' dir='ltr' id='par_1_22' title="bbox 2174 772 3774 850">
     <span class='ocr_line' id='line_1_22' title="bbox 2174 772 3774 850; baseline 0.008 -25"><span class='ocrx_word' id='word_1_149' title='bbox 2174 772 2325 841; x_wconf 86' lang='lat' dir='ltr'><strong>ginta</strong></span> <span class='ocrx_word' id='word_1_150' title='bbox 2351 772 2613 842; x_wconf 89' lang='lat' dir='ltr'><strong>quiuque,</strong></span> <span class='ocrx_word' id='word_1_151' title='bbox 2645 782 2698 828; x_wconf 90' lang='lat' dir='ltr'><strong>et</strong></span> <span class='ocrx_word' id='word_1_152' title='bbox 2728 785 2977 844; x_wconf 85' lang='lat' dir='ltr'><strong>quartam</strong></span> <span class='ocrx_word' id='word_1_153' title='bbox 3007 777 3119 832; x_wconf 91' lang='lat' dir='ltr'><strong>diei</strong></span> <span class='ocrx_word' id='word_1_154' title='bbox 3143 788 3349 849; x_wconf 90' lang='lat' dir='ltr'><strong>partem</strong></span> <span class='ocrx_word' id='word_1_155' title='bbox 3385 797 3398 833; x_wconf 90' lang='lat'><strong>:</strong></span> <span class='ocrx_word' id='word_1_156' title='bbox 3431 788 3484 835; x_wconf 91' lang='lat' dir='ltr'><strong>et</strong></span> <span class='ocrx_word' id='word_1_157' title='bbox 3511 796 3607 850; x_wconf 89' lang='lat' dir='ltr'><strong>per</strong></span> <span class='ocrx_word' id='word_1_158' title='bbox 3637 782 3774 838; x_wconf 85' lang='lat' dir='ltr'><strong>duo-</strong></span> 
     </span>
    </p>
   </div>
   <div class='ocr_carea' id='block_1_23' title="bbox 2175 866 3774 937">
    <p class='ocr_par' dir='ltr' id='par_1_23' title="bbox 2175 866 3774 937">
     <span class='ocr_line' id='line_1_23' title="bbox 2175 866 3774 937; baseline 0.006 -16"><span class='ocrx_word' id='word_1_159' title='bbox 2175 866 2352 921; x_wconf 88' lang='lat' dir='ltr'><strong>decim</strong></span> <span class='ocrx_word' id='word_1_160' title='bbox 2399 881 2616 921; x_wconf 82' lang='lat' dir='ltr'><strong>menses</strong></span> <span class='ocrx_word' id='word_1_161' title='bbox 2662 868 3005 937; x_wconf 89' lang='lat' dir='ltr'><strong>singulorum</strong></span> <span class='ocrx_word' id='word_1_162' title='bbox 3053 886 3317 926; x_wconf 87' lang='lat' dir='ltr'><strong>annormn</strong></span> <span class='ocrx_word' id='word_1_163' title='bbox 3366 873 3615 929; x_wconf 76' lang='lat' dir='ltr'><strong>undecim</strong></span> <span class='ocrx_word' id='word_1_164' title='bbox 3656 875 3774 931; x_wconf 89' lang='lat' dir='ltr'><strong>dies</strong></span> 
     </span>
    </p>
   </div>
   <div class='ocr_carea' id='block_1_24' title="bbox 2175 958 3775 1033">
    <p class='ocr_par' dir='ltr' id='par_1_24' title="bbox 2175 958 3775 1033">
     <span class='ocr_line' id='line_1_24' title="bbox 2175 958 3775 1033; baseline 0.004 -19"><span class='ocrx_word' id='word_1_165' title='bbox 2175 968 2229 1015; x_wconf 91' lang='lat' dir='ltr'><strong>et</strong></span> <span class='ocrx_word' id='word_1_166' title='bbox 2258 969 2449 1029; x_wconf 87' lang='lat' dir='ltr'><strong>quarta</strong></span> <span class='ocrx_word' id='word_1_167' title='bbox 2482 958 2587 1013; x_wconf 90' lang='lat' dir='ltr'><strong>diei</strong></span> <span class='ocrx_word' id='word_1_168' title='bbox 2623 975 2748 1029; x_wconf 90' lang='lat' dir='ltr'><strong>pars</strong></span> <span class='ocrx_word' id='word_1_169' title='bbox 2788 962 3018 1032; x_wconf 86' lang='lat' dir='ltr'><strong>amplius</strong></span> <span class='ocrx_word' id='word_1_170' title='bbox 3046 964 3371 1033; x_wconf 86' lang='lat' dir='ltr'><strong>reperiatur.</strong></span> <span class='ocrx_word' id='word_1_171' title='bbox 3406 964 3559 1021; x_wconf 91' lang='lat' dir='ltr'><strong>Unde</strong></span> <span class='ocrx_word' id='word_1_172' title='bbox 3596 965 3775 1023; x_wconf 63' lang='lat' dir='ltr'><strong>Graeci</strong></span> 
     </span>
    </p>
   </div>
   <div class='ocr_carea' id='block_1_25' title="bbox 2175 1053 3769 1131">
    <p class='ocr_par' dir='ltr' id='par_1_25' title="bbox 2175 1053 3769 1131">
     <span class='ocr_line' id='line_1_25' title="bbox 2175 1053 3769 1131; baseline 0.002 -21"><span class='ocrx_word' id='word_1_173' title='bbox 2175 1053 2441 1121; x_wconf 76' lang='lat' dir='ltr'><strong>etJudzei,</strong></span> <span class='ocrx_word' id='word_1_174' title='bbox 2471 1068 2567 1121; x_wconf 83' lang='lat' dir='ltr'><strong>per</strong></span> <span class='ocrx_word' id='word_1_175' title='bbox 2591 1064 2714 1109; x_wconf 84' lang='lat' dir='ltr'><strong>octo</strong></span> <span class='ocrx_word' id='word_1_176' title='bbox 2737 1072 2909 1112; x_wconf 84' lang='lat' dir='ltr'><strong>annos</strong></span> <span class='ocrx_word' id='word_1_177' title='bbox 2940 1057 3108 1111; x_wconf 90' lang='lat' dir='ltr'><strong>trium</strong></span> <span class='ocrx_word' id='word_1_178' title='bbox 3138 1058 3403 1112; x_wconf 87' lang='lat' dir='ltr'><strong>mensium</strong></span> <span class='ocrx_word' id='word_1_179' title='bbox 3419 1059 3769 1131; x_wconf 74' lang='grc' dir='ltr'><strong>ἑμϐολίσμους</strong></span> 
     </span>
    </p>
   </div>
   <div class='ocr_carea' id='block_1_26' title="bbox 2178 1149 3776 1226">
    <p class='ocr_par' dir='ltr' id='par_1_26' title="bbox 2178 1149 3776 1226">
     <span class='ocr_line' id='line_1_26' title="bbox 2178 1149 3776 1226; baseline 0.002 -23"><span class='ocrx_word' id='word_1_180' title='bbox 2178 1149 2401 1206; x_wconf 81' lang='lat' dir='ltr'><strong>faciunt.</strong></span> <span class='ocrx_word' id='word_1_181' title='bbox 2431 1153 2596 1226; x_wconf 66' lang='grc'><strong>684</strong></span> <span class='ocrx_word' id='word_1_182' title='bbox 2623 1153 2679 1208; x_wconf 90' lang='lat' dir='ltr'><strong>Si</strong></span> <span class='ocrx_word' id='word_1_183' title='bbox 2717 1152 2864 1207; x_wconf 91' lang='lat' dir='ltr'><strong>enim</strong></span> <span class='ocrx_word' id='word_1_184' title='bbox 2897 1152 3069 1207; x_wconf 88' lang='lat' dir='ltr'><strong>octies</strong></span> <span class='ocrx_word' id='word_1_185' title='bbox 3111 1151 3389 1217; x_wconf 90' lang='lat' dir='ltr'><strong>undecim,</strong></span> <span class='ocrx_word' id='word_1_186' title='bbox 3424 1161 3480 1208; x_wconf 91' lang='lat' dir='ltr'><strong>et</strong></span> <span class='ocrx_word' id='word_1_187' title='bbox 3522 1161 3776 1221; x_wconf 85' lang='lat' dir='ltr'><strong>quartam</strong></span> 
     </span>
    </p>
   </div>
   <div class='ocr_carea' id='block_1_27' title="bbox 2177 1244 3776 1317">
    <p class='ocr_par' dir='ltr' id='par_1_27' title="bbox 2177 1244 3776 1317">
     <span class='ocr_line' id='line_1_27' title="bbox 2177 1244 3776 1317; baseline 0 -19"><span class='ocrx_word' id='word_1_188' title='bbox 2177 1256 2384 1314; x_wconf 89' lang='lat' dir='ltr'><strong>partem</strong></span> <span class='ocrx_word' id='word_1_189' title='bbox 2417 1248 2656 1302; x_wconf 85' lang='lat' dir='ltr'><strong>volueris</strong></span> <span class='ocrx_word' id='word_1_190' title='bbox 2690 1254 3006 1316; x_wconf 87' lang='lat' dir='ltr'><strong>supputare,</strong></span> <span class='ocrx_word' id='word_1_191' title='bbox 3040 1247 3337 1317; x_wconf 88' lang='lat' dir='ltr'><strong>nonaginta</strong></span> <span class='ocrx_word' id='word_1_192' title='bbox 3367 1244 3507 1310; x_wconf 92' lang='lat' dir='ltr'><strong>dies,</strong></span> <span class='ocrx_word' id='word_1_193' title='bbox 3541 1244 3643 1300; x_wconf 91' lang='lat' dir='ltr'><strong>hoc</strong></span> <span class='ocrx_word' id='word_1_194' title='bbox 3668 1253 3776 1309; x_wconf 88' lang='lat' dir='ltr'><strong>est,</strong></span> 
     </span>
    </p>
   </div>
   <div class='ocr_carea' id='block_1_28' title="bbox 2179 1338 3778 1409">
    <p class='ocr_par' dir='ltr' id='par_1_28' title="bbox 2179 1338 3778 1409">
     <span class='ocr_line' id='line_1_28' title="bbox 2179 1338 3778 1409; baseline -0.001 -16"><span class='ocrx_word' id='word_1_195' title='bbox 2179 1346 2290 1394; x_wconf 90' lang='lat' dir='ltr'><strong>tres</strong></span> <span class='ocrx_word' id='word_1_196' title='bbox 2324 1354 2545 1394; x_wconf 91' lang='lat' dir='ltr'><strong>menses</strong></span> <span class='ocrx_word' id='word_1_197' title='bbox 2572 1338 2803 1404; x_wconf 78' lang='lat' dir='ltr'><strong>efﬁcies,</strong></span> <span class='ocrx_word' id='word_1_198' title='bbox 2830 1347 2885 1394; x_wconf 91' lang='lat' dir='ltr'><strong>et</strong></span> <span class='ocrx_word' id='word_1_199' title='bbox 2914 1338 2967 1393; x_wconf 92' lang='lat' dir='ltr'><strong>iu</strong></span> <span class='ocrx_word' id='word_1_200' title='bbox 2998 1338 3407 1409; x_wconf 87' lang='lat' dir='ltr'><strong>quadringentis</strong></span> <span class='ocrx_word' id='word_1_201' title='bbox 3432 1339 3778 1409; x_wconf 83' lang='lat' dir='ltr'><strong>septuaginta</strong></span> 
     </span>
    </p>
   </div>
   <div class='ocr_carea' id='block_1_29' title="bbox 2180 1430 3783 1506">
    <p class='ocr_par' dir='ltr' id='par_1_29' title="bbox 2180 1430 3783 1506">
     <span class='ocr_line' id='line_1_29' title="bbox 2180 1430 3783 1506; baseline 0 -20"><span class='ocrx_word' id='word_1_202' title='bbox 2180 1432 2289 1506; x_wconf 81' lang='grc' dir='ltr'><strong>[ΑΙ.</strong></span> <span class='ocrx_word' id='word_1_203' title='bbox 2330 1430 2716 1505; x_wconf 85' lang='lat' dir='ltr'><strong>quadraginta]</strong></span> <span class='ocrx_word' id='word_1_204' title='bbox 2744 1432 2984 1503; x_wconf 89' lang='lat' dir='ltr'><strong>quinque</strong></span> <span class='ocrx_word' id='word_1_205' title='bbox 3014 1432 3175 1495; x_wconf 70' lang='lat' dir='ltr'><strong>annis</strong></span> <span class='ocrx_word' id='word_1_206' title='bbox 3202 1432 3468 1487; x_wconf 87' lang='lat' dir='ltr'><strong>octonarii</strong></span> <span class='ocrx_word' id='word_1_207' title='bbox 3500 1431 3783 1501; x_wconf 87' lang='lat' dir='ltr'><strong>reperien-</strong></span> 
     </span>
    </p>
   </div>
   <div class='ocr_carea' id='block_1_30' title="bbox 2180 1525 3782 1597">
    <p class='ocr_par' dir='ltr' id='par_1_30' title="bbox 2180 1525 3782 1597">
     <span class='ocr_line' id='line_1_30' title="bbox 2180 1525 3782 1597; baseline -0.001 -16"><span class='ocrx_word' id='word_1_208' title='bbox 2180 1536 2269 1581; x_wconf 95' lang='lat' dir='ltr'><strong>tur</strong></span> <span class='ocrx_word' id='word_1_209' title='bbox 2300 1528 2426 1581; x_wconf 87' lang='lat' dir='ltr'><strong>auni</strong></span> <span class='ocrx_word' id='word_1_210' title='bbox 2460 1527 2849 1597; x_wconf 86' lang='lat' dir='ltr'><strong>quinquaginta</strong></span> <span class='ocrx_word' id='word_1_211' title='bbox 2886 1541 3080 1581; x_wconf 88' lang='lat' dir='ltr'><strong>novem</strong></span> <span class='ocrx_word' id='word_1_212' title='bbox 3106 1569 3120 1593; x_wconf 93' lang='lat'><strong>,</strong></span> <span class='ocrx_word' id='word_1_213' title='bbox 3154 1536 3208 1581; x_wconf 89' lang='lat' dir='ltr'><strong>et</strong></span> <span class='ocrx_word' id='word_1_214' title='bbox 3252 1540 3470 1582; x_wconf 84' lang='lat' dir='ltr'><strong>menses</strong></span> <span class='ocrx_word' id='word_1_215' title='bbox 3499 1535 3613 1581; x_wconf 89' lang='lat' dir='ltr'><strong>tres</strong></span> <span class='ocrx_word' id='word_1_216' title='bbox 3642 1542 3655 1579; x_wconf 89' lang='lat'><strong><em>:</em></strong></span> <span class='ocrx_word' id='word_1_217' title='bbox 3686 1525 3782 1596; x_wconf 87' lang='lat' dir='ltr'><strong>qui</strong></span> 
     </span>
    </p>
   </div>
   <div class='ocr_carea' id='block_1_31' title="bbox 2179 1621 3782 1691">
    <p class='ocr_par' dir='ltr' id='par_1_31' title="bbox 2179 1621 3782 1691">
     <span class='ocr_line' id='line_1_31' title="bbox 2179 1621 3782 1691; baseline -0.001 -15"><span class='ocrx_word' id='word_1_218' title='bbox 2179 1622 2341 1676; x_wconf 89' lang='lat' dir='ltr'><strong>simul</strong></span> <span class='ocrx_word' id='word_1_219' title='bbox 2376 1622 2580 1678; x_wconf 81' lang='lat' dir='ltr'><strong>faciunt</strong></span> <span class='ocrx_word' id='word_1_220' title='bbox 2610 1623 2730 1691; x_wconf 83' lang='lat' dir='ltr'><strong>plus</strong></span> <span class='ocrx_word' id='word_1_221' title='bbox 2754 1622 3004 1676; x_wconf 78' lang='lat' dir='ltr'><strong>minusve</strong></span> <span class='ocrx_word' id='word_1_222' title='bbox 3039 1635 3212 1675; x_wconf 89' lang='lat' dir='ltr'><strong>annos</strong></span> <span class='ocrx_word' id='word_1_223' title='bbox 3240 1621 3554 1690; x_wconf 90' lang='lat' dir='ltr'><strong>quindecim</strong></span> <span class='ocrx_word' id='word_1_224' title='bbox 3594 1636 3607 1674; x_wconf 88' lang='lat'><strong>:</strong></span> <span class='ocrx_word' id='word_1_225' title='bbox 3640 1634 3782 1689; x_wconf 90' lang='lat' dir='ltr'><strong>quos</strong></span> 
     </span>
    </p>
   </div>
   <div class='ocr_carea' id='block_1_32' title="bbox 2179 1713 3785 1786">
    <p class='ocr_par' dir='ltr' id='par_1_32' title="bbox 2179 1713 3785 1786">
     <span class='ocr_line' id='line_1_32' title="bbox 2179 1713 3785 1786; baseline 0 -17"><span class='ocrx_word' id='word_1_226' title='bbox 2179 1715 2225 1770; x_wconf 87' lang='lat' dir='ltr'><strong>si</strong></span> <span class='ocrx_word' id='word_1_227' title='bbox 2254 1714 2664 1786; x_wconf 84' lang='lat' dir='ltr'><strong>quadringentis</strong></span> <span class='ocrx_word' id='word_1_228' title='bbox 2697 1715 3040 1786; x_wconf 86' lang='lat' dir='ltr'><strong>septuaginta</strong></span> <span class='ocrx_word' id='word_1_229' title='bbox 3071 1715 3313 1786; x_wconf 90' lang='lat' dir='ltr'><strong>quinque</strong></span> <span class='ocrx_word' id='word_1_230' title='bbox 3351 1715 3512 1769; x_wconf 89' lang='lat' dir='ltr'><strong>annis</strong></span> <span class='ocrx_word' id='word_1_231' title='bbox 3541 1713 3785 1769; x_wconf 86' lang='lat' dir='ltr'><strong>volueris</strong></span> 
     </span>
    </p>
   </div>
   <div class='ocr_carea' id='block_1_33' title="bbox 476 1794 3779 1881">
    <p class='ocr_par' dir='ltr' id='par_1_33' title="bbox 476 1794 3779 1881">
     <span class='ocr_line' id='line_1_33' title="bbox 476 1794 3779 1881; baseline -0.001 -15"><span class='ocrx_word' id='word_1_232' title='bbox 476 1810 751 1866; x_wconf 83' lang='lat' dir='ltr'><strong>aediﬁcare</strong></span> <span class='ocrx_word' id='word_1_233' title='bbox 783 1811 965 1865; x_wconf 85' lang='lat' dir='ltr'><strong>conati</strong></span> <span class='ocrx_word' id='word_1_234' title='bbox 996 1820 1153 1877; x_wconf 90' lang='lat' dir='ltr'><strong>sunt,</strong></span> <span class='ocrx_word' id='word_1_235' title='bbox 1184 1811 1603 1881; x_wconf 87' lang='lat' dir='ltr'><strong>prohibentibus</strong></span> <span class='ocrx_word' id='word_1_236' title='bbox 1638 1812 1690 1866; x_wconf 92' lang='lat' dir='ltr'><strong>in</strong></span> <span class='ocrx_word' id='word_1_237' title='bbox 1723 1811 1954 1867; x_wconf 89' lang='lat' dir='ltr'><strong>circuitu</strong></span> <span class='ocrx_word' id='word_1_238' title='bbox 1983 1827 2077 1867; x_wconf 88' lang='lat' dir='ltr'><strong>na-</strong></span> <span class='ocrx_word' id='word_1_239' title='bbox 2110 1794 2151 1856; x_wconf 81' lang='grc' dir='ltr'><strong>Β</strong></span> <span class='ocrx_word' id='word_1_240' title='bbox 2180 1809 2399 1874; x_wconf 88' lang='lat' dir='ltr'><strong>addere,</strong></span> <span class='ocrx_word' id='word_1_241' title='bbox 2444 1809 2783 1878; x_wconf 87' lang='lat' dir='ltr'><strong>septuaginta</strong></span> <span class='ocrx_word' id='word_1_242' title='bbox 2845 1824 3109 1865; x_wconf 90' lang='lat' dir='ltr'><strong>annorum</strong></span> <span class='ocrx_word' id='word_1_243' title='bbox 3159 1808 3323 1863; x_wconf 84' lang='lat' dir='ltr'><strong>facies</strong></span> <span class='ocrx_word' id='word_1_244' title='bbox 3375 1807 3779 1875; x_wconf 83' lang='lat' dir='ltr'><strong>hebdomadas,</strong></span> 
     </span>
    </p>
   </div>
   <div class='ocr_carea' id='block_1_34' title="bbox 477 1902 2083 1973">
    <p class='ocr_par' dir='ltr' id='par_1_34' title="bbox 477 1902 2083 1973">
     <span class='ocr_line' id='line_1_34' title="bbox 477 1902 2083 1973; baseline 0.001 -17"><span class='ocrx_word' id='word_1_245' title='bbox 477 1903 740 1970; x_wconf 90' lang='lat' dir='ltr'><strong>tionibus,</strong></span> <span class='ocrx_word' id='word_1_246' title='bbox 766 1917 835 1958; x_wconf 90' lang='lat' dir='ltr'><strong>ne</strong></span> <span class='ocrx_word' id='word_1_247' title='bbox 860 1902 1176 1972; x_wconf 90' lang='lat' dir='ltr'><strong>impleretur</strong></span> <span class='ocrx_word' id='word_1_248' title='bbox 1202 1916 1363 1973; x_wconf 89' lang='lat' dir='ltr'><strong>opus,</strong></span> <span class='ocrx_word' id='word_1_249' title='bbox 1393 1903 1548 1973; x_wconf 90' lang='lat' dir='ltr'><strong>quasi</strong></span> <span class='ocrx_word' id='word_1_250' title='bbox 1580 1902 1681 1958; x_wconf 91' lang='lat' dir='ltr'><strong>hoc</strong></span> <span class='ocrx_word' id='word_1_251' title='bbox 1710 1918 1806 1958; x_wconf 91' lang='lat' dir='ltr'><strong>rex</strong></span> <span class='ocrx_word' id='word_1_252' title='bbox 1837 1920 1949 1958; x_wconf 90' lang='lat' dir='ltr'><strong>non</strong></span> <span class='ocrx_word' id='word_1_253' title='bbox 1968 1903 2083 1973; x_wconf 91' lang='lat' dir='ltr'><strong>jus-</strong></span> 
     </span>
    </p>
   </div>
   <div class='ocr_carea' id='block_1_35' title="bbox 475 1995 2081 2067">
    <p class='ocr_par' dir='ltr' id='par_1_35' title="bbox 475 1995 2081 2067">
     <span class='ocr_line' id='line_1_35' title="bbox 475 1995 2081 2067; baseline 0.002 -18"><span class='ocrx_word' id='word_1_254' title='bbox 475 1996 661 2050; x_wconf 89' lang='lat' dir='ltr'><strong>sisset.</strong></span> <span class='ocrx_word' id='word_1_255' title='bbox 714 1995 909 2051; x_wconf 82' lang='lat' dir='ltr'><strong>Mansit</strong></span> <span class='ocrx_word' id='word_1_256' title='bbox 955 1996 1138 2066; x_wconf 90' lang='lat' dir='ltr'><strong>itaque</strong></span> <span class='ocrx_word' id='word_1_257' title='bbox 1180 1995 1563 2067; x_wconf 79' lang='lat' dir='ltr'><strong>imperfectum</strong></span> <span class='ocrx_word' id='word_1_258' title='bbox 1605 2011 1743 2067; x_wconf 90' lang='lat' dir='ltr'><strong>opus</strong></span> <span class='ocrx_word' id='word_1_259' title='bbox 1789 2012 1963 2067; x_wconf 87' lang='lat' dir='ltr'><strong>usque</strong></span> <span class='ocrx_word' id='word_1_260' title='bbox 2014 1997 2081 2052; x_wconf 88' lang='lat' dir='ltr'><strong>ad</strong></span> 
     </span>
    </p>
   </div>
   <div class='ocr_carea' id='block_1_36' title="bbox 477 2087 2080 2161">
    <p class='ocr_par' dir='ltr' id='par_1_36' title="bbox 477 2087 2080 2161">
     <span class='ocr_line' id='line_1_36' title="bbox 477 2087 2080 2161; baseline 0.001 -17"><span class='ocrx_word' id='word_1_261' title='bbox 477 2087 756 2145; x_wconf 86' lang='lat' dir='ltr'><strong>Neemiam</strong></span> <span class='ocrx_word' id='word_1_262' title='bbox 779 2130 794 2156; x_wconf 91' lang='lat'><strong>,</strong></span> <span class='ocrx_word' id='word_1_263' title='bbox 825 2100 879 2145; x_wconf 90' lang='lat' dir='ltr'><strong>et</strong></span> <span class='ocrx_word' id='word_1_264' title='bbox 911 2089 1230 2145; x_wconf 90' lang='lat' dir='ltr'><strong>vicesimum</strong></span> <span class='ocrx_word' id='word_1_265' title='bbox 1276 2104 1479 2144; x_wconf 87' lang='lat' dir='ltr'><strong>annum</strong></span> <span class='ocrx_word' id='word_1_266' title='bbox 1520 2089 1666 2161; x_wconf 91' lang='lat' dir='ltr'><strong>regis</strong></span> <span class='ocrx_word' id='word_1_267' title='bbox 1712 2089 2032 2145; x_wconf 81' lang='lat' dir='ltr'><strong>Artaxerxis</strong></span> <span class='ocrx_word' id='word_1_268' title='bbox 2067 2107 2080 2144; x_wconf 93' lang='lat'><strong>:</strong></span> 
     </span>
    </p>
   </div>
   <div class='ocr_carea' id='block_1_37' title="bbox 480 2178 2083 2254">
    <p class='ocr_par' dir='ltr' id='par_1_37' title="bbox 480 2178 2083 2254">
     <span class='ocr_line' id='line_1_37' title="bbox 480 2178 2083 2254; baseline 0 -19"><span class='ocrx_word' id='word_1_269' title='bbox 480 2178 648 2251; x_wconf 86' lang='lat' dir='ltr'><strong>[Ergo</strong></span> <span class='ocrx_word' id='word_1_270' title='bbox 685 2181 972 2249; x_wconf 81' lang='lat' dir='ltr'><strong>captivitas</strong></span> <span class='ocrx_word' id='word_1_271' title='bbox 1008 2191 1136 2236; x_wconf 91' lang='lat' dir='ltr'><strong>ante</strong></span> <span class='ocrx_word' id='word_1_272' title='bbox 1173 2196 1399 2251; x_wconf 89' lang='lat' dir='ltr'><strong>regnum</strong></span> <span class='ocrx_word' id='word_1_273' title='bbox 1443 2180 1731 2236; x_wconf 88' lang='lat' dir='ltr'><strong>Persarum</strong></span> <span class='ocrx_word' id='word_1_274' title='bbox 1777 2183 1936 2238; x_wconf 88' lang='lat' dir='ltr'><strong>armis</strong></span> <span class='ocrx_word' id='word_1_275' title='bbox 1968 2180 2083 2254; x_wconf 89' lang='lat'><strong>70.]</strong></span> 
     </span>
    </p>
   </div>
   <div class='ocr_carea' id='block_1_38' title="bbox 481 2272 2082 2343">
    <p class='ocr_par' dir='ltr' id='par_1_38' title="bbox 481 2272 2082 2343">
     <span class='ocr_line' id='line_1_38' title="bbox 481 2272 2082 2343; baseline 0.002 -18"><span class='ocrx_word' id='word_1_276' title='bbox 481 2287 589 2342; x_wconf 91' lang='lat' dir='ltr'><strong>quo</strong></span> <span class='ocrx_word' id='word_1_277' title='bbox 621 2279 867 2341; x_wconf 86' lang='lat' dir='ltr'><strong>tempore</strong></span> <span class='ocrx_word' id='word_1_278' title='bbox 896 2272 1052 2342; x_wconf 88' lang='lat' dir='ltr'><strong>regni</strong></span> <span class='ocrx_word' id='word_1_279' title='bbox 1082 2272 1405 2337; x_wconf 88' lang='lat' dir='ltr'><strong>Persarum,</strong></span> <span class='ocrx_word' id='word_1_280' title='bbox 1441 2281 1661 2328; x_wconf 91' lang='lat' dir='ltr'><strong>centum</strong></span> <span class='ocrx_word' id='word_1_281' title='bbox 1685 2281 1743 2329; x_wconf 88' lang='lat' dir='ltr'><strong>et</strong></span> <span class='ocrx_word' id='word_1_282' title='bbox 1768 2273 2082 2343; x_wconf 80' lang='lat' dir='ltr'><strong>quindecim</strong></span> 
     </span>
    </p>
   </div>
   <div class='ocr_carea' id='block_1_39' title="bbox 480 2362 2082 2435">
    <p class='ocr_par' dir='ltr' id='par_1_39' title="bbox 480 2362 2082 2435">
     <span class='ocr_line' id='line_1_39' title="bbox 480 2362 2082 2435; baseline 0.002 -17"><span class='ocrx_word' id='word_1_283' title='bbox 480 2364 608 2418; x_wconf 88' lang='lat' dir='ltr'><strong>anui</strong></span> <span class='ocrx_word' id='word_1_284' title='bbox 640 2362 864 2418; x_wconf 81' lang='lat' dir='ltr'><strong>fuerant</strong></span> <span class='ocrx_word' id='word_1_285' title='bbox 900 2366 1126 2431; x_wconf 85' lang='lat' dir='ltr'><strong>evoluti,</strong></span> <span class='ocrx_word' id='word_1_286' title='bbox 1154 2365 1489 2435; x_wconf 88' lang='lat' dir='ltr'><strong>captivitatis</strong></span> <span class='ocrx_word' id='word_1_287' title='bbox 1526 2373 1706 2420; x_wconf 91' lang='lat' dir='ltr'><strong>autem</strong></span> <span class='ocrx_word' id='word_1_288' title='bbox 1745 2365 2082 2433; x_wconf 80' lang='lat' dir='ltr'><strong>Jerusalem,</strong></span> 
     </span>
    </p>
   </div>
   <div class='ocr_carea' id='block_1_40' title="bbox 481 2456 2085 2527">
    <p class='ocr_par' dir='ltr' id='par_1_40' title="bbox 481 2456 2085 2527">
     <span class='ocr_line' id='line_1_40' title="bbox 481 2456 2085 2527; baseline 0.002 -16"><span class='ocrx_word' id='word_1_289' title='bbox 481 2456 817 2511; x_wconf 91' lang='lat' dir='ltr'><strong>centesimus</strong></span> <span class='ocrx_word' id='word_1_290' title='bbox 846 2457 1238 2527; x_wconf 90' lang='lat' dir='ltr'><strong>octogesimus,</strong></span> <span class='ocrx_word' id='word_1_291' title='bbox 1262 2467 1317 2511; x_wconf 91' lang='lat' dir='ltr'><strong>et</strong></span> <span class='ocrx_word' id='word_1_292' title='bbox 1336 2458 1560 2527; x_wconf 88' lang='lat' dir='ltr'><strong>quintus</strong></span> <span class='ocrx_word' id='word_1_293' title='bbox 1581 2473 1757 2512; x_wconf 91' lang='lat' dir='ltr'><strong>annus</strong></span> <span class='ocrx_word' id='word_1_294' title='bbox 1782 2469 1929 2513; x_wconf 86' lang='lat' dir='ltr'><strong>erat:</strong></span> <span class='ocrx_word' id='word_1_295' title='bbox 1960 2468 2085 2515; x_wconf 91' lang='lat' dir='ltr'><strong>tunc</strong></span> 
     </span>
    </p>
   </div>
   <div class='ocr_carea' id='block_1_41' title="bbox 484 2550 2082 2621">
    <p class='ocr_par' dir='ltr' id='par_1_41' title="bbox 484 2550 2082 2621">
     <span class='ocr_line' id='line_1_41' title="bbox 484 2550 2082 2621; baseline 0.002 -16"><span class='ocrx_word' id='word_1_296' title='bbox 484 2551 720 2621; x_wconf 91' lang='lat' dir='ltr'><strong>primum</strong></span> <span class='ocrx_word' id='word_1_297' title='bbox 750 2550 1087 2607; x_wconf 80' lang='lat' dir='ltr'><strong>Artaxerxes</strong></span> <span class='ocrx_word' id='word_1_298' title='bbox 1103 2551 1267 2619; x_wconf 85' lang='lat' dir='ltr'><strong>jussit</strong></span> <span class='ocrx_word' id='word_1_299' title='bbox 1286 2566 1475 2606; x_wconf 93' lang='lat' dir='ltr'><strong>muros</strong></span> <span class='ocrx_word' id='word_1_300' title='bbox 1501 2551 2040 2620; x_wconf 61' lang='lat' dir='ltr'><strong>exstrui,Jerusalem</strong></span> <span class='ocrx_word' id='word_1_301' title='bbox 2068 2570 2082 2608; x_wconf 89' lang='lat'><strong>:</strong></span> 
     </span>
    </p>
   </div>
   <div class='ocr_carea' id='block_1_42' title="bbox 485 2642 2085 2714">
    <p class='ocr_par' dir='ltr' id='par_1_42' title="bbox 485 2642 2085 2714">
     <span class='ocr_line' id='line_1_42' title="bbox 485 2642 2085 2714; baseline 0.001 -16"><span class='ocrx_word' id='word_1_302' title='bbox 485 2644 573 2698; x_wconf 93' lang='lat' dir='ltr'><strong>cui</strong></span> <span class='ocrx_word' id='word_1_303' title='bbox 602 2643 756 2713; x_wconf 91' lang='lat' dir='ltr'><strong>operi</strong></span> <span class='ocrx_word' id='word_1_304' title='bbox 781 2642 994 2714; x_wconf 83' lang='lat' dir='ltr'><strong>praefuit</strong></span> <span class='ocrx_word' id='word_1_305' title='bbox 1022 2642 1300 2709; x_wconf 83' lang='lat' dir='ltr'><strong>Neemias,</strong></span> <span class='ocrx_word' id='word_1_306' title='bbox 1324 2653 1380 2698; x_wconf 90' lang='lat' dir='ltr'><strong>et</strong></span> <span class='ocrx_word' id='word_1_307' title='bbox 1409 2642 1671 2697; x_wconf 66' lang='lat' dir='ltr'><strong>mdiﬁcata</strong></span> <span class='ocrx_word' id='word_1_308' title='bbox 1700 2651 1783 2698; x_wconf 92' lang='lat' dir='ltr'><strong>est</strong></span> <span class='ocrx_word' id='word_1_309' title='bbox 1810 2643 2012 2713; x_wconf 88' lang='lat' dir='ltr'><strong>platea,</strong></span> <span class='ocrx_word' id='word_1_310' title='bbox 2035 2655 2085 2699; x_wconf 88' lang='lat' dir='ltr'><strong>et</strong></span> 
     </span>
    </p>
   </div>
   <div class='ocr_carea' id='block_1_43' title="bbox 487 2735 2090 2806">
    <p class='ocr_par' dir='ltr' id='par_1_43' title="bbox 487 2735 2090 2806">
     <span class='ocr_line' id='line_1_43' title="bbox 487 2735 2090 2806; baseline 0.001 -15"><span class='ocrx_word' id='word_1_311' title='bbox 487 2736 631 2791; x_wconf 86' lang='lat' dir='ltr'><strong>muri</strong></span> <span class='ocrx_word' id='word_1_312' title='bbox 675 2735 995 2790; x_wconf 89' lang='lat' dir='ltr'><strong>circumdati</strong></span> <span class='ocrx_word' id='word_1_313' title='bbox 1039 2754 1053 2790; x_wconf 90' lang='lat'><strong>:</strong></span> <span class='ocrx_word' id='word_1_314' title='bbox 1095 2744 1149 2791; x_wconf 91' lang='lat' dir='ltr'><strong>et</strong></span> <span class='ocrx_word' id='word_1_315' title='bbox 1184 2752 1252 2791; x_wconf 90' lang='lat' dir='ltr'><strong>ex</strong></span> <span class='ocrx_word' id='word_1_316' title='bbox 1291 2735 1383 2791; x_wconf 90' lang='lat' dir='ltr'><strong>illo</strong></span> <span class='ocrx_word' id='word_1_317' title='bbox 1421 2746 1669 2806; x_wconf 90' lang='lat' dir='ltr'><strong>tempore</strong></span> <span class='ocrx_word' id='word_1_318' title='bbox 1713 2738 1758 2791; x_wconf 91' lang='lat' dir='ltr'><strong>si</strong></span> <span class='ocrx_word' id='word_1_319' title='bbox 1800 2752 2090 2793; x_wconf 88' lang='lat' dir='ltr'><strong>numerare</strong></span> 
     </span>
    </p>
   </div>
   <div class='ocr_carea' id='block_1_44' title="bbox 486 2827 2090 2901">
    <p class='ocr_par' dir='ltr' id='par_1_44' title="bbox 486 2827 2090 2901">
     <span class='ocr_line' id='line_1_44' title="bbox 486 2827 2090 2901; baseline 0.002 -19"><span class='ocrx_word' id='word_1_320' title='bbox 486 2827 624 2884; x_wconf 85' lang='lat' dir='ltr'><strong>velis</strong></span> <span class='ocrx_word' id='word_1_321' title='bbox 655 2828 996 2899; x_wconf 85' lang='lat' dir='ltr'><strong>septuaginta</strong></span> <span class='ocrx_word' id='word_1_322' title='bbox 1017 2829 1182 2901; x_wconf 74' lang='lat'><strong>683</strong></span> <span class='ocrx_word' id='word_1_323' title='bbox 1216 2844 1487 2884; x_wconf 89' lang='lat' dir='ltr'><strong>annorum</strong></span> <span class='ocrx_word' id='word_1_324' title='bbox 1523 2829 1896 2886; x_wconf 86' lang='lat' dir='ltr'><strong>hebdomadas</strong></span> <span class='ocrx_word' id='word_1_325' title='bbox 1919 2845 2090 2901; x_wconf 91' lang='lat' dir='ltr'><strong>usque</strong></span> 
     </span>
    </p>
   </div>
   <div class='ocr_carea' id='block_1_45' title="bbox 488 2920 2092 2993">
    <p class='ocr_par' dir='ltr' id='par_1_45' title="bbox 488 2920 2092 2993">
     <span class='ocr_line' id='line_1_45' title="bbox 488 2920 2092 2993; baseline 0.001 -18"><span class='ocrx_word' id='word_1_326' title='bbox 488 2920 556 2975; x_wconf 86' lang='lat' dir='ltr'><strong>ad</strong></span> <span class='ocrx_word' id='word_1_327' title='bbox 580 2920 851 2976; x_wconf 86' lang='lat' dir='ltr'><strong>Christum</strong></span> <span class='ocrx_word' id='word_1_328' title='bbox 880 2922 1084 2991; x_wconf 83' lang='lat' dir='ltr'><strong>puteris</strong></span> <span class='ocrx_word' id='word_1_329' title='bbox 1112 2922 1375 2977; x_wconf 88' lang='lat' dir='ltr'><strong>invenire.</strong></span> <span class='ocrx_word' id='word_1_330' title='bbox 1409 2920 1563 2988; x_wconf 86' lang='lat' dir='ltr'><strong>Quod</strong></span> <span class='ocrx_word' id='word_1_331' title='bbox 1592 2923 1636 2977; x_wconf 91' lang='lat' dir='ltr'><strong>si</strong></span> <span class='ocrx_word' id='word_1_332' title='bbox 1667 2922 1857 2977; x_wconf 88' lang='lat' dir='ltr'><strong>harum</strong></span> <span class='ocrx_word' id='word_1_333' title='bbox 1889 2923 2092 2993; x_wconf 84' lang='lat' dir='ltr'><strong>princi-</strong></span> 
     </span>
    </p>
   </div>
   <div class='ocr_carea' id='block_1_46' title="bbox 492 3011 2093 3084">
    <p class='ocr_par' dir='ltr' id='par_1_46' title="bbox 492 3011 2093 3084">
     <span class='ocr_line' id='line_1_46' title="bbox 492 3011 2093 3084; baseline 0.002 -17"><span class='ocrx_word' id='word_1_334' title='bbox 492 3011 639 3083; x_wconf 89' lang='lat' dir='ltr'><strong>pium</strong></span> <span class='ocrx_word' id='word_1_335' title='bbox 672 3013 739 3067; x_wconf 91' lang='lat' dir='ltr'><strong>ab</strong></span> <span class='ocrx_word' id='word_1_336' title='bbox 763 3022 789 3050; x_wconf 67' lang='grc' dir='ltr'><strong>ιι</strong></span> <span class='ocrx_word' id='word_1_337' title='bbox 817 3013 927 3067; x_wconf 89' lang='lat' dir='ltr'><strong>alio</strong></span> <span class='ocrx_word' id='word_1_338' title='bbox 953 3023 1203 3084; x_wconf 88' lang='lat' dir='ltr'><strong>tempore</strong></span> <span class='ocrx_word' id='word_1_339' title='bbox 1235 3013 1567 3069; x_wconf 87' lang='lat' dir='ltr'><strong>voluerimus</strong></span> <span class='ocrx_word' id='word_1_340' title='bbox 1596 3030 1845 3082; x_wconf 89' lang='lat' dir='ltr'><strong>sumere,</strong></span> <span class='ocrx_word' id='word_1_341' title='bbox 1871 3025 1925 3071; x_wconf 92' lang='lat' dir='ltr'><strong>et</strong></span> <span class='ocrx_word' id='word_1_342' title='bbox 1955 3025 2093 3071; x_wconf 83' lang='lat' dir='ltr'><strong>tem-</strong></span> 
     </span>
    </p>
   </div>
   <div class='ocr_carea' id='block_1_47' title="bbox 491 3109 2093 3181">
    <p class='ocr_par' dir='ltr' id='par_1_47' title="bbox 491 3109 2093 3181">
     <span class='ocr_line' id='line_1_47' title="bbox 491 3109 2093 3181; baseline 0.004 -21"><span class='ocrx_word' id='word_1_343' title='bbox 491 3121 623 3177; x_wconf 89' lang='lat' dir='ltr'><strong>pora</strong></span> <span class='ocrx_word' id='word_1_344' title='bbox 656 3121 762 3161; x_wconf 91' lang='lat' dir='ltr'><strong>non</strong></span> <span class='ocrx_word' id='word_1_345' title='bbox 793 3116 1154 3175; x_wconf 90' lang='lat' dir='ltr'><strong>concurrent,</strong></span> <span class='ocrx_word' id='word_1_346' title='bbox 1188 3116 1244 3164; x_wconf 91' lang='lat' dir='ltr'><strong>et</strong></span> <span class='ocrx_word' id='word_1_347' title='bbox 1281 3109 1450 3164; x_wconf 91' lang='lat' dir='ltr'><strong>multa</strong></span> <span class='ocrx_word' id='word_1_348' title='bbox 1491 3111 1830 3181; x_wconf 87' lang='lat' dir='ltr'><strong>reperiemus</strong></span> <span class='ocrx_word' id='word_1_349' title='bbox 1870 3123 2093 3166; x_wconf 88' lang='lat' dir='ltr'><strong>contra-</strong></span> 
     </span>
    </p>
   </div>
   <div class='ocr_carea' id='block_1_48' title="bbox 2183 1902 3778 1973">
    <p class='ocr_par' dir='ltr' id='par_1_48' title="bbox 2183 1902 3778 1973">
     <span class='ocr_line' id='line_1_48' title="bbox 2183 1902 3778 1973; baseline -0.002 -17"><span class='ocrx_word' id='word_1_350' title='bbox 2183 1902 2287 1957; x_wconf 92' lang='lat' dir='ltr'><strong>hoc</strong></span> <span class='ocrx_word' id='word_1_351' title='bbox 2334 1910 2450 1968; x_wconf 81' lang='lat' dir='ltr'><strong>est,</strong></span> <span class='ocrx_word' id='word_1_352' title='bbox 2492 1902 2652 1957; x_wconf 90' lang='lat' dir='ltr'><strong>simul</strong></span> <span class='ocrx_word' id='word_1_353' title='bbox 2706 1916 2877 1957; x_wconf 90' lang='lat' dir='ltr'><strong>annos</strong></span> <span class='ocrx_word' id='word_1_354' title='bbox 2927 1902 3357 1973; x_wconf 85' lang='lat' dir='ltr'><strong>quadringentos</strong></span> <span class='ocrx_word' id='word_1_355' title='bbox 3404 1903 3717 1972; x_wconf 82' lang='lat' dir='ltr'><strong>nonaginta.</strong></span> <span class='ocrx_word' id='word_1_356' title='bbox 3755 1919 3778 1953; x_wconf 76' lang='grc' dir='ltr'><strong>ι</strong></span> 
     </span>
    </p>
   </div>
   <div class='ocr_carea' id='block_1_49' title="bbox 2184 1993 3791 2065">
    <p class='ocr_par' dir='ltr' id='par_1_49' title="bbox 2184 1993 3791 2065">
     <span class='ocr_line' id='line_1_49' title="bbox 2184 1993 3791 2065; baseline -0.001 -15"><span class='ocrx_word' id='word_1_357' title='bbox 2184 1994 2311 2050; x_wconf 66' lang='lat' dir='ltr'><strong>Haec</strong></span> <span class='ocrx_word' id='word_1_358' title='bbox 2331 1994 2617 2050; x_wconf 78' lang='lat' dir='ltr'><strong>Africanus</strong></span> <span class='ocrx_word' id='word_1_359' title='bbox 2642 1994 2846 2050; x_wconf 90' lang='lat' dir='ltr'><strong>eisdem</strong></span> <span class='ocrx_word' id='word_1_360' title='bbox 2879 1994 3066 2049; x_wconf 84' lang='lat' dir='ltr'><strong>verbis</strong></span> <span class='ocrx_word' id='word_1_361' title='bbox 3091 1994 3290 2065; x_wconf 86' lang='lat' dir='ltr'><strong>quibus</strong></span> <span class='ocrx_word' id='word_1_362' title='bbox 3311 1994 3682 2064; x_wconf 74' lang='lat' dir='ltr'><strong>expressimus</strong></span> <span class='ocrx_word' id='word_1_363' title='bbox 3704 1993 3791 2048; x_wconf 91' lang='lat' dir='ltr'><strong>lo-</strong></span> 
     </span>
    </p>
   </div>
   <div class='ocr_carea' id='block_1_50' title="bbox 2183 2086 3789 2157">
    <p class='ocr_par' dir='ltr' id='par_1_50' title="bbox 2183 2086 3789 2157">
     <span class='ocr_line' id='line_1_50' title="bbox 2183 2086 3789 2157; baseline -0.002 -14"><span class='ocrx_word' id='word_1_364' title='bbox 2183 2097 2342 2143; x_wconf 91' lang='lat' dir='ltr'><strong>cutus</strong></span> <span class='ocrx_word' id='word_1_365' title='bbox 2372 2098 2473 2143; x_wconf 90' lang='lat' dir='ltr'><strong>est.</strong></span> <span class='ocrx_word' id='word_1_366' title='bbox 2509 2086 2877 2142; x_wconf 88' lang='lat' dir='ltr'><strong>Transeamus</strong></span> <span class='ocrx_word' id='word_1_367' title='bbox 2920 2087 2986 2142; x_wconf 92' lang='lat' dir='ltr'><strong>ad</strong></span> <span class='ocrx_word' id='word_1_368' title='bbox 3028 2086 3326 2142; x_wconf 89' lang='lat' dir='ltr'><strong>Eusebium</strong></span> <span class='ocrx_word' id='word_1_369' title='bbox 3359 2086 3658 2157; x_wconf 87' lang='lat' dir='ltr'><strong>Pamphili,</strong></span> <span class='ocrx_word' id='word_1_370' title='bbox 3692 2087 3789 2157; x_wconf 90' lang='lat' dir='ltr'><strong>qui</strong></span> 
     </span>
    </p>
   </div>
   <div class='ocr_carea' id='block_1_51' title="bbox 2185 2180 3788 2256">
    <p class='ocr_par' dir='ltr' id='par_1_51' title="bbox 2185 2180 3788 2256">
     <span class='ocr_line' id='line_1_51' title="bbox 2185 2180 3788 2256; baseline 0.001 -21"><span class='ocrx_word' id='word_1_371' title='bbox 2185 2180 2238 2235; x_wconf 92' lang='lat' dir='ltr'><strong>in</strong></span> <span class='ocrx_word' id='word_1_372' title='bbox 2268 2189 2459 2235; x_wconf 90' lang='lat' dir='ltr'><strong>octavo</strong></span> <span class='ocrx_word' id='word_1_373' title='bbox 2485 2180 2625 2235; x_wconf 89' lang='lat' dir='ltr'><strong>libro</strong></span> <span class='ocrx_word' id='word_1_374' title='bbox 2648 2182 2968 2256; x_wconf 75' lang='grc' dir='ltr'><strong>εὐαγγελικῆς</strong></span> <span class='ocrx_word' id='word_1_375' title='bbox 2994 2180 3422 2250; x_wconf 67' lang='grc' dir='ltr'><strong>ἀποδείξεωςξιθιθ</strong></span> <span class='ocrx_word' id='word_1_376' title='bbox 3448 2182 3634 2236; x_wconf 91' lang='lat' dir='ltr'><strong>nescio</strong></span> <span class='ocrx_word' id='word_1_377' title='bbox 3656 2180 3788 2251; x_wconf 89' lang='lat' dir='ltr'><strong>quid</strong></span> 
     </span>
    </p>
   </div>
   <div class='ocr_carea' id='block_1_52' title="bbox 2186 2272 3792 2343">
    <p class='ocr_par' dir='ltr' id='par_1_52' title="bbox 2186 2272 3792 2343">
     <span class='ocr_line' id='line_1_52' title="bbox 2186 2272 3792 2343; baseline -0.001 -16"><span class='ocrx_word' id='word_1_378' title='bbox 2186 2273 2495 2343; x_wconf 89' lang='lat' dir='ltr'><strong>suspicatur</strong></span> <span class='ocrx_word' id='word_1_379' title='bbox 2526 2293 2537 2326; x_wconf 89' lang='lat'><strong>:</strong></span> <span class='ocrx_word' id='word_1_380' title='bbox 2577 2292 2595 2325; x_wconf 74' lang='grc' dir='ltr'><strong>ι</strong></span> <span class='ocrx_word' id='word_1_381' title='bbox 2635 2272 2751 2327; x_wconf 82' lang='grc' dir='ltr'><strong>Νοη</strong></span> <span class='ocrx_word' id='word_1_382' title='bbox 2786 2273 2917 2327; x_wconf 91' lang='lat' dir='ltr'><strong>mihi</strong></span> <span class='ocrx_word' id='word_1_383' title='bbox 2950 2274 3166 2328; x_wconf 89' lang='lat' dir='ltr'><strong>videtur</strong></span> <span class='ocrx_word' id='word_1_384' title='bbox 3204 2272 3411 2327; x_wconf 83' lang='lat' dir='ltr'><strong>frustra</strong></span> <span class='ocrx_word' id='word_1_385' title='bbox 3443 2273 3792 2343; x_wconf 86' lang='lat' dir='ltr'><strong>septuaginta</strong></span> 
     </span>
    </p>
   </div>
   <div class='ocr_carea' id='block_1_53' title="bbox 2186 2362 3794 2435">
    <p class='ocr_par' dir='ltr' id='par_1_53' title="bbox 2186 2362 3794 2435">
     <span class='ocr_line' id='line_1_53' title="bbox 2186 2362 3794 2435; baseline -0.001 -16"><span class='ocrx_word' id='word_1_386' title='bbox 2186 2364 2649 2420; x_wconf 86' lang='lat' dir='ltr'><strong>hebdomadarum</strong></span> <span class='ocrx_word' id='word_1_387' title='bbox 2679 2362 2821 2420; x_wconf 79' lang='lat' dir='ltr'><strong>facta</strong></span> <span class='ocrx_word' id='word_1_388' title='bbox 2858 2363 3056 2420; x_wconf 86' lang='lat' dir='ltr'><strong>divisio</strong></span> <span class='ocrx_word' id='word_1_389' title='bbox 3090 2385 3102 2419; x_wconf 93' lang='lat'>:</span> <span class='ocrx_word' id='word_1_390' title='bbox 3139 2374 3193 2419; x_wconf 89' lang='lat' dir='ltr'><strong>ut</strong></span> <span class='ocrx_word' id='word_1_391' title='bbox 3237 2365 3475 2435; x_wconf 91' lang='lat' dir='ltr'><strong>primum</strong></span> <span class='ocrx_word' id='word_1_392' title='bbox 3516 2364 3794 2421; x_wconf 85' lang='lat' dir='ltr'><strong>diceretur</strong></span> 
     </span>
    </p>
   </div>
   <div class='ocr_carea' id='block_1_54' title="bbox 2186 2457 3795 2529">
    <p class='ocr_par' dir='ltr' id='par_1_54' title="bbox 2186 2457 3795 2529">
     <span class='ocr_line' id='line_1_54' title="bbox 2186 2457 3795 2529; baseline -0.001 -15"><span class='ocrx_word' id='word_1_393' title='bbox 2186 2466 2415 2529; x_wconf 86' lang='lat' dir='ltr'><strong>septem,</strong></span> <span class='ocrx_word' id='word_1_394' title='bbox 2448 2457 2649 2513; x_wconf 89' lang='lat' dir='ltr'><strong>deinde</strong></span> <span class='ocrx_word' id='word_1_395' title='bbox 2677 2459 2947 2529; x_wconf 69' lang='lat' dir='ltr'><strong>sexaginta</strong></span> <span class='ocrx_word' id='word_1_396' title='bbox 2986 2458 3125 2524; x_wconf 69' lang='lat' dir='ltr'><strong>duae,</strong></span> <span class='ocrx_word' id='word_1_397' title='bbox 3163 2469 3219 2513; x_wconf 91' lang='lat' dir='ltr'><strong>et</strong></span> <span class='ocrx_word' id='word_1_398' title='bbox 3258 2458 3452 2513; x_wconf 88' lang='lat' dir='ltr'><strong>ultima</strong></span> <span class='ocrx_word' id='word_1_399' title='bbox 3494 2457 3795 2513; x_wconf 89' lang='lat' dir='ltr'><strong>adderetur</strong></span> 
     </span>
    </p>
   </div>
   <div class='ocr_carea' id='block_1_55' title="bbox 2187 2549 3789 2621">
    <p class='ocr_par' dir='ltr' id='par_1_55' title="bbox 2187 2549 3789 2621">
     <span class='ocr_line' id='line_1_55' title="bbox 2187 2549 3789 2621; baseline 0.001 -19"><span class='ocrx_word' id='word_1_400' title='bbox 2187 2550 2466 2605; x_wconf 82' lang='lat' dir='ltr'><strong>hebdomas</strong></span> <span class='ocrx_word' id='word_1_401' title='bbox 2496 2567 2621 2617; x_wconf 85' lang='lat' dir='ltr'><strong>una,</strong></span> <span class='ocrx_word' id='word_1_402' title='bbox 2655 2565 2774 2621; x_wconf 64' lang='lat' dir='ltr'><strong>quae</strong></span> <span class='ocrx_word' id='word_1_403' title='bbox 2804 2562 2856 2605; x_wconf 86' lang='lat' dir='ltr'><strong>et</strong></span> <span class='ocrx_word' id='word_1_404' title='bbox 2890 2552 3009 2619; x_wconf 83' lang='lat' dir='ltr'><strong>ipsa</strong></span> <span class='ocrx_word' id='word_1_405' title='bbox 3039 2551 3093 2605; x_wconf 88' lang='lat' dir='ltr'><strong>in</strong></span> <span class='ocrx_word' id='word_1_406' title='bbox 3122 2549 3257 2605; x_wconf 89' lang='lat' dir='ltr'><strong>duas</strong></span> <span class='ocrx_word' id='word_1_407' title='bbox 3291 2558 3471 2620; x_wconf 84' lang='lat' dir='ltr'><strong>partes</strong></span> <span class='ocrx_word' id='word_1_408' title='bbox 3501 2559 3648 2604; x_wconf 88' lang='lat' dir='ltr'><strong>secta</strong></span> <span class='ocrx_word' id='word_1_409' title='bbox 3680 2560 3789 2605; x_wconf 90' lang='lat' dir='ltr'><strong>est.</strong></span> 
     </span>
    </p>
   </div>
   <div class='ocr_carea' id='block_1_56' title="bbox 2191 2643 3798 2715">
    <p class='ocr_par' dir='ltr' id='par_1_56' title="bbox 2191 2643 3798 2715">
     <span class='ocr_line' id='line_1_56' title="bbox 2191 2643 3798 2715; baseline -0.001 -14"><span class='ocrx_word' id='word_1_410' title='bbox 2191 2644 2465 2713; x_wconf 79' lang='lat' dir='ltr'><strong>Scriptum</strong></span> <span class='ocrx_word' id='word_1_411' title='bbox 2506 2653 2592 2698; x_wconf 90' lang='lat' dir='ltr'><strong>est</strong></span> <span class='ocrx_word' id='word_1_412' title='bbox 2623 2648 2770 2699; x_wconf 91' lang='lat' dir='ltr'><strong>enim</strong></span> <span class='ocrx_word' id='word_1_413' title='bbox 2802 2663 2815 2699; x_wconf 91' lang='lat'><strong>:</strong></span> <span class='ocrx_word' id='word_1_414' title='bbox 2859 2643 3005 2700; x_wconf 86' lang='lat' dir='ltr'><strong>Scies</strong></span> <span class='ocrx_word' id='word_1_415' title='bbox 3038 2655 3084 2699; x_wconf 89' lang='lat' dir='ltr'><strong>et</strong></span> <span class='ocrx_word' id='word_1_416' title='bbox 3124 2644 3379 2715; x_wconf 83' lang='lat' dir='ltr'><strong>intelliges</strong></span> <span class='ocrx_word' id='word_1_417' title='bbox 3412 2643 3475 2697; x_wconf 87' lang='lat' dir='ltr'><strong>ab</strong></span> <span class='ocrx_word' id='word_1_418' title='bbox 3507 2645 3649 2698; x_wconf 77' lang='lat' dir='ltr'><strong>exitu</strong></span> <span class='ocrx_word' id='word_1_419' title='bbox 3682 2659 3798 2699; x_wconf 87' lang='lat' dir='ltr'><strong>ser-</strong></span> 
     </span>
    </p>
   </div>
   <div class='ocr_carea' id='block_1_57' title="bbox 2193 2736 3799 2807">
    <p class='ocr_par' dir='ltr' id='par_1_57' title="bbox 2193 2736 3799 2807">
     <span class='ocr_line' id='line_1_57' title="bbox 2193 2736 3799 2807; baseline 0 -17"><span class='ocrx_word' id='word_1_420' title='bbox 2193 2737 2367 2790; x_wconf 81' lang='lat' dir='ltr'><strong>monis</strong></span> <span class='ocrx_word' id='word_1_421' title='bbox 2396 2752 2415 2790; x_wconf 90' lang='lat'><strong><em>:</em></strong></span> <span class='ocrx_word' id='word_1_422' title='bbox 2453 2746 2509 2789; x_wconf 85' lang='lat' dir='ltr'><strong>ut</strong></span> <span class='ocrx_word' id='word_1_423' title='bbox 2538 2737 2938 2804; x_wconf 77' lang='lat' dir='ltr'><strong>respondeatur,</strong></span> <span class='ocrx_word' id='word_1_424' title='bbox 2964 2746 3012 2790; x_wconf 88' lang='lat' dir='ltr'><strong>et</strong></span> <span class='ocrx_word' id='word_1_425' title='bbox 3033 2738 3321 2807; x_wconf 64' lang='lat' dir='ltr'><strong>ludiﬁcetur</strong></span> <span class='ocrx_word' id='word_1_426' title='bbox 3348 2736 3670 2804; x_wconf 81' lang='lat' dir='ltr'><strong>Jerusalem,</strong></span> <span class='ocrx_word' id='word_1_427' title='bbox 3703 2754 3799 2791; x_wconf 80' lang='lat' dir='ltr'><strong>us-</strong></span> 
     </span>
    </p>
   </div>
   <div class='ocr_carea' id='block_1_58' title="bbox 2190 2828 3797 2901">
    <p class='ocr_par' dir='ltr' id='par_1_58' title="bbox 2190 2828 3797 2901">
     <span class='ocr_line' id='line_1_58' title="bbox 2190 2828 3797 2901; baseline 0.002 -18"><span class='ocrx_word' id='word_1_428' title='bbox 2190 2847 2289 2901; x_wconf 86' lang='lat' dir='ltr'><strong>que</strong></span> <span class='ocrx_word' id='word_1_429' title='bbox 2316 2831 2386 2884; x_wconf 87' lang='lat' dir='ltr'><strong>ad</strong></span> <span class='ocrx_word' id='word_1_430' title='bbox 2406 2828 2670 2886; x_wconf 81' lang='lat' dir='ltr'><strong>Christum</strong></span> <span class='ocrx_word' id='word_1_431' title='bbox 2701 2831 2883 2885; x_wconf 88' lang='lat' dir='ltr'><strong>ducem</strong></span> <span class='ocrx_word' id='word_1_432' title='bbox 2913 2831 3266 2887; x_wconf 75' lang='lat' dir='ltr'><strong>hebdomadas</strong></span> <span class='ocrx_word' id='word_1_433' title='bbox 3287 2842 3497 2901; x_wconf 87' lang='lat' dir='ltr'><strong>septem,</strong></span> <span class='ocrx_word' id='word_1_434' title='bbox 3520 2843 3567 2886; x_wconf 88' lang='lat' dir='ltr'><strong>et</strong></span> <span class='ocrx_word' id='word_1_435' title='bbox 3597 2831 3797 2887; x_wconf 84' lang='lat' dir='ltr'><strong>hebdo-</strong></span> 
     </span>
    </p>
   </div>
   <div class='ocr_carea' id='block_1_59' title="bbox 2193 2923 3795 2996">
    <p class='ocr_par' dir='ltr' id='par_1_59' title="bbox 2193 2923 3795 2996">
     <span class='ocr_line' id='line_1_59' title="bbox 2193 2923 3795 2996; baseline 0 -18"><span class='ocrx_word' id='word_1_436' title='bbox 2193 2924 2373 2978; x_wconf 84' lang='lat' dir='ltr'><strong>madas</strong></span> <span class='ocrx_word' id='word_1_437' title='bbox 2402 2925 2670 2996; x_wconf 74' lang='lat' dir='ltr'><strong>sexaginta</strong></span> <span class='ocrx_word' id='word_1_438' title='bbox 2702 2924 2850 2977; x_wconf 87' lang='lat' dir='ltr'><strong>duas.</strong></span> <span class='ocrx_word' id='word_1_439' title='bbox 2886 2923 2954 2977; x_wconf 87' lang='lat' dir='ltr'><strong>Et</strong></span> <span class='ocrx_word' id='word_1_440' title='bbox 2998 2934 3117 2993; x_wconf 89' lang='lat' dir='ltr'><strong>post</strong></span> <span class='ocrx_word' id='word_1_441' title='bbox 3158 2926 3260 2979; x_wconf 86' lang='lat' dir='ltr'><strong>alia</strong></span> <span class='ocrx_word' id='word_1_442' title='bbox 3301 2939 3420 2994; x_wconf 61' lang='lat' dir='ltr'><strong>qua:</strong></span> <span class='ocrx_word' id='word_1_443' title='bbox 3465 2924 3705 2979; x_wconf 83' lang='lat' dir='ltr'><strong>narravit</strong></span> <span class='ocrx_word' id='word_1_444' title='bbox 3738 2925 3795 2978; x_wconf 88' lang='lat' dir='ltr'><strong>in</strong></span> 
     </span>
    </p>
   </div>
   <div class='ocr_carea' id='block_1_60' title="bbox 2195 3013 3794 3085">
    <p class='ocr_par' dir='ltr' id='par_1_60' title="bbox 2195 3013 3794 3085">
     <span class='ocr_line' id='line_1_60' title="bbox 2195 3013 3794 3085; baseline -0.001 -16"><span class='ocrx_word' id='word_1_445' title='bbox 2195 3015 2403 3080; x_wconf 89' lang='lat' dir='ltr'><strong>medio,</strong></span> <span class='ocrx_word' id='word_1_446' title='bbox 2437 3015 2592 3083; x_wconf 86' lang='lat' dir='ltr'><strong>ponit</strong></span> <span class='ocrx_word' id='word_1_447' title='bbox 2619 3013 2673 3068; x_wconf 87' lang='lat' dir='ltr'><strong>in</strong></span> <span class='ocrx_word' id='word_1_448' title='bbox 2714 3013 2819 3068; x_wconf 84' lang='lat' dir='ltr'><strong>ﬁne</strong></span> <span class='ocrx_word' id='word_1_449' title='bbox 2853 3034 2866 3069; x_wconf 95' lang='lat'>:</span> <span class='ocrx_word' id='word_1_450' title='bbox 2908 3015 3235 3085; x_wconf 75' lang='lat' dir='ltr'><strong>conﬁrmabit</strong></span> <span class='ocrx_word' id='word_1_451' title='bbox 3275 3022 3633 3069; x_wconf 83' lang='lat' dir='ltr'><strong>testamentum</strong></span> <span class='ocrx_word' id='word_1_452' title='bbox 3671 3015 3794 3084; x_wconf 82' lang='lat' dir='ltr'><strong>plu-</strong></span> 
     </span>
    </p>
   </div>
   <div class='ocr_carea' id='block_1_61' title="bbox 2196 3104 3800 3179">
    <p class='ocr_par' dir='ltr' id='par_1_61' title="bbox 2196 3104 3800 3179">
     <span class='ocr_line' id='line_1_61' title="bbox 2196 3104 3800 3179; baseline -0.001 -19"><span class='ocrx_word' id='word_1_453' title='bbox 2196 3105 2675 3160; x_wconf 83' lang='lat' dir='ltr'><strong>rimishebdomada</strong></span> <span class='ocrx_word' id='word_1_454' title='bbox 2691 3104 2779 3177; x_wconf 83' lang='lat' dir='ltr'><strong>[AI</strong></span> <span class='ocrx_word' id='word_1_455' title='bbox 2792 3148 2802 3160; x_wconf 94' lang='lat'><strong>.</strong></span> <span class='ocrx_word' id='word_1_456' title='bbox 2818 3104 3142 3179; x_wconf 84' lang='lat' dir='ltr'><strong>hebdomas]</strong></span> <span class='ocrx_word' id='word_1_457' title='bbox 3161 3122 3282 3160; x_wconf 89' lang='lat' dir='ltr'><strong>una.</strong></span> <span class='ocrx_word' id='word_1_458' title='bbox 3300 3106 3427 3159; x_wconf 73' lang='lat' dir='ltr'><strong>llmc</strong></span> <span class='ocrx_word' id='word_1_459' title='bbox 3457 3120 3565 3159; x_wconf 91' lang='lat' dir='ltr'><strong>non</strong></span> <span class='ocrx_word' id='word_1_460' title='bbox 3598 3104 3800 3160; x_wconf 77' lang='lat' dir='ltr'><strong>frustra</strong></span> 
     </span>
    </p>
   </div>
   <div class='ocr_carea' id='block_1_62' title="bbox 488 3183 3804 3274">
    <p class='ocr_par' dir='ltr' id='par_1_62' title="bbox 488 3183 3804 3274">
     <span class='ocr_line' id='line_1_62' title="bbox 488 3183 3804 3274; baseline -0 -20"><span class='ocrx_word' id='word_1_461' title='bbox 488 3200 591 3254; x_wconf 91' lang='lat' dir='ltr'><strong>ria.</strong></span> <span class='ocrx_word' id='word_1_462' title='bbox 625 3199 758 3254; x_wconf 83' lang='lat' dir='ltr'><strong>Nam</strong></span> <span class='ocrx_word' id='word_1_463' title='bbox 796 3202 839 3254; x_wconf 92' lang='lat' dir='ltr'><strong>si</strong></span> <span class='ocrx_word' id='word_1_464' title='bbox 872 3215 902 3254; x_wconf 89' lang='lat' dir='ltr'><strong>a</strong></span> <span class='ocrx_word' id='word_1_465' title='bbox 933 3200 1098 3271; x_wconf 86' lang='lat' dir='ltr'><strong>Cyro,</strong></span> <span class='ocrx_word' id='word_1_466' title='bbox 1127 3211 1181 3255; x_wconf 89' lang='lat' dir='ltr'><strong>et</strong></span> <span class='ocrx_word' id='word_1_467' title='bbox 1220 3201 1391 3271; x_wconf 89' lang='lat' dir='ltr'><strong>prima</strong></span> <span class='ocrx_word' id='word_1_468' title='bbox 1421 3201 1540 3272; x_wconf 92' lang='lat' dir='ltr'><strong>ejus</strong></span> <span class='ocrx_word' id='word_1_469' title='bbox 1571 3202 1906 3274; x_wconf 88' lang='lat' dir='ltr'><strong>indulgentia</strong></span> <span class='ocrx_word' id='word_1_470' title='bbox 1927 3245 1941 3269; x_wconf 95' lang='lat'><strong>,</strong></span> <span class='ocrx_word' id='word_1_471' title='bbox 1971 3219 2092 3273; x_wconf 70' lang='lat' dir='ltr'><strong>quae</strong></span> <span class='ocrx_word' id='word_1_472' title='bbox 2119 3183 2166 3249; x_wconf 71' lang='grc' dir='ltr'>Ο</span> <span class='ocrx_word' id='word_1_473' title='bbox 2197 3212 2250 3259; x_wconf 92' lang='lat' dir='ltr'><strong>et</strong></span> <span class='ocrx_word' id='word_1_474' title='bbox 2280 3204 2486 3273; x_wconf 88' lang='lat' dir='ltr'><strong>absque</strong></span> <span class='ocrx_word' id='word_1_475' title='bbox 2517 3203 2873 3273; x_wconf 84' lang='lat' dir='ltr'><strong>inspiratione</strong></span> <span class='ocrx_word' id='word_1_476' title='bbox 2899 3202 2992 3257; x_wconf 88' lang='lat' dir='ltr'><strong>Dei</strong></span> <span class='ocrx_word' id='word_1_477' title='bbox 3025 3202 3289 3272; x_wconf 82' lang='lat' dir='ltr'><strong>Angelum</strong></span> <span class='ocrx_word' id='word_1_478' title='bbox 3311 3199 3663 3270; x_wconf 88' lang='lat' dir='ltr'><strong>respondisse</strong></span> <span class='ocrx_word' id='word_1_479' title='bbox 3685 3214 3804 3253; x_wconf 89' lang='lat' dir='ltr'><strong>ma-</strong></span> 
     </span>
    </p>
   </div>
   <div class='ocr_carea' id='block_1_63' title="bbox 489 3291 2095 3369">
    <p class='ocr_par' dir='ltr' id='par_1_63' title="bbox 489 3291 2095 3369">
     <span class='ocr_line' id='line_1_63' title="bbox 489 3291 2095 3369; baseline 0.005 -23"><span class='ocrx_word' id='word_1_480' title='bbox 489 3291 799 3348; x_wconf 73' lang='lat' dir='ltr'><strong>Judaeorum</strong></span> <span class='ocrx_word' id='word_1_481' title='bbox 830 3303 910 3349; x_wconf 92' lang='lat' dir='ltr'><strong>est</strong></span> <span class='ocrx_word' id='word_1_482' title='bbox 940 3293 1117 3348; x_wconf 83' lang='lat' dir='ltr'><strong>laxata</strong></span> <span class='ocrx_word' id='word_1_483' title='bbox 1159 3294 1446 3363; x_wconf 84' lang='lat' dir='ltr'><strong>captivitas</strong></span> <span class='ocrx_word' id='word_1_484' title='bbox 1468 3342 1482 3365; x_wconf 96' lang='lat'><strong>,</strong></span> <span class='ocrx_word' id='word_1_485' title='bbox 1518 3298 1868 3369; x_wconf 79' lang='lat' dir='ltr'><strong>septuaginta</strong></span> <span class='ocrx_word' id='word_1_486' title='bbox 1905 3314 2095 3354; x_wconf 88' lang='lat' dir='ltr'><strong>nume-</strong></span> 
     </span>
    </p>
   </div>
   <div class='ocr_carea' id='block_1_64' title="bbox 494 3386 2093 3461">
    <p class='ocr_par' dir='ltr' id='par_1_64' title="bbox 494 3386 2093 3461">
     <span class='ocr_line' id='line_1_64' title="bbox 494 3386 2093 3461; baseline 0.003 -19"><span class='ocrx_word' id='word_1_487' title='bbox 494 3398 687 3443; x_wconf 90' lang='lat' dir='ltr'><strong>rentur</strong></span> <span class='ocrx_word' id='word_1_488' title='bbox 704 3386 1083 3453; x_wconf 57' lang='lat' dir='ltr'><strong>hebdomadas,</strong></span> <span class='ocrx_word' id='word_1_489' title='bbox 1102 3397 1322 3443; x_wconf 90' lang='lat' dir='ltr'><strong>centum</strong></span> <span class='ocrx_word' id='word_1_490' title='bbox 1343 3398 1399 3443; x_wconf 93' lang='lat' dir='ltr'><strong>et</strong></span> <span class='ocrx_word' id='word_1_491' title='bbox 1416 3404 1482 3444; x_wconf 90' lang='lat' dir='ltr'><strong>eo</strong></span> <span class='ocrx_word' id='word_1_492' title='bbox 1494 3391 1729 3461; x_wconf 89' lang='lat' dir='ltr'><strong>amplius</strong></span> <span class='ocrx_word' id='word_1_493' title='bbox 1756 3391 2093 3446; x_wconf 90' lang='lat' dir='ltr'><strong>inveniemus</strong></span> 
     </span>
    </p>
   </div>
   <div class='ocr_carea' id='block_1_65' title="bbox 491 3482 2097 3552">
    <p class='ocr_par' dir='ltr' id='par_1_65' title="bbox 491 3482 2097 3552">
     <span class='ocr_line' id='line_1_65' title="bbox 491 3482 2097 3552; baseline 0.002 -17"><span class='ocrx_word' id='word_1_494' title='bbox 491 3494 689 3549; x_wconf 89' lang='lat' dir='ltr'><strong>annos,</strong></span> <span class='ocrx_word' id='word_1_495' title='bbox 716 3482 808 3552; x_wconf 92' lang='lat' dir='ltr'><strong>qui</strong></span> <span class='ocrx_word' id='word_1_496' title='bbox 839 3488 1100 3536; x_wconf 89' lang='lat' dir='ltr'><strong>statutum</strong></span> <span class='ocrx_word' id='word_1_497' title='bbox 1122 3484 1467 3552; x_wconf 87' lang='lat' dir='ltr'><strong>septuaginta</strong></span> <span class='ocrx_word' id='word_1_498' title='bbox 1499 3482 1966 3538; x_wconf 87' lang='lat' dir='ltr'><strong>hebdomadarum</strong></span> <span class='ocrx_word' id='word_1_499' title='bbox 2003 3500 2097 3539; x_wconf 84' lang='lat' dir='ltr'><strong>ex-</strong></span> 
     </span>
    </p>
   </div>
   <div class='ocr_carea' id='block_1_66' title="bbox 495 3575 2099 3645">
    <p class='ocr_par' dir='ltr' id='par_1_66' title="bbox 495 3575 2099 3645">
     <span class='ocr_line' id='line_1_66' title="bbox 495 3575 2099 3645; baseline 0.001 -14"><span class='ocrx_word' id='word_1_500' title='bbox 495 3575 695 3631; x_wconf 90' lang='lat' dir='ltr'><strong>cedant</strong></span> <span class='ocrx_word' id='word_1_501' title='bbox 720 3590 1006 3631; x_wconf 91' lang='lat' dir='ltr'><strong>numerum</strong></span> <span class='ocrx_word' id='word_1_502' title='bbox 1038 3593 1051 3628; x_wconf 92' lang='lat'><strong>:</strong></span> <span class='ocrx_word' id='word_1_503' title='bbox 1081 3583 1139 3630; x_wconf 90' lang='lat' dir='ltr'><strong>et</strong></span> <span class='ocrx_word' id='word_1_504' title='bbox 1169 3575 1344 3631; x_wconf 91' lang='lat' dir='ltr'><strong>multo</strong></span> <span class='ocrx_word' id='word_1_505' title='bbox 1375 3576 1498 3645; x_wconf 88' lang='lat' dir='ltr'><strong>plus</strong></span> <span class='ocrx_word' id='word_1_506' title='bbox 1526 3576 1573 3631; x_wconf 89' lang='lat' dir='ltr'><strong>si</strong></span> <span class='ocrx_word' id='word_1_507' title='bbox 1603 3592 1675 3632; x_wconf 89' lang='lat' dir='ltr'><strong>ex</strong></span> <span class='ocrx_word' id='word_1_508' title='bbox 1706 3592 1809 3645; x_wconf 91' lang='lat' dir='ltr'><strong>qua</strong></span> <span class='ocrx_word' id='word_1_509' title='bbox 1836 3577 1923 3632; x_wconf 91' lang='lat' dir='ltr'><strong>die</strong></span> <span class='ocrx_word' id='word_1_510' title='bbox 1948 3577 2099 3632; x_wconf 88' lang='lat' dir='ltr'><strong>locu-</strong></span> 
     </span>
    </p>
   </div>
   <div class='ocr_carea' id='block_1_67' title="bbox 498 3668 2099 3741">
    <p class='ocr_par' dir='ltr' id='par_1_67' title="bbox 498 3668 2099 3741">
     <span class='ocr_line' id='line_1_67' title="bbox 498 3668 2099 3741; baseline 0 -15"><span class='ocrx_word' id='word_1_511' title='bbox 498 3679 588 3726; x_wconf 89' lang='lat' dir='ltr'><strong>tus</strong></span> <span class='ocrx_word' id='word_1_512' title='bbox 618 3678 707 3725; x_wconf 86' lang='lat' dir='ltr'><strong>est</strong></span> <span class='ocrx_word' id='word_1_513' title='bbox 735 3668 947 3724; x_wconf 88' lang='lat' dir='ltr'><strong>Danieli</strong></span> <span class='ocrx_word' id='word_1_514' title='bbox 978 3669 1203 3739; x_wconf 85' lang='lat' dir='ltr'><strong>angelus</strong></span> <span class='ocrx_word' id='word_1_515' title='bbox 1234 3687 1247 3722; x_wconf 90' lang='lat'><strong>:</strong></span> <span class='ocrx_word' id='word_1_516' title='bbox 1291 3668 1619 3741; x_wconf 91' lang='lat' dir='ltr'><strong>additurque</strong></span> <span class='ocrx_word' id='word_1_517' title='bbox 1649 3671 1882 3740; x_wconf 85' lang='lat' dir='ltr'><strong>amplior</strong></span> <span class='ocrx_word' id='word_1_518' title='bbox 1910 3686 2099 3726; x_wconf 91' lang='lat' dir='ltr'><strong>nume-</strong></span> 
     </span>
    </p>
   </div>
   <div class='ocr_carea' id='block_1_68' title="bbox 496 3760 2097 3831">
    <p class='ocr_par' dir='ltr' id='par_1_68' title="bbox 496 3760 2097 3831">
     <span class='ocr_line' id='line_1_68' title="bbox 496 3760 2097 3831; baseline -0.001 -12"><span class='ocrx_word' id='word_1_519' title='bbox 496 3778 614 3829; x_wconf 90' lang='lat' dir='ltr'><strong>rus,</strong></span> <span class='ocrx_word' id='word_1_520' title='bbox 635 3762 679 3817; x_wconf 90' lang='lat' dir='ltr'><strong>si</strong></span> <span class='ocrx_word' id='word_1_521' title='bbox 704 3762 1038 3831; x_wconf 86' lang='lat' dir='ltr'><strong>captivitatis</strong></span> <span class='ocrx_word' id='word_1_522' title='bbox 1059 3760 1343 3816; x_wconf 90' lang='lat' dir='ltr'><strong>exordium</strong></span> <span class='ocrx_word' id='word_1_523' title='bbox 1368 3762 1609 3816; x_wconf 86' lang='lat' dir='ltr'><strong>volueris</strong></span> <span class='ocrx_word' id='word_1_524' title='bbox 1632 3761 2097 3817; x_wconf 85' lang='lat' dir='ltr'><strong>hebdomadarum</strong></span> 
     </span>
    </p>
   </div>
   <div class='ocr_carea' id='block_1_69' title="bbox 500 3854 2101 3925">
    <p class='ocr_par' dir='ltr' id='par_1_69' title="bbox 500 3854 2101 3925">
     <span class='ocr_line' id='line_1_69' title="bbox 500 3854 2101 3925; baseline -0.001 -15"><span class='ocrx_word' id='word_1_525' title='bbox 500 3855 700 3910; x_wconf 88' lang='lat' dir='ltr'><strong>habere</strong></span> <span class='ocrx_word' id='word_1_526' title='bbox 730 3854 1075 3925; x_wconf 87' lang='lat' dir='ltr'><strong>principium.</strong></span> <span class='ocrx_word' id='word_1_527' title='bbox 1104 3854 1417 3909; x_wconf 88' lang='lat' dir='ltr'><strong>Permansit</strong></span> <span class='ocrx_word' id='word_1_528' title='bbox 1445 3855 1589 3909; x_wconf 90' lang='lat' dir='ltr'><strong>enim</strong></span> <span class='ocrx_word' id='word_1_529' title='bbox 1631 3869 1855 3925; x_wconf 89' lang='lat' dir='ltr'><strong>regnum</strong></span> <span class='ocrx_word' id='word_1_530' title='bbox 1905 3855 2101 3911; x_wconf 86' lang='lat' dir='ltr'><strong>Persa-</strong></span> 
     </span>
    </p>
   </div>
   <div class='ocr_carea' id='block_1_70' title="bbox 498 3945 2102 4018">
    <p class='ocr_par' dir='ltr' id='par_1_70' title="bbox 498 3945 2102 4018">
     <span class='ocr_line' id='line_1_70' title="bbox 498 3945 2102 4018; baseline 0 -16"><span class='ocrx_word' id='word_1_531' title='bbox 498 3962 645 4013; x_wconf 85' lang='lat' dir='ltr'><strong>rum,</strong></span> <span class='ocrx_word' id='word_1_532' title='bbox 678 3961 849 4018; x_wconf 89' lang='lat' dir='ltr'><strong>usque</strong></span> <span class='ocrx_word' id='word_1_533' title='bbox 881 3946 946 4001; x_wconf 86' lang='lat' dir='ltr'><strong>ad</strong></span> <span class='ocrx_word' id='word_1_534' title='bbox 985 3946 1195 4001; x_wconf 89' lang='lat' dir='ltr'><strong>initium</strong></span> <span class='ocrx_word' id='word_1_535' title='bbox 1228 3945 1627 4013; x_wconf 88' lang='lat' dir='ltr'><strong>Macedonum,</strong></span> <span class='ocrx_word' id='word_1_536' title='bbox 1664 3947 1823 4002; x_wconf 91' lang='lat' dir='ltr'><strong>anuis</strong></span> <span class='ocrx_word' id='word_1_537' title='bbox 1848 3946 2102 4003; x_wconf 88' lang='lat' dir='ltr'><strong>ducentis</strong></span> 
     </span>
    </p>
   </div>
   <div class='ocr_carea' id='block_1_71' title="bbox 503 4042 2105 4115">
    <p class='ocr_par' dir='ltr' id='par_1_71' title="bbox 503 4042 2105 4115">
     <span class='ocr_line' id='line_1_71' title="bbox 503 4042 2105 4115; baseline -0.001 -15"><span class='ocrx_word' id='word_1_538' title='bbox 503 4045 722 4114; x_wconf 90' lang='lat' dir='ltr'><strong>triginta</strong></span> <span class='ocrx_word' id='word_1_539' title='bbox 767 4062 779 4097; x_wconf 94' lang='lat'>:</span> <span class='ocrx_word' id='word_1_540' title='bbox 823 4055 876 4099; x_wconf 88' lang='lat' dir='ltr'><strong>et</strong></span> <span class='ocrx_word' id='word_1_541' title='bbox 907 4044 1013 4113; x_wconf 91' lang='lat' dir='ltr'><strong>ipsi</strong></span> <span class='ocrx_word' id='word_1_542' title='bbox 1046 4042 1370 4099; x_wconf 87' lang='lat' dir='ltr'><strong>Macedones</strong></span> <span class='ocrx_word' id='word_1_543' title='bbox 1402 4053 1770 4115; x_wconf 89' lang='lat' dir='ltr'><strong>regnaverunt</strong></span> <span class='ocrx_word' id='word_1_544' title='bbox 1805 4044 1964 4099; x_wconf 90' lang='lat' dir='ltr'><strong>annis</strong></span> <span class='ocrx_word' id='word_1_545' title='bbox 1996 4052 2105 4099; x_wconf 85' lang='lat' dir='ltr'><strong>tre-</strong></span> 
     </span>
    </p>
   </div>
   <div class='ocr_carea' id='block_1_72' title="bbox 500 4137 2103 4211">
    <p class='ocr_par' dir='ltr' id='par_1_72' title="bbox 500 4137 2103 4211">
     <span class='ocr_line' id='line_1_72' title="bbox 500 4137 2103 4211; baseline 0.001 -18"><span class='ocrx_word' id='word_1_546' title='bbox 500 4140 676 4193; x_wconf 90' lang='lat' dir='ltr'><strong>centis</strong></span> <span class='ocrx_word' id='word_1_547' title='bbox 704 4156 717 4192; x_wconf 89' lang='lat'>:</span> <span class='ocrx_word' id='word_1_548' title='bbox 750 4147 921 4209; x_wconf 89' lang='lat' dir='ltr'><strong>atque</strong></span> <span class='ocrx_word' id='word_1_549' title='bbox 947 4137 1150 4194; x_wconf 87' lang='lat' dir='ltr'><strong>exinde</strong></span> <span class='ocrx_word' id='word_1_550' title='bbox 1177 4153 1350 4209; x_wconf 89' lang='lat' dir='ltr'><strong>usque</strong></span> <span class='ocrx_word' id='word_1_551' title='bbox 1375 4138 1444 4193; x_wconf 91' lang='lat' dir='ltr'><strong>ad</strong></span> <span class='ocrx_word' id='word_1_552' title='bbox 1476 4154 1678 4193; x_wconf 89' lang='lat' dir='ltr'><strong>annum</strong></span> <span class='ocrx_word' id='word_1_553' title='bbox 1707 4139 2103 4211; x_wconf 76' lang='grc' dir='ltr'><strong>(ἐκκαιδεκατον)</strong></span> 
     </span>
    </p>
   </div>
   <div class='ocr_carea' id='block_1_73' title="bbox 499 4228 2107 4303">
    <p class='ocr_par' dir='ltr' id='par_1_73' title="bbox 499 4228 2107 4303">
     <span class='ocr_line' id='line_1_73' title="bbox 499 4228 2107 4303; baseline 0.002 -18"><span class='ocrx_word' id='word_1_554' title='bbox 499 4230 1022 4301; x_wconf 90' lang='lat' dir='ltr'><strong>quintumdecimum</strong></span> <span class='ocrx_word' id='word_1_555' title='bbox 1080 4229 1282 4285; x_wconf 85' lang='lat' dir='ltr'><strong>Tiberii</strong></span> <span class='ocrx_word' id='word_1_556' title='bbox 1335 4228 1601 4299; x_wconf 68' lang='lat' dir='ltr'><strong>Cresaris,</strong></span> <span class='ocrx_word' id='word_1_557' title='bbox 1650 4232 1869 4302; x_wconf 91' lang='lat' dir='ltr'><strong>quando</strong></span> <span class='ocrx_word' id='word_1_558' title='bbox 1916 4248 2107 4303; x_wconf 89' lang='lat' dir='ltr'><strong>passus</strong></span> 
     </span>
    </p>
   </div>
   <div class='ocr_carea' id='block_1_74' title="bbox 503 4323 2105 4396">
    <p class='ocr_par' dir='ltr' id='par_1_74' title="bbox 503 4323 2105 4396">
     <span class='ocr_line' id='line_1_74' title="bbox 503 4323 2105 4396; baseline 0.002 -17"><span class='ocrx_word' id='word_1_559' title='bbox 503 4333 586 4379; x_wconf 69' lang='grc' dir='ltr'><strong>εει</strong></span> <span class='ocrx_word' id='word_1_560' title='bbox 618 4323 866 4378; x_wconf 80' lang='lat' dir='ltr'><strong>Christus</strong></span> <span class='ocrx_word' id='word_1_561' title='bbox 887 4364 901 4389; x_wconf 96' lang='lat'><strong>,</strong></span> <span class='ocrx_word' id='word_1_562' title='bbox 935 4332 1295 4379; x_wconf 88' lang='lat' dir='ltr'><strong>numerantur</strong></span> <span class='ocrx_word' id='word_1_563' title='bbox 1323 4324 1453 4378; x_wconf 88' lang='lat' dir='ltr'><strong>anni</strong></span> <span class='ocrx_word' id='word_1_564' title='bbox 1482 4326 1790 4395; x_wconf 88' lang='lat' dir='ltr'><strong>sexaginta,</strong></span> <span class='ocrx_word' id='word_1_565' title='bbox 1825 4326 1917 4396; x_wconf 90' lang='lat' dir='ltr'><strong>qui</strong></span> <span class='ocrx_word' id='word_1_566' title='bbox 1944 4326 2105 4382; x_wconf 90' lang='lat' dir='ltr'><strong>simul</strong></span> 
     </span>
    </p>
   </div>
   <div class='ocr_carea' id='block_1_75' title="bbox 503 4416 2106 4493">
    <p class='ocr_par' dir='ltr' id='par_1_75' title="bbox 503 4416 2106 4493">
     <span class='ocr_line' id='line_1_75' title="bbox 503 4416 2106 4493; baseline 0.001 -22"><span class='ocrx_word' id='word_1_567' title='bbox 503 4416 713 4472; x_wconf 79' lang='lat' dir='ltr'><strong>faciunt</strong></span> <span class='ocrx_word' id='word_1_568' title='bbox 749 4431 923 4472; x_wconf 88' lang='lat' dir='ltr'><strong>annos</strong></span> <span class='ocrx_word' id='word_1_569' title='bbox 959 4417 1286 4487; x_wconf 91' lang='lat' dir='ltr'><strong>quingentos</strong></span> <span class='ocrx_word' id='word_1_570' title='bbox 1330 4419 1651 4490; x_wconf 87' lang='lat' dir='ltr'><strong>nonaginta,</strong></span> <span class='ocrx_word' id='word_1_571' title='bbox 1685 4418 1757 4475; x_wconf 87' lang='lat' dir='ltr'><strong>ita</strong></span> <span class='ocrx_word' id='word_1_572' title='bbox 1789 4429 1850 4475; x_wconf 91' lang='lat' dir='ltr'><strong>ut</strong></span> <span class='ocrx_word' id='word_1_573' title='bbox 1889 4429 2106 4493; x_wconf 86' lang='lat' dir='ltr'><strong>centum</strong></span> 
     </span>
    </p>
   </div>
   <div class='ocr_carea' id='block_1_76' title="bbox 505 4508 2107 4576">
    <p class='ocr_par' dir='ltr' id='par_1_76' title="bbox 505 4508 2107 4576">
     <span class='ocr_line' id='line_1_76' title="bbox 505 4508 2107 4576; baseline 0.001 -13"><span class='ocrx_word' id='word_1_574' title='bbox 505 4509 781 4576; x_wconf 87' lang='lat' dir='ltr'><strong>supersint</strong></span> <span class='ocrx_word' id='word_1_575' title='bbox 805 4508 950 4565; x_wconf 86' lang='lat' dir='ltr'><strong>anni.</strong></span> <span class='ocrx_word' id='word_1_576' title='bbox 998 4510 1041 4563; x_wconf 82' lang='lat' dir='ltr'><strong>A</strong></span> <span class='ocrx_word' id='word_1_577' title='bbox 1084 4509 1342 4565; x_wconf 89' lang='lat' dir='ltr'><strong>vicesimo</strong></span> <span class='ocrx_word' id='word_1_578' title='bbox 1378 4520 1561 4566; x_wconf 89' lang='lat' dir='ltr'><strong>autem</strong></span> <span class='ocrx_word' id='word_1_579' title='bbox 1609 4524 1752 4565; x_wconf 90' lang='lat' dir='ltr'><strong>anno</strong></span> <span class='ocrx_word' id='word_1_580' title='bbox 1792 4513 2107 4567; x_wconf 81' lang='lat' dir='ltr'><strong>Artaxerxis</strong></span> 
     </span>
    </p>
   </div>
   <div class='ocr_carea' id='block_1_77' title="bbox 2195 3293 3799 3365">
    <p class='ocr_par' dir='ltr' id='par_1_77' title="bbox 2195 3293 3799 3365">
     <span class='ocr_line' id='line_1_77' title="bbox 2195 3293 3799 3365; baseline -0.002 -14"><span class='ocrx_word' id='word_1_581' title='bbox 2195 3295 2448 3351; x_wconf 85' lang='lat' dir='ltr'><strong>nirestum</strong></span> <span class='ocrx_word' id='word_1_582' title='bbox 2472 3307 2579 3351; x_wconf 91' lang='lat' dir='ltr'><strong>est.</strong></span> <span class='ocrx_word' id='word_1_583' title='bbox 2601 3295 2731 3365; x_wconf 66' lang='lat' dir='ltr'><strong>Quae</strong></span> <span class='ocrx_word' id='word_1_584' title='bbox 2755 3295 3067 3351; x_wconf 86' lang='lat' dir='ltr'><strong>observatio</strong></span> <span class='ocrx_word' id='word_1_585' title='bbox 3088 3304 3301 3350; x_wconf 87' lang='lat' dir='ltr'><strong>cautam</strong></span> <span class='ocrx_word' id='word_1_586' title='bbox 3327 3302 3490 3364; x_wconf 90' lang='lat' dir='ltr'><strong>atque</strong></span> <span class='ocrx_word' id='word_1_587' title='bbox 3503 3293 3799 3348; x_wconf 84' lang='lat' dir='ltr'><strong>sollicitam</strong></span> 
     </span>
    </p>
   </div>
   <div class='ocr_carea' id='block_1_78' title="bbox 2194 3386 3805 3459">
    <p class='ocr_par' dir='ltr' id='par_1_78' title="bbox 2194 3386 3805 3459">
     <span class='ocr_line' id='line_1_78' title="bbox 2194 3386 3805 3459; baseline -0.001 -18"><span class='ocrx_word' id='word_1_588' title='bbox 2194 3388 2416 3443; x_wconf 91' lang='lat' dir='ltr'><strong>videtur</strong></span> <span class='ocrx_word' id='word_1_589' title='bbox 2455 3398 2714 3459; x_wconf 81' lang='lat' dir='ltr'><strong>expetere</strong></span> <span class='ocrx_word' id='word_1_590' title='bbox 2754 3388 3023 3443; x_wconf 91' lang='lat' dir='ltr'><strong>rationem</strong></span> <span class='ocrx_word' id='word_1_591' title='bbox 3046 3429 3059 3451; x_wconf 94' lang='lat'><strong>,</strong></span> <span class='ocrx_word' id='word_1_592' title='bbox 3096 3395 3153 3441; x_wconf 93' lang='lat' dir='ltr'><strong>ut</strong></span> <span class='ocrx_word' id='word_1_593' title='bbox 3192 3388 3370 3442; x_wconf 89' lang='lat' dir='ltr'><strong>lector</strong></span> <span class='ocrx_word' id='word_1_594' title='bbox 3399 3386 3688 3457; x_wconf 86' lang='lat' dir='ltr'><strong>diligenter</strong></span> <span class='ocrx_word' id='word_1_595' title='bbox 3715 3395 3805 3440; x_wconf 87' lang='lat' dir='ltr'><strong>at-</strong></span> 
     </span>
    </p>
   </div>
   <div class='ocr_carea' id='block_1_79' title="bbox 2198 3476 3797 3551">
    <p class='ocr_par' dir='ltr' id='par_1_79' title="bbox 2198 3476 3797 3551">
     <span class='ocr_line' id='line_1_79' title="bbox 2198 3476 3797 3551; baseline -0.002 -17"><span class='ocrx_word' id='word_1_596' title='bbox 2198 3479 2407 3547; x_wconf 91' lang='lat' dir='ltr'><strong>tendat,</strong></span> <span class='ocrx_word' id='word_1_597' title='bbox 2431 3490 2485 3535; x_wconf 91' lang='lat' dir='ltr'><strong>et</strong></span> <span class='ocrx_word' id='word_1_598' title='bbox 2514 3494 2735 3534; x_wconf 88' lang='lat' dir='ltr'><strong>causam</strong></span> <span class='ocrx_word' id='word_1_599' title='bbox 2759 3479 3047 3535; x_wconf 89' lang='lat' dir='ltr'><strong>divisionis</strong></span> <span class='ocrx_word' id='word_1_600' title='bbox 3073 3476 3182 3551; x_wconf 79' lang='lat' dir='ltr'><strong>[AL</strong></span> <span class='ocrx_word' id='word_1_601' title='bbox 3208 3478 3457 3533; x_wconf 88' lang='lat' dir='ltr'><strong>visionis.</strong></span> <span class='ocrx_word' id='word_1_602' title='bbox 3480 3478 3500 3550; x_wconf 91' lang='lat'><strong>]</strong></span> <span class='ocrx_word' id='word_1_603' title='bbox 3539 3477 3797 3548; x_wconf 89' lang='lat' dir='ltr'><strong>inquirat.</strong></span> 
     </span>
    </p>
   </div>
   <div class='ocr_carea' id='block_1_80' title="bbox 2199 3569 3801 3642">
    <p class='ocr_par' dir='ltr' id='par_1_80' title="bbox 2199 3569 3801 3642">
     <span class='ocr_line' id='line_1_80' title="bbox 2199 3569 3801 3642; baseline -0.002 -16"><span class='ocrx_word' id='word_1_604' title='bbox 2199 3570 2294 3626; x_wconf 91' lang='lat' dir='ltr'><strong>Sin</strong></span> <span class='ocrx_word' id='word_1_605' title='bbox 2336 3577 2519 3627; x_wconf 90' lang='lat' dir='ltr'><strong>autem</strong></span> <span class='ocrx_word' id='word_1_606' title='bbox 2561 3585 2789 3627; x_wconf 89' lang='lat' dir='ltr'><strong>necesse</strong></span> <span class='ocrx_word' id='word_1_607' title='bbox 2828 3579 2912 3627; x_wconf 90' lang='lat' dir='ltr'><strong>est</strong></span> <span class='ocrx_word' id='word_1_608' title='bbox 2950 3586 3050 3626; x_wconf 91' lang='lat' dir='ltr'><strong>nos</strong></span> <span class='ocrx_word' id='word_1_609' title='bbox 3099 3571 3284 3627; x_wconf 90' lang='lat' dir='ltr'><strong>dicere</strong></span> <span class='ocrx_word' id='word_1_610' title='bbox 3327 3570 3470 3642; x_wconf 90' lang='lat' dir='ltr'><strong>quod</strong></span> <span class='ocrx_word' id='word_1_611' title='bbox 3511 3569 3801 3637; x_wconf 90' lang='lat' dir='ltr'><strong>sentimus,</strong></span> 
     </span>
    </p>
   </div>
   <div class='ocr_carea' id='block_1_81' title="bbox 2194 3662 3805 3734">
    <p class='ocr_par' dir='ltr' id='par_1_81' title="bbox 2194 3662 3805 3734">
     <span class='ocr_line' id='line_1_81' title="bbox 2194 3662 3805 3734; baseline 0.001 -19"><span class='ocrx_word' id='word_1_612' title='bbox 2194 3662 2351 3733; x_wconf 89' lang='lat' dir='ltr'><strong>juxta</strong></span> <span class='ocrx_word' id='word_1_613' title='bbox 2383 3663 2543 3717; x_wconf 87' lang='lat' dir='ltr'><strong>aliam</strong></span> <span class='ocrx_word' id='word_1_614' title='bbox 2574 3663 2992 3733; x_wconf 87' lang='lat' dir='ltr'><strong>expositionem,</strong></span> <span class='ocrx_word' id='word_1_615' title='bbox 3018 3678 3139 3733; x_wconf 70' lang='lat' dir='ltr'><strong>qua:</strong></span> <span class='ocrx_word' id='word_1_616' title='bbox 3172 3665 3225 3717; x_wconf 90' lang='lat' dir='ltr'><strong>iu</strong></span> <span class='ocrx_word' id='word_1_617' title='bbox 3260 3663 3517 3734; x_wconf 71' lang='lat' dir='ltr'><strong>praesenti</strong></span> <span class='ocrx_word' id='word_1_618' title='bbox 3546 3673 3805 3718; x_wconf 89' lang='lat' dir='ltr'><strong>versatur</strong></span> 
     </span>
    </p>
   </div>
   <div class='ocr_carea' id='block_1_82' title="bbox 2199 3754 3803 3825">
    <p class='ocr_par' dir='ltr' id='par_1_82' title="bbox 2199 3754 3803 3825">
     <span class='ocr_line' id='line_1_82' title="bbox 2199 3754 3803 3825; baseline -0.001 -16"><span class='ocrx_word' id='word_1_619' title='bbox 2199 3754 2454 3823; x_wconf 90' lang='lat' dir='ltr'><strong>lectione,</strong></span> <span class='ocrx_word' id='word_1_620' title='bbox 2490 3756 2543 3809; x_wconf 91' lang='lat' dir='ltr'><strong>in</strong></span> <span class='ocrx_word' id='word_1_621' title='bbox 2576 3771 2642 3810; x_wconf 89' lang='lat' dir='ltr'><strong>eo</strong></span> <span class='ocrx_word' id='word_1_622' title='bbox 2673 3755 2815 3825; x_wconf 92' lang='lat' dir='ltr'><strong>quod</strong></span> <span class='ocrx_word' id='word_1_623' title='bbox 2850 3757 3091 3825; x_wconf 86' lang='lat' dir='ltr'><strong>Angelus</strong></span> <span class='ocrx_word' id='word_1_624' title='bbox 3122 3756 3200 3810; x_wconf 89' lang='lat' dir='ltr'><strong>ait</strong></span> <span class='ocrx_word' id='word_1_625' title='bbox 3229 3773 3242 3809; x_wconf 91' lang='lat'>:</span> <span class='ocrx_word' id='word_1_626' title='bbox 3271 3756 3346 3810; x_wconf 81' lang='lat' dir='ltr'><strong>Ab</strong></span> <span class='ocrx_word' id='word_1_627' title='bbox 3385 3757 3524 3810; x_wconf 77' lang='lat' dir='ltr'><strong>exitu</strong></span> <span class='ocrx_word' id='word_1_628' title='bbox 3554 3755 3803 3808; x_wconf 75' lang='lat' dir='ltr'><strong>sermonis</strong></span> 
     </span>
    </p>
   </div>
   <div class='ocr_carea' id='block_1_83' title="bbox 2202 3848 3807 3922">
    <p class='ocr_par' dir='ltr' id='par_1_83' title="bbox 2202 3848 3807 3922">
     <span class='ocr_line' id='line_1_83' title="bbox 2202 3848 3807 3922; baseline -0.002 -19"><span class='ocrx_word' id='word_1_629' title='bbox 2202 3859 2258 3903; x_wconf 86' lang='lat' dir='ltr'><strong>ut</strong></span> <span class='ocrx_word' id='word_1_630' title='bbox 2280 3849 2653 3921; x_wconf 78' lang='lat' dir='ltr'><strong>respondeatur</strong></span> <span class='ocrx_word' id='word_1_631' title='bbox 2673 3860 2719 3903; x_wconf 90' lang='lat' dir='ltr'><strong>et</strong></span> <span class='ocrx_word' id='word_1_632' title='bbox 2742 3849 3026 3918; x_wconf 75' lang='lat' dir='ltr'><strong>a&#39;diﬁcetur</strong></span> <span class='ocrx_word' id='word_1_633' title='bbox 3045 3848 3339 3904; x_wconf 79' lang='lat' dir='ltr'><strong>Jerusalem</strong></span> <span class='ocrx_word' id='word_1_634' title='bbox 3362 3867 3523 3922; x_wconf 85' lang='lat' dir='ltr'><strong>usque</strong></span> <span class='ocrx_word' id='word_1_635' title='bbox 3542 3849 3610 3902; x_wconf 88' lang='lat' dir='ltr'><strong>ad</strong></span> <span class='ocrx_word' id='word_1_636' title='bbox 3627 3848 3807 3903; x_wconf 77' lang='lat' dir='ltr'><strong>Chris-</strong></span> 
     </span>
    </p>
   </div>
   <div class='ocr_carea' id='block_1_84' title="bbox 2205 3942 3801 4013">
    <p class='ocr_par' dir='ltr' id='par_1_84' title="bbox 2205 3942 3801 4013">
     <span class='ocr_line' id='line_1_84' title="bbox 2205 3942 3801 4013; baseline -0.001 -17"><span class='ocrx_word' id='word_1_637' title='bbox 2205 3953 2312 3996; x_wconf 86' lang='lat' dir='ltr'><strong>tum</strong></span> <span class='ocrx_word' id='word_1_638' title='bbox 2350 3943 2565 4007; x_wconf 82' lang='lat' dir='ltr'><strong>ducem,</strong></span> <span class='ocrx_word' id='word_1_639' title='bbox 2596 3957 2703 3995; x_wconf 88' lang='lat' dir='ltr'><strong>non</strong></span> <span class='ocrx_word' id='word_1_640' title='bbox 2746 3942 2885 3997; x_wconf 92' lang='lat' dir='ltr'><strong>alios</strong></span> <span class='ocrx_word' id='word_1_641' title='bbox 2923 3943 3254 3998; x_wconf 88' lang='lat' dir='ltr'><strong>arbitramur</strong></span> <span class='ocrx_word' id='word_1_642' title='bbox 3295 3959 3457 4013; x_wconf 89' lang='lat' dir='ltr'><strong>quam</strong></span> <span class='ocrx_word' id='word_1_643' title='bbox 3506 3943 3801 4013; x_wconf 86' lang='lat' dir='ltr'><strong>principes,</strong></span> 
     </span>
    </p>
   </div>
   <div class='ocr_carea' id='block_1_85' title="bbox 2205 4033 3807 4104">
    <p class='ocr_par' dir='ltr' id='par_1_85' title="bbox 2205 4033 3807 4104">
     <span class='ocr_line' id='line_1_85' title="bbox 2205 4033 3807 4104; baseline 0.001 -18"><span class='ocrx_word' id='word_1_644' title='bbox 2205 4033 2296 4103; x_wconf 90' lang='lat' dir='ltr'><strong>qui</strong></span> <span class='ocrx_word' id='word_1_645' title='bbox 2332 4041 2451 4102; x_wconf 90' lang='lat' dir='ltr'><strong>post</strong></span> <span class='ocrx_word' id='word_1_646' title='bbox 2481 4033 2617 4087; x_wconf 87' lang='lat' dir='ltr'><strong>hanc</strong></span> <span class='ocrx_word' id='word_1_647' title='bbox 2642 4033 3010 4103; x_wconf 89' lang='lat' dir='ltr'><strong>prophetiam,</strong></span> <span class='ocrx_word' id='word_1_648' title='bbox 3038 4045 3093 4089; x_wconf 94' lang='lat' dir='ltr'><strong>et</strong></span> <span class='ocrx_word' id='word_1_649' title='bbox 3125 4036 3499 4090; x_wconf 88' lang='lat' dir='ltr'><strong>reversionem</strong></span> <span class='ocrx_word' id='word_1_650' title='bbox 3532 4034 3598 4089; x_wconf 88' lang='lat' dir='ltr'><strong>de</strong></span> <span class='ocrx_word' id='word_1_651' title='bbox 3630 4034 3807 4104; x_wconf 81' lang='lat' dir='ltr'><strong>Baby-</strong></span> 
     </span>
    </p>
   </div>
   <div class='ocr_carea' id='block_1_86' title="bbox 2207 4124 3802 4206">
    <p class='ocr_par' dir='ltr' id='par_1_86' title="bbox 2207 4124 3802 4206">
     <span class='ocr_line' id='line_1_86' title="bbox 2207 4124 3802 4206; baseline 0.001 -25"><span class='ocrx_word' id='word_1_652' title='bbox 2207 4126 2334 4181; x_wconf 90' lang='lat' dir='ltr'><strong>lone</strong></span> <span class='ocrx_word' id='word_1_653' title='bbox 2363 4124 2588 4179; x_wconf 89' lang='lat' dir='ltr'><strong>Judaico</strong></span> <span class='ocrx_word' id='word_1_654' title='bbox 2618 4126 2819 4196; x_wconf 89' lang='lat' dir='ltr'><strong>popqu</strong></span> <span class='ocrx_word' id='word_1_655' title='bbox 2866 4125 3208 4194; x_wconf 57' lang='lat' dir='ltr'><strong>praefuerunt</strong></span> <span class='ocrx_word' id='word_1_656' title='bbox 3228 4169 3241 4193; x_wconf 90' lang='lat'><strong>,</strong></span> <span class='ocrx_word' id='word_1_657' title='bbox 3277 4128 3381 4183; x_wconf 88' lang='lat' dir='ltr'><strong>hoc</strong></span> <span class='ocrx_word' id='word_1_658' title='bbox 3400 4138 3484 4181; x_wconf 90' lang='lat' dir='ltr'><strong>est</strong></span> <span class='ocrx_word' id='word_1_659' title='bbox 3506 4129 3802 4206; x_wconf 76' lang='grc' dir='ltr'><strong>ἀρχιερεῖς,</strong></span> 
     </span>
    </p>
   </div>
   <div class='ocr_carea' id='block_1_87' title="bbox 2207 4218 3803 4291">
    <p class='ocr_par' dir='ltr' id='par_1_87' title="bbox 2207 4218 3803 4291">
     <span class='ocr_line' id='line_1_87' title="bbox 2207 4218 3803 4291; baseline -0.001 -17"><span class='ocrx_word' id='word_1_660' title='bbox 2207 4228 2263 4274; x_wconf 89' lang='lat' dir='ltr'><strong>et</strong></span> <span class='ocrx_word' id='word_1_661' title='bbox 2287 4218 2578 4274; x_wconf 90' lang='lat' dir='ltr'><strong>Pontitices</strong></span> <span class='ocrx_word' id='word_1_662' title='bbox 2608 4233 2747 4288; x_wconf 91' lang='lat' dir='ltr'><strong>quos</strong></span> <span class='ocrx_word' id='word_1_663' title='bbox 2775 4218 3039 4285; x_wconf 82' lang='lat' dir='ltr'><strong>Christos,</strong></span> <span class='ocrx_word' id='word_1_664' title='bbox 3078 4222 3145 4275; x_wconf 92' lang='lat' dir='ltr'><strong>ab</strong></span> <span class='ocrx_word' id='word_1_665' title='bbox 3176 4236 3243 4276; x_wconf 91' lang='lat' dir='ltr'><strong>eo</strong></span> <span class='ocrx_word' id='word_1_666' title='bbox 3278 4222 3421 4291; x_wconf 91' lang='lat' dir='ltr'><strong>quod</strong></span> <span class='ocrx_word' id='word_1_667' title='bbox 3454 4223 3601 4275; x_wconf 91' lang='lat' dir='ltr'><strong>uncti</strong></span> <span class='ocrx_word' id='word_1_668' title='bbox 3633 4228 3761 4274; x_wconf 90' lang='lat' dir='ltr'><strong>sunt</strong></span> <span class='ocrx_word' id='word_1_669' title='bbox 3787 4261 3803 4285; x_wconf 93' lang='lat'><strong>,</strong></span> 
     </span>
    </p>
   </div>
   <div class='ocr_carea' id='block_1_88' title="bbox 2207 4311 3807 4385">
    <p class='ocr_par' dir='ltr' id='par_1_88' title="bbox 2207 4311 3807 4385">
     <span class='ocr_line' id='line_1_88' title="bbox 2207 4311 3807 4385; baseline -0.001 -17"><span class='ocrx_word' id='word_1_670' title='bbox 2207 4311 2490 4381; x_wconf 89' lang='lat' dir='ltr'><strong>Scriptura</strong></span> <span class='ocrx_word' id='word_1_671' title='bbox 2522 4313 2870 4381; x_wconf 91' lang='lat' dir='ltr'><strong>cognominat</strong></span> <span class='ocrx_word' id='word_1_672' title='bbox 2904 4329 2917 4367; x_wconf 91' lang='lat'>:</span> <span class='ocrx_word' id='word_1_673' title='bbox 2953 4328 3179 4384; x_wconf 91' lang='lat' dir='ltr'><strong>quorum</strong></span> <span class='ocrx_word' id='word_1_674' title='bbox 3223 4313 3478 4385; x_wconf 90' lang='lat' dir='ltr'><strong>princeps</strong></span> <span class='ocrx_word' id='word_1_675' title='bbox 3516 4312 3615 4366; x_wconf 79' lang='lat' dir='ltr'><strong>fuit</strong></span> <span class='ocrx_word' id='word_1_676' title='bbox 3642 4311 3807 4367; x_wconf 92' lang='lat' dir='ltr'><strong>Jesus</strong></span> 
     </span>
    </p>
   </div>
   <div class='ocr_carea' id='block_1_89' title="bbox 2212 4404 3811 4479">
    <p class='ocr_par' dir='ltr' id='par_1_89' title="bbox 2212 4404 3811 4479">
     <span class='ocr_line' id='line_1_89' title="bbox 2212 4404 3811 4479; baseline 0.002 -21"><span class='ocrx_word' id='word_1_677' title='bbox 2212 4404 2354 4459; x_wconf 78' lang='lat' dir='ltr'><strong>illius</strong></span> <span class='ocrx_word' id='word_1_678' title='bbox 2383 4404 2639 4473; x_wconf 90' lang='lat' dir='ltr'><strong>Josedec,</strong></span> <span class='ocrx_word' id='word_1_679' title='bbox 2671 4406 2942 4461; x_wconf 88' lang='lat' dir='ltr'><strong>Sacerdos</strong></span> <span class='ocrx_word' id='word_1_680' title='bbox 2978 4423 3203 4478; x_wconf 91' lang='lat' dir='ltr'><strong>magnus</strong></span> <span class='ocrx_word' id='word_1_681' title='bbox 3234 4427 3247 4462; x_wconf 93' lang='lat'>:</span> <span class='ocrx_word' id='word_1_682' title='bbox 3275 4417 3331 4463; x_wconf 91' lang='lat' dir='ltr'><strong>et</strong></span> <span class='ocrx_word' id='word_1_683' title='bbox 3359 4407 3448 4479; x_wconf 90' lang='lat' dir='ltr'><strong>qui</strong></span> <span class='ocrx_word' id='word_1_684' title='bbox 3477 4407 3697 4461; x_wconf 80' lang='lat' dir='ltr'><strong>fuerunt</strong></span> <span class='ocrx_word' id='word_1_685' title='bbox 3718 4421 3811 4461; x_wconf 82' lang='lat' dir='ltr'><strong>us-</strong></span> 
     </span>
    </p>
   </div>
   <div class='ocr_carea' id='block_1_90' title="bbox 2212 4500 3812 4571">
    <p class='ocr_par' dir='ltr' id='par_1_90' title="bbox 2212 4500 3812 4571">
     <span class='ocr_line' id='line_1_90' title="bbox 2212 4500 3812 4571; baseline -0.001 -17"><span class='ocrx_word' id='word_1_686' title='bbox 2212 4515 2318 4569; x_wconf 91' lang='lat' dir='ltr'><strong>que</strong></span> <span class='ocrx_word' id='word_1_687' title='bbox 2343 4500 2410 4554; x_wconf 89' lang='lat' dir='ltr'><strong>ad</strong></span> <span class='ocrx_word' id='word_1_688' title='bbox 2440 4500 2736 4555; x_wconf 88' lang='lat' dir='ltr'><strong>adventum</strong></span> <span class='ocrx_word' id='word_1_689' title='bbox 2780 4500 2999 4556; x_wconf 91' lang='lat' dir='ltr'><strong>Domini</strong></span> <span class='ocrx_word' id='word_1_690' title='bbox 3038 4501 3360 4557; x_wconf 88' lang='lat' dir='ltr'><strong>Salvatoris.</strong></span> <span class='ocrx_word' id='word_1_691' title='bbox 3392 4500 3610 4571; x_wconf 83' lang='lat' dir='ltr'><strong>ﬂosque</strong></span> <span class='ocrx_word' id='word_1_692' title='bbox 3641 4500 3812 4570; x_wconf 90' lang='lat' dir='ltr'><strong>signi-</strong></span> 
     </span>
    </p>
   </div>
   <div class='ocr_carea' id='block_1_91' title="bbox 426 4567 2091 4675">
    <p class='ocr_par' dir='ltr' id='par_1_91' title="bbox 426 4567 2091 4675">
     <span class='ocr_line' id='line_1_91' title="bbox 426 4567 2091 4675; baseline 0.003 -20"><span class='ocrx_word' id='word_1_693' title='bbox 426 4596 441 4609; x_wconf 77' lang='lat'><strong><em>&#39;</em></strong></span> <span class='ocrx_word' id='word_1_694' title='bbox 505 4567 651 4671; x_wconf 77' lang='lat' dir='ltr'><strong>regis</strong></span> <span class='ocrx_word' id='word_1_695' title='bbox 674 4607 844 4672; x_wconf 86' lang='lat' dir='ltr'><strong>usque</strong></span> <span class='ocrx_word' id='word_1_696' title='bbox 888 4603 956 4658; x_wconf 90' lang='lat' dir='ltr'><strong>ad</strong></span> <span class='ocrx_word' id='word_1_697' title='bbox 1000 4601 1310 4672; x_wconf 83' lang='lat' dir='ltr'><strong>Christum,</strong></span> <span class='ocrx_word' id='word_1_698' title='bbox 1359 4606 1705 4675; x_wconf 84' lang='lat' dir='ltr'><strong>complentur</strong></span> <span class='ocrx_word' id='word_1_699' title='bbox 1750 4605 2091 4661; x_wconf 64' lang='lat' dir='ltr'><strong>hebdomadas</strong></span> 
     </span>
    </p>
   </div>
   <div class='ocr_carea' id='block_1_92' title="bbox 2195 4567 3814 4675">
    <p class='ocr_par' dir='ltr' id='par_1_92' title="bbox 2211 4567 3814 4661">
     <span class='ocr_line' id='line_1_92' title="bbox 2211 4567 3814 4661; baseline 0 -16"><span class='ocrx_word' id='word_1_700' title='bbox 2211 4567 2338 4645; x_wconf 78' lang='lat' dir='ltr'><strong>ticat</strong></span> <span class='ocrx_word' id='word_1_701' title='bbox 2376 4591 2689 4646; x_wconf 88' lang='lat' dir='ltr'><strong>vaticinium</strong></span> <span class='ocrx_word' id='word_1_702' title='bbox 2739 4590 3082 4661; x_wconf 85' lang='lat' dir='ltr'><strong>prophetale,</strong></span> <span class='ocrx_word' id='word_1_703' title='bbox 3125 4592 3313 4647; x_wconf 87' lang='lat' dir='ltr'><strong>dicens</strong></span> <span class='ocrx_word' id='word_1_704' title='bbox 3349 4610 3362 4646; x_wconf 87' lang='lat'><strong>:</strong></span> <span class='ocrx_word' id='word_1_705' title='bbox 3396 4593 3471 4646; x_wconf 87' lang='lat' dir='ltr'><strong>Ab</strong></span> <span class='ocrx_word' id='word_1_706' title='bbox 3521 4567 3660 4648; x_wconf 78' lang='lat' dir='ltr'><strong>exitu</strong></span> <span class='ocrx_word' id='word_1_707' title='bbox 3696 4567 3814 4645; x_wconf 72' lang='lat' dir='ltr'><strong>ser-</strong></span> 
     </span>
    </p>
   </div>
   <div class='ocr_carea' id='block_1_93' title="bbox 506 4695 2111 4771">
    <p class='ocr_par' dir='ltr' id='par_1_93' title="bbox 506 4695 2111 4771">
     <span class='ocr_line' id='line_1_93' title="bbox 506 4695 2111 4771; baseline 0.004 -23"><span class='ocrx_word' id='word_1_708' title='bbox 506 4695 867 4765; x_wconf 85' lang='lat' dir='ltr'><strong>septuaginta,</strong></span> <span class='ocrx_word' id='word_1_709' title='bbox 898 4697 1051 4765; x_wconf 88' lang='lat' dir='ltr'><strong>juxta</strong></span> <span class='ocrx_word' id='word_1_710' title='bbox 1088 4698 1338 4754; x_wconf 90' lang='lat' dir='ltr'><strong>lunarem</strong></span> <span class='ocrx_word' id='word_1_711' title='bbox 1385 4698 1735 4755; x_wconf 75' lang='lat' dir='ltr'><strong>Hebraeorum</strong></span> <span class='ocrx_word' id='word_1_712' title='bbox 1772 4701 2111 4771; x_wconf 85' lang='lat' dir='ltr'><strong>supputatio-</strong></span> 
     </span>
    </p>
   </div>
   <div class='ocr_carea' id='block_1_94' title="bbox 509 4790 2111 4863">
    <p class='ocr_par' dir='ltr' id='par_1_94' title="bbox 509 4790 2111 4863">
     <span class='ocr_line' id='line_1_94' title="bbox 509 4790 2111 4863; baseline 0.003 -20"><span class='ocrx_word' id='word_1_713' title='bbox 509 4803 656 4855; x_wconf 90' lang='lat' dir='ltr'><strong>nem,</strong></span> <span class='ocrx_word' id='word_1_714' title='bbox 680 4790 770 4859; x_wconf 90' lang='lat' dir='ltr'><strong>qui</strong></span> <span class='ocrx_word' id='word_1_715' title='bbox 793 4805 1010 4847; x_wconf 80' lang='lat' dir='ltr'><strong>menses</strong></span> <span class='ocrx_word' id='word_1_716' title='bbox 1042 4808 1146 4847; x_wconf 91' lang='lat' dir='ltr'><strong>non</strong></span> <span class='ocrx_word' id='word_1_717' title='bbox 1166 4792 1316 4862; x_wconf 81' lang='lat' dir='ltr'><strong>juxta</strong></span> <span class='ocrx_word' id='word_1_718' title='bbox 1342 4792 1492 4860; x_wconf 85' lang='lat' dir='ltr'><strong>solis,</strong></span> <span class='ocrx_word' id='word_1_719' title='bbox 1525 4792 1622 4849; x_wconf 88' lang='lat' dir='ltr'><strong>sed</strong></span> <span class='ocrx_word' id='word_1_720' title='bbox 1641 4793 1793 4863; x_wconf 89' lang='lat' dir='ltr'><strong>juxta</strong></span> <span class='ocrx_word' id='word_1_721' title='bbox 1826 4794 1964 4848; x_wconf 89' lang='lat' dir='ltr'><strong>lunae</strong></span> <span class='ocrx_word' id='word_1_722' title='bbox 1986 4808 2111 4848; x_wconf 87' lang='lat' dir='ltr'><strong>cur-</strong></span> 
     </span>
    </p>
   </div>
   <div class='ocr_carea' id='block_1_95' title="bbox 509 4884 2111 4956">
    <p class='ocr_par' dir='ltr' id='par_1_95' title="bbox 509 4884 2111 4956">
     <span class='ocr_line' id='line_1_95' title="bbox 509 4884 2111 4956; baseline 0.001 -17"><span class='ocrx_word' id='word_1_723' title='bbox 509 4898 628 4939; x_wconf 87' lang='lat' dir='ltr'><strong>sum</strong></span> <span class='ocrx_word' id='word_1_724' title='bbox 670 4894 973 4940; x_wconf 89' lang='lat' dir='ltr'><strong>numerant.</strong></span> <span class='ocrx_word' id='word_1_725' title='bbox 1013 4884 1147 4940; x_wconf 87' lang='lat' dir='ltr'><strong>Nam</strong></span> <span class='ocrx_word' id='word_1_726' title='bbox 1196 4900 1226 4939; x_wconf 86' lang='lat' dir='ltr'><strong>a</strong></span> <span class='ocrx_word' id='word_1_727' title='bbox 1272 4886 1572 4941; x_wconf 89' lang='lat' dir='ltr'><strong>centesimo</strong></span> <span class='ocrx_word' id='word_1_728' title='bbox 1617 4894 1671 4941; x_wconf 92' lang='lat' dir='ltr'><strong>et</strong></span> <span class='ocrx_word' id='word_1_729' title='bbox 1707 4885 2111 4956; x_wconf 88' lang='lat' dir='ltr'><strong>quintodecimo</strong></span> 
     </span>
    </p>
   </div>
   <div class='ocr_carea' id='block_1_96' title="bbox 513 4977 2114 5050">
    <p class='ocr_par' dir='ltr' id='par_1_96' title="bbox 513 4977 2114 5050">
     <span class='ocr_line' id='line_1_96' title="bbox 513 4977 2114 5050; baseline 0.001 -19"><span class='ocrx_word' id='word_1_730' title='bbox 513 4992 657 5032; x_wconf 89' lang='lat' dir='ltr'><strong>anno</strong></span> <span class='ocrx_word' id='word_1_731' title='bbox 685 4979 836 5049; x_wconf 88' lang='lat' dir='ltr'><strong>regni</strong></span> <span class='ocrx_word' id='word_1_732' title='bbox 865 4978 1156 5036; x_wconf 87' lang='lat' dir='ltr'><strong>Persarum</strong></span> <span class='ocrx_word' id='word_1_733' title='bbox 1175 5023 1188 5047; x_wconf 95' lang='lat'><strong>,</strong></span> <span class='ocrx_word' id='word_1_734' title='bbox 1224 4980 1444 5050; x_wconf 87' lang='lat' dir='ltr'><strong>quando</strong></span> <span class='ocrx_word' id='word_1_735' title='bbox 1472 4977 1807 5035; x_wconf 83' lang='lat' dir='ltr'><strong>Artaxerxes</strong></span> <span class='ocrx_word' id='word_1_736' title='bbox 1838 4994 1931 5034; x_wconf 87' lang='lat' dir='ltr'><strong>rex</strong></span> <span class='ocrx_word' id='word_1_737' title='bbox 1968 4980 2114 5049; x_wconf 84' lang='lat' dir='ltr'><strong>ejus-</strong></span> 
     </span>
    </p>
   </div>
   <div class='ocr_carea' id='block_1_97' title="bbox 512 5069 2110 5143">
    <p class='ocr_par' dir='ltr' id='par_1_97' title="bbox 512 5069 2110 5143">
     <span class='ocr_line' id='line_1_97' title="bbox 512 5069 2110 5143; baseline 0.001 -18"><span class='ocrx_word' id='word_1_738' title='bbox 512 5069 637 5127; x_wconf 88' lang='lat' dir='ltr'><strong>dem</strong></span> <span class='ocrx_word' id='word_1_739' title='bbox 668 5071 907 5141; x_wconf 88' lang='lat' dir='ltr'><strong>imperii,</strong></span> <span class='ocrx_word' id='word_1_740' title='bbox 927 5072 1244 5127; x_wconf 91' lang='lat' dir='ltr'><strong>vicesimum</strong></span> <span class='ocrx_word' id='word_1_741' title='bbox 1275 5072 1424 5143; x_wconf 88' lang='lat' dir='ltr'><strong>regni</strong></span> <span class='ocrx_word' id='word_1_742' title='bbox 1448 5073 1530 5127; x_wconf 91' lang='lat' dir='ltr'><strong>sui</strong></span> <span class='ocrx_word' id='word_1_743' title='bbox 1556 5072 2027 5137; x_wconf 88' lang='lat' dir='ltr'><strong>habebatannum,</strong></span> <span class='ocrx_word' id='word_1_744' title='bbox 2052 5082 2110 5127; x_wconf 89' lang='lat' dir='ltr'><strong>et</strong></span> 
     </span>
    </p>
   </div>
   <div class='ocr_carea' id='block_1_98' title="bbox 510 5164 2106 5238">
    <p class='ocr_par' dir='ltr' id='par_1_98' title="bbox 510 5164 2106 5238">
     <span class='ocr_line' id='line_1_98' title="bbox 510 5164 2106 5238; baseline -0.001 -19"><span class='ocrx_word' id='word_1_745' title='bbox 510 5173 629 5219; x_wconf 86' lang='lat' dir='ltr'><strong>erat</strong></span> <span class='ocrx_word' id='word_1_746' title='bbox 659 5164 1007 5235; x_wconf 74' lang='lat' dir='ltr'><strong>octogesima:</strong></span> <span class='ocrx_word' id='word_1_747' title='bbox 1030 5173 1088 5219; x_wconf 91' lang='lat' dir='ltr'><strong>et</strong></span> <span class='ocrx_word' id='word_1_748' title='bbox 1107 5165 1281 5220; x_wconf 76' lang='lat' dir='ltr'><strong>tertizr.</strong></span> <span class='ocrx_word' id='word_1_749' title='bbox 1302 5165 1639 5237; x_wconf 86' lang='lat' dir='ltr'><strong>Olympiadis</strong></span> <span class='ocrx_word' id='word_1_750' title='bbox 1662 5182 1836 5222; x_wconf 88' lang='lat' dir='ltr'><strong>annus</strong></span> <span class='ocrx_word' id='word_1_751' title='bbox 1857 5176 2106 5238; x_wconf 69' lang='lat' dir='ltr'><strong>quartus,</strong></span> 
     </span>
    </p>
   </div>
   <div class='ocr_carea' id='block_1_99' title="bbox 518 5256 2109 5330">
    <p class='ocr_par' dir='ltr' id='par_1_99' title="bbox 518 5256 2109 5330">
     <span class='ocr_line' id='line_1_99' title="bbox 518 5256 2109 5330; baseline 0.001 -20"><span class='ocrx_word' id='word_1_752' title='bbox 518 5271 688 5327; x_wconf 90' lang='lat' dir='ltr'><strong>usque</strong></span> <span class='ocrx_word' id='word_1_753' title='bbox 717 5256 783 5310; x_wconf 90' lang='lat' dir='ltr'><strong>ad</strong></span> <span class='ocrx_word' id='word_1_754' title='bbox 813 5256 1241 5312; x_wconf 88' lang='lat' dir='ltr'><strong>ducentesimam</strong></span> <span class='ocrx_word' id='word_1_755' title='bbox 1271 5256 1378 5329; x_wconf 79' lang='grc' dir='ltr'><strong>[ΑΙ.</strong></span> <span class='ocrx_word' id='word_1_756' title='bbox 1412 5257 1786 5330; x_wconf 88' lang='lat' dir='ltr'><strong>centesimam]</strong></span> <span class='ocrx_word' id='word_1_757' title='bbox 1818 5257 2109 5313; x_wconf 84' lang='lat' dir='ltr'><strong>secundam</strong></span> 
     </span>
    </p>
   </div>
   <div class='ocr_carea' id='block_1_100' title="bbox 515 5349 2112 5426">
    <p class='ocr_par' dir='ltr' id='par_1_100' title="bbox 515 5349 2112 5426">
     <span class='ocr_line' id='line_1_100' title="bbox 515 5349 2112 5426; baseline -0.003 -19"><span class='ocrx_word' id='word_1_758' title='bbox 515 5351 925 5426; x_wconf 86' lang='lat' dir='ltr'><strong>Olympiadem,</strong></span> <span class='ocrx_word' id='word_1_759' title='bbox 956 5360 1014 5407; x_wconf 91' lang='lat' dir='ltr'><strong>et</strong></span> <span class='ocrx_word' id='word_1_760' title='bbox 1048 5350 1343 5408; x_wconf 89' lang='lat' dir='ltr'><strong>secundum</strong></span> <span class='ocrx_word' id='word_1_761' title='bbox 1376 5351 1620 5421; x_wconf 87' lang='lat' dir='ltr'><strong>ejusdem</strong></span> <span class='ocrx_word' id='word_1_762' title='bbox 1657 5349 1989 5423; x_wconf 82' lang='lat' dir='ltr'><strong>Olympiadis</strong></span> <span class='ocrx_word' id='word_1_763' title='bbox 2016 5364 2112 5403; x_wconf 89' lang='lat' dir='ltr'><strong>an-</strong></span> 
     </span>
    </p>
   </div>
   <div class='ocr_carea' id='block_1_101' title="bbox 517 5444 2107 5517">
    <p class='ocr_par' dir='ltr' id='par_1_101' title="bbox 517 5444 2107 5517">
     <span class='ocr_line' id='line_1_101' title="bbox 517 5444 2107 5517; baseline -0.002 -18"><span class='ocrx_word' id='word_1_764' title='bbox 517 5459 645 5499; x_wconf 90' lang='lat' dir='ltr'><strong>num</strong></span> <span class='ocrx_word' id='word_1_765' title='bbox 667 5486 681 5506; x_wconf 88' lang='lat'><strong>.</strong></span> <span class='ocrx_word' id='word_1_766' title='bbox 713 5444 1030 5515; x_wconf 89' lang='lat' dir='ltr'><strong>Tiberiique</strong></span> <span class='ocrx_word' id='word_1_767' title='bbox 1060 5444 1294 5499; x_wconf 64' lang='lat' dir='ltr'><strong>Ctesaris</strong></span> <span class='ocrx_word' id='word_1_768' title='bbox 1323 5461 1526 5501; x_wconf 86' lang='lat' dir='ltr'><strong>annum</strong></span> <span class='ocrx_word' id='word_1_769' title='bbox 1554 5444 2107 5517; x_wconf 88' lang='lat' dir='ltr'><strong>quintumdecimum,</strong></span> 
     </span>
    </p>
   </div>
   <div class='ocr_carea' id='block_1_102' title="bbox 514 5535 2113 5610">
    <p class='ocr_par' dir='ltr' id='par_1_102' title="bbox 514 5535 2113 5610">
     <span class='ocr_line' id='line_1_102' title="bbox 514 5535 2113 5610; baseline -0.001 -19"><span class='ocrx_word' id='word_1_770' title='bbox 514 5538 849 5609; x_wconf 89' lang='lat' dir='ltr'><strong>colliguntur</strong></span> <span class='ocrx_word' id='word_1_771' title='bbox 874 5537 1003 5593; x_wconf 89' lang='lat' dir='ltr'><strong>anni</strong></span> <span class='ocrx_word' id='word_1_772' title='bbox 1039 5536 1420 5610; x_wconf 87' lang='lat' dir='ltr'><strong>quadringenti</strong></span> <span class='ocrx_word' id='word_1_773' title='bbox 1463 5540 1805 5609; x_wconf 89' lang='lat' dir='ltr'><strong>septuaginta</strong></span> <span class='ocrx_word' id='word_1_774' title='bbox 1836 5535 2113 5606; x_wconf 91' lang='lat' dir='ltr'><strong>quinque,</strong></span> 
     </span>
    </p>
   </div>
   <div class='ocr_carea' id='block_1_103' title="bbox 515 5633 2112 5707">
    <p class='ocr_par' dir='ltr' id='par_1_103' title="bbox 515 5633 2112 5707">
     <span class='ocr_line' id='line_1_103' title="bbox 515 5633 2112 5707; baseline -0.003 -17"><span class='ocrx_word' id='word_1_775' title='bbox 515 5637 607 5707; x_wconf 91' lang='lat' dir='ltr'><strong>qui</strong></span> <span class='ocrx_word' id='word_1_776' title='bbox 659 5634 865 5691; x_wconf 86' lang='lat' dir='ltr'><strong>faciunt</strong></span> <span class='ocrx_word' id='word_1_777' title='bbox 906 5650 1079 5692; x_wconf 91' lang='lat' dir='ltr'><strong>annos</strong></span> <span class='ocrx_word' id='word_1_778' title='bbox 1122 5634 1419 5691; x_wconf 82' lang='lat' dir='ltr'><strong>Hebraicos</strong></span> <span class='ocrx_word' id='word_1_779' title='bbox 1466 5633 1895 5705; x_wconf 87' lang='lat' dir='ltr'><strong>quadringentos</strong></span> <span class='ocrx_word' id='word_1_780' title='bbox 1939 5644 2112 5686; x_wconf 90' lang='lat' dir='ltr'><strong>nona-</strong></span> 
     </span>
    </p>
   </div>
   <div class='ocr_carea' id='block_1_104' title="bbox 512 5732 2117 5807">
    <p class='ocr_par' dir='ltr' id='par_1_104' title="bbox 512 5732 2117 5807">
     <span class='ocr_line' id='line_1_104' title="bbox 512 5732 2117 5807; baseline 0.002 -21"><span class='ocrx_word' id='word_1_781' title='bbox 512 5733 684 5805; x_wconf 84' lang='lat' dir='ltr'><strong>ginta,</strong></span> <span class='ocrx_word' id='word_1_782' title='bbox 707 5733 861 5803; x_wconf 91' lang='lat' dir='ltr'><strong>juxta</strong></span> <span class='ocrx_word' id='word_1_783' title='bbox 887 5733 1105 5791; x_wconf 90' lang='lat' dir='ltr'><strong>lunares</strong></span> <span class='ocrx_word' id='word_1_784' title='bbox 1130 5733 1212 5807; x_wconf 91' lang='lat' dir='ltr'><strong>(ut</strong></span> <span class='ocrx_word' id='word_1_785' title='bbox 1237 5733 1502 5806; x_wconf 87' lang='lat' dir='ltr'><strong>diximus)</strong></span> <span class='ocrx_word' id='word_1_786' title='bbox 1532 5748 1768 5790; x_wconf 87' lang='lat' dir='ltr'><strong>menses.</strong></span> <span class='ocrx_word' id='word_1_787' title='bbox 1800 5732 1901 5802; x_wconf 87' lang='lat' dir='ltr'><strong>Qui</strong></span> <span class='ocrx_word' id='word_1_788' title='bbox 1922 5746 2117 5790; x_wconf 89' lang='lat' dir='ltr'><strong>secun-</strong></span> 
     </span>
    </p>
   </div>
   <div class='ocr_carea' id='block_1_105' title="bbox 588 5846 1976 5916">
    <p class='ocr_par' dir='ltr' id='par_1_105' title="bbox 588 5846 1976 5916">
     <span class='ocr_line' id='line_1_105' title="bbox 588 5846 1976 5916; baseline -0.003 -13"><span class='ocrx_word' id='word_1_789' title='bbox 588 5858 612 5885; x_wconf 77' lang='grc'>⁸</span> <span class='ocrx_word' id='word_1_790' title='bbox 632 5849 746 5903; x_wconf 89' lang='lat' dir='ltr'><strong>Duo</strong></span> <span class='ocrx_word' id='word_1_791' title='bbox 772 5862 903 5902; x_wconf 84' lang='lat' dir='ltr'><strong>mss.</strong></span> <span class='ocrx_word' id='word_1_792' title='bbox 941 5850 1003 5901; x_wconf 86' lang='lat' dir='ltr'><strong>ab</strong></span> <span class='ocrx_word' id='word_1_793' title='bbox 1030 5846 1124 5901; x_wconf 82' lang='lat' dir='ltr'><strong>illo</strong></span> <span class='ocrx_word' id='word_1_794' title='bbox 1153 5856 1382 5916; x_wconf 81' lang='lat' dir='ltr'><strong>tempore</strong></span> <span class='ocrx_word' id='word_1_795' title='bbox 1408 5849 1729 5901; x_wconf 81' lang='lat' dir='ltr'><strong>uoluerimus</strong></span> <span class='ocrx_word' id='word_1_796' title='bbox 1757 5862 1976 5901; x_wconf 83' lang='lat' dir='ltr'><strong>sumere.</strong></span> 
     </span>
    </p>
   </div>
   <div class='ocr_carea' id='block_1_106' title="bbox 2216 4685 3812 4757">
    <p class='ocr_par' dir='ltr' id='par_1_106' title="bbox 2216 4685 3812 4757">
     <span class='ocr_line' id='line_1_106' title="bbox 2216 4685 3812 4757; baseline 0 -18"><span class='ocrx_word' id='word_1_797' title='bbox 2216 4687 2402 4751; x_wconf 87' lang='lat' dir='ltr'><strong>monis,</strong></span> <span class='ocrx_word' id='word_1_798' title='bbox 2440 4695 2497 4739; x_wconf 87' lang='lat' dir='ltr'><strong>ut</strong></span> <span class='ocrx_word' id='word_1_799' title='bbox 2538 4687 2908 4755; x_wconf 84' lang='lat' dir='ltr'><strong>respondeatur</strong></span> <span class='ocrx_word' id='word_1_800' title='bbox 2947 4696 2993 4741; x_wconf 75' lang='lat' dir='ltr'><strong>et</strong></span> <span class='ocrx_word' id='word_1_801' title='bbox 3033 4687 3318 4757; x_wconf 65' lang='lat' dir='ltr'><strong>aediﬁcetur</strong></span> <span class='ocrx_word' id='word_1_802' title='bbox 3361 4685 3691 4754; x_wconf 84' lang='lat' dir='ltr'><strong>Jerusalem,</strong></span> <span class='ocrx_word' id='word_1_803' title='bbox 3725 4704 3812 4739; x_wconf 85' lang='lat' dir='ltr'><strong>us-</strong></span> 
     </span>
    </p>
   </div>
   <div class='ocr_carea' id='block_1_107' title="bbox 2215 4777 3813 4848">
    <p class='ocr_par' dir='ltr' id='par_1_107' title="bbox 2215 4777 3813 4848">
     <span class='ocr_line' id='line_1_107' title="bbox 2215 4777 3813 4848; baseline 0.001 -19"><span class='ocrx_word' id='word_1_804' title='bbox 2215 4793 2315 4847; x_wconf 84' lang='lat' dir='ltr'><strong>que</strong></span> <span class='ocrx_word' id='word_1_805' title='bbox 2359 4777 2427 4829; x_wconf 88' lang='lat' dir='ltr'><strong>ad</strong></span> <span class='ocrx_word' id='word_1_806' title='bbox 2480 4777 2743 4832; x_wconf 81' lang='lat' dir='ltr'><strong>Christum</strong></span> <span class='ocrx_word' id='word_1_807' title='bbox 2806 4780 3018 4845; x_wconf 87' lang='lat' dir='ltr'><strong>ducem,</strong></span> <span class='ocrx_word' id='word_1_808' title='bbox 3076 4778 3412 4834; x_wconf 71' lang='lat' dir='ltr'><strong>hebdomade:</strong></span> <span class='ocrx_word' id='word_1_809' title='bbox 3468 4791 3701 4848; x_wconf 85' lang='lat' dir='ltr'><strong>septem,</strong></span> <span class='ocrx_word' id='word_1_810' title='bbox 3762 4786 3813 4832; x_wconf 85' lang='lat' dir='ltr'><strong>et</strong></span> 
     </span>
    </p>
   </div>
   <div class='ocr_carea' id='block_1_108' title="bbox 2216 4867 3819 4944">
    <p class='ocr_par' dir='ltr' id='par_1_108' title="bbox 2216 4867 3819 4944">
     <span class='ocr_line' id='line_1_108' title="bbox 2216 4867 3819 4944; baseline 0.003 -23"><span class='ocrx_word' id='word_1_811' title='bbox 2216 4867 2554 4923; x_wconf 63' lang='lat' dir='ltr'><strong>hebdomadas</strong></span> <span class='ocrx_word' id='word_1_812' title='bbox 2639 4872 2913 4941; x_wconf 71' lang='lat' dir='ltr'><strong>sexaginta</strong></span> <span class='ocrx_word' id='word_1_813' title='bbox 2974 4872 3134 4939; x_wconf 71' lang='lat' dir='ltr'><strong>dare,</strong></span> <span class='ocrx_word' id='word_1_814' title='bbox 3194 4871 3358 4944; x_wconf 74' lang='lat'><strong>685</strong></span> <span class='ocrx_word' id='word_1_815' title='bbox 3439 4871 3491 4927; x_wconf 91' lang='lat' dir='ltr'><strong>id</strong></span> <span class='ocrx_word' id='word_1_816' title='bbox 3565 4880 3695 4938; x_wconf 89' lang='lat' dir='ltr'><strong>est,</strong></span> <span class='ocrx_word' id='word_1_817' title='bbox 3753 4879 3819 4926; x_wconf 85' lang='lat' dir='ltr'><strong>ut</strong></span> 
     </span>
    </p>
   </div>
   <div class='ocr_carea' id='block_1_109' title="bbox 2217 4961 3813 5035">
    <p class='ocr_par' dir='ltr' id='par_1_109' title="bbox 2217 4961 3813 5035">
     <span class='ocr_line' id='line_1_109' title="bbox 2217 4961 3813 5035; baseline 0 -18"><span class='ocrx_word' id='word_1_818' title='bbox 2217 4970 2427 5031; x_wconf 87' lang='lat' dir='ltr'><strong>septem</strong></span> <span class='ocrx_word' id='word_1_819' title='bbox 2500 4961 2897 5032; x_wconf 66' lang='lat' dir='ltr'><strong>hebdomadas,</strong></span> <span class='ocrx_word' id='word_1_820' title='bbox 2944 4973 2999 5018; x_wconf 92' lang='lat' dir='ltr'><strong>et</strong></span> <span class='ocrx_word' id='word_1_821' title='bbox 3053 4971 3241 5034; x_wconf 87' lang='lat' dir='ltr'><strong>postea</strong></span> <span class='ocrx_word' id='word_1_822' title='bbox 3302 4964 3582 5035; x_wconf 88' lang='lat' dir='ltr'><strong>sexaginta</strong></span> <span class='ocrx_word' id='word_1_823' title='bbox 3647 4965 3813 5031; x_wconf 76' lang='lat' dir='ltr'><strong>dum,</strong></span> 
     </span>
    </p>
   </div>
   <div class='ocr_carea' id='block_1_110' title="bbox 2217 5053 3813 5128">
    <p class='ocr_par' dir='ltr' id='par_1_110' title="bbox 2217 5053 3813 5128">
     <span class='ocr_line' id='line_1_110' title="bbox 2217 5053 3813 5128; baseline 0.003 -21"><span class='ocrx_word' id='word_1_824' title='bbox 2217 5069 2338 5123; x_wconf 72' lang='lat' dir='ltr'><strong>qua:</strong></span> <span class='ocrx_word' id='word_1_825' title='bbox 2396 5053 2602 5109; x_wconf 84' lang='lat' dir='ltr'><strong>faciunt</strong></span> <span class='ocrx_word' id='word_1_826' title='bbox 2648 5070 2824 5111; x_wconf 89' lang='lat' dir='ltr'><strong>annos</strong></span> <span class='ocrx_word' id='word_1_827' title='bbox 2887 5057 3319 5128; x_wconf 87' lang='lat' dir='ltr'><strong>quadringentos</strong></span> <span class='ocrx_word' id='word_1_828' title='bbox 3373 5057 3647 5128; x_wconf 85' lang='lat' dir='ltr'><strong>octoginta</strong></span> <span class='ocrx_word' id='word_1_829' title='bbox 3702 5067 3813 5112; x_wconf 88' lang='lat' dir='ltr'><strong>tres</strong></span> 
     </span>
    </p>
   </div>
   <div class='ocr_carea' id='block_1_111' title="bbox 2218 5144 3815 5219">
    <p class='ocr_par' dir='ltr' id='par_1_111' title="bbox 2218 5144 3815 5219">
     <span class='ocr_line' id='line_1_111' title="bbox 2218 5144 3815 5219; baseline 0.004 -21"><span class='ocrx_word' id='word_1_830' title='bbox 2218 5160 2248 5198; x_wconf 89' lang='lat' dir='ltr'><strong>a</strong></span> <span class='ocrx_word' id='word_1_831' title='bbox 2304 5144 2447 5217; x_wconf 86' lang='lat' dir='ltr'><strong>Cyro</strong></span> <span class='ocrx_word' id='word_1_832' title='bbox 2505 5156 2881 5204; x_wconf 88' lang='lat' dir='ltr'><strong>numerentur.</strong></span> <span class='ocrx_word' id='word_1_833' title='bbox 2940 5150 3020 5203; x_wconf 80' lang='lat' dir='ltr'><strong>Ac</strong></span> <span class='ocrx_word' id='word_1_834' title='bbox 3078 5165 3144 5204; x_wconf 92' lang='lat' dir='ltr'><strong>ne</strong></span> <span class='ocrx_word' id='word_1_835' title='bbox 3191 5149 3474 5205; x_wconf 84' lang='lat' dir='ltr'><strong>videamur</strong></span> <span class='ocrx_word' id='word_1_836' title='bbox 3529 5163 3815 5219; x_wconf 87' lang='lat' dir='ltr'><strong>procacem</strong></span> 
     </span>
    </p>
   </div>
   <div class='ocr_carea' id='block_1_112' title="bbox 2220 5240 3816 5313">
    <p class='ocr_par' dir='ltr' id='par_1_112' title="bbox 2220 5240 3816 5313">
     <span class='ocr_line' id='line_1_112' title="bbox 2220 5240 3816 5313; baseline 0.003 -21"><span class='ocrx_word' id='word_1_837' title='bbox 2220 5248 2427 5293; x_wconf 89' lang='lat' dir='ltr'><strong>tantum</strong></span> <span class='ocrx_word' id='word_1_838' title='bbox 2470 5240 2615 5296; x_wconf 82' lang='lat' dir='ltr'><strong>ferre</strong></span> <span class='ocrx_word' id='word_1_839' title='bbox 2651 5242 2981 5298; x_wconf 89' lang='lat' dir='ltr'><strong>sententiam</strong></span> <span class='ocrx_word' id='word_1_840' title='bbox 3006 5284 3020 5309; x_wconf 94' lang='lat'><strong>,</strong></span> <span class='ocrx_word' id='word_1_841' title='bbox 3060 5251 3115 5298; x_wconf 91' lang='lat' dir='ltr'><strong>et</strong></span> <span class='ocrx_word' id='word_1_842' title='bbox 3153 5258 3259 5297; x_wconf 92' lang='lat' dir='ltr'><strong>non</strong></span> <span class='ocrx_word' id='word_1_843' title='bbox 3295 5244 3529 5313; x_wconf 84' lang='lat' dir='ltr'><strong>probare</strong></span> <span class='ocrx_word' id='word_1_844' title='bbox 3567 5258 3690 5312; x_wconf 71' lang='lat' dir='ltr'><strong>qua:</strong></span> <span class='ocrx_word' id='word_1_845' title='bbox 3735 5242 3816 5296; x_wconf 90' lang='lat' dir='ltr'><strong>di-</strong></span> 
     </span>
    </p>
   </div>
   <div class='ocr_carea' id='block_1_113' title="bbox 2215 5331 3817 5408">
    <p class='ocr_par' dir='ltr' id='par_1_113' title="bbox 2215 5331 3817 5408">
     <span class='ocr_line' id='line_1_113' title="bbox 2215 5331 3817 5408; baseline 0.002 -21"><span class='ocrx_word' id='word_1_846' title='bbox 2215 5331 2428 5403; x_wconf 91' lang='lat' dir='ltr'><strong>cimus,</strong></span> <span class='ocrx_word' id='word_1_847' title='bbox 2464 5349 2815 5390; x_wconf 91' lang='lat' dir='ltr'><strong>numeremus</strong></span> <span class='ocrx_word' id='word_1_848' title='bbox 2858 5351 2953 5392; x_wconf 88' lang='lat' dir='ltr'><strong>ens</strong></span> <span class='ocrx_word' id='word_1_849' title='bbox 2999 5336 3092 5408; x_wconf 87' lang='lat' dir='ltr'><strong>qui</strong></span> <span class='ocrx_word' id='word_1_850' title='bbox 3134 5348 3256 5406; x_wconf 90' lang='lat' dir='ltr'><strong>post</strong></span> <span class='ocrx_word' id='word_1_851' title='bbox 3290 5337 3472 5392; x_wconf 87' lang='lat' dir='ltr'><strong>Jesum</strong></span> <span class='ocrx_word' id='word_1_852' title='bbox 3506 5335 3678 5392; x_wconf 85' lang='lat' dir='ltr'><strong>ﬁlium</strong></span> <span class='ocrx_word' id='word_1_853' title='bbox 3717 5337 3817 5393; x_wconf 80' lang='lat' dir='ltr'><strong>Jo-~</strong></span> 
     </span>
    </p>
   </div>
   <div class='ocr_carea' id='block_1_114' title="bbox 2217 5424 3817 5499">
    <p class='ocr_par' dir='ltr' id='par_1_114' title="bbox 2217 5424 3817 5499">
     <span class='ocr_line' id='line_1_114' title="bbox 2217 5424 3817 5499; baseline 0.003 -20"><span class='ocrx_word' id='word_1_854' title='bbox 2217 5424 2382 5480; x_wconf 88' lang='lat' dir='ltr'><strong>sedec</strong></span> <span class='ocrx_word' id='word_1_855' title='bbox 2408 5440 2577 5495; x_wconf 87' lang='lat' dir='ltr'><strong>usque</strong></span> <span class='ocrx_word' id='word_1_856' title='bbox 2598 5427 2666 5481; x_wconf 89' lang='lat' dir='ltr'><strong>ad</strong></span> <span class='ocrx_word' id='word_1_857' title='bbox 2691 5426 2986 5482; x_wconf 88' lang='lat' dir='ltr'><strong>adventum</strong></span> <span class='ocrx_word' id='word_1_858' title='bbox 3019 5428 3235 5484; x_wconf 90' lang='lat' dir='ltr'><strong>Domini</strong></span> <span class='ocrx_word' id='word_1_859' title='bbox 3259 5429 3459 5499; x_wconf 90' lang='lat' dir='ltr'><strong>populo</strong></span> <span class='ocrx_word' id='word_1_860' title='bbox 3484 5426 3817 5498; x_wconf 65' lang='lat' dir='ltr'><strong>praefuerunt</strong></span> 
     </span>
    </p>
   </div>
   <div class='ocr_carea' id='block_1_115' title="bbox 2216 5515 3812 5594">
    <p class='ocr_par' dir='ltr' id='par_1_115' title="bbox 2216 5515 3812 5594">
     <span class='ocr_line' id='line_1_115' title="bbox 2216 5515 3812 5594; baseline 0.003 -20"><span class='ocrx_word' id='word_1_861' title='bbox 2216 5515 2443 5588; x_wconf 88' lang='lat' dir='ltr'><strong>Christi,</strong></span> <span class='ocrx_word' id='word_1_862' title='bbox 2477 5519 2530 5575; x_wconf 91' lang='lat' dir='ltr'><strong>id</strong></span> <span class='ocrx_word' id='word_1_863' title='bbox 2558 5530 2664 5591; x_wconf 91' lang='lat' dir='ltr'><strong>est,</strong></span> <span class='ocrx_word' id='word_1_864' title='bbox 2700 5523 2847 5577; x_wconf 90' lang='lat' dir='ltr'><strong>uncti</strong></span> <span class='ocrx_word' id='word_1_865' title='bbox 2877 5524 2929 5577; x_wconf 93' lang='lat' dir='ltr'><strong>in</strong></span> <span class='ocrx_word' id='word_1_866' title='bbox 2961 5524 3360 5594; x_wconf 81' lang='lat' dir='ltr'><strong>pontiﬁcatum.</strong></span> <span class='ocrx_word' id='word_1_867' title='bbox 3382 5524 3594 5580; x_wconf 89' lang='lat' dir='ltr'><strong>Primus</strong></span> <span class='ocrx_word' id='word_1_868' title='bbox 3627 5522 3812 5593; x_wconf 89' lang='lat' dir='ltr'><strong>igitur,</strong></span> 
     </span>
    </p>
   </div>
   <div class='ocr_carea' id='block_1_116' title="bbox 2219 5615 3816 5691">
    <p class='ocr_par' dir='ltr' id='par_1_116' title="bbox 2219 5615 3816 5691">
     <span class='ocr_line' id='line_1_116' title="bbox 2219 5615 3816 5691; baseline 0.001 -21"><span class='ocrx_word' id='word_1_869' title='bbox 2219 5623 2277 5671; x_wconf 92' lang='lat' dir='ltr'><strong>ut</strong></span> <span class='ocrx_word' id='word_1_870' title='bbox 2297 5624 2422 5669; x_wconf 90' lang='lat' dir='ltr'><strong>ante</strong></span> <span class='ocrx_word' id='word_1_871' title='bbox 2440 5616 2551 5685; x_wconf 88' lang='lat' dir='ltr'><strong>jam</strong></span> <span class='ocrx_word' id='word_1_872' title='bbox 2580 5615 2840 5684; x_wconf 89' lang='lat' dir='ltr'><strong>diximus,</strong></span> <span class='ocrx_word' id='word_1_873' title='bbox 2867 5628 2991 5689; x_wconf 92' lang='lat' dir='ltr'><strong>post</strong></span> <span class='ocrx_word' id='word_1_874' title='bbox 3012 5618 3253 5675; x_wconf 89' lang='lat' dir='ltr'><strong>Danielis</strong></span> <span class='ocrx_word' id='word_1_875' title='bbox 3276 5618 3637 5691; x_wconf 87' lang='lat' dir='ltr'><strong>prophetiam,</strong></span> <span class='ocrx_word' id='word_1_876' title='bbox 3663 5631 3816 5688; x_wconf 79' lang='lat' dir='ltr'><strong>quac-</strong></span> 
     </span>
    </p>
   </div>
   <div class='ocr_carea' id='block_1_117' title="bbox 2216 5709 3817 5787">
    <p class='ocr_par' dir='ltr' id='par_1_117' title="bbox 2216 5709 3817 5787">
     <span class='ocr_line' id='line_1_117' title="bbox 2216 5709 3817 5787; baseline 0.002 -22"><span class='ocrx_word' id='word_1_877' title='bbox 2216 5709 2356 5769; x_wconf 82' lang='lat' dir='ltr'><strong>facta</strong></span> <span class='ocrx_word' id='word_1_878' title='bbox 2386 5720 2471 5769; x_wconf 88' lang='lat' dir='ltr'><strong>est</strong></span> <span class='ocrx_word' id='word_1_879' title='bbox 2497 5713 2600 5769; x_wconf 91' lang='lat' dir='ltr'><strong>sub</strong></span> <span class='ocrx_word' id='word_1_880' title='bbox 2627 5709 2771 5785; x_wconf 83' lang='lat' dir='ltr'><strong>Cyro</strong></span> <span class='ocrx_word' id='word_1_881' title='bbox 2812 5729 2961 5786; x_wconf 87' lang='lat' dir='ltr'><strong>rege,</strong></span> <span class='ocrx_word' id='word_1_882' title='bbox 2996 5725 3283 5787; x_wconf 87' lang='lat' dir='ltr'><strong>postquam</strong></span> <span class='ocrx_word' id='word_1_883' title='bbox 3308 5714 3375 5771; x_wconf 88' lang='lat' dir='ltr'><strong>de</strong></span> <span class='ocrx_word' id='word_1_884' title='bbox 3420 5712 3697 5784; x_wconf 82' lang='lat' dir='ltr'><strong>Babylone</strong></span> <span class='ocrx_word' id='word_1_885' title='bbox 3726 5728 3817 5768; x_wconf 79' lang='lat' dir='ltr'><strong>re—</strong></span> 
     </span>
    </p>
   </div>
  </div>
