4108 6338
156 212 195 339 ι
238 216 360 277 555

1028 212 1673 275 COMMENTARIORUM
1716 213 1780 271 IN
1822 209 2178 271 DANIELEM
2217 210 2419 270 LIBER
2457 212 2613 271 CAP.
2656 213 2750 271 1X.

3448 213 3552 272 546

240 349 438 388 versus
463 342 547 389 est
580 335 834 406 populus,
866 334 1022 393 Jesus
1069 336 1220 393 ﬁlius
1250 337 1481 393 Josedec
1510 337 1629 403 fuit,
1670 351 1854 392 sacer—
1878 337 1927 397 Λ
1956 344 2008 390 et
2037 344 2160 407 post
2187 352 2308 393 eum
2342 337 2485 394 rexit
2514 338 2770 408 populum
2802 335 2987 393 Simon
3020 335 3193 391 l'rater
3241 334 3544 405 utriusque,

242 426 350 481 dos
373 442 622 497 magnus,
651 436 706 484 et
736 428 1034 486 Zorobabel
1065 430 1207 486 ﬁlius
1235 430 1522 495 Salathiel,
1557 430 1647 500 qui
1673 428 1856 499 templi

245 516 607 575 fundamenta
634 519 921 589 jecerunt:
956 523 1328 593 impeditoque
1365 538 1533 594 opere
1561 540 1591 577 a
1621 522 1860 579 Samari-

247 612 346 677 tis,
376 621 431 669 et
457 614 583 670 aliis
610 614 664 670 in
694 615 924 672 circuitu
948 617 1287 683 nationibus,
1317 625 1528 687 septem
1558 615 1857 671 hebdoma-

251 704 451 761 darum
497 707 625 763 anni
655 709 917 778 completi
963 718 1112 778 sunt,
1144 710 1197 765 id
1245 718 1349 779 est,
1401 709 1757 781 quadraginta
1806 717 1863 765 et

252 813 477 866 novem,
507 801 560 854 in
603 802 800 872 quibus
829 802 1205 872 imperfectum
1238 819 1374 874 opus
1423 804 1607 874 templi
1638 802 1774 857 fuit:
1806 808 1864 859 et

250 908 391 964 quas
413 894 700 965 prophetia
749 913 779 951 a
813 896 1036 967 reliquis
1085 898 1370 968 sexaginta
1400 897 1607 953 duabus
1658 896 1865 953 hebdo-

178 986 187 1065 ζ
251 986 507 1043 madibus
546 999 784 1060 separat.
815 991 1059 1062 Denique
1088 1003 1141 1048 et
1173 992 1348 1049 Judaei
1380 994 1431 1049 in
1465 993 1762 1065 Evangelio
1790 1008 1863 1047 ex

180 1110 183 1141 :
256 1083 361 1138 hac
404 1083 665 1153 opinione
709 1083 817 1157 [Αι.
867 1085 1202 1159 Opinatione]
1249 1087 1544 1156 loquuntur
1569 1087 1634 1142 ad
1680 1086 1865 1141 Domi-

256 1190 426 1229 num:
460 1174 827 1247 Quadraginta
855 1187 903 1231 et
952 1194 1043 1233 sea:
1085 1179 1237 1233 annis
1276 1179 1592 1249 adiﬁcatum
1639 1189 1713 1233 est
1743 1188 1862 1233 tem-

256 1269 408 1339 plum
432 1267 552 1337 ltoc,
578 1278 626 1324 et
648 1270 777 1325 tuin
806 1270 972 1326 tribus
1000 1270 1178 1326 diebus
1207 1272 1484 1327 suscitabis
1512 1273 1651 1327 illud
1680 1273 1863 1346 (J'oan.

257 1376 321 1427 ιι,
352 1361 450 1433 20)
472 1361 496 1415 ἲ
522 1362 625 1417 Τοι
650 1362 797 1418 enim
841 1364 970 1419 anni
1000 1374 1129 1421 sunt
1157 1380 1185 1418 a
1218 1366 1395 1436 primo
1424 1381 1570 1422 anno
1618 1365 1750 1437 Cyri
1783 1382 1870 1422 re-

258 1455 365 1524 gis,
413 1455 506 1525 qui
541 1455 847 1512 libertatem
891 1457 1043 1513 dedit
1072 1458 1384 1515 volentibus
1420 1458 1622 1515 Judacis
1670 1458 1869 1515 reverti

262 1544 319 1599 in
355 1545 610 1614 patriam,
644 1561 814 1618 usque
844 1548 914 1603 ad
938 1558 1149 1605 sextum
1174 1566 1377 1606 annum
1408 1552 1550 1606 Darii
1580 1552 1746 1622 regis,
1771 1552 1871 1606 sub

262 1653 373 1709 quo
405 1631 593 1712 templi
625 1656 762 1709 opus
808 1657 969 1699 omne
999 1645 1330 1715 completum
1362 1656 1487 1713 est.
1514 1647 1689 1701 Porro
1716 1646 1872 1701 Jose-

1960 428 2012 484 in
2045 430 2201 500 cujus
2225 439 2397 486 morte
2417 431 2825 487 ducentesimus
2847 430 3275 501 septuagesimus
3288 428 3555 499 septimus

1959 524 2109 595 regni
2157 523 2329 595 Syriae
2377 524 2637 594 impletus
2666 533 2752 579 est
2782 539 2987 579 annus:
3036 533 3089 579 et
3141 538 3313 594 usque
3335 522 3401 577 ad
3452 521 3556 577 hoc

1961 626 2196 689 tempus,
2225 616 2660 673 Maehabaeorum
2691 618 2898 689 primus
2950 618 3086 675 liber
3111 614 3396 674 historiam
3423 632 3556 673 con-

1962 709 2117 767 tinet.
2172 711 2646 783 Supputanturque
2696 728 2727 767 a
2784 712 2962 783 primo
3026 728 3168 768 anno
3223 711 3348 785 Cyri
3409 712 3555 783 regis

1961 805 2289 869 Persarum,
2341 822 2510 877 usque
2539 806 2605 861 ad
2650 806 2810 861 linem
2885 805 3046 875 primi
3118 805 3557 861 Machabmorum

1965 898 2272 966 voluminis,
2303 908 2357 953 et
2402 910 2636 955 mortem
2667 898 2904 955 Simonis
2934 898 3228 969 pontiﬁcis,
3264 899 3388 953 anni
3420 916 3557 969 qua-

1964 992 2239 1065 dringenti
2273 994 2462 1065 viginti
2485 995 2746 1067 quinque.
2779 994 2907 1050 Post
2937 1008 3100 1066 quem
3121 992 3361 1049 Joannes
3388 993 3560 1049 tenuit

1966 1084 2378 1153 Pontiﬁcatum,
2433 1088 2589 1143 annis
2647 1087 2839 1158 viginti
2894 1103 3131 1144 novem:
3184 1102 3291 1159 quo
3345 1095 3562 1142 mortuo

1967 1177 2335 1245 Aristobolus,
2366 1195 2476 1235 uno
2515 1195 2661 1235 anno
2692 1180 2909 1251 praefuit
2937 1181 3181 1252 populo:
3232 1179 3325 1252 qui
3359 1179 3562 1250 primus

1967 1287 2223 1328 reversus
2248 1272 2315 1329 de
2346 1273 2644 1345 Babylone,
2674 1274 2926 1329 diadema
2978 1274 3188 1345 insigne
3218 1273 3382 1343 regiae
3416 1279 3570 1342 pote-

1970 1364 2125 1419 statis
2146 1381 2269 1420 cum
2299 1364 2505 1421 honore
2538 1364 2885 1435 pontiﬁcatus
2908 1364 3226 1435 assumpsit.
3246 1364 3416 1434 Hujus
3442 1377 3569 1420 suc-

1971 1469 2158 1510 cessor
2206 1455 2309 1509 fuit
2337 1455 2672 1522 Alexander,
2707 1472 2801 1513 rex
2828 1456 2993 1529 687
3023 1456 3259 1526 pariter,
3306 1464 3362 1511 et
3390 1455 3568 1525 ponti-

1973 1544 2080 1611 fex,
2130 1546 2222 1617 qui
2259 1546 2403 1602 rexit
2460 1548 2717 1618 p0pulum
2768 1548 2928 1603 annis
2975 1547 3165 1618 viginti
3212 1555 3461 1618 septem:
3514 1554 3571 1603 et

1976 1638 2262 1712 hactenus,
2295 1657 2323 1697 a
2358 1641 2533 1711 primo
2574 1657 2720 1697 anno
2749 1642 2875 1714 Cyri
2920 1641 3088 1712 regis,
3122 1652 3178 1698 et
3224 1642 3569 1713 captivorum

262 1734 428 1803 phus,
462 1742 516 1790 et
553 1734 691 1791 alios
720 1742 831 1793 tres
861 1752 1033 1793 annos
1064 1739 1315 1808 addidit,
1348 1740 1402 1795 in
1432 1740 1630 1812 quibus
1657 1742 1867 1815 περὶϐο-
1896 1725 1946 1786 Β
1971 1733 2171 1800 reditu,
2203 1734 2292 1805 qui
2326 1735 2376 1789 in
2422 1734 2663 1791 «Iudaeam
2697 1737 2884 1792 venire
2914 1737 3228 1805 voluerunt,
3272 1746 3571 1807 supputan-

260 1826 342 1883 λοι
368 1828 585 1898 templi,
629 1841 682 1885 et
711 1832 958 1901 quaedam
989 1820 1094 1887 alia
1146 1850 1262 1905 qua:
1312 1844 1690 1891 remanserant
1739 1850 1869 1906 per-

261 1920 413 1978 fecta
444 1931 606 1978 sunt:
638 1925 726 1995 qui
756 1924 928 1981 additi
952 1926 1305 1998 quadraginta
1337 1944 1432 1985 sex
1456 1929 1631 1997 annis,
1666 1928 1871 1984 faciunt

261 2031 443 2072 annos
471 2017 825 2091 quadraginta
859 2036 1076 2090 novem,
1128 2021 1183 2076 id
1210 2031 1316 2088 est,
1347 2033 1554 2092 septem
1601 2037 1869 2078 annorum

263 2108 660 2166 hebdomadas.
691 2110 951 2182 Reliquas
983 2121 1163 2168 autem
1189 2114 1470 2185 sexaginta
1503 2115 1637 2171 duas
1666 2115 1874 2171 hebdo-

263 2200 460 2255 madas
488 2202 556 2258 ab
584 2203 826 2274 ejusdem
872 2206 1017 2261 Darii
1063 2209 1296 2277 septimo
1336 2223 1478 2265 anno
1526 2218 1871 2266 enumerant.

262 2295 386 2363 Quo
420 2307 669 2369 tempore
695 2298 854 2355 Jesus
884 2301 1026 2356 filius
1057 2301 1310 2373 Josedec,
1342 2313 1397 2359 et
1428 2304 1732 2360 Zorobabel
1762 2303 1874 2375 jam

265 2390 494 2459 majoris
527 2393 701 2448 aetatis
729 2396 928 2464 populo
961 2406 1260 2465 praeerant:
1294 2400 1396 2455 sub
1418 2400 1612 2470 quibus
1644 2398 1879 2470 prophe-

268 2489 523 2539 taverunt
571 2486 824 2557 Aggzeus,
856 2496 913 2544 et
956 2488 1282 2545 Zacharias:
1343 2500 1629 2562 postquos
1680 2493 1879 2548 Esdras

268 2585 326 2631 et
363 2575 620 2633 Neemias
673 2580 740 2636 de
793 2581 1074 2654 Babylone
1126 2584 1428 2651 venientes,
1490 2601 1676 2642 muros
1728 2586 1879 2642 urbis

268 2680 687 2741 exstruxerunt,
722 2682 962 2730 tenente
1016 2676 1391 2746 pontiﬁcatum
1438 2677 1706 2743 Joachim,
1767 2678 1880 2733 ﬁlio

268 2761 427 2830 Jesu,
460 2777 822 2835 cognomento
858 2766 1129 2824 Josedec:
1165 2778 1288 2839 post
1319 2786 1482 2841 quem
1534 2770 1797 2827 successit
1827 2772 1880 2827 in

268 2854 640 2912 sacerdotium
673 2859 913 2927 Eliasub,
968 2875 1033 2917 ac
1085 2860 1285 2918 deinde
1332 2861 1545 2930 Joiade,
1581 2873 1636 2920 et
1693 2872 1881 2935 postea

270 2950 549 3006 Joannes:
580 2962 705 3022 post
732 2970 894 3025 quem
921 2954 1151 3025 Jaddus,
1179 2957 1336 3028 cujus
1359 2968 1519 3015 aetate
1548 2960 1882 3025 Alexander,

272 3056 373 3097 rex
432 3043 807 3114 Macedonum,
861 3047 1106 3103 condidit
1154 3049 1565 3118 Alexandriam,
1613 3052 1779 3124 686
1824 3059 1885 3106 ut

276 3142 305 3169 ⁸
332 3133 612 3203 Josephus
633 3137 686 3192 in
710 3108 1105 3209 Antiquitatum
1134 3140 1289 3196 libris
1314 3108 1588 3213 loquitur:
1618 3108 1883 3215 vanique
1908 3108 1956 3173 Ο

275 3225 702 3300 Jerosolymam,
734 3240 793 3287 et
817 3233 1068 3288 victimas
1091 3232 1145 3288 in
1173 3234 1382 3305 templo
1407 3236 1724 3291 immolavit.
1746 3236 1887 3291 Mor-

279 3329 376 3375 tuo
431 3334 610 3378 autem
638 3324 971 3394 Alexandro,
1024 3327 1322 3382 centesima
1356 3328 1651 3383 trcdecima
1696 3330 1886 3398 Olym-

281 3417 467 3486 piade,
501 3434 645 3474 anno
672 3420 1047 3476 ducentesimo
1079 3421 1360 3493 trigesimo
1391 3433 1549 3479 sexto
1580 3422 1731 3494 regni
1758 3423 1890 3479 Per-

280 3522 511 3564 sarum:
567 3513 710 3581 quod
740 3523 980 3584 cmperat
1027 3516 1203 3585 primo
1234 3531 1377 3570 anno
1426 3516 1889 3587 quinquagesimae

286 3604 496 3674 quintze
521 3605 855 3678 Olympiadis
880 3627 892 3662 :
943 3626 1051 3681 quo
1081 3621 1325 3682 tempore
1352 3611 1528 3684 Cyrus
1573 3627 1669 3667 rex
1699 3611 1892 3667 Persa-

288 3711 436 3764 rum,
471 3698 817 3771 Babylonios,
864 3700 1257 3773 Chaldaeosque
1310 3704 1615 3774 superavit,
1669 3713 1724 3760 et
1770 3714 1895 3774 post

289 3802 527 3849 mortem
558 3793 717 3850 Jaddi
748 3796 1070 3863 sacerdotis,
1101 3798 1192 3868 qui
1223 3797 1323 3853 sub
1352 3798 1663 3854 Alexandro
1695 3799 1895 3869 templo

291 3883 533 3955 praefuit,
560 3887 801 3957 suscepit
849 3889 1217 3959 pontiﬁcatum
1249 3889 1416 3946 Onias
1447 3909 1459 3945 :
1494 3906 1602 3962 quo
1652 3900 1898 3960 tempore

292 3978 575 4051 Seleucus,
606 3982 893 4053 subiugata
913 3984 1209 4055 Babylone,
1234 3983 1483 4040 diadema
1510 3985 1676 4040 totius
1697 3984 1895 4057 Syriae,

296 4082 352 4129 et
380 4072 525 4128 Asia:
546 4075 707 4145 capiti
736 4090 832 4130 suo
860 4075 1147 4146 imposuit,
1182 4091 1329 4131 anno
1354 4075 1678 4132 duodecimo
1709 4076 1900 4132 mortis

298 4168 617 4224 Alexandri.
651 4168 709 4223 In
739 4168 881 4240 quod
914 4178 1129 4241 tempus
1161 4179 1526 4240 supputantur
1553 4184 1745 4225 omnes
1772 4170 1900 4225 anui

297 4280 330 4318 a
355 4261 488 4335 Cyri
536 4262 791 4335 imperio,
837 4264 1056 4320 ducenti
1093 4264 1452 4335 quadraginta
1481 4274 1627 4320 octo.
1676 4264 1755 4320 Ex
1796 4278 1903 4335 qua

301 4366 466 4414 attate
504 4357 791 4429 Scriptura
834 4358 1269 4416 Macbabzeorum
1320 4375 1545 4431 regnum
1589 4359 1903 4425 Graecorum

302 4460 613 4507 enumerat.
640 4451 770 4507 Post
790 4451 980 4508 Oniam
1008 4451 1445 4523 pratfuitludteis
1474 4451 1717 4523 pontifex
1750 4452 1907 4508 Elea-

304 4562 491 4603 zarus.
523 4547 642 4615 Quo
690 4556 934 4619 tempore
985 4548 1338 4619 Septuaginta
1378 4548 1705 4615 lntcrpretes
1752 4546 1904 4603 Scri-

305 4651 495 4713 pturas
522 4652 739 4698 sanctas
765 4642 1108 4699 Alexandria:
1138 4643 1397 4699 dicuntur
1416 4642 1469 4698 in
1499 4641 1747 4699 Graecum
1780 4658 1903 4698 ver-

202 4780 205 4785 ,
307 4735 443 4790 tisse
466 4750 775 4791 sermonem
799 4751 813 4789 :
840 4746 963 4807 post
983 4750 1143 4807 quem
1170 4735 1509 4805 alterOnias,
1535 4736 1620 4791 cui
1644 4736 1908 4791 successit

307 4825 522 4894 Simon,
568 4841 678 4899 quo
725 4837 946 4899 regente
991 4827 1275 4899 populum,
1333 4829 1492 4885 Jesus
1524 4827 1664 4882 ﬁlius
1716 4827 1907 4884 Sirach

309 4922 535 4991 scripsit
564 4921 762 4978 librum
808 4923 898 4991 qui
931 4923 1122 4979 Graece
1158 4925 1442 5001 παναρετὸς
1487 4922 1812 4994 appellatur,
1855 4930 1910 4979 et

311 5016 590 5087 plerisque
635 5015 941 5073 Salomonis
971 5017 1105 5073 falso
1142 5016 1362 5073 dicitur.
1415 5017 1514 5072 Cui
1564 5016 1829 5073 successit
1856 5020 1911 5072 in

314 5109 699 5179 pontiﬁcatum
748 5110 887 5166 alius
913 5109 1104 5177 Onias,
1161 5125 1273 5181 quo
1316 5117 1565 5179 tempore
1608 5110 1914 5167 Antiochus

312 5203 538 5260 Judzeos
559 5204 667 5261 (liis
684 5205 923 5276 gentium
950 5204 1238 5261 immolare
1262 5203 1510 5275 cogebat.
1535 5203 1653 5272 Quo
1680 5214 1917 5274 mortuo,

316 5296 484 5353 Judas
539 5297 884 5355 Machabacus
928 5300 1178 5371 purgavit
1226 5300 1509 5371 templum,
1544 5309 1599 5356 et
1648 5301 1918 5357 idolorum

318 5391 612 5450 simulacra
640 5394 921 5450 contrivit.
954 5393 1053 5450 Cui
1099 5395 1364 5451 successit
1415 5393 1583 5450 frater
1608 5396 1915 5451 Jonathan:

398 5563 424 5592 ει
456 5554 623 5609 Libro
670 5554 889 5628 quidem
921 5571 997 5628 xi,
1049 5571 1100 5628 c.
1143 5555 1199 5620 8,
1249 5554 1646 5628 Jerosolymam
1704 5555 1922 5628 venisse

326 5624 704 5681 Alexandrum
729 5626 893 5682 tradit
923 5626 1232 5696 Josephus;
1282 5637 1338 5683 et
1376 5626 1429 5681 in
1462 5624 1669 5693 templo
1715 5624 1924 5682 sacriﬁ-

327 5713 488 5753 casse
516 5707 591 5774 τῷ
618 5702 884 5777 stam-:6;
910 5705 1008 5777 τῆξ
1036 5696 1462 5777 τρῖς-Ἀρχιερέως
1508 5700 1923 5777 ὐςζήγησινξῐωη

334 5784 464 5826 vero
516 5771 804 5841 temporis,
838 5775 954 5827 sive
980 5771 1139 5828 Jaddi
1187 5771 1368 5842 aetate,
1420 5771 1695 5829 conditam
1744 5771 1812 5826 ab
1857 5783 1923 5825 eo

1972 1836 2059 1883 tur
2088 1829 2213 1882 anni
2246 1828 2624 1900 quadringenti
2655 1830 2927 1900 octoginta
2971 1839 3118 1885 tres:
3150 1845 3284 1902 quos
3334 1839 3569 1901 septem,

1973 1931 2028 1976 et
2055 1923 2340 1993 sexaginta
2373 1921 2495 1978 duae
2530 1923 2906 1990 hebdomadas,
2937 1922 2989 1978 id
3021 1930 3124 1989 est,
3156 1924 3439 1994 sexaginta
3470 1937 3572 1978 no-

1972 2030 2095 2070 vem
2126 2015 2290 2071 simul
2321 2015 2582 2071 efﬁciunt.
2610 2016 2678 2071 Et
2703 2016 2807 2072 hoc
2835 2015 2983 2071 omni
3015 2025 3259 2087 tempore
3286 2015 3575 2086 pontiﬁces

1975 2118 2234 2164 texerunt
2268 2109 2527 2180 populum
2561 2109 2895 2183 Judtuorum,
2949 2124 3085 2180 quos
3111 2125 3212 2181 ego
3255 2124 3399 2164 nunc
3428 2110 3578 2165 arbi-

1978 2212 2092 2259 tror
2121 2204 2307 2260 vocari
2334 2203 2584 2260 Christus
2610 2204 2800 2260 duces.
2829 2204 3045 2260 Mortuo
3076 2211 3257 2259 autem
3281 2203 3577 2259 novissimo

1978 2310 2166 2352 eorum
2214 2296 2555 2363 Alexandro,
2592 2297 2698 2353 huc
2727 2307 2888 2368 atque
2928 2297 3054 2352 illuc
3086 2296 3141 2352 in
3168 2297 3345 2353 varias
3395 2305 3581 2369 partes

1979 2389 2185 2461 absque
2213 2390 2328 2446 ullo
2357 2390 2496 2447 duce
2522 2406 2654 2462 gens
2682 2390 2996 2446 Judzeorum
3028 2388 3391 2446 seditionibus
3416 2404 3581 2445 vexa-

1980 2484 2162 2552 batur,
2198 2488 2250 2539 in
2286 2495 2494 2540 tantum
2526 2484 2932 2555 utAlexandra,
2966 2501 3088 2556 qum
3120 2495 3176 2541 et
3204 2485 3392 2541 Salina
3420 2498 3583 2540 voca-

1981 2578 2161 2645 batur,
2186 2577 2431 2648 ejusdem
2454 2578 2749 2634 Alexandri
2776 2594 2942 2648 uxor,
2970 2578 3246 2635 obtineret
3271 2578 3581 2649 imperium,

1983 2678 2039 2725 et
2090 2670 2465 2740 pontiﬁcatum
2514 2671 2737 2741 quidem
2790 2671 3029 2729 Ilircano
3069 2672 3179 2728 ﬁlio
3234 2682 3583 2729 reservaret:

1983 2762 2303 2819 Aristobolo
2334 2774 2512 2820 autem
2544 2765 2701 2821 alteri
2734 2766 2850 2821 ﬁlio
2888 2781 3115 2837 regnum
3150 2766 3411 2836 traderet,
3439 2765 3585 2837 quod

1984 2858 2218 2915 obtinuit
2246 2860 2403 2915 annis
2431 2860 2642 2915 decem.
2676 2860 3055 2931 Pugnantibus
3086 2871 3270 2917 autem
3305 2870 3495 2917 contra
3526 2876 3588 2917 se

1987 2953 2241 3009 intestina
2281 2954 2551 3011 seditione
2583 2956 2878 3027 germanis,
2912 2965 2967 3011 et
3009 2964 3225 3027 gentem
3257 2954 3579 3011 Iudaeorum

1989 3048 2040 3101 in
2061 3047 2276 3103 diversa
2298 3049 2477 3103 studia
2500 3049 2862 3117 trahentibus,
2889 3050 3205 3120 supervenit
3225 3049 3406 3105 Cneus
3428 3048 3592 3104 Pom—

1990 3138 2145 3208 peius
2173 3138 2282 3193 dux
2310 3138 2543 3194 Romani
2588 3141 2885 3206 exercitus,
2917 3153 3182 3212 captaque
3227 3139 3596 3212 Jerosolymag

1992 3246 2163 3301 usque
2199 3231 2264 3286 ad
2299 3234 2461 3303 adyta
2492 3232 2680 3303 templi
2714 3233 2994 3304 ingressus
3035 3243 3140 3301 est,
3170 3250 3289 3303 quae
3320 3234 3595 3289 vocaban-

1992 3314 2079 3378 tur
2107 3332 2293 3377 sancta
2323 3334 2619 3379 sanctorum
2645 3342 2664 3380 :
2713 3327 3061 3396 vinctumque
3104 3324 3211 3399 [ΑΙ.
3251 3322 3591 3397 vietutnque]

1993 3417 2361 3474 Aristobolum
2390 3418 2617 3474 Romam
2644 3420 2795 3475 misit
2827 3435 3058 3476 servans
3088 3420 3364 3491 triumpho
3388 3435 3511 3488 suo,
3543 3428 3600 3475 et

1995 3511 2367 3583 pontiﬁcatum
2407 3514 2641 3569 Ilircano
2667 3514 2824 3569 fratri
2864 3516 2984 3585 ejus
3015 3514 3264 3571 tradidit.
3297 3516 3451 3570 Tunc
3482 3532 3565 3585 pri
3592 3548 3595 3549 ν

1996 3623 2142 3662 mum
2170 3621 2304 3678 gens
2332 3606 2643 3663 Judaaorum
2689 3607 2950 3665 Romanis
2998 3608 3137 3665 faeta
3166 3619 3250 3663 est
3282 3608 3593 3665 tributaria.

1999 3698 2127 3754 Post
2151 3715 2310 3770 quem
2346 3699 2592 3755 Herodes
2621 3699 2764 3756 ﬁlius
2794 3702 3117 3772 Antipatris,
3152 3700 3442 3758 interfecto
3470 3701 3598 3757 Hir-

1998 3812 2156 3864 cano,
2194 3813 2425 3869 regnum
2471 3797 2788 3854 Judatorum
2841 3798 3319 3855 senatusconsulto
3368 3798 3598 3869 accepit,

1999 3899 2054 3945 et
2082 3890 2286 3960 primus
2311 3890 2617 3961 alienigena
2648 3889 2853 3945 Iudaeis
2896 3890 3131 3961 praefuit.
3162 3889 3263 3959 Qui
3311 3890 3601 3962 pontiﬁca-

2002 3992 2114 4039 tum
2146 4000 2362 4055 quoque
2386 4000 2728 4056 nequaquam
2752 3984 2915 4055 juxta
2942 3985 3116 4057 legem
3150 3986 3338 4058 Moysi,
3370 3985 3604 4042 mortuis

2003 4078 2344 4148 parentibus,
2372 4077 2619 4133 tradebat
2647 4078 2856 4143 liberis,
2882 4078 2979 4134 sed
3013 4078 3227 4145 alienis,
3260 4088 3314 4134 et
3346 4094 3447 4135 nec
3468 4080 3600 4149 ipsis

2007 4170 2180 4226 multo
2210 4179 2475 4241 tempore,
2505 4168 2533 4207 ι)
2564 4169 2669 4225 nisi
2686 4171 2756 4225 ob
2783 4171 3009 4241 gratiam
3033 4180 3087 4227 et
3111 4172 3369 4241 pretium,
3404 4170 3604 4227 divinae

2005 4262 2140 4333 legis
2172 4261 2324 4332 jussa
2369 4271 2747 4319 contemnens.
2787 4282 2805 4316 ι
2838 4262 3000 4318 Ponit
3030 4272 3083 4320 et
3109 4263 3272 4319 aliam
3321 4263 3461 4319 idem
3499 4263 3608 4319 Eu-

2007 4356 2195 4413 sebius
2233 4357 2701 4428 explanationem,
2730 4369 2892 4428 quam
2916 4357 2964 4412 si
2996 4356 3327 4411 voluerimus
3371 4357 3425 4411 in
3458 4354 3605 4412 Lati-

2010 4466 2137 4506 num
2180 4466 2488 4508 sermonem
2515 4460 2755 4520 vertere,
2784 4450 3143 4508 extendemus
3184 4450 3308 4507 libri
3342 4451 3611 4522 magnitu-

2012 4542 2219 4599 dinem.
2246 4543 2371 4600 Haec
2397 4555 2479 4600 est
2506 4559 2638 4614 ergo
2661 4543 3127 4613 interpretationis
3157 4542 3273 4614 ejus
3300 4544 3607 4601 sententia:

2014 4643 2054 4695 Α
2084 4649 2246 4696 sexto
2288 4653 2431 4694 anno
2478 4638 2648 4705 Darii,
2678 4639 2774 4709 qui
2804 4650 2926 4708 pOSt
2953 4638 3179 4710 Cyrum,
3207 4647 3265 4694 et
3302 4638 3611 4712 Cambysen

2015 4733 2182 4789 ﬁlium
2214 4733 2333 4803 ejus
2358 4734 2607 4803 regnavit
2636 4730 2693 4787 in
2735 4730 2942 4799 Persis,
2975 4731 3191 4802 quando
3224 4732 3413 4802 templi
3443 4747 3611 4802 opera

2015 4838 2391 4887 consummata
2428 4837 2578 4893 sunt,
2612 4840 2788 4897 usque
2815 4824 2883 4880 ad
2930 4824 3227 4892 Herodem,
3258 4833 3312 4882 et
3341 4826 3611 4881 Caesarem

2017 4924 2339 4995 Augustum,
2396 4931 2647 4977 numerat
2677 4919 3049 4977 hebdomadas
3094 4930 3304 4990 septem
3354 4925 3411 4974 et
3452 4931 3614 4974 sexa-

2018 5018 2164 5089 ginta
2201 5018 2354 5079 duas.
2382 5030 2501 5087 quae
2536 5013 2741 5070 faciunt
2784 5028 2958 5070 annos
2996 5015 3419 5085 quadringentos
3448 5010 3616 5082 688

2019 5112 2295 5181 octoginta
2323 5119 2435 5165 tres
2460 5127 2474 5165 :
2509 5106 2728 5180 quando
2756 5108 3030 5175 Christus,
3062 5106 3165 5161 hoc
3191 5115 3295 5173 est,
3323 5104 3615 5170 Hircauus,

2021 5202 2352 5259 novissimus
2400 5201 2643 5272 pontifex
2683 5201 2751 5257 de
2795 5214 2999 5271 genere
3038 5198 3499 5263 Machabaeorum,
3549 5195 3620 5253 ab

2022 5294 2238 5352 Herode
2280 5294 2556 5366 jugulatus
2583 5302 2689 5361 est,
2735 5301 2788 5350 et
2836 5294 3078 5349 cessavit
3117 5291 3269 5362 juxta
3318 5291 3491 5364 legem
3519 5289 3621 5348 Dei

2021 5389 2342 5462 pontiﬁcum
2403 5389 2701 5446 successio.
2745 5386 3031 5445 Civitatem
3073 5401 3291 5458 quoque
3338 5394 3394 5442 et
3441 5385 3619 5457 ipsum

2024 5553 2436 5613 Alexandriam.
2466 5550 2690 5608 minime
2717 5549 2990 5619 Josephus
3017 5556 3224 5604 narrat.

2096 5630 2126 5671 ι’
2154 5626 2300 5682 Istud
2329 5625 2428 5680 nisi
2453 5622 2628 5681 nostri
2650 5636 2777 5677 mss.
2811 5637 2917 5678 non
2950 5621 3172 5678 habent.
3215 5620 3451 5679 Consule
3474 5622 3625 5680 Cra:-

2026 5712 2149 5755 cum
2179 5708 2409 5756 textum.
