4108 6338
522 225 626 285 551

1769 222 1827 281 S.
1870 221 2141 283 EUSEBII
2180 219 2565 283 IIIERONYMI

3710 222 3819 281 552

517 335 773 405 quoniam
814 334 1030 406 impleta
1061 341 1145 391 est
1182 333 1465 406 praphetia
1511 349 1607 407 per
1633 335 1922 393 adventum
1965 338 2105 407 ejus,
2139 339 2185 399 Α
2215 346 2386 393 terna.
2408 335 2794 407 Etsiguabitur
2815 334 3051 405 visin,et
3075 335 3814 409 prophetia,utnequaqttam

519 439 803 499 propterea
846 427 1045 498 signari
1079 427 1369 496 visionem,
1401 436 1456 483 et
1498 428 1839 500 pr0phetiam
1870 428 2107 497 dicebat,

517 526 770 591 quoniam
804 521 919 590 ipse
944 530 1028 575 est
1055 520 1391 591 signaculum
1422 522 1665 577 omnium
1700 522 2105 591 prophetarum,

517 615 824 685 adimplens
868 614 1046 669 omnia
1077 631 1195 686 qua:
1223 623 1369 671 retro
1397 614 1465 670 de
1489 630 1555 671 eo
1583 613 1861 685 prophete
1895 614 2109 667 nuntia-

516 704 667 761 bant.
712 707 841 761 Post
875 705 1165 763 adventum
1210 707 1379 773 enim,
1425 715 1481 762 et
1509 706 1821 776 passionem
1853 704 1971 774 ejus
2002 703 2109 776 [Αι.

512 799 762 873 Christi],
810 800 922 871 jam
962 818 1068 857 non
1105 811 1188 857 est
1227 802 1391 867 visio,
1439 816 1614 870 neque
1662 798 1952 869 Prophetia
1999 796 2108 871 [Αι.

514 893 826 967 prophetes]
859 911 978 966 quae
1008 894 1285 951 Christum
1321 895 1533 950 nuntiet
1558 909 1684 949 esse
1706 902 2015 948 venturum.
2044 890 2113 946 Et

512 1000 635 1062 post
668 990 942 1060 paululum
976 1011 989 1043 :
1025 989 1339 1056 Videamus,
1370 989 1563 1060 inquit,
1597 997 1624 1025 ει
1667 987 1795 1059 quid
1827 985 1949 1041 alia:
1988 1002 2112 1056 sep-

512 1092 642 1151 tem,
674 1092 731 1140 et
766 1082 986 1139 dimidia
1019 1082 1390 1139 hebdomades
1417 1096 1534 1153 quae
1566 1089 1692 1137 sunt
1730 1079 2025 1137 subdivisae
2057 1080 2109 1135 in

511 1176 846 1233 abscissione
895 1178 1136 1248 priorum
1188 1176 1674 1240 hebdomadarum,
1728 1175 1782 1230 in
1830 1189 1940 1246 quo
1984 1182 2109 1229 actu

510 1272 623 1328 sint
660 1272 989 1343 adimpletaz.
1020 1270 1148 1326 Post
1193 1272 1490 1341 Augustum
1524 1270 1690 1340 enim,
1719 1268 1747 1308 ι’
1780 1268 1871 1339 qui
1922 1285 2110 1340 super-

510 1364 645 1420 vixit
690 1376 814 1436 post
847 1363 1193 1420 nativitatem
1224 1362 1449 1432 Christi,
1484 1364 1613 1418 anni
1640 1362 1953 1435 quindecim
1992 1362 2108 1417 eili-

508 1457 744 1514 ciuntur.
774 1457 868 1514 Cui
901 1457 1170 1514 successit
1197 1456 1452 1513 Tiberius
1476 1456 1679 1523 Caesar,
1722 1467 1779 1513 et
1820 1456 2106 1527 imperium

510 1549 704 1607 habuit
722 1550 879 1608 annis
899 1550 1087 1622 viginti
1112 1549 1348 1617 duobus,
1367 1550 1648 1606 mensibus
1665 1560 1898 1621 septem,
1914 1548 2106 1604 diebus

514 1657 537 1686 ο
576 1646 766 1717 viginti
803 1656 947 1701 octo.
992 1645 1168 1715 Hujus
1214 1645 1429 1717 imperii
1481 1644 1690 1701 decimo
1729 1645 1923 1716 quinto
1960 1658 2106 1699 anno

2218 432 2480 504 propheta
2528 430 2837 486 inveniatur
2866 432 2918 486 in
2972 430 3176 497 Israel,
3227 440 3282 486 et
3327 440 3565 501 ungatur
3595 440 3818 486 sanctus

2215 538 2549 584 sanctorum.
2584 527 2659 583 De
2689 543 2797 597 quo
2829 528 2883 582 in
2915 525 3182 582 Psalterio
3211 526 3442 596 legimus
3468 542 3480 579 :
3531 525 3817 599 Propterea

2215 624 2363 675 unxit
2386 630 2434 675 te
2462 618 2625 685 Deus,
2660 618 2799 674 Deus
2832 629 2971 688 tuus,
2999 619 3110 674 oleo
3136 619 3334 674 laztitia:
3356 618 3520 691 695
3555 635 3665 688 prce
3688 634 3817 673 con-

2214 712 2435 767 sortibus
2490 712 2591 766 tuis
2622 710 2739 785 (Ps.
2774 727 2917 781 κων,
2949 711 3027 783 8).
3061 711 3163 780 Qui
3195 718 3251 767 et
3279 710 3334 766 in
3385 712 3491 766 alio
3526 711 3650 767 loco
3684 710 3819 767 dicit

2215 807 2283 863 de
2310 823 2371 863 se
2407 825 2419 861 :
2468 807 2650 863 Sancti
2683 816 2863 877 estote,
2893 808 3018 879 quia
3053 815 3099 861 et
3138 823 3234 880 ego
3274 815 3485 861 sanctus
3513 822 3628 861 sum
3674 804 3822 875 (Levi

2214 917 2328 971 xix,
2356 899 2435 972 2).
2480 900 2630 956 Scito
2672 901 2838 970 igitur
2877 901 3133 969 quoniam
3183 915 3214 955 a
3265 900 3354 955 die
3385 899 3488 955 hac
3517 914 3623 970 qua
3674 898 3821 953 hunc

2216 992 2313 1047 tibi
2358 993 2573 1064 loquor,
2620 1001 2677 1047 et
2708 993 2800 1048 Dei
2830 1007 3086 1047 sermone
3126 992 3410 1062 promitto,
3442 992 3587 1062 quod
3632 1006 3822 1047 rever-

2214 1091 2357 1137 tatur
2402 1083 2653 1153 populus,
2694 1093 2749 1139 et
2790 1082 3093 1139 Jerusalem
3136 1084 3493 1151 instauretur,
3532 1098 3705 1154 usque
3749 1082 3818 1139 ad

2211 1173 2489 1231 Christum
2513 1175 2730 1243 ducem,
2755 1184 2810 1230 et
2836 1184 3154 1247 perpetuam
3178 1175 3572 1231 desolationem
3602 1176 3819 1245 templi,

2214 1269 2570 1327 hebdomadas
2611 1280 2974 1326 numerentur
3004 1271 3287 1342 sexaginta
3327 1270 3475 1337 duae,
3508 1286 3725 1326 necnon
3764 1280 3823 1326 et

2211 1362 2332 1417 alia:
2366 1372 2575 1433 septem
2615 1362 2995 1432 hebdomadte,
3034 1362 3085 1417 in
3128 1362 3328 1433 quibus
3368 1362 3526 1433 juxta
3564 1362 3817 1419 ordinem

2212 1471 2367 1510 suum
2389 1455 2509 1509 dua:
2533 1469 2619 1509 res
2644 1454 2796 1520 ﬂent,
2820 1454 2889 1510 de
2916 1453 3114 1525 quibus
3144 1462 3198 1509 et
3218 1463 3345 1510 ante
3365 1455 3476 1524 jam
3506 1454 3641 1519 dixi,
3668 1454 3817 1526 quod

2210 1561 2516 1609 revertatur
2542 1551 2798 1623 populus,
2831 1562 2884 1607 et
2915 1550 3217 1607 :edilicetur
3249 1552 3424 1621 platea
3449 1567 3478 1605 a
3511 1550 3734 1606 Neemia
3761 1560 3822 1607 et

2212 1647 2408 1702 Esdra.
2440 1646 2497 1700 In
2524 1648 2633 1703 line
2662 1661 2795 1715 ergo
2828 1644 3290 1701 hebdomadarum
3324 1644 3694 1715 complebitur
3720 1642 3817 1699 Dei

508 1737 537 1777 ἀ
570 1742 771 1810 patitur
796 1739 1069 1808 Christus,
1101 1736 1457 1811 θηηοεθθά,
1484 1738 1690 1793 habens
1711 1736 1867 1809 quasi
1891 1738 2104 1807 triginta
2140 1744 2187 1804 Β
2211 1740 2484 1797 sententia
2528 1740 2585 1795 in
2634 1738 2883 1811 angustia
2937 1747 3269 1809 temporum,
3321 1738 3539 1809 quando
3596 1752 3818 1793 rursum

506 1842 620 1890 tres
664 1848 787 1889 cum
841 1841 1139 1903 pateretur.
1179 1831 1313 1888 Item
1356 1829 1519 1886 Caius
1545 1830 1729 1887 Czesar
1756 1830 1849 1901 qui
1879 1840 1933 1885 et
1963 1828 2107 1885 Cali-

504 1926 649 1998 gula,
684 1925 841 1980 annis
872 1924 1065 1992 tribus,
1111 1924 1389 1980 mensibus
1420 1935 1568 1988 octo,
1603 1923 1797 1979 diebus
1823 1922 2105 1978 tredecim.

506 2020 651 2077 Nero
672 2020 832 2075 annis
864 2034 1080 2087 novem,
1135 2019 1418 2075 mensibus
1465 2034 1659 2075 novem
1703 2019 1895 2074 diebus
1928 2017 2108 2073 trede~

496 2113 626 2170 cim.
657 2113 826 2171 Galba
860 2114 1140 2169 mensibus
1167 2123 1399 2185 septem,
1434 2113 1631 2169 diebus
1678 2123 1700 2151 ε
1734 2113 1919 2184 viginti
1957 2121 2102 2168 octo.

504 2205 657 2262 Otho
697 2206 977 2262 mensibus
1034 2206 1229 2275 tribus,
1294 2206 1488 2262 diebus
1543 2207 1800 2278 quinque.
1850 2205 2107 2261 Vitellius

505 2299 789 2356 mensibus
834 2312 984 2364 octo,
1030 2298 1227 2356 diebus
1268 2296 1289 2337 τ
1323 2298 1515 2369 viginti
1545 2312 1691 2355 octo.
1738 2298 2104 2369 VeSpasianus

502 2407 647 2450 anno
674 2394 852 2462 primo
893 2393 1108 2463 imperii
1140 2392 1223 2447 sui
1253 2391 1549 2448 debellavit
1584 2392 1824 2457 Judzeos,
1869 2402 1924 2447 et
1972 2392 2107 2448 (iunt

500 2487 631 2541 anni
654 2502 879 2543 numero
894 2486 1283 2559 quinquaginta
1298 2487 1429 2551 duo,
1457 2502 1677 2544 menses
1699 2503 1816 2545 sex.
1848 2486 1984 2543 Nam
2004 2488 2107 2543 im-

504 2581 714 2652 peravit
742 2583 899 2638 annis
932 2583 1202 2650 undecim,
1246 2591 1408 2653 atque
1431 2585 1505 2639 ita
1547 2583 1601 2639 in
1630 2583 1774 2640 diem
1821 2599 2105 2654 expugna-

501 2675 665 2730 tionis
690 2690 824 2745 suas,
855 2675 1027 2731 Judaei
1074 2676 1438 2745 impleverunt
1484 2675 1854 2731 hebdomadas
1886 2686 2105 2747 septua-

499 2768 647 2838 ginta
678 2768 963 2838 praadictas
989 2784 1019 2823 a
1047 2768 1293 2825 Daniele.
1326 2789 1345 2822 ι
1377 2769 1590 2826 Hebraei
1619 2770 1747 2840 quid
1770 2770 1836 2826 de
1854 2770 1957 2825 hoc
1982 2771 2102 2826 loco

501 2859 743 2916 sentiant
771 2860 927 2917 brevi
955 2878 1210 2918 sermone
1241 2862 1574 2934 pertringam
1606 2863 1715 2935 [AL
1759 2865 2098 2935 perstrinxi],

502 2955 665 3012 ﬁdem
690 2955 961 3012 dictorum
984 2957 1071 3013 his
1098 2973 1127 3012 a
1150 2957 1344 3029 quibus
1368 2958 1513 3014 dicta
1536 2967 1664 3014 sunt
1688 2960 2095 3030 derelinquens.
2148 3003 2157 3013 .

502 3049 755 3105 Dicimus
774 3050 939 3120 igitur
960 3060 1422 3126 παραφραστικῶς,
1450 3059 1508 3106 ut
1533 3066 1726 3108 sensus
1755 3051 2100 3108 manifestior

2212 1833 2525 1890 destruetur
2556 1834 2839 1903 templum,
2887 1841 2940 1889 et
2981 1833 3226 1902 capietur
3263 1833 3476 1889 civitas.
3517 1832 3651 1889 Nam
3692 1840 3824 1904 post

2212 1926 2493 1998 sexaginta
2536 1926 2669 1981 duas
2720 1925 3089 2002 hebdomadas
3124 1926 3408 1982 occidetur
3437 1926 3714 1991 Christus,
3758 1934 3823 1981 et

2211 2036 2320 2075 non
2350 2021 2455 2076 erit
2484 2020 2602 2090 ejus
2624 2020 2859 2090 p0pulus
2878 2021 2970 2091 qui
3002 2036 3124 2076 eum
3150 2033 3446 2092 negaturus
3475 2032 3581 2089 est,
3608 2022 3723 2077 sive
3752 2030 3821 2077 ut

2211 2112 2285 2168 illi
2332 2112 2540 2181 dicunt,
2575 2128 2684 2168 non
2717 2114 2822 2168 erit
2852 2113 2997 2168 illius
3026 2113 3132 2186 [ΑΙ.
3165 2114 3298 2188 illis]
3327 2116 3642 2184 imperium,
3668 2115 3821 2185 quod

2210 2206 2474 2275 putabant
2521 2216 2545 2254 ε
2584 2221 2645 2261 se
2690 2214 3019 2261 retenturos.
3064 2206 3129 2261 Et
3170 2206 3300 2278 quid
3332 2206 3455 2263 dico
3495 2206 3565 2263 de
3594 2206 3821 2264 Christo

2206 2299 2529 2365 occidendo,
2560 2309 2615 2356 et
2641 2300 2844 2371 populo
2877 2301 3093 2371 penitus
3114 2301 3423 2357 deserendo
3452 2303 3661 2358 auxilio
3690 2303 3815 2371 Dei,

2206 2410 2327 2450 cum
2361 2394 2661 2461 civitatem,
2692 2405 2750 2451 et
2793 2396 3164 2452 sanctuarittm
3206 2395 3574 2467 dissipaturus
3616 2400 3687 2454 sit
3716 2413 3817 2469 po-

2209 2490 2361 2560 pulus
2391 2488 2691 2558 Romanus,
2721 2504 2845 2545 cum
2868 2490 3007 2546 duce
3034 2502 3270 2547 venturo
3296 2490 3671 2560 Vespasiano?
3693 2492 3816 2560 Quo

2206 2594 2447 2650 mortuo,
2484 2584 2775 2638 transactis
2796 2592 3005 2651 septem
3030 2581 3410 2650 hebdomadis,
3446 2583 3501 2638 id
3534 2584 3817 2651 e5t,annis

2203 2674 2559 2745 quadraginta
2589 2689 2809 2739 novem,
2836 2673 3016 2729 Elius
3039 2674 3365 2743 Hadrianus,
3400 2685 3459 2731 et
3485 2691 3595 2747 quo
3619 2686 3814 2745 postea

2204 2767 2273 2823 de
2305 2768 2480 2823 ruinis
2529 2766 2829 2824 Jerusalem
2873 2769 3001 2824 urbs
3030 2766 3176 2825 Elia
3214 2768 3425 2825 condita
3460 2779 3574 2836 est,
3619 2769 3804 2825 rebel-

2202 2862 2378 2919 lantes
2425 2862 2666 2933 Judmos,
2709 2862 2867 2917 'l‘imo
2911 2862 3049 2917 Rufo
3101 2862 3364 2932 magistro
3403 2860 3675 2919 exercitus
3706 2879 3808 2933 pu-

2202 2967 2419 3025 gnante,
2454 2952 2477 2991 ¹¹
2508 2957 2810 3024 superavit.
2846 2956 2912 3011 Et
2936 2966 3061 3011 tunc
3091 2955 3306 3011 deﬁciet
3332 2956 3511 3011 hustia
3543 2968 3596 3012 et
3626 2957 3807 3012 sacri-

2204 3047 2406 3114 ﬁcium,
2452 3057 2508 3105 et
2559 3065 2731 3119 usque
2780 3050 2849 3105 ad
2897 3051 3431 3107 consummationem
3480 3051 3698 3117 mundi,
3749 3059 3811 3105 et

499 3141 614 3196 ﬁat.
658 3141 703 3197 Ο
737 3141 948 3209 Daniel,
992 3146 1129 3197 scito
1167 3143 1312 3214 quod
1346 3160 1374 3197 a
1403 3143 1493 3201 die
1534 3146 1636 3201 hac
1676 3161 1780 3216 qua
1821 3145 1914 3201 tibi
1955 3161 2097 3201 nunc
2123 3131 2169 3192 C
2205 3140 2364 3195 linem
2415 3142 2785 3211 perseverabit
2831 3141 3119 3198 desolatio.
3180 3142 3294 3198 Nec
3343 3157 3460 3210 nos,
3522 3142 3804 3214 inquiunt,

498 3234 693 3307 loquor
732 3236 873 3307 (erat
898 3244 1082 3293 autem
1112 3252 1288 3293 annus
1328 3239 1536 3308 primus
1570 3238 1739 3307 Darii,
1768 3240 1863 3311 qui
1900 3240 2101 3295 occidit

496 3328 803 3396 Balthasar,
837 3340 892 3385 et
920 3346 1144 3401 regnum
1163 3330 1543 3386 Chaldaeorum
1571 3331 1625 3386 in
1658 3332 1855 3387 Persas
1884 3332 2098 3388 Medos-

496 3437 603 3492 que
650 3422 947 3495 transtulit)
999 3438 1167 3494 usque
1208 3423 1276 3479 ad
1319 3425 1775 3495 septuagesimam
1828 3440 2094 3480 annorum

496 3516 915 3585 hebdomadam,
966 3517 1070 3573 hoc
1110 3527 1193 3575 est
1235 3534 1407 3574 annos
1452 3519 1879 3591 quadringentos
1924 3536 2097 3576 nona-

495 3612 666 3681 ginta,
708 3613 823 3667 htec
862 3612 1060 3681 populo
1090 3620 1182 3667 tuo
1210 3628 1305 3681 per
1328 3623 1508 3683 partes
1546 3612 1820 3669 accident.
1857 3613 2094 3669 Primum

497 3704 883 3775 propitiabitur
919 3704 1017 3760 tibi
1054 3705 1221 3774 Deus,
1254 3721 1416 3777 quem
1452 3722 1595 3761 nunc
1642 3722 1972 3777 magnopere
1998 3707 2096 3764 de-

496 3798 763 3870 precaris,
797 3807 854 3855 et
901 3798 1175 3855 delebitur
1204 3807 1510 3870 peccatum,
1562 3808 1616 3855 et
1665 3799 1827 3856 linem
1863 3800 2097 3870 accipiet

496 3893 889 3964 prmvaricatio.
940 3894 1097 3951 Nunc
1146 3894 1292 3950 enim
1337 3895 1471 3950 urbe
1511 3893 1748 3961 deserta,
1801 3903 1856 3950 et
1889 3895 2094 3965 templo

493 4002 665 4056 usque
694 3986 761 4041 ad
792 3987 1148 4043 fundamenta
1178 3986 1479 4053 destructo,
1509 3986 1562 4042 in
1588 3986 1735 4042 luctu
1756 3997 1842 4043 est
1865 3989 2094 4058 populus

492 4082 862 4136 constitutus:
906 4080 1001 4136 sed
1034 4094 1141 4135 non
1188 4088 1310 4149 post
1338 4078 1545 4149 grande
1578 4088 1795 4150 tempus
1823 4076 2096 4136 instauraé

495 4170 659 4229 bitur.
692 4174 757 4229 Et
781 4189 891 4229 non
919 4173 1094 4228 solum
1125 4171 1230 4228 hoc
1265 4172 1357 4227 (let
1385 4172 1437 4226 in
1467 4171 1555 4227 his
1582 4173 1928 4244 septuaginta
1960 4172 2094 4229 heb-

492 4265 816 4323 domadibus
846 4274 907 4321 ut
933 4264 1231 4320 aediﬁcetur
1255 4264 1469 4331 civitas,
1509 4270 1566 4319 et
1596 4264 1860 4334 templum
1888 4264 2094 4321 instau-

491 4369 661 4429 retur,
691 4358 786 4416 sed
832 4367 1087 4414 nascatur
1124 4356 1398 4425 Christus,
1428 4356 1481 4412 id
1510 4364 1617 4427 est,
1644 4356 1858 4428 justitia
1886 4358 2095 4430 sempi-

564 4528 589 4590 ξι
623 4518 966 4590 Superiluum
994 4518 1118 4590 quid
1148 4515 1422 4590 Pamelius
1442 4516 1723 4589 expungit.

490 4592 505 4637 ἔ
561 4588 590 4629 ι)
620 4588 794 4646 Palat.
826 4609 928 4646 ms.
952 4588 1136 4662 quibus
1156 4589 1477 4662 superuixit:
1500 4588 2080 4662 mox’anniquindecim

490 4678 589 4737 pro
618 4660 1190 4737 annisquindecimex
1227 4660 1395 4737 Vatie.
1425 4661 1837 4737 aliisque_mss.
1885 4676 2072 4737 emen-

489 4732 719 4799 damus,
784 4734 1223 4802 interpunctione
1277 4733 1501 4800 insuper
1556 4732 1837 4803 castigata.
1888 4732 2080 4788 Pame-

2205 3243 2443 3303 moveat,
2476 3234 2621 3304 quod
2668 3235 2898 3304 primum
2946 3245 3310 3291 numerentur
3340 3244 3546 3305 septem
3599 3235 3807 3293 hebdo-

2204 3326 2397 3394 madm,
2427 3336 2481 3382 et
2509 3336 2695 3397 postea
2724 3326 3005 3397 sexaginta
3034 3327 3179 3395 dure,
3203 3336 3259 3383 et
3285 3343 3500 3383 rursum
3526 3343 3653 3394 una,
3683 3344 3806 3398 quae

2203 3420 2257 3474 in
2292 3421 2426 3475 duas
2455 3432 2635 3491 partes
2668 3420 2952 3477 dividitur.
2999 3420 3096 3476 Est
3134 3421 3279 3478 enim
3316 3422 3419 3478 hoc
3451 3422 3654 3478 idioma
3682 3440 3807 3481 ser-

2200 3512 2379 3569 monis
2410 3513 2681 3581 llehraici,
2715 3523 2771 3570 et
2813 3515 3159 3586 antiquorum
3205 3514 3481 3571 sermonis
3510 3515 3705 3584 Latini,
3740 3525 3805 3574 ut

2199 3615 2327 3662 ante
2361 3604 2375 3644 ί
2413 3607 2678 3663 minorem
2714 3624 2999 3665 numerum
3027 3616 3345 3679 supputeut,
3390 3617 3445 3664 et
3471 3619 3655 3680 postea
3686 3626 3803 3665 ma-

2194 3699 2395 3769 jorem.
2440 3700 2603 3757 Verbi
2631 3702 2824 3773 gratia,
2857 3718 2964 3757 non
2988 3701 3140 3773 juxta
3174 3702 3563 3773 proprietatem
3595 3705 3801 3776 lingua:

2199 3805 2398 3853 nostra:
2429 3811 2574 3852 nunc
2600 3796 2834 3851 dicimus
2863 3813 2877 3849 :
2913 3797 3186 3851 Abraham
3218 3797 3352 3851 vixit
3382 3798 3544 3853 annis
3574 3807 3796 3855 centum

2197 3887 2536 3959 septuaginta
2583 3890 2875 3959 quinque:
2928 3888 3006 3943 illi
3072 3887 3384 3945 eCuntrario
3431 3890 3727 3961 loquuntur
3777 3908 3792 3945 :

2197 3981 2333 4036 vixit
2360 3981 2626 4035 Abraham
2653 3982 2812 4038 annis
2830 3981 3093 4053 quinque,
3122 3990 3178 4037 et
3206 3983 3571 4055 septuaginta,
3594 3993 3647 4040 et
3668 4000 3798 4040 cen-

2198 4082 2334 4129 tum.
2362 4072 2479 4130 Non
2506 4074 2666 4146 igitur
2694 4086 2753 4130 ut
2778 4075 2977 4146 legitur
3004 4075 3075 4130 ita
3108 4076 3387 4147 impletur,
3417 4077 3513 4133 sed
3538 4086 3597 4132 ut
3620 4087 3791 4132 totum

2194 4169 2397 4238 pariter
2423 4177 2768 4239 supputetur,
2802 4168 2876 4223 ita
2898 4168 3065 4224 linem
3093 4170 3309 4241 accipit.
3336 4169 3450 4227 Nec
3479 4171 3794 4243 ignoramus

2194 4263 2457 4335 quosdam
2506 4263 2721 4319 illorum
2767 4262 2974 4331 dicere,
3006 4264 3151 4335 quod
3182 4280 3290 4321 una
3319 4264 3682 4331 hebdomada,
3720 4266 3793 4322 de

2193 4372 2299 4429 qua
2341 4359 2603 4430 scriptum
2629 4367 2715 4416 est
2751 4376 2766 4414 :
2812 4357 2979 4431 696
3008 4357 3340 4430 Conﬁrmabit
3366 4368 3573 4432 pactum
3616 4356 3793 4413 multis

2106 4527 2162 4589 D
2189 4523 2468 4589 pateretur.
2501 4515 2640 4589 Quin
2671 4516 2833 4570 etiam
2858 4516 3049 4589 juncto
3075 4515 3323 4572 Palatino
3350 4514 3631 4589 ipsiusque
3653 4516 3791 4573 Ter-

2187 4586 2395 4661 tulliani
2441 4586 2725 4661 codicibus
2752 4604 2855 4641 non
2885 4588 3102 4658 triginta
3130 4598 3255 4654 (res,
3296 4586 3393 4661 sed
3425 4586 3640 4661 triginta
3671 4598 3791 4644 tatt‘

2182 4666 2306 4732 tum
2325 4657 2532 4732 Christi
2551 4673 2722 4714 annos
2736 4657 3036 4732 computat.
3072 4662 3315 4732 Apparet
3333 4657 3788 4732 innuiEvangelii

2184 4729 2590 4802 testimonium,
2638 4729 2782 4801 quod
2812 4746 2955 4785 anno
2998 4746 3067 4785 xv
3106 4729 3311 4787 Tiberii
3350 4729 3680 4802 baptizatus
3701 4742 3787 4788 est

488 4805 596 4862 lius
640 4804 891 4886 videtur,
935 4800 1132 4886 inquit,
1188 4803 1295 4874 legi
1340 4803 1543 4885 debere
1585 4800 1818 4886 primum
1857 4803 2080 4886 Augusti
2180 4800 2473 4886 Christus,
2504 4800 2665 4886 quasi
2691 4816 2957 4886 annorum
2990 4802 3235 4885 triginta.

487 4893 607 4950 pro,
638 4873 764 4950 Post
810 4876 946 4950 enim
973 4873 1265 4948 Augustum
1288 4891 1308 4930 :
1338 4876 1464 4946 quia
1508 4874 1598 4930 isti
1637 4876 1764 4930 anni
1811 4890 1877 4929 xv
1910 4873 2079 4945 ipsius

485 4948 615 5007 sunt
643 4948 892 5019 Augusti.

558 5033 582 5061 ο
617 5016 792 5076 Penes
830 5018 1227 5076 Tertullianum
1253 5018 1446 5091 _viginti
1478 5017 1783 5091 dumtaxat,
1823 5016 1875 5072 in
1917 5031 2079 5089 quem

481 5093 661 5150 locum
704 5091 1004 5159 Pamelius,
1050 5088 1551 5161 tametsi,'inquit,
1585 5089 1641 5144 Β.
1689 5089 2075 5161 Hieronymus.

481 5163 766 5221 Pomerius
788 5174 841 5219 et
866 5164 1048 5236 glossa
1076 5160 1358 5236 ordinaria
1383 5161 1569 5232 legunt
1594 5162 1778 5236 viginti
1802 5169 1939 5229 octo,
1962 5160 2080 5229 pla-

480 5248 572 5294 cet
593 5248 774 5293 tamen
805 5232 1021 5308 vulgata
1064 5234 1247 5301 lectio,
1289 5237 1525 5308 ma_xint_e
1566 5232 1847 5308 cum_dies
1875 5237 2081 5308 Auctor

478 5324 587 5365 non
618 5303 923 5379 computet:
956 5307 1087 5363 Nam
1117 5309 1192 5361 uti
1243 5314 1329 5361 est
1368 5304 1419 5358 in
1470 5303 1647 5359 Fastis
1686 5303 2079 5359 Consularibus

478 5379 676 5437 Goltzii
714 5396 730 5436 :
774 5394 911 5435 anno
948 5396 1012 5435 AB
1051 5394 1174 5433 una.
1214 5392 1265 5432 c.
1309 5390 1630 5431 nrcnxxmx.
1675 5392 1745 5430 AD
1781 5391 1915 5429 xvu.
1946 5390 2070 5430 ne.

478 5467 655 5507 APRIL.
687 5466 793 5507 TIB.
826 5466 1012 5507 CBSAR
1047 5464 1155 5505 DIVI
1183 5462 1304 5504 AUC.
1350 5462 1401 5501 F.
1446 5462 1553 5501 DIVI
1594 5462 1733 5503 JULII
1773 5460 1941 5501 NEPOS
1971 5461 2071 5501 Αυ-

477 5535 680 5578 Gusrus
706 5538 948 5579 nonruus
969 5536 1091 5577 esr.
1126 5523 1169 5574 Α
1193 5527 1374 5575 mente
1401 5529 1581 5572 autem
1612 5524 1853 5580 Augusto
1878 5531 2073 5586 supra-

476 5594 625 5649 dicto
645 5593 774 5649 anni
794 5610 846 5659 v,
877 5610 928 5648 c.
954 5591 1166 5659 766,ad
1197 5604 1441 5646 mensem
1466 5605 1637 5660 usque
1669 5590 1921 5645 Martium
1942 5588 2073 5643 anni

477 5662 603 5734 789,
637 5673 766 5721 sunt
788 5664 1069 5721 dumtaxat
1096 5664 1224 5719 anni
1254 5677 1390 5729 xxtt,
1417 5676 1634 5718 menses
1663 5677 1759 5716 vn.

548 5731 667 5791 d’ln
696 5734 871 5792 Vatic.
906 5752 1009 5792 ms.
1052 5737 1348 5807 baptizatur
1379 5750 1477 5806 pro
1505 5734 1719 5807 patitur,
1753 5731 1924 5789 ferme
1949 5746 2071 5787 cum

479 5804 673 5865 Glossa
700 5807 996 5878 ordinaria,
1029 5804 1289 5865 om'ittens
1313 5804 1547 5866 et'illu'd
1572 5805 1736 5878 paulo
1781 5812 1924 5877 post,
1958 5820 2073 5860 cum

2262 4883 2284 4909 ε
2325 4873 2572 4928 Praetulit
2602 4872 2877 4929 Pamelius
2896 4890 2985 4929 sea:
3012 4872 3109 4943 pro
3139 4874 3324 4945 viginti
3344 4883 3492 4929 octo:
3523 4877 3668 4945 quia,
3701 4874 3783 4930 in-

2185 4946 2323 5015 quit,
2353 4945 2639 5015 imperavit
2660 4946 2948 5001 dumtaxat
2969 4961 3043 5001 vtt
3072 4947 3351 5002 mensibus
3382 4955 3439 5002 et
3457 4945 3786 5015 diebuspau-

2184 5015 2446 5090 cissimis,
2477 5032 2674 5089 nempe
2696 5032 2727 5073 a
2756 5033 2806 5073 tv
2822 5017 2944 5074 idus
2963 5016 3180 5086 Iunias,
3198 5032 3369 5090 usque
3394 5016 3462 5073 ad
3490 5033 3623 5075 xvnt
3661 5015 3782 5074 kal.

2187 5086 2534 5146 Februarias.

2260 5157 2279 5196 ί
2312 5158 2514 5215 lterum
2545 5175 2645 5230 pro
2674 5160 2856 5231 viginti
2896 5169 3009 5215 octo
3039 5176 3206 5231 penes
3234 5159 3564 5217 Tertullian.
3607 5161 3783 5216 decem

2183 5228 2399 5304 legitur,
2431 5228 2574 5301 quod
2608 5228 2881 5304 Pamelius
2909 5249 2975 5304 ex
3006 5228 3073 5288 eo
3096 5234 3308 5304 probat,
3331 5233 3477 5303 quod
3507 5234 3572 5288 A.
3610 5232 3784 5288 Vitel—
3842 5246 3845 5247 '

2190 5300 2296 5374 lius
2327 5300 2606 5370 imperarit
2635 5302 2775 5374 adie
2802 5319 2877 5359 xu
2913 5302 3025 5359 kal.
3055 5300 3221 5360 Maias
3261 5300 3432 5374 usque
3470 5305 3538 5359 ad
3571 5320 3623 5358 ix
3663 5304 3778 5360 kal.

2185 5371 2471 5447 Januarias
2497 5392 2605 5445 quo
2632 5373 2723 5431 die
2748 5374 2963 5432 occisus
2988 5386 3092 5444 est,
3120 5371 3402 5432 mensibus
3431 5392 3628 5447 nempe
3652 5385 3780 5432 octo

2180 5454 2235 5500 et
2256 5444 2449 5500 diebus
2475 5447 2697 5516 aliquot.

2253 5526 2279 5563 8
2319 5516 2412 5571 Sic
2442 5518 2711 5591 emendat.
2748 5517 2926 5575 Vatic.
2956 5534 3058 5575 ms.
3090 5522 3263 5575 Antea
3292 5527 3434 5588 erat,
3455 5518 3595 5591 quod
3624 5528 3778 5591 puta-

2184 5587 2267 5661 bat
2293 5589 2773 5661 sgredempturum.

2180 5731 2215 5785 ἀ
2245 5656 2285 5802 ’1;
2320 5656 2579 5785 Fprtass'e
2607 5661 2892 5733 superabit.
2924 5661 3045 5720 Mox
3077 5678 3209 5720 vero
3234 5662 3413 5719 Vatic.
3445 5662 3631 5735 defecit
3674 5678 3775 5732 pro

2217 5749 2244 5788 e
2287 5748 2363 5785 σεε
2393 5772 2406 5786 .

2217 5741 2406 5788 eliczet.

2259 5802 2274 5840 ί
2319 5803 2483 5861 Adito
2511 5816 2932 5864 conterraueum
2969 5822 3150 5870 meum
3191 5806 3356 5865 Card.
3386 5805 3662 5865 Norisium
3705 5804 3773 5863 de
