4108 6338
300 259 414 318 B53

1095 259 1745 322 COMMENTARIORUM
1787 261 1854 319 ΙΝ
1895 255 2248 320 DANIELEM
2287 258 2514 319 LIBER.
2556 259 2711 320 CAP.
2754 264 2825 322 Χ.

3508 272 3615 330 554

313 378 639 434 hebdomada
669 395 774 434 una
797 395 815 432 :
858 378 1133 436 dividatur
1162 381 1215 436 in
1262 382 1602 452 Vespasiano
1640 391 1696 436 et
1727 383 1778 436 in
1811 381 1915 436 lla-
1943 382 1998 444 Α
2021 380 2205 448 Sponsi
2241 379 2385 450 luget
2411 379 2738 444 absentiam,
2770 395 2878 436 non
2910 382 3146 438 comedit
3169 400 3360 452 panem
3395 387 3616 444 deside-

313 472 547 529 driano:
581 476 725 545 quod
753 477 905 544 juxta
941 474 1228 530 historiam
1269 475 1522 543 Josephi,
1544 475 1914 544 VeSpasiauus

312 577 370 626 et
416 568 573 624 Titus
623 570 798 625 tribus
828 571 985 624 annis
1015 579 1070 626 et
1113 586 1208 627 sex
1246 569 1527 626 mensibus
1572 586 1757 640 pacem
1791 585 1914 625 cum

309 663 516 719 Iudicis
574 663 829 720 fecerint.
879 665 1013 720 Tres
1061 673 1244 720 autem
1291 665 1421 720 anui
1463 674 1519 720 et
1561 680 1916 720 sexmenses

315 759 422 812 sub
472 757 749 813 lladriano
787 769 1169 830 supputantur,
1207 759 1425 829 quando
1470 759 1770 814 Jerusalem
1804 774 1920 813 om-

313 852 452 908 nino
496 853 758 909 subversa
803 866 906 924 est,
951 865 1007 912 et
1048 855 1362 910 Judicorum
1415 871 1549 926 gens
1594 854 1917 910 catervatim

314 959 494 1004 enisa:
530 947 602 1000 ita
628 957 683 1002 ut
707 947 908 1003 Judaea-
937 964 1155 1020 quoque
1185 949 1380 1003 finibus
1404 949 1767 1020 pellerentur.
1795 949 1921 1006 llzec

313 1040 620 1112 loquuntur
649 1043 886 1112 llebraai,
916 1059 1022 1098 non
1056 1059 1386 1116 magnopere
1408 1055 1662 1100 curantes
1685 1062 1713 1098 a
1747 1045 1920 1108 primo

310 1149 462 1190 anno
497 1137 640 1191 Darii
664 1137 808 1206 regis
841 1138 1152 1203 Persarum,
1172 1155 1346 1208 usque
1374 1139 1441 1194 ad
1470 1149 1772 1194 extremam
1795 1140 1924 1196 sub-

311 1231 626 1286 versionem
657 1232 986 1299 Jerusalem,
1021 1250 1142 1304 qua:
1172 1234 1274 1288 sub
1299 1233 1574 1289 lladriauo
1603 1233 1682 1288 eis
1703 1233 1920 1302 accidit,

312 1327 603 1394 supputari
653 1326 1006 1399 Olympiades
1037 1339 1255 1384 centum
1289 1329 1638 1400 septuaginta
1670 1339 1921 1401 quatuor,

313 1416 368 1472 id
403 1429 510 1484 est,
561 1436 735 1475 annos
766 1431 1059 1477 sexcentos
1100 1423 1390 1493 nonaginta
1433 1439 1562 1492 sex,
1596 1423 1685 1491 qui
1724 1424 1925 1482 faciunt

315 1511 694 1569 hebdomadas
727 1514 1022 1570 lleliraieas
1054 1517 1348 1587 nonaginta
1394 1533 1609 1585 novem,
1662 1526 1715 1571 et
1753 1532 1927 1572 annos

317 1614 474 1664 tres:
523 1608 745 1676 quando
792 1607 1075 1664 Cochebas
1105 1609 1211 1664 dux
1267 1609 1581 1666 JUd'J’Ol‘llm
1630 1625 1930 1680 oppressus

316 1709 427 1768 est,
463 1712 517 1757 et
543 1701 849 1757 Jerusalem
877 1720 1050 1774 usque
1080 1703 1145 1758 ad
1176 1704 1349 1759 solum
1379 1703 1556 1758 diruta
1588 1714 1693 1759 est.

2020 474 2269 536 rabilem,
2293 474 2384 545 qui
2404 473 2470 530 de
2500 474 2640 528 caelo
2663 475 2983 542 descendit;
3019 495 3193 550 neque
3220 480 3454 534 solidum
3473 483 3620 552 capit

2020 569 2218 635 cibum,
2256 570 2344 639 qui
2396 569 2720 638 intelligitur
2753 571 2804 625 iu
2855 585 3040 634 carne,
3095 588 3195 628 nee
3243 572 3378 629 bibit
3407 577 3618 643 viuum,

2019 662 2163 733 quod
2195 662 2434 716 laetificat
2466 673 2564 717 co‘r
2594 663 2848 723 hominis.
2885 679 2985 718 nec
3026 665 3294 720 cxhilarat
3337 666 3528 722 faciem
3567 669 3621 722 in

2021 754 2177 822 oleo,
2216 754 2373 826 juxta
2403 755 2536 810 illud
2570 755 2712 826 quod
2743 757 2795 810 in
2831 757 3053 831 psalmis
3080 757 3340 827 legimus:
3379 758 3447 815 Ut
3477 759 3625 815 exhi-

2023 849 2153 904 laret
2184 851 2368 920 [aciem
2395 850 2449 904 in
2479 853 2591 904 oleo
2622 848 2739 921 (Ps.
2771 865 2886 919 cm,
2931 849 3040 922 15).
3081 851 3192 905 Iloc
3219 863 3399 906 autem
3428 851 3455 892 δ
3480 853 3624 921 jeju-

2024 943 2114 997 nio
2171 958 2372 1012 Sponsa
2433 942 2806 1012 impetrabiles
2864 941 2992 997 facit
3043 943 3356 1015 lacrymus,
3404 945 3623 1014 quando

2023 1051 2258 1107 Sponsus
2307 1037 2470 1093 fuerit
2500 1037 2712 1092 ablatus
2749 1037 2817 1090 ab
2847 1052 2934 1093 ea.
2963 1037 3136 1092 Recte
3177 1055 3394 1108 quoque
3438 1040 3628 1096 Daniel

2025 1130 2187 1186 audet
2218 1131 2506 1188 Dominum
2539 1131 2848 1202 deprecari,
2882 1131 3008 1202 quia
3035 1131 3144 1201 jam
3177 1148 3242 1188 ex
3277 1144 3426 1201 parte
3451 1135 3627 1201 primo

2025 1243 2172 1281 anno
2226 1227 2368 1298 regis
2408 1227 2577 1300 Cyri,
2629 1225 2941 1282 Judaeorum
2988 1225 3166 1281 fuerat
3221 1225 3404 1280 laxata
3452 1227 3627 1296 capti-

2029 1321 2190 1376 vitas.

2100 1413 2284 1488 (Vers.
2336 1413 2416 1485 4.)
2458 1413 2555 1468 Die.
2601 1425 2776 1469 autem
2822 1414 3068 1484 vicesima
3122 1424 3169 1470 et
3205 1425 3394 1487 quarta
3445 1416 3631 1471 metuis

2029 1512 2210 1583 primi,
2233 1528 2375 1566 eram
2395 1511 2553 1582 juxta
2581 1512 2795 1581 [larium
2826 1528 3074 1583 magnum
3099 1512 3188 1582 qui
3223 1520 3296 1565 est
3337 1510 3530 1582 Tigris.
3568 1513 3634 1566 Et

2030 1603 2292 1658 Ezechiel
2321 1604 2476 1672 juxta
2527 1605 2752 1660 fluvium
2785 1603 3006 1659 Chobar
3048 1602 3184 1659 \idil
3215 1603 3481 1660 visioiiem
3516 1623 3633 1661 ma-

2030 1712 2192 1767 gnam
2222 1696 2438 1770 (Ezech.
2464 1698 2530 1766 1).
2564 1697 2630 1751 Et
2666 1698 2898 1752 Domino
2944 1697 3247 1763 Salvatori,
3279 1707 3334 1753 et
3378 1699 3635 1768 Baptista:

393 1792 554 1864 (Cap.
588 1792 663 1849 Χ.
703 1824 777 1835 -
822 1793 978 1848 Vers.
1009 1793 1088 1865 1.)
1125 1799 1274 1850 Anno
1307 1797 1455 1850 tertio
1486 1794 1608 1868 Cyri
1638 1797 1770 1867 regis
1799 1794 1931 1850 Per-
1961 1792 2008 1852 B
2035 1791 2231 1847 Joauni
2261 1809 2424 1862 super
2453 1791 2657 1849 fluenta
2684 1792 2938 1849 Jordanis
2968 1795 3292 1862 aperiuntur
3319 1793 3443 1849 cmli
3475 1785 3635 1868 (Mat.

318 1903 527 1952 sarum,
547 1886 756 1943 verbum
785 1889 1067 1944 revelatum
1088 1897 1160 1944 est
1187 1888 1419 1957 Danieli,
1445 1902 1784 1965 cognomento
1808 1890 1932 1944 Bal-

320 1980 526 2047 tltasar,
546 1993 593 2037 et
617 1983 824 2038 verbum
848 1999 1044 2053 verum,
1067 1995 1110 2038 et
1132 1984 1385 2055 fortitudo
1409 2002 1628 2056 magna:
1653 1983 1934 2040 intellexit-

320 2095 429 2150 que
458 2095 769 2134 sermonem.
807 2078 1161 2154 lntelligeutia
1191 2081 1328 2134 enim
1368 2091 1439 2135 est
1467 2099 1594 2152 opus
1636 2083 1689 2135 in
1715 2081 1928 2136 visione.

321 2171 395 2227 Et
426 2174 703 2243 quomodo
749 2176 801 2228 in
839 2173 944 2230 fine
993 2175 1180 2243 primm
1226 2175 1456 2246 legimus
1487 2176 1755 2230 visionis:
1806 2172 1934 2230 Fuit

321 2275 501 2319 autem
536 2264 728 2321 Daniel
775 2283 932 2339 usque
970 2267 1038 2321 ad
1083 2283 1278 2323 annum
1324 2269 1546 2338 primum
1593 2268 1715 2340 Cyri
1765 2269 1937 2339 regis?

321 2359 526 2416 Fuisse
552 2377 684 2433 ergo
698 2377 824 2416 eum
849 2363 991 2429 apud
1018 2362 1304 2418 Chaldieos
1331 2363 1384 2417 in
1411 2361 1640 2432 pristina
1672 2362 1937 2432 dignitate

325 2470 569 2526 purpura
586 2459 858 2530 byssoque
884 2458 1167 2522 vestitum,
1195 2474 1366 2530 usque
1389 2459 1452 2512 ad
1477 2474 1675 2512 annum
1703 2459 1936 2528 primum

323 2549 458 2623 Cyri
488 2553 631 2621 regis
663 2553 1046 2623 intelligimus,
1078 2553 1298 2624 quando
1331 2553 1935 2620 subvertit.Chaldaeus,

322 2652 384 2699 et
413 2653 601 2716 postea
633 2647 800 2716 etrapit
827 2662 949 2702 esse
985 2662 1108 2702 cum
1159 2648 1322 2702 Dario
1352 2647 1464 2702 lilio
1504 2647 1726 2704 Assueri
1757 2649 1824 2702 de
1853 2663 1940 2703 se-

323 2738 481 2792 mine
513 2737 813 2805 Medorum,
859 2740 952 2810 qui
1003 2741 1293 2809 imperavit
1321 2757 1489 2808 super
1519 2756 1742 2810 regnum
1773 2740 1942 2797 Chal-

323 2829 598 2887 daeorum.
648 2833 755 2888 Aut
785 2841 938 2887 certe
979 2831 1091 2901 jam
1127 2834 1289 2888 Dario
1320 2843 1557 2902 mortuo,
1610 2835 1766 2906 cujus
1796 2852 1938 2891 anno

323 2926 512 2994 primo
553 2926 898 2995 septuaginta
955 2926 1416 2983 hebdomadarum
1460 2939 1797 2982 sacramenta
1849 2947 1942 2984 co-

323 3028 565 3074 noverat
603 3036 619 3076 :
656 3035 799 3074 nunc
847 3021 1008 3076 tertio
1055 3038 1199 3076 anno
1229 3022 1373 3091 regis
1420 3023 1544 3094 Cyri
1591 3023 1706 3080 hare
1737 3023 1940 3080 vidisse

324 3126 610 3168 narratur.
644 3112 713 3168 Et
735 3131 911 3170 verum
952 3114 1181 3180 verbum,
1209 3125 1258 3170 et
1283 3116 1535 3188 fortitudo
1561 3133 1768 3190 magna.
1810 3116 1939 3173 Sive

2037 1889 2146 1957 ut).
2194 1899 2218 1927 ο
2263 1887 2420 1943 Unde
2467 1905 2657 1944 eorum
2700 1889 3063 1944 deliramenta
3095 1889 3491 1956 ροιιιίοθ-οηιιι,
3544 1890 3639 1961 qui

2039 1980 2256 2034 umbras
2287 1987 2342 2035 et
2391 1981 2654 2052 imagines
2703 1983 2752 2036 iu
2807 1981 3036 2035 vi-ritate
3079 1995 3414 2052 qumrentes,
3456 1983 3634 2052 ipsam

2037 2082 2308 2130 conantur
2337 2088 2584 2129 evertere
2608 2073 2916 2139 veritatem,
2943 2083 3001 2128 ut
3024 2074 3268 2144 llmnina,
3302 2087 3358 2130 et
3385 2078 3637 2146 arbores,

2039 2177 2093 2223 et
2121 2167 2430 2237 paradisum
2453 2179 2644 2239 putent
2664 2169 2942 2240 allegorize
2965 2169 3177 2241 legibus
3202 2186 3262 2227 se
3279 2171 3486 2228 debere
3508 2174 3640 2229 sub-

2039 2281 2223 2322 ruere.

2115 2361 2300 2431 (Vers.
2353 2358 2436 2434 5.)
2495 2360 2562 2418 Et
2592 2361 2748 2416 levavi
2773 2362 2948 2417 oculos
2982 2379 3141 2429 meos,
3175 2373 3223 2418 et
3268 2364 3392 2418 vidi.
3445 2363 3642 2420 Eleva-

2044 2453 2193 2510 tiotie
2218 2469 2356 2522 Opus
2385 2465 2470 2509 est
2502 2459 2808 2520 oculorum,
2843 2455 3185 2511 utvisionem
3217 2457 3502 2534 mysticam
3525 2471 3645 2514 cer-

2042 2563 2175 2603 nere
2211 2548 2514 2602 valeamus.

2115 2639 2184 2694 Et
2206 2657 2320 2694 ecce
2341 2641 2418 2694 vir
2450 2659 2582 2697 unus
2604 2632 2810 2697 vcstitus
2845 2641 3015 2698 lineis.
3051 2643 3158 2700 Pro
3189 2643 3360 2706 lineis,
3393 2641 3539 2714 quod
3575 2643 3649 2699 itt-

2044 2745 2374 2806 terprelatus
2421 2747 2506 2793 est
2543 2735 2764 2808 Aquila,
2814 2736 3124 2794 Theodotio
3180 2756 3375 2796 meum
3440 2742 3642 2810 posuit,

2046 2830 2426 2903 Septuaginta,
2459 2833 2690 2904 byssina.
2723 2830 3090 2904 Symmachus
3125 2834 3150 2871 ά
3188 2837 3450 2914 ἐξαίρετα,
3481 2835 3532 2887 id
3565 2843 3648 2890 est

2045 2927 2336 2999 praecipua.
2369 2928 2476 2982 Pro
2503 2944 2569 2982 eo
2597 2937 2801 2992 autem,
2827 2927 2971 2996 quod
3003 2945 3102 2984 nus
3139 2931 3294 2999 quIa
3321 2932 3647 2985 llcbraicum

2045 3023 2344 3076 vertimus:
2404 3036 2518 3074 ecce
2548 3021 2644 3089 vir,
2681 3018 3046 3090 Symmachus
3095 3021 3298 3089 posuit,
3349 3025 3500 3094 quasi
3540 3040 3651 3078 vir:

2047 3130 2156 3170 non
2181 3114 2324 3169 enim
2355 3115 2438 3168 vir
2467 3124 2608 3177 erat,
2637 3113 2731 3167 sed
2757 3113 2858 3167 viri
2891 3114 3127 3167 habebat
3153 3115 3591 3171 Silnllllltd-lltllll.

333 3206 437 3262 Dei
477 3207 569 3276 qui
623 3208 722 3262 iSItI
770 3205 1017 3264 facturus
1049 3219 1166 3275 est,
1219 3209 1337 3266 sive
1369 3209 1650 3280 prepbeta:
1687 3212 1778 3284 qui
1823 3211 1940 3266 haec
1967 3205 2014 3271 C
2118 3205 2185 3261 Et
2216 3225 2360 3263 renes
2387 3208 2500 3278 ejus
2528 3207 2748 3261 accincti
2779 3224 2911 3261 auro
2946 3209 3156 3278 obryso.
3188 3207 3297 3262 Pro
3328 3212 3511 3278 quoin
3550 3211 3652 3264 lle-

329 3300 718 3356 intellecturus
750 3311 855 3357 est.

408 3395 605 3466 (Vers.
668 3395 766 3468 Ξ.)
827 3395 890 3450 In
937 3395 1116 3452 diebus
1159 3397 1266 3452 illis
1319 3413 1412 3470 ego
1465 3397 1656 3455 Daniel
1706 3399 1940 3471 lugebant

327 3492 493 3548 trium
542 3491 992 3548 hebdomadarum
1030 3492 1210 3550 diebus
1253 3510 1270 3546 :
1322 3511 1507 3564 panem
1549 3495 1942 3552 desiderabilem

329 3601 441 3639 non
471 3585 695 3653 comedi,
748 3595 796 3640 et
825 3603 969 3652 caro,
1001 3596 1049 3641 et
1088 3587 1262 3642 vinum
1305 3603 1408 3642 non
1448 3589 1758 3644 introierunt
1799 3590 1853 3642 in
1887 3604 1941 3642 os

329 3695 510 3736 meum
539 3697 559 3736 :
590 3681 681 3735 sed
722 3699 882 3751 neque
913 3693 1175 3755 unguento
1206 3693 1391 3738 unctus
1422 3701 1557 3753 sum,
1599 3685 1760 3738 donec
1793 3701 1938 3739 com-

329 3774 602 3845 plerentur
637 3775 796 3830 trium
835 3774 1284 3831 hebdomadarum
1335 3777 1466 3832 dies.
1517 3777 1631 3833 Hoc
1675 3778 1941 3834 docemur

329 3869 612 3937 exemplo,
645 3879 891 3940 tempore
913 3870 1107 3942 jejunii
1151 3887 1178 3925 a
1210 3872 1348 3927 cibis
1375 3871 1790 3930 delicatioribus
1818 3871 1944 3930 abs-

335 3961 517 4018 tinere
555 3964 736 4034 (quod
763 3980 863 4037 ego
892 3976 1024 4035 puto
1055 3981 1202 4022 nunc
1230 3967 1334 4022 dici
1365 3983 1560 4038 panem
1603 3968 1944 4025 desiderabi-

333 4054 489 4124 lem),
523 4072 627 4113 nec
659 4071 883 4114 carnem
915 4061 1228 4129 comedere,
1263 4077 1366 4117 nec
1395 4071 1422 4099 ει
1468 4062 1654 4118 vinum
1689 4063 1877 4122 bibere
1925 4083 1940 4118 :

331 4151 498 4223 697
544 4150 769 4222 insuper
797 4163 852 4209 et
898 4164 1172 4224 unguenta
1223 4171 1332 4210 non
1380 4172 1648 4228 qumrere.
1687 4157 1789 4225 Qui
1827 4174 1947 4216 mos

333 4246 480 4314 apud
513 4245 709 4302 Persas
737 4256 793 4302 et
818 4247 980 4303 ludos
1008 4247 1173 4304 hodie
1209 4263 1427 4320 quoque
1457 4261 1730 4320 servatur,
1768 4265 1822 4306 ut
1847 4269 1946 4323 pro

333 4336 549 4394 balneis
579 4346 803 4395 utantur
825 4342 1138 4412 unguentis.
1162 4341 1298 4396 Tres
1321 4352 1503 4399 autem
1532 4346 1709 4415 jungit
1743 4345 1948 4403 hebdo-

335 4434 526 4487 madas
565 4432 813 4504 afﬂigens
857 4436 1095 4490 animam
1131 4451 1285 4492 suam
1335 4451 1352 4492 :
1411 4453 1480 4494 ne
1532 4440 1847 4494 transitoria
1891 4449 1949 4497 et

338 4525 564 4583 fortuita
607 4527 858 4584 videatur
904 4529 1241 4600 deprecatio.
1287 4530 1598 4589 Secundum
1645 4534 1946 4606 Anagogen

339 4633 472 4677 vero
520 4619 624 4677 hoc
671 4621 962 4679 dicendum
997 4633 1084 4681 est
1128 4625 1277 4696 quod
1323 4627 1416 4698 qui
1464 4625 1520 4683 in
1552 4627 1703 4685 luctu
1750 4635 1856 4698 est,
1890 4634 1948 4684 et

2045 3300 2192 3355 brico
2235 3301 2433 3370 legitur
2466 3310 2488 3337 θ
2525 3309 2655 3360 13m
2696 3315 2898 3365 oruaz,
2939 3299 3082 3370 quiut
3132 3300 3332 3367 Aquila
3373 3303 3444 3356 ita
3481 3301 3652 3358 inter-

2046 3402 2293 3465 pretatus
2341 3403 2470 3449 est:
2525 3391 2594 3448 Et
2645 3394 2808 3447 lumbi
2857 3396 2972 3464 ejus
3017 3394 3236 3448 accincti
3282 3405 3430 3450 erant
3476 3398 3652 3454 colore

2047 3491 2210 3564 ὠφάζ.

2119 3583 2287 3656 698
2317 3581 2495 3655 (Vers.
2532 3581 2614 3654 6.)
2646 3579 2716 3638 Et
2752 3599 2943 3654 corpus
2971 3585 3084 3658 ejus
3110 3586 3256 3648 quasi
3278 3585 3648 3658 chrysolitlms.

2052 3677 2072 3718 τ
2101 3681 2208 3739 Pro
2250 3683 2624 3756 chrysolitho,
2674 3684 2763 3756 qui
2812 3699 2953 3739 unus
2983 3684 3162 3740 estde
3190 3684 3478 3740 duodecim
3515 3685 3649 3755 lapi-

2049 3776 2208 3834 dibus
2239 3779 2328 3848 qui
2381 3788 2660 3849 ponuntur
2709 3778 2763 3833 itt
2793 3777 2964 3848 Lugii)
2995 3779 3301 3847 Pontificis,
3334 3783 3383 3834 in
3417 3780 3652 3836 Hebtmo

2046 3869 2214 3928 habet
2242 3881 2458 3934 ωηυ-τι
2485 3872 2744 3940 ΤιιΑιιςιε,
2799 3872 2944 3941 quod
2987 3871 3292 3928 'lbeodotio
3317 3886 3368 3929 et
3403 3873 3654 3946 Symma-

2049 3967 2186 4024 chus
2217 3969 2409 4024 eodem
2451 3967 2620 4022 verbo
2673 3967 3019 4037 interpretati
3066 3976 3196 4022 sunt
3231 3984 3246 4023 :
3293 3955 3673 4038 Septuaginta

2048 4077 2180 4118 vero
2209 4079 2352 4118 mare
2375 4061 2810 4132 appellaverunt,
2831 4059 2986 4130 juxta
3024 4060 3158 4115 illud
3187 4059 3330 4129 quod
3356 4060 3408 4114 in
3445 4063 3654 4130 psalmo

2053 4157 2284 4230 legimus
2315 4174 2330 4213 :
2364 4156 2430 4212 In
2454 4157 2642 4230 spiritu
2669 4156 2898 4212 violento
2927 4156 3223 4227 confringes
3256 4171 3413 4210 navet
3438 4155 3658 4214 Tltarsis

2054 4251 2176 4322 (Ps.
2208 4269 2378 4317 XLVII,
2408 4250 2491 4323 8),
2526 4253 2576 4306 id
2603 4260 2708 4316 est,
2732 4252 2912 4306 maris.
2949 4251 3016 4306 Et
3042 4251 3212 4307 Jonas
3243 4249 3435 4322 fugere
3465 4256 3659 4323 cupie-

2053 4347 2149 4402 bat
2178 4363 2283 4402 non
2318 4348 2370 4401 in
2398 4345 2657 4402 That-sum
2688 4351 2878 4402 urbem
2897 4344 3126 4413 Ciliciae,
3154 4357 3210 4400 ut
3237 4348 3486 4417 plerique
3509 4351 3656 4405 msti-

2052 4450 2226 4507 mant,
2248 4440 2489 4496 litteram
2519 4449 2782 4510 ponentes
2799 4454 2896 4509 pro
2926 4440 3127 4507 littera,
3168 4440 3248 4494 vel
3269 4438 3436 4496 ludia:
3466 4443 3650 4513 regio-

2056 4548 2181 4588 nem
2213 4574 2228 4599 ,
2271 4540 2330 4587 ut
2387 4542 2412 4581 ε
2471 4531 2954 4604 putatJoseplius:
2985 4530 3084 4588 sed
3133 4531 3382 4590 absolute
3403 4535 3456 4591 in
3500 4536 3654 4606 pela-

2054 4645 2154 4700 gus
2183 4627 2332 4700 (Jan.
2365 4629 2430 4698 ι).

329 4807 1146 4884 Epocltis_S_yro-Macedonum
1192 4811 1422 4869 Dissert.
1457 4828 1538 4874 tu,
1583 4826 1722 4884 cap.
1751 4813 1818 4882 4,
1851 4810 1942 4884 qui
1968 4812 2022 4875 D
2049 4820 2159 4868 tan.
2188 4809 2400 4878 Aquilae
2425 4819 2634 4884 autem_
2660 4807 2805 4866 hanc
2861 4810 3377 4884 interpretationem
3410 4812 3644 4872 Palatia.

373 4882 492 4936 Iura
533 4880 602 4935 ad
654 4880 796 4936 hunc
845 4881 1161 4953 Hieronymi
1212 4884 1388 4940 locum
1441 4880 1825 4941 illusu-andum
1869 4880 1942 4940 ex

331 4897 588 5009 gummis
623 4953 857 5008 confert.
899 4953 1006 5009 Sed
1037 4965 1093 5008 et
1138 4966 1352 5009 veteres
1386 4957 1772 5009 lnserintiones
1797 4957 1942 5009 eius-

387 4955 588 5028 untmis
623 4953 877 5028 conl'ert._
899 4953 1006 5011 Sed
1037 4965 1093 5008 et
1138 4966 1352 5012 veteres
1386 4957 1772 5028 Inscriptiones
1797 4957 1944 5027 ejus-

331 5025 1210 5100 modi‘supjiutationisuonnullae
1237 5040 1516 5100 superant.

418 5107 444 5134 α
483 5095 575 5151 Sic
603 5096 775 5170 Epist.
801 5112 854 5170 c.
890 5097 1004 5152 sive
1027 5095 1320 5170 Theophili
1358 5099 1637 5157 Paschalis
1667 5117 1745 5169 ut,
1780 5117 1836 5153 ιι.
1878 5102 1942 5156 6:

343 5168 692 5246 Nequaquam
707 5169 880 5246 diebus
896 5168 1323 5246 quadragesima,
1345 5173 1474 5246 sicut
1487 5168 1744 5228 luxuriosi
1767 5173 1944 5227 divites

339 5241 532 5304 solent,
559 5241 664 5294 riui
693 5244 939 5317 poculum
963 5241 1304 5317 suspiremus.
1335 5245 1400 5300 Et
1431 5262 1580 5300 num.
1610 5246 1675 5308 8,
1703 5246 1942 5316 jejunio-

334 5329 456 5366 rum
478 5324 702 5385 tempore
727 5330 758 5365 a
778 5315 892 5386 vino
919 5322 966 5367 et
992 5315 1234 5372 carnibus
1256 5318 1636 5372 abstinendum.
1674 5315 1794 5372 \tid.
1819 5332 1942 5386 qua:

335 5387 394 5440 in
411 5401 534 5441 eum
559 5391 733 5440 locum
750 5385 1134 5444 observamus.
1150 5389 1272 5446 Mox
1287 5390 1460 5445 Palat.
1477 5405 1607 5454 ms.,
1623 5399 1670 5443 et
1685 5385 1944 5460 unguento

335 5473 445 5529 non
476 5473 692 5529 ungere.

477 5526 592 5607 lino
618 5544 749 5584 mss.
775 5547 788 5584 :
814 5529 934 5585 Hoc
952 5535 1405 5607 autemjejunium
1433 5532 1809 5605 impetrabiles,
1833 5541 1940 5590 etc.

351 5601 562 5662 omisso
584 5613 788 5656 sponsa:
817 5605 1060 5662 nomine.

427 5672 449 5700 ε
479 5660 630 5746 ’Τυιέ
658 5669 998 5746 sumsoluens
1026 5660 1281 5746 periodus
1310 5698 1320 5733 :
1359 5677 1509 5734 Unde
1554 5693 1732 5732 eorum
1755 5675 1950 5732 delira-

349 5742 545 5860 g’gﬁg:
569 5745 674 5788 θῑῧ·
705 5743 892 5788 00mm
916 5742 1248 5809 Ul’laonistas
1279 5752 1329 5806 in
1353 5752 1557 5807 nostris
1579 5765 1712 5805 mss.
1733 5765 1838 5806 non
1855 5749 1950 5805 ba-

417 5874 447 5916 ἀ
485 5876 547 5936 lu
572 5877 697 5937 aliis
733 5895 864 5936 mss.
899 5881 1160 5958 ἐξαίρεταν
1196 5927 1209 5950 ,
1241 5890 1296 5938 et
1318 5884 1522 5944 Latinis
1540 5895 1742 5954 litteris
1769 5909 1935 5952 exere-

783 5975 1062 6039 ΡΑι-ιιοι.
1109 5974 1320 6041 XXV.
1393 6019 1400 6027 -

2047 4900 2153 4941 ms.
2189 4884 2433 4945 ascribit,
2468 4897 2576 4937 nun
2605 4881 2958 4952 Symmacho.

2124 4966 2148 4994 ε
2189 4954 2422 5010 Palatio.
2450 4971 2572 5010 cum
2597 4953 3035 5026 Sangermanen.
3073 4970 3244 5024 penes
3271 4956 3641 5014 Montfaucnn.

2049 5044 2152 5104 ms.
2191 5027 2360 5104 Opas,
2400 5039 2571 5104 etpro
2619 5026 2812 5084 Graeco
2861 5031 3026 5104 ὠφὰς,
3069 5031 3216 5100 quod
3262 5029 3641 5100 subsequitur,

2047 5101 2212 5156 latine
2246 5099 2414 5168 opltaz
2445 5099 2650 5169 legunt.

2125 5171 2145 5211 τ
2185 5173 2312 5226 Post
2336 5174 2451 5225 luce
2479 5175 2643 5227 verba
2664 5171 2871 5227 addunt
2910 5171 3040 5226 editi
3068 5171 3191 5227 libri
3220 5189 3232 5226 :
3272 5172 3347 5226 De
3372 5175 3554 5242 quibus
3587 5176 3640 5231 in

2048 5245 2418 5314 explanatione
2471 5243 2756 5298 Ezechielis
2782 5246 2981 5311 plenius
3030 5247 3356 5307 interpretati
3410 5263 3635 5304 sumus:

2045 5335 2183 5373 nunc
2213 5317 2275 5370 de
2305 5316 2624 5389 chrysolitho
2669 5333 2834 5385 pauca
2863 5317 3114 5370 dicamus.
3142 5315 3311 5380 Quem
3344 5320 3638 5382 imperitis-

2047 5391 2244 5444 simqu
2269 5400 2724 5444 commentarium
2775 5391 2957 5443 nullus
2984 5391 3231 5442 CtttliCum
3266 5403 3399 5442 mss.
3424 5403 3639 5448 nostro-

2050 5478 2168 5517 rum
2197 5464 2419 5525 retinet,
2453 5461 2648 5514 l'ul~um
2703 5476 2919 5532 quoque
2950 5469 3005 5534 et
3033 5460 3438 5534 suppositiiium
3471 5479 3639 5534 agno-

2051 5536 2275 5610 scimus,
2300 5536 2422 5606 quia
2457 5529 3078 5610 Hieronymusnondum
3103 5529 3402 5610 scripserat
3429 5538 3479 5587 in
3507 5529 3639 5592 Eze-

2049 5603 2329 5672 chielem,
2371 5620 2493 5660 cum
2545 5603 2824 5660 Dauielem
2874 5603 3284 5658 commenariis
3320 5606 3635 5664 illustravit.

2051 5677 2230 5734 ΜΑιιτ.

2126 5761 2151 5798 ts
2192 5749 2346 5816 Quod
2368 5748 2663 5821 Josephum
2699 5747 2903 5814 laudat,
2939 5745 3134 5801 inutile
3162 5757 3268 5812 est.
3301 5751 3473 5821 inquit
3510 5753 3643 5806 Dru-

2053 5822 2188 5877 sius.
2223 5822 2388 5876 Libro
2419 5819 2563 5874 enim
2616 5837 2690 5880 rx.
2723 5838 2772 5874 c.
2810 5837 2845 5875 ιι
2893 5825 3158 5887 Antiqutt.
3211 5819 3421 5879 diserte
3450 5825 3520 5876 ait
3551 5824 3644 5878 Jo-

2043 5908 2168 5954 natn
2186 5894 2510 5966 prophetam
2530 5893 2792 5966 navigare
2819 5895 3169 5966 proposuisse
3196 5895 3426 5953 Tarsum
3455 5896 3643 5952 urbem

3133 5985 3211 6052 18
