4108 6338
472 260 581 316 555

1726 251 1786 310 S.
1830 249 2102 314 EUSEBLI
2141 251 2398 318 HIERON
2409 253 2524 322 ΥΜΙ

3675 246 3784 308 556

549 373 733 448 (Vers.
795 372 891 445 7.)
945 371 1069 426 Vidi
1125 379 1298 426 autem
1347 386 1438 442 ego
1490 368 1684 424 Daniel
1732 372 1875 428 solus
1915 372 2074 425 visio-
2104 376 2156 448 Α
2182 371 2520 446 captivorum
2545 373 2725 429 omnis
2752 373 2982 444 populus
3012 373 3405 438 dimitteretur.
3439 369 3509 432 Et
3550 366 3781 430 forsitan

480 487 597 529 nem
625 487 644 526 :
670 485 826 543 porro
851 468 949 522 viri
974 468 1063 539 qui
1091 475 1240 521 erant
1295 482 1495 520 mecum
1541 482 1644 520 non
1684 466 1917 522 viderunt
1942 482 1960 536 ς
1988 465 2077 520 sed

477 577 644 624 terror
674 567 864 621 nimius
885 564 1036 619 irruit
1060 580 1214 638 super
1253 581 1360 630 eos,
1392 574 1439 617 et
1483 567 1728 638 fugerunt
1761 565 1814 617 in
1847 563 2073 618 abscon-

475 663 662 717 ditum.
725 660 791 718 Et
823 659 1024 716 Paulus
1049 660 1338 731 apostolus
1370 658 1550 715 simile
1579 658 1711 732 quid
1743 658 1798 714 in
1838 659 2068 716 Actibus

474 755 852 830 apostolorum
885 769 1079 830 passus
1132 765 1240 822 est,
1273 763 1355 823 ut,
1398 753 1615 809 cieteris
1660 768 1768 810 non
1799 753 2081 810 cernenti-

470 848 599 918 bus,
635 849 904 906 visionem
931 846 1088 904 soius
1117 845 1393 918 aspiceret
1419 844 1622 918 (Actor.
1659 846 1814 917 χχιι).

472 987 478 998 .
547 942 732 1020 (Vers.
786 941 902 1017 10.)
959 938 1028 994 Et
1076 956 1190 995 ecce
1247 956 1430 996 manus
1482 940 1646 1012 tetigit
1672 955 1774 1006 me,
1815 948 1864 992 et
1914 937 2076 993 erexit

473 1018 733 1112 me‘super
761 1052 927 1110 genua
957 1053 1094 1103 mea,
1127 1044 1232 1092 etc.
1276 1035 1334 1091 In
1376 1034 1617 1092 hominis
1651 1035 1820 1110 ﬁgura
1861 1018 2080 1089 videtur

469 1135 722 1208 angelus,
755 1145 810 1190 et
842 1135 1138 1189 humanam
1167 1132 1235 1187 ad
1267 1131 1595 1206 prapltetam
1646 1130 1921 1202 jacentem
1954 1129 2080 1183 mit-

472 1229 540 1286 tit
569 1244 826 1285 manum:
859 1237 917 1284 ut
947 1227 1032 1284 sui
1059 1225 1279 1298 generis
1310 1239 1516 1298 corpus
1547 1223 1830 1300 aspiciens
1871 1236 2079 1293 nequa-

477 1339 641 1396 quam
678 1331 895 1394 paveat.

547 1417 730 1490 (Vers.
767 1414 883 1488 ii.)
907 1444 976 1456 —-
1001 1411 1071 1469 Et
1099 1415 1234 1470 dixit
1261 1414 1330 1468 ad
1365 1429 1481 1468 me:
1526 1412 1722 1468 Daniel
1769 1413 1844 1466 vir
1876 1411 2080 1468 deside-

470 1510 693 1575 riorum,
725 1519 832 1566 etc.
861 1506 1248 1578 Congrueuter
1265 1507 1349 1560 vir
1383 1503 1789 1561 desideriorum
1824 1514 2076 1570 vocatur,

472 1602 565 1673 qui
590 1601 845 1657 instantia
877 1615 1104 1671 precum
1137 1608 1193 1658 et
1225 1597 1524 1654 afﬂictione
1553 1596 2077 1672 corporis,jejunio-

470 1709 703 1768 rumque
732 1693 936 1750 duritia
981 1693 1136 1766 cupit
1167 1693 1311 1748 scire
1335 1699 1590 1760 ventura,
1645 1699 1701 1747 et
1731 1690 1824 1747 Dei
1858 1700 2073 1750 secreta

2189 482 2314 522 cum
2341 469 2520 540 prima
2561 469 2651 528 die
2675 483 2740 534 ex
2775 483 2881 548 quo
2909 469 3091 544 posuit
3115 483 3210 526 cor
3233 482 3389 524 suum
3426 463 3687 538 propheta
3716 461 3784 520 ad

2184 560 2626 636 intelligendum,
2656 564 2946 626 exauditus
2972 565 3092 622 sita
3113 563 3249 628 Deo,
3295 559 3504 622 idcirco
3528 573 3636 614 non
3667 567 3784 612 sta-

2180 654 2278 709 tim
2334 655 2534 712 missus
2590 665 2677 714 est
2730 655 2960 728 angelus
3009 655 3103 724 qui
3136 654 3190 718 ei
3249 653 3347 708 Dei
3379 647 3782 720 indulgentiam

2181 746 2460 806 nuntiaret
2491 766 2504 802 :
2537 750 2661 824 quia
2727 749 2920 822 viginti
2967 757 3024 810 et
3076 761 3184 806 uno.
3225 745 3424 806 diebus
3478 740 3680 806 restitit
3730 739 3783 796 ei

2181 841 2440 920 princeps
2470 841 2792 912 Persarum,
2837 857 3170 906 enumerans
3200 849 3432 922 peccata
3465 836 3652 918 pepuli
3683 836 3783 894 Ju-

2180 935 2448 1006 daeorum,
2499 939 2644 1012 quod
2673 939 2820 1012 juste
2851 948 3170 1004 tenerentur
3201 935 3426 1010 captivi,
3486 942 3543 996 ct
3582 929 3784 992 dimitti

2182 1048 2289 1086 non
2316 1032 2604 1098 deberent,

2258 1126 2326 1180 Et
2351 1143 2468 1181 erce
2499 1126 2726 1184 Michael
2755 1144 2887 1182 unus
2913 1127 2978 1182 de
3003 1123 3326 1200 principibus
3356 1123 3538 1196 primis
3567 1119 3700 1175 venit
3732 1119 3784 1174 in

2182 1220 2505 1292 adjutorium
2539 1221 2664 1275 mihi
2693 1221 2875 1296 [γυιε.
2909 1203 3124 1293 meum].
3151 1219 3466 1286 liesisteute
3488 1215 3782 1272 Persarum

2177 1313 2374 1388 angelo
2399 1313 2655 1388 precibus
2678 1318 2806 1384 tuis,
2828 1323 2883 1369 et
2911 1329 3047 1370 mea:
3076 1313 3364 1388 legationi,
3384 1311 3474 1392 qui
3503 1310 3785 1366 orationes

2179 1415 2302 1462 tuas
2331 1407 2442 1464 Deo
2466 1407 2782 1476 offerebam,
2815 1409 2967 1463 venit
2997 1407 3050 1462 in
3079 1405 3414 1480 adjutotium
3450 1403 3584 1460 mihi
3613 1419 3783 1474 ange-

2181 1501 2266 1557 lus
2295 1502 2529 1559 Michael
2552 1505 2642 1581 qui
2670 1514 2871 1576 prteest
2899 1503 3103 1578 populo
3133 1501 3325 1567 lsrael.
3373 1498 3657 1572 Principes
3689 1513 3785 1554 au-

2177 1605 2288 1653 tem
2323 1598 2550 1674 primos,
2581 1597 2944 1680 archangelos
2973 1596 3364 1674 intelligimus.

2253 1689 2321 1744 Et
2352 1709 2443 1762 ego
2472 1693 2699 1748 remansi
2728 1692 2799 1747 ibi
2820 1694 2979 1764 juxta
3013 1707 3187 1764 regem
3231 1688 3540 1746 Persarum.
3580 1686 3784 1758 Rrng

471 1802 829 1864 cognoscere.
887 1786 994 1842 Pro
1023 1787 1132 1841 viro
1179 1784 1560 1840 desideriorum
1589 1782 1960 1856 Symmachus
1987 1783 2074 1838 in-
2109 1787 2155 1856 Β
2185 1783 2476 1848 Persarum
2507 1787 2786 1857 angelum,
2820 1785 2873 1846 id
2903 1798 3012 1851 εει,
3044 1785 3346 1857 principem
3379 1793 3558 1847 vocat,
3601 1791 3656 1840 et
3696 1796 3786 1836 os-

470 1889 808 1953 terpretatus
854 1889 964 1948 est,
1017 1880 1187 1933 virum
1226 1875 1649 1932 desiderabilem.
1696 1875 1887 1936 Omnis
1933 1875 2082 1930 enim

470 1985 696 2032 sanctus
736 1973 951 2031 habens
978 1973 1036 2030 in
1068 1988 1129 2029 se
1157 1973 1356 2030 animae
1385 1969 1880 2044 pulchritudinem,
1927 1983 2080 2024 ama-

472 2078 562 2126 tttr
589 2085 620 2126 a
647 2070 900 2124 Domino.

547 2165 749 2239 (Vers.
785 2165 875 2220 12.
904 2164 921 2236 )
976 2163 1045 2218 Et
1070 2163 1205 2220 dixit
1234 2168 1306 2216 ad
1325 2178 1448 2218 me:
1525 2159 1656 2216 Noli
1684 2171 1937 2226 metuere,
1971 2157 2083 2214 Da-

475 2262 580 2316 niel
605 2277 623 2315 :
653 2261 776 2330 quia
802 2275 866 2314 ea:
885 2258 969 2314 die
998 2259 1165 2331 primo
1192 2275 1292 2330 quo
1345 2256 1569 2330 posuisti
1611 2271 1701 2311 cor
1727 2267 1873 2310 tuum
1894 2254 1963 2309 ad
1995 2256 2081 2308 in-

471 2357 831 2428 telligendum,
861 2364 916 2409 ut
947 2364 994 2410 te
1021 2355 1290 2428 affligeres
1313 2353 1369 2410 in
1396 2361 1679 2424 conspectu
1711 2350 1808 2412 Dei
1833 2350 1939 2424 [AL
1973 2348 2086 2404 Do-

476 2451 626 2525 mini]
663 2454 759 2521 tui,
805 2450 1054 2507 exaudita
1084 2457 1206 2506 sunt
1247 2448 1400 2503 verba
1451 2457 1564 2516 tua,
1602 2458 1650 2501 et
1696 2462 1791 2518 ego
1845 2461 2084 2518 egressus

473 2561 590 2602 sum
620 2546 689 2599 ad
717 2544 868 2599 verba
890 2552 980 2599 tua
997 2542 1181 2617 [Vulg.
1205 2543 1319 2596 veni
1345 2550 1576 2613 propter
1599 2553 1889 2596 sermones
1914 2536 2079 2610 lttOs].

480 2637 752 2695 Vicesima
790 2646 986 2709 quarta
1031 2637 1122 2694 die
1168 2636 1375 2692 mensis
1426 2635 1611 2706 primi,
1665 2631 1720 2689 id
1748 2643 1856 2706 est,
1888 2631 2079 2696 Nisan,

474 2731 710 2803 expletis
735 2732 908 2787 tribus
935 2728 1399 2796 hebdomadibus,
1435 2727 1543 2784 hoc
1572 2737 1690 2797 est,
1745 2725 1936 2798 viginti
1967 2725 2082 2782 die-

470 2825 571 2886 bus
602 2837 659 2884 et
687 2841 798 2883 uno
828 2827 1004 2892 cernit
1031 2825 1172 2880 hanc
1205 2824 1478 2884 visionem
1505 2840 1520 2882 :
1577 2832 1634 2878 et
1684 2822 1836 2877 audit
1887 2821 1955 2876 ab
1986 2837 2086 2884 an-

471 2925 618 2996 gelo,
645 2923 789 2995 quod
823 2938 888 2978 ex
921 2920 1012 2978 die
1045 2919 1224 2992 primo
1252 2934 1360 2991 quo
1383 2933 1544 2974 orare
1571 2918 1825 2990 cmperit,
1862 2927 1917 2974 ct
1938 2914 2084 2970 allii-

469 3035 601 3092 gere
632 3033 694 3075 se
723 3019 777 3073 in
799 3027 1102 3088 conspectu
1137 3015 1254 3078 Dei,
1281 3015 1542 3078 exaudita
1575 3023 1706 3069 sunt
1731 3012 1899 3069 verba
1933 3013 2079 3086 ejus.

475 3114 776 3182 Qumritur,
825 3113 872 3168 si
915 3112 1103 3168 statim
1147 3109 1438 3166 exauditus
1470 3117 1578 3176 est,
1623 3124 1721 3162 cur
1753 3124 1862 3162 non
1893 3108 2080 3162 statim

2189 1879 2364 1936 tendit
2388 1881 2710 1958 quodjuxta
2741 1881 3058 1938 Michaelem
3092 1879 3166 1938 sit
3194 1879 3482 1952 paululum
3517 1886 3785 1944 moratus,

2187 1973 2277 2046 qui
2305 1980 2496 2028 eontra
2522 1973 2830 2054 principem
2855 1974 3148 2030 Persarum
3181 1971 3540 2044 loquebatur.

2263 2065 2452 2140 (Vers.
2495 2069 2609 2140 ixi.)
2677 2068 2809 2122 Veni
2837 2078 3008 2124 autent
3055 2075 3112 2121 ut
3141 2067 3378 2126 docerem
3431 2075 3479 2122 te
3499 2081 3616 2142 quw
3661 2080 3784 2126 ceu—
3833 2081 3844 2088 ·

2188 2167 2308 2218 tura
2335 2160 2437 2215 sint
2459 2161 2654 2236 populo
2683 2171 2772 2216 tuo
2802 2163 2853 2215 in
2881 2160 3172 2216 novissimis
3217 2160 3421 2216 diebus.
3473 2157 3628 2228 Quod
3685 2156 3790 2218 Da-

2186 2253 2298 2310 niel
2330 2253 2661 2328 deprecatus
2684 2265 2788 2322 est,
2825 2254 2928 2309 hoc
2949 2269 2978 2308 a
3005 2253 3116 2310 Deo
3142 2263 3388 2316 meretur
3414 2251 3630 2318 audire,
3657 2249 3790 2322 quid

2186 2349 2425 2405 futurum
2455 2351 2527 2405 sit
2557 2351 2760 2430 popqu
2805 2350 2974 2408 lsrael
3025 2364 3133 2406 non
3165 2351 3216 2406 in
3276 2349 3455 2414 vicino
3511 2358 3786 2420 tempore,

2185 2445 2280 2500 sed
2317 2445 2484 2524 τοο
2515 2445 2566 2499 in
2599 2445 2916 2500 novissimis
2945 2445 3175 2512 diebus,
3213 2443 3266 2500 id
3297 2454 3412 2514 rat,
3443 2443 3498 2502 in
3529 2456 3790 2500 consum-

2186 2539 2428 2593 matione
2459 2537 2667 2594 saeculi.

2257 2631 2441 2704 (Vers.
2487 2631 2603 2706 16.)
2657 2643 2680 2670 α
2708 2631 2932 2692 Domine
2955 2634 3048 2702 mi,
3081 2634 3134 2688 in
3181 2633 3374 2688 visione
3415 2641 3504 2692 tua
3554 2629 3786 2690 dissolu-

2185 2737 2251 2784 ta:
2277 2737 2397 2789 sunt
2430 2745 2705 2806 compages
2739 2745 2889 2800 ntere,
2921 2739 3026 2788 etc.
3062 2729 3154 2786 Sic
3184 2726 3491 2788 Theodolio
3518 2725 3790 2794 interpre-

2188 2833 2335 2879 tatus
2365 2834 2480 2896 est,
2516 2823 2676 2893 juxta
2730 2824 2862 2878 illud
2895 2823 3039 2896 quod
3095 2823 3148 2878 in
3188 2822 3492 2882 centesimo
3546 2815 3790 2876 secundo

2186 2917 2398 2988 psalmo
2431 2917 2664 2990 legimus
2691 2936 2706 2974 :
2742 2917 3001 2985 Bentdic,
3029 2917 3207 2972 anima
3232 2933 3384 2991 mea,
3434 2914 3688 2982 Domino,
3740 2921 3791 2971 et

2185 3014 2363 3068 omnia
2389 3015 2640 3069 interiora
2669 3030 2804 3082 mea,
2825 3031 3009 3070 nomen
3039 3021 3275 3074 sanctum
3301 3014 3434 3092 ejus.
3453 3009 3610 3066 Prius
3639 3009 3788 3064 cuitu

2185 3123 2348 3180 quam
2378 3109 2645 3174 visionem
2673 3108 2776 3172 Dei
2801 3109 2990 3172 videre
3017 3122 3346 3174 ttlcreatuur,
3367 3105 3636 3164 interiora
3661 3121 3789 3164 uos-

472 3208 640 3292 699
667 3206 732 3262 ad
766 3223 890 3263 eum
926 3206 1128 3261 missus
1159 3205 1233 3259 sit
1282 3204 1534 3276 angelus.
1585 3201 1720 3258 Data
1772 3210 1860 3256 est
1899 3201 1954 3256 ei
1978 3215 2078 3272 per
2105 3188 2151 3264 Ω
2183 3211 2262 3256 tra
2297 3201 2445 3256 foras
2473 3203 2750 3278 aspiciunt
2777 3218 2792 3272 ί
2825 3217 2946 3266 cum
2975 3211 3166 3264 autem,
3191 3200 3492 3258 viderimus
3518 3199 3786 3256 visionem

475 3317 686 3362 moram
715 3301 932 3362 occasio
961 3299 1203 3371 amplius
1227 3297 1398 3354 Deum
1432 3295 1761 3370 deprecandi
1788 3314 1800 3351 :
1834 3304 1892 3351 ιιι
1922 3311 1989 3352 cx
2012 3310 2080 3354 eo

471 3398 614 3470 quod
645 3396 764 3468 plus
791 3394 1097 3458 desiderat,
1150 3408 1247 3468 per
1284 3391 1532 3448 laborem
1572 3389 1694 3462 plus
1735 3389 1928 3446 audire
1959 3405 2076 3444 me-

474 3501 680 3548 reatur.
739 3490 897 3559 Quod
930 3497 1111 3543 autem
1145 3486 1261 3541 ait:
1299 3485 1366 3539 Et
1412 3501 1504 3558 ego
1549 3485 1813 3554 ingressus
1867 3501 1981 3546 sunt
2009 3483 2078 3546 ad

475 3585 626 3641 verba
655 3595 766 3653 tua,
802 3583 945 3638 hunc
992 3580 1159 3636 habet
1203 3594 1430 3636 sensum
1463 3597 1477 3632 :
1523 3578 1819 3650 Postquam
1872 3585 1928 3634 tu
1967 3591 2079 3634 coe-

476 3679 606 3749 piSti
637 3677 798 3733 bonis
831 3674 1115 3747 operibus,
1146 3681 1202 3730 et
1225 3673 1484 3746 Iacrymis
1514 3680 1678 3743 atque
1709 3672 1926 3744 jejunio
1979 3672 2077 3728 Dei

476 3770 734 3825 invocare
783 3767 1246 3832 misericordiam,
1299 3774 1355 3820 et
1411 3779 1514 3836 ego
1573 3765 1761 3836 accepi
1826 3764 2081 3820 occasio-

481 3871 718 3928 nem,ut
770 3859 1092 3932 ingrederer
1125 3861 1180 3914 in
1229 3869 1531 3925 consttectu
1584 3857 1702 3926 Dei,
1761 3868 1815 3913 et
1864 3872 2083 3916 orarem

478 3970 581 4028 pro
603 3964 678 4012 te.

547 4049 734 4124 (Vers.
768 4046 886 4120 i3.)
937 4045 1192 4118 Princeps
1232 4047 1602 4118 aulem.regni
1657 4043 1945 4099 Persarum
1997 4060 2082 4099 re-

471 4145 602 4199 stitit
629 4141 760 4197 mihi'
787 4141 967 4213 viginti
998 4150 1046 4195 et
1067 4156 1170 4195 uno
1195 4139 1398 4194 diebus.
1435 4139 1667 4195 Videtur
1684 4139 1816 4194 mihi
1844 4139 1930 4194 hic
1955 4151 2080 4200 esse

478 4237 708 4309 angelus
753 4234 838 4291 cui
869 4233 1054 4289 Persis
1085 4233 1292 4288 credita
1319 4241 1422 4299 est,
1483 4232 1640 4300 juxta
1679 4231 1816 4287 illud
1847 4231 1996 4302 quod
2024 4233 2081 4288 in

475 4329 902 4385 Deuteronomio
933 4327 1165 4398 legimus
1191 4343 1202 4380 :
1242 4325 1470 4394 Quando
1494 4324 1756 4380 dividebat
1779 4325 2083 4380 Altissimus

475 4435 645 4498 gentes
676 4433 724 4480 et
749 4422 1120 4478 disseminabat
1180 4419 1318 4491 ﬁlios
1367 4418 1536 4474 Adam
1570 4421 1792 4474 :statuit
1834 4421 2082 4474 terminos

391 4558 402 4572 ο
468 4523 700 4594 gentium
729 4521 886 4591 juxta
925 4531 1201 4572 numerum
1227 4516 1530 4588 angelorum
1562 4511 1664 4569 Dei
1690 4515 1874 4585 (Deut.
1905 4531 2078 4583 xxxu,

2184 3293 2723 3361 Dei,couvertcntur
2773 3297 2826 3350 in
2876 3312 2976 3351 nos
3007 3298 3272 3351 interiora
3334 3304 3548 3368 nostra,
3590 3295 3685 3352 toti
3733 3293 3786 3348 in

2182 3391 2290 3448 illis
2315 3407 2504 3454 sumus
2535 3391 2604 3458 tie
2635 3392 2831 3462 quibus
2884 3401 2940 3452 et
2973 3393 3025 3450 iu
3081 3392 3192 3454 alio
3217 3392 3436 3470 psalmo
3478 3390 3786 3452 scribitur:

2190 3483 2375 3544 Omnis
2397 3485 2570 3560 gloria
2602 3487 2714 3560 ejus
2743 3486 2869 3555 ﬁliw
2919 3502 3101 3568 regunt
3133 3485 3159 3524 ι)
3191 3485 3254 3548 ab
3298 3486 3464 3564 intus,
3485 3486 3544 3546 in.
3568 3486 3788 3558 fimbriis

2181 3581 2353 3636 aureis
2378 3579 2494 3646 (Ps.
2529 3597 2672 3648 xuv,
2708 3582 2824 3652 ιιι).

2257 3672 2592 3748 (Vcrs.19.)
2651 3672 2881 3748 Cumque
2931 3675 3233 3747 loqueretur
3287 3689 3530 3750 mecum,
3597 3690 3790 3729 conca.-

2184 3766 2282 3834 lui,
2315 3774 2362 3821 et
2393 3766 2542 3822 dixi:
2587 3763 2848 3838 Loquere,
2899 3765 3126 3828 Domine
3168 3768 3262 3834 uti,
3312 3767 3448 3844 quia
3484 3766 3790 3840 conformati

2183 3877 2281 3914 me.
2313 3859 2376 3913 Et
2408 3860 2503 3914 ait.
2554 3857 2670 3915 Nisi
2696 3861 2840 3916 enim
2864 3859 3242 3924 couiortasset,
3262 3875 3390 3922 eum
3421 3870 3600 3924 tactus
3631 3858 3787 3930 quasi

2184 3954 2281 4010 lilii
2313 3954 2578 4024 hominis,
2611 3966 2665 4010 et
2693 3971 2862 4028 pavor
2917 3957 3247 4022 recessisset
3274 3971 3345 4020 ex
3390 3955 3580 4022 corde,
3607 3970 3790 4014 sacra-
3837 3983 3842 3986 -

2185 4059 2366 4104 menta
2405 4049 2495 4104 Dci
2528 4047 2721 4116 audire
2755 4063 2861 4106 non
2895 4059 3134 4121 poterat.
3173 4060 3227 4114 et
3257 4049 3463 4112 idcirco
3491 4065 3638 4110 nunc
3664 4049 3743 4104 ait
3773 4066 3785 4103 :

2185 4145 2326 4214 Quia
2350 4141 2675 4202 confortasti
2710 4160 2818 4210 me,
2849 4145 3108 4216 loquere.
3143 4145 3398 4210 Domine.
3432 4142 3520 4210 Tu
3541 4143 3688 4200 ettim
3713 4142 3789 4207 fe-

2186 4237 2306 4292 cisti
2337 4248 2396 4293 ut
2428 4238 2656 4312 possint,
2680 4246 2732 4294 et
2755 4237 2966 4306 audire,
2991 4247 3048 4296 et
3069 4237 3278 4304 sentire
3299 4254 3420 4310 quin
3447 4236 3713 4310 loqueris.

2260 4330 2444 4402 (Vers.
2486 4330 2603 4402 :20.)
2655 4329 2930 4402 Numquid
2974 4333 3074 4388 scis
3120 4349 3282 4406 quare
3331 4332 3554 4388 venerim
3594 4332 3664 4386 ad
3693 4333 3789 4386 te?

2187 4437 2237 4482 et
2293 4443 2430 4482 nunc
2458 4435 2684 4481 revertar
2707 4435 2760 4480 ut
2793 4427 3004 4499 pra'lier
3033 4429 3305 4488 adversum
3336 4425 3623 4498 principem
3656 4424 3787 4478 Per-

2190 4537 2386 4573 sarum.
2439 4518 2593 4588 Quod
2626 4519 2758 4578 dit-it
2787 4519 2890 4580 hoc
2919 4531 3001 4576 est
3028 4538 3040 4576 :
3107 4521 3238 4578 chi
3282 4517 3499 4600 quidem
3531 4529 3588 4574 ut
3617 4517 3784 4576 dot-c-

479 4615 558 4686 8).
586 4615 681 4669 isti
715 4621 841 4667 sunt
871 4612 1146 4681 principes
1175 4610 1244 4664 de
1276 4610 1473 4679 Quibus
1508 4621 1563 4665 et
1614 4609 1834 4690 Paulus
1857 4621 2078 4682 aposlo-
2106 4601 2158 4661 D
2185 4629 2302 4669 rem
2335 4623 2386 4670 te
2413 4615 2704 4670 exauditus
2736 4631 2928 4688 preces
2956 4623 3117 4676 tuas:
3165 4613 3264 4672 scd
3314 4628 3638 4670 reversurus
3665 4627 3786 4672 sum

477 4711 565 4765 lus
623 4709 908 4778 loquitur:
970 4705 1298 4774 Sapientiam
1338 4706 1602 4776 loquimur
1639 4705 1772 4759 inter
1800 4705 2075 4775 perfectos,

476 4818 633 4870 quam
664 4800 841 4854 nullus
874 4798 1167 4868 principum
1199 4798 1378 4852 sceculi
1407 4796 1564 4869 hujus
1589 4798 1846 4868 cognovit.
1865 4798 1926 4853 Si
1947 4799 2083 4852 enim

477 4892 851 4966 cognovissent,
884 4906 1163 4960 numquam
1185 4887 1469 4952 Dominum
1498 4891 1681 4963 gloria'
1701 4890 2082 4958 cruriﬁxiswnl

470 4989 522 5068 (_l
551 4986 674 5050 Cor,
709 5001 770 5054 u,
807 4985 884 5056 6).
911 4983 1140 5046 Restitit
1161 4994 1348 5050 autem
1372 4985 1654 5055 princeps,
1685 4984 1740 5044 id
1767 4993 1884 5050 est.
1917 4998 2084 5054 auge-

470 5083 564 5142 lus
581 5082 901 5150 Persarum,
935 5079 1150 5142 faciens
1172 5095 1274 5151 pro
1303 5080 1511 5136 credita
1536 5079 1640 5135 sibi
1675 5081 1982 5152 provincia,
2014 5096 2084 5138 ne

475 5287 699 5368 Cilicim.
729 5285 1046 5368 Sed_et_lib.
1073 5300 1114 5352 ι,
1141 5300 1299 5368 0...“;
1329 5284 1566 5368 Tlt‘arg's,
1593 5285 1791 5368 inquit,
1815 5296 1890 5368 est
1906 5286 2080 5368 Tuas.

471 5379 582 5416 sus.
621 5361 712 5420 Sic
743 5360 1036 5426 antiquitus
1067 5357 1348 5416 uocabatur
1378 5356 1588 5412 Cilicia.
1625 5356 1776 5414 Unde
1819 5357 2087 5430 hodieque-

476 5431 675 5496 Tarsus
703 5432 850 5499 atmdt
873 5447 968 5489 eos.
1004 5432 1236 5486 maxima
1277 5431 1538 5484 ciuitatum
1591 5430 1748 5483 totius
1796 5432 2082 5500 prouinciae

475 5507 981 5578 mitigatum_ttonten
1011 5503 1246 5578 retinuit,
1275 5504 1306 5578 β
1351 5502 1402 5554 in
1450 5501 1492 5553 Τ
1523 5509 1742 5555 mutato.
1785 5502 1918 5578 Quia
1941 5504 2084 5578 ipse

549 5573 690 5645 naue
737 5576 884 5636 llier.
934 5575 1028 5630 ubi
1065 5573 1222 5632 Junii:
1274 5575 1452 5628 locum
1486 5574 1836 5645 enaurattsic
1866 5573 2063 5630 habet:

531 5643 631 5712 nde
654 5648 898 5706 incitatus
931 5646 1082 5708 Cain.
1115 5655 1162 5704 et
1193 5645 1444 5700 recedam
1465 5663 1496 5699 a
1543 5644 1678 5710 facie
1713 5643 1949 5713 Domini,
1976 5652 2062 5715 fu-

473 5736 589 5786 gere
619 5719 776 5771 voluit
825 5719 876 5770 in
905 5717 1137 5779 Tharsis,
1190 5735 1344 5786 quam
1391 5715 1650 5784 Iosephus
1689 5717 2064 5785 interpretatur

472 5777 698 5852 Tarsum
716 5788 913 5860 Cilicia
939 5777 1213 5860 civitatem;
1231 5790 1406 5860 prima
1423 5777 2066 5858 tanlumjlittera'commu-

465 5870 594 5918 tata.
620 5859 860 5924 Proinde
885 5859 1196 5930 suspicatur
1216 5859 1362 5918 hunc
1386 5860 1570 5920 locum
1590 5860 1792 5918 cubare
1822 5861 2058 5920 inmen-

2186 4722 2403 4762 rursum
2438 4719 2495 4762 ut
2542 4723 2775 4779 pugnem
2818 4717 3006 4764 contra
3059 4708 3363 4779 principem
3413 4707 3703 4764 Pcrsnrum
3733 4709 3784 4762 in

2186 4811 2484 4871 conspectu
2507 4802 2630 4870 Dei,
2652 4803 2744 4874 qui
2778 4817 2884 4860 non
2929 4803 3052 4860 vult
3075 4802 3338 4878 populum
3375 4812 3525 4868 tuum
3555 4801 3624 4862 de
3657 4816 3784 4874 cap-

2187 4894 2401 4952 tivitate
2431 4893 2627 4952 laxari.

2259 4988 2388 5043 Cum
2408 4990 2552 5044 enim
2581 4986 2766 5060 [Vulg.
2813 4986 2962 5061 ergo]
2991 4986 3302 5060 'egred'erer,
3345 4987 3594 5060 apparuit
3641 4987 3789 5059 prin-

2186 5099 2305 5155 ceps
2327 5081 2636 5142 ercorum
2673 5084 2968 5160 ingrediens
3013 5081 3196 5158 [Vulg
3243 5081 3495 5156 veniens].
3529 5081 3665 5164 Ego,
3703 5081 3786 5138 in-

2183 5289 2276 5354 do,
2306 5290 2496 5361 sicque
2522 5291 2754 5348 fortasse
2778 5292 3208 5352 restituendum:
3236 5290 3358 5346 Non
3387 5292 3442 5344 in
3465 5290 3686 5356 Tarsum
3707 5291 3789 5358 Ci.-

2183 5361 2337 5437 liciag.
2366 5373 2420 5437 ut
2450 5372 2598 5434 putat
2632 5363 2916 5437 Josephus.
2965 5363 3212 5437 litteram,
3238 5380 3435 5434 ponens
3459 5381 3559 5434 pro
3587 5365 3784 5434 littera,

2182 5436 2261 5489 uel
2293 5432 2464 5507 ludite
2488 5432 2771 5506 regionem,
2793 5447 2850 5491 ut
2872 5438 3107 5507 pter-ique
3131 5432 3456 5490 existimant.

2184 5578 2193 5586 _
2253 5515 2277 5542 α
2305 5505 2483 5588 Nostri
2515 5523 2644 5588 mss.
2670 5526 2682 5563 :
2709 5505 2950 5574 Domine,
2984 5505 3036 5562 in
3066 5509 3260 5562 uisione
3287 5518 3380 5562 tua
3396 5523 3642 5564 conversa
3664 5525 3778 5564 σιμ-ι

2176 5581 2430 5632 interiora
2454 5597 2564 5634 men
2595 5581 2644 5632 in
2676 5597 2773 5634 me.

2245 5649 2271 5686 ι)
2297 5649 2470 5706 Vatic.
2503 5661 2555 5704 et
2589 5652 2843 5716 l’alatin.,
2873 5652 3204 5716 intrinsecus,
3233 5656 3536 5716 tacente“?
3556 5652 3781 5716 Ιξιτίῐέιεν-

2344 5722 2561 5789 ﬁmbriis
2585 5724 2779 5776 imre-is.
2817 5711 3022 5778 Victor.
3059 5740 3128 5780 ex
3175 5711 3404 5784 Ῡιιιεέιιδ
3452 5711 3696 5789 εάῖιίοιιβ
3725 5727 3790 5778 et.

2169 5785 2368 5866 Gmcﬁo
2399 5796 2525 5860 μίαν
2545 5797 2682 5866 ποθὴ
2710 5794 2786 5848 es.
2811 5796 2970 5866 εηιμε,
2985 5796 3162 5866 ,Ρειστο
3179 5791 3306 5841 ante
3326 5797 3519 5840 vocem
3546 5785 3778 5857 psalmo,

2169 5880 2289 5934 quae
2307 5865 2518 5935 deerat,
2547 5865 2614 5925 ex
2644 5881 2772 5924 msg.
2809 5865 3150 5934 surrectmus.
