4108 6338
348 251 456 312 557

1125 246 1772 314 COMMENTARIORUM
1811 244 1876 316 ιδ
1919 244 2270 316 MNIELEM
2312 246 2531 320 LLBER.
2573 247 2729 310 CAP.
2769 250 2860 310 XI.

3549 255 3661 326 i258

348 366 492 438 quit,
521 364 846 438 egrediebar
875 363 944 428 de
962 371 1264 434 conspectu
1281 363 1404 432 Dei,
1431 372 1487 424 ut
1517 362 1612 422 tibi
1643 361 1952 426 nuntiarem
1983 365 2031 438 Α
2061 361 2450 434 prophetarum
2471 373 2574 430 est,
2598 375 2828 438 repente
2844 380 3107 438 personas
3129 369 3290 450 703
3311 368 3659 434 introducere

346 476 474 534 qute
503 468 734 516 ventura
766 467 895 516 sunt
922 460 1126 536 populo
1157 469 1247 520 tuo
1277 458 1334 520 in
1365 458 1685 518 novissimis
1707 457 1901 518 diebus
1935 473 1948 512 :

347 553 488 612 licet
515 553 695 616 adhuc
726 569 833 612 non
863 555 970 616 sim
994 568 1248 623 securus,
1277 562 1464 610 stante
1488 551 1779 614 Persarum
1804 551 1954 622 prin-

347 648 493 718 cipe,
529 656 583 708 et
610 647 1030 710 contradicente
1056 649 1163 708 tuis
1188 648 1443 722 precibus
1471 661 1534 706 ac
1565 663 1699 704 meae
1730 647 1954 718 legatio-

348 742 429 804 ni.
465 745 533 802 Et
556 759 686 806 ecce
709 744 966 818 princeps
997 743 1338 810 ϐτιυεοτιιω,
1367 741 1418 800 id
1441 753 1549 810 est,
1575 739 1954 816 Macedonum,

349 836 638 904 veniebat,
672 847 728 894 et
756 837 1040 914 ingressus
1063 846 1150 894 est
1176 837 1226 892 in
1263 847 1563 908 conspectu
1606 835 1726 900 Dei,
1769 844 1828 892 ut
1865 849 1954 896 ac-

350 943 580 985 cusaret
608 931 899 986 Persarum
939 931 1238 1006 principem
1271 941 1437 1001 atque
1467 929 1745 988 Medorum
1774 945 1785 984 :
1817 937 1874 988 ut
1903 929 1954 990 in

348 1021 540 1085 locum
571 1039 788 1092 eorum,
835 1039 1063 1100 regnum
1100 1023 1456 1082 Macedonum
1513 1023 1855 1080 succederet.
1888 1021 1958 1078 Et

349 1133 557 1178 revera
585 1120 726 1182 mira
755 1129 1097 1180 sacramenta
1130 1121 1226 1178 Dei
1254 1137 1269 1188 ;
1309 1121 1490 1180 laxato
1509 1119 1663 1182 enim
1686 1119 1754 1177 de
1785 1120 1956 1200 capti—

350 1213 530 1270 vitate
570 1215 774 1285 populo
803 1214 1152 1284 Iudaeorum,
1182 1216 1474 1276 Persarum
1521 1231 1745 1290 regnum
1793 1227 1959 1290 atque

348 1305 660 1382 Medorum,
685 1309 978 1370 interiecto
1005 1308 1188 1376 Dario,
1213 1310 1480 1372 subvertit
1499 1309 1833 1376 Alexander,
1862 1325 1957 1370 rex

346 1398 739 1472 Macedonum,
763 1411 814 1462 et
845 1402 1106 1478 princeps
1135 1402 1458 1468 Graecorum
1489 1402 1621 1460 vicit
1651 1403 1956 1480 principem

350 1493 648 1558 Persarum
660 1537 674 1552 .

438 1591 809 1654 Verumtamen
834 1593 1154 1654 annuntiabo
1180 1593 1271 1654 tibi
1302 1593 1442 1666 quod
1471 1609 1779 1664 expressum
1806 1602 1880 1650 est
1908 1593 1961 1652 in

348 1690 618 1761 scriptura
664 1689 920 1746 veritatis.
963 1688 1062 1746 Hic
1119 1689 1256 1746 ordo
1294 1689 1552 1750 lectionis
1583 1695 1710 1752 est:
1764 1685 1961 1746 Adhuc

2053 455 2171 514 sine
2200 455 2305 518 ulla
2339 457 2656 527 ρτωῐςιιίοιια
2683 460 2978 526 verborum
3007 479 3024 522 ς
3052 471 3112 524 ut
3139 475 3225 520 est
3254 463 3392 522 illud
3423 464 3476 520 in
3509 465 3654 536 psal-

2055 566 2146 608 mo
2187 552 2466 610 tricesimo
2496 553 2705 624 primo;
2735 569 2861 614 cum
2890 558 3038 616 enim
3068 567 3318 632 rogasset
3366 559 3656 622 Dominum.

2055 646 2346 718 propheta,
2377 656 2433 708 et
2461 647 2692 712 dixiSset
2720 665 2732 704 :
2766 649 2844 708 Tu
2871 669 2922 710 cs
2945 651 3205 724 refugium
3236 670 3406 708 meum
3436 670 3468 708 a
3498 655 3661 709 tribu-

2057 738 2250 802 latione
2278 739 2306 780 δ
2336 757 2450 800 mea
2477 758 2590 811 qua:
2635 742 2974 800 circumdedit
3023 761 3143 816 me;
3186 745 3464 808 exsultatio
3513 764 3658 818 mea,

2056 848 2178 890 erue
2211 850 2290 892 me
2326 852 2354 889 a
2395 835 2834 898 circumdantibus
2881 853 2992 903 me,
3030 848 3260 906 repente
3297 854 3530 919 persona
3561 837 3660 896 Dei

2056 925 2423 990 introducitur
2467 930 2854 1006 respondentis
2887 949 2900 986 :
2933 929 3266 992 Intellectum
3299 933 3390 990 tibi
3414 934 3572 1000 dabo,
3614 943 3666 989 et

2057 1024 2316 1082 iustruam
2342 1033 2390 1084 te
2417 1023 2470 1080 in
2497 1024 2579 1082 via
2607 1022 2706 1078 hac
2734 1041 2835 1098 qua
2854 1026 3110 1098 gradieris
3138 1042 3157 1082 :
3187 1027 3404 1098 ﬁrmabo
3433 1045 3588 1101 super
3618 1038 3668 1084 te

2059 1119 2236 1176 oculos
2281 1135 2417 1178 meas
2467 1117 2651 1193 (Vera.
2698 1120 2756 1186 7,
2791 1121 2869 1192 8).
2928 1119 3073 1194 Ergo
3103 1129 3159 1177 et
3209 1136 3354 1180 nunc
3409 1131 3670 1186 narrante

2059 1213 2328 1292 propheta
2355 1229 2368 1266 :
2397 1212 2482 1270 Ab
2512 1215 2858 1288 anno;primo
2887 1214 3036 1276 Darii
3063 1214 3224 1280 Medi,
3256 1214 3468 1276 stabam
3497 1227 3552 1276 et
3572 1216 3666 1272 de-

2060 1307 2346 1378 precabar,
2379 1316 2438 1368 ut
2464 1306 2876 1372 confortaretur
2920 1319 2976 1368 et
3017 1309 3374 1370 roboraretur
3409 1309 3527 1382 ejus
3563 1311 3668 1374 im-

2062 1401 2294 1482 perium,
2328 1401 2470 1460 Deus
2499 1412 2731 1473 repente
2760 1401 3045 1478 respondit
3072 1418 3088 1460 :

2136 1493 2318 1565 (Vere.
2350 1490 2432 1564 ἓ.)
2462 1522 2532 1536 -
2565 1493 2633 1550 Et
2681 1511 2820 1554 nunc
2866 1496 3133 1552 ueritatem
3175 1496 3497 1556 aununtiabo
3554 1498 3668 1560 tibi.

2063 1587 2267 1660 Estque
2295 1602 2494 1652 sensus
2526 1606 2539 1644 :
2571 1588 2706 1662 Quia
2737 1590 2821 1646 vis
2844 1604 3018 1654 nosse
3033 1589 3102 1664 de
3130 1590 3422 1656 Persarum
3455 1594 3675 1666 regibus

2061 1679 2192 1752 quid
2221 1679 2462 1744 futurum
2489 1681 2591 1750 sit.
2625 1682 2752 1748 audi
2779 1683 3034 1747 ordinem
3061 1701 3280 1756 rerum,
3325 1696 3382 1744 et
3427 1690 3673 1750 ausculta

344 1799 441 1844 res
473 1786 528 1846 in
551 1783 714 1842 dubio
739 1793 844 1842 est.
872 1783 949 1844 Te
981 1784 1127 1842 enim
1157 1794 1417 1860 precante
1448 1784 1766 1852 Dominum,
1795 1781 1956 1864 701

2063 1775 2206 1852 quod
2229 1761 2450 1848 (μανι-ἴε.

347 1888 407 1936 et
470 1895 559 1940 me
617 1879 882 1940 olft‘rente
937 1881 1214 1938 orationes
1274 1890 1431 1949 tuas,
1495 1889 1603 1936 stat
1651 1896 1682 1935 e
1734 1881 1961 1958 regione

343 1974 606 2048 princeps
651 1973 966 2041 Persarum,
1019 1983 1076 2038 et
1120 1991 1228 2034 non
1259 1975 1378 2036 vult
1409 1975 1674 2056 populum
1711 1983 1862 2034 tuum
1893 1973 1962 2032 de

345 2068 672 2140 captivitate
717 2069 908 2124 laxari.
960 2069 1072 2139 Ego
1096 2079 1304 2134 autem,
1359 2070 1485 2142 quia
1510 2068 1662 2126 venit
1700 2070 1960 2142 princeps

346 2160 694 2226 Graecorum,
729 2170 784 2218 et
813 2161 1032 2218 interim
1061 2172 1263 2238 pugnat
1294 2169 1490 2220 contra
1511 2161 1809 2236 principem
1832 2159 1962 2224 Per-

347 2273 564 2325 sarum,
595 2258 801 2318 hahens
822 2257 932 2314 illic
957 2257 1281 2314 Michaelem
1316 2257 1370 2316 in
1395 2256 1756 2326 adiutorium,
1784 2255 1962 2314 donec

347 2351 436 2410 illi
462 2352 608 2410 inter
639 2367 698 2408 se
739 2351 1024 2417 dimicant,
1083 2354 1318 2414 referam
1372 2351 1469 2408 tibi
1498 2366 1621 2422 quae
1652 2351 1796 2410 Deus
1827 2348 1960 2410 mihi

344 2444 534 2501 futura
560 2445 894 2518 praedixerit,
920 2456 976 2504 et
1003 2446 1096 2502 tibi
1149 2446 1420 2502 narranda
1455 2447 1798 2518 praeceperit.
1825 2445 1956 2502 Nul-

344 2537 504 2610 liquc
535 2539 745 2598 oriatur
775 2541 1065 2614 serupulus
1092 2555 1257 2614 quare
1289 2556 1390 2614 pro
1440 2541 1689 2616 principe
1711 2539 1964 2598 Macedo—

347 2653 540 2706 num,
610 2639 917 2710 principem
977 2639 1300 2702 Graecorum
1361 2637 1611 2706 dixerit,
1672 2636 1778 2694 hoc
1845 2649 1958 2704 est,

342 2731 619 2798 Ἑλλήνων.
648 2732 964 2796 Alexander
994 2735 1142 2790 enim
1181 2749 1278 2794 rex
1308 2731 1687 2799 Macedonum,
1723 2733 1959 2802 primum

341 2827 617 2890 subversa
664 2826 896 2897 Cra-eia,
927 2835 984 2884 et
1015 2826 1264 2899 subjecta
1294 2825 1550 2897 potestati
1574 2841 1685 2882 sua:
1711 2870 1724 2896 ,
1762 2826 1813 2880 in
1839 2825 1964 2882 Per-

340 2936 446 2983 sas
468 2936 620 2986 arma
650 2920 940 2990 corripuit.

425 3009 492 3074 Et
526 3031 670 3072 nemo
700 3023 774 3072 est
803 3015 1016 3082 adjutar
1051 3031 1192 3076 meus
1227 3015 1283 3070 in
1323 3013 1560 3070 omnibus
1587 3011 1692 3078 his,
1724 3011 1824 3068 nisi
1857 3009 1961 3066 Mi-

341 3106 501 3170 chael
534 3109 773 3181 princeps
803 3116 985 3166 uester.
1025 3107 1140 3179 Ego
1180 3121 1334 3176 sum,
1369 3105 1578 3180 inquit,
1610 3104 1834 3178 angelus
1867 3103 1959 3160 ille

2135 1869 2206 1928 Et
2247 1885 2360 1928 ecce
2405 1880 2507 1932 tres
2553 1871 2728 1934 adhuc
2776 1890 2920 1950 reges
2969 1875 3177 1938 stabunt
3225 1877 3280 1934 in
3328 1875 3545 1940 Perside
3576 1893 3595 1932 :
3626 1888 3679 1936 et

2061 1972 2275 2038 quartus
2303 1963 2555 2024 dilabitur
2595 1965 2780 2042 apibus
2818 1967 2990 2026 nimiis
3030 1986 3184 2046 super
3215 1986 3392 2031 omnes
3418 1985 3436 2025 :
3465 1979 3512 2026 et
3557 1986 3678 2026 cum

2064 2055 2339 2110 innotuerit
2388 2056 2580 2111 divitiis
2629 2059 2775 2125 suis,
2829 2061 3107 2115 concitabit
3167 2079 3344 2116 omnes
3405 2063 3678 2120 aduersum

2060 2166 2280 2222 regnum
2314 2149 2550 2214 ϐαθείας.
2596 2153 2844 2219 Quatuor
2878 2170 3036 2234 reges
3074 2165 3196 2236 post
3226 2156 3429 2230 Cyrum
3459 2157 3593 2216 dicit
3619 2159 3674 2212 in

2063 2241 2288 2300 Perside
2315 2254 2693 2312 surrecturus,
2710 2243 3018 2318 Cambysen
3045 2248 3216 2316 lilium
3244 2248 3398 2320 Cyri,
3415 2259 3470 2310 et
3493 2249 3680 2308 Siner-

2065 2336 2168 2406 rlen
2232 2336 2444 2409 Magum
2503 2339 2595 2408 qui
2643 2339 2951 2410 Pantapten
2997 2342 3163 2406 tiliam
3209 2341 3496 2416 Cambysis
3525 2342 3680 2408 duxit

2066 2445 2314 2490 uxorem.
2348 2432 2450 2500 Qui
2483 2447 2605 2496 cum
2638 2448 2667 2492 a
2697 2444 2907 2510 septem
2937 2435 3105 2516 Magis
3135 2435 3328 2492 fuisset
3352 2438 3594 2509 occisus,
3626 2449 3682 2494 et

2064 2521 2116 2578 in
2150 2522 2330 2580 locum
2363 2523 2481 2600 ejus
2516 2524 2710 2588 Darius
2743 2525 3084 2598 suscepisset
3126 2528 3450 2600 imperium,
3485 2531 3677 2588 eadem

2065 2615 2359 2690 Pantaptes
2407 2619 2596 2692 nupsit
2645 2619 2844 2694 Dario,
2892 2631 2950 2678 et
2995 2637 3061 2677 ex
3105 2639 3173 2680 eo
3224 2623 3448 2684 Xerxen
3490 2627 3683 2698 genuit

2065 2710 2257 2779 lilium,
2283 2711 2376 2782 qui
2401 2711 2818 2790 potentissimus
2839 2729 2937 2774 rex
2956 2724 3017 2771 et
3035 2714 3366 2786 ditissimus,
3389 2718 3681 2780 adversum

2064 2803 2334 2862 Cra-ciam
2366 2805 2823 2868 innumerabilem
2854 2807 3010 2868 duxit
3033 2811 3370 2876 exercitum,
3393 2822 3448 2870 et
3469 2828 3532 2870 ea
3557 2830 3685 2884 ges-

2064 2898 2135 2954 sit
2163 2913 2283 2968 quae
2307 2898 2623 2955 Graecorum
2649 2913 2874 2956 narrant
2907 2900 3174 2958 historiae.
3209 2901 3507 2964 Succendit
3528 2905 3678 2962 enim

2063 2988 2305 3054 Athenas
2334 2992 2437 3052 sub
2470 2993 2722 3066 principe
2751 2994 2944 3066 Callia,
2986 2995 3308 3068 bellumque
3333 3013 3400 3054 eo
3430 3007 3680 3070 tempore

2064 3097 2277 3164 gestuin
2305 3098 2392 3146 est
2424 3089 2480 3146 in
2508 3087 2922 3162 Thermopylis,
2955 3101 3009 3150 et
3038 3091 3184 3164 apud
3210 3092 3546 3150 Salaminam
3581 3111 3677 3150 na-

339 3204 443 3274 qui
462 3169 642 3260 alia...
671 3169 786 3264 Deo
815 3169 1104 3264 oratione;
1126 3213 1269 3269 tuas,
1299 3169 1355 3256 ei
1385 3169 1574 3260 nanus
1597 3169 1846 3256 estvalius
1868 3195 1958 3267 qui
1985 3169 2034 3244 Ε
2064 3182 2185 3274 vale
2207 3190 2490 3240 certamen
2522 3201 2536 3239 =
2563 3182 2787 3258 quando
2808 3181 3116 3256 Sophocles
3143 3197 3198 3242 et
3221 3184 3522 3258 Euripides
3541 3187 3679 3246 clari

341 3298 570 3368 adiutor
604 3315 763 3360 meus
793 3301 866 3360 sit
912 3299 1139 3372 rogandi
1170 3315 1269 3370 pro
1297 3297 1452 3356 vobis
1489 3297 1692 3363 Deum,
1723 3294 1829 3352 nisi
1868 3293 1962 3350 Mi-

350 3391 520 3452 cbael
577 3393 974 3465 archangetns,
1023 3394 1110 3452 cui
1161 3392 1404 3452 creditus
1448 3399 1534 3456 est
1583 3389 1818 3464 populus
1870 3388 1963 3446 Ju-

343 3485 620 3544 dreorum.
655 3487 722 3544 Et
757 3487 974 3544 interim
1020 3485 1128 3544 hoc
1175 3496 1422 3562 tempore
1470 3498 1574 3558 ego
1618 3493 1675 3539 et
1706 3481 1962 3560 princeps
2007 3513 2009 3516 ι

347 3577 674 3640 Graecorum
729 3579 1006 3640 communi
1055 3579 1246 3640 labore
1309 3578 1604 3637 adversum
1665 3575 1961 3634 Persarum

345 3672 656 3744 principem
720 3671 1067 3731 dimicamus.
1136 3670 1512 3730 Revolveudte
1565 3679 1690 3730 sunt
1747 3677 1963 3728 veteres

344 3763 626 3830 historiae,
656 3775 710 3822 et
742 3774 768 3802 δ
799 3764 1262 3824 considerandum
1305 3779 1377 3822 ne
1411 3764 1556 3825 forte
1586 3761 1714 3818 illud
1750 3771 1962 3834 tempus

347 3858 628 3934 signiticet
655 3859 874 3932 quando
915 3859 1100 3918 Persa:
1139 3858 1416 3916 a'Grmeis
1457 3857 1588 3914 victi
1627 3863 1770 3914 sunt.
1798 3854 1959 3918 Juxta

347 3952 648 4012 editionem
682 3952 970 4026 Vulgatam
1000 3968 1171 4024 usque
1200 3951 1266 4008 ad
1301 3951 1464 4008 linem
1498 3949 1624 4006 libri
1664 3963 1769 4006 una
1801 3961 1960 4020 puta-

347 4057 442 4110 tur
466 4047 630 4115 visio,
654 4064 774 4120 quae
802 4063 948 4106 anno
991 4049 1152 4104 tertio
1183 4047 1308 4124 Cyri
1339 4045 1504 4117 Regis
1531 4045 1822 4104 Persarum
1863 4057 1961 4116 ap-

349 4142 540 4212 paruit
580 4141 816 4206 Danieli.
855 4141 1031 4202 Porro
1067 4141 1219 4214 juxta
1266 4139 1594 4202 llebraicam
1633 4139 1955 4208 veritatem,

349 4246 608 4308 separata
629 4246 755 4294 sunt
782 4251 905 4310 quae
929 4244 1257 4310 sequuntur,
1287 4242 1344 4294 et
1374 4233 1574 4306 scripta
1603 4232 1796 4290 Ordine
1821 4246 1960 4304 pra:-

349 4340 598 4404 poatero.
637 4331 718 4390 De
744 4330 900 4403 cujus
930 4331 1111 4390 causis
1147 4345 1317 4404 supra
1353 4328 1632 4388 diximus:
1659 4326 1778 4384 Non
1809 4325 1956 4390 enim

349 4425 460 4486 sub
498 4425 628 4497 Cyri
656 4440 800 4482 anno
832 4427 1016 4493 tertio,
1049 4425 1148 4482 sed
1175 4425 1278 4480 sub
1308 4423 1456 4482 Darii
1488 4424 1666 4498 primo
1696 4421 1789 4493 qui
1829 4421 1958 4480 sub-

348 4519 518 4578 vertit
544 4519 849 4590 Balthasar,
875 4529 1164 4580 narrantur
1196 4521 1298 4580 ista
1325 4534 1448 4593 quae
1479 4519 1684 4590 scripta
1711 4527 1861 4576 sunt.

2066 3272 2439 3343 habebantur,
2497 3287 2551 3334 et
2602 3275 3003 3332 Themistocles
3057 3278 3114 3338 in
3165 3278 3364 3334 Persas
3417 3279 3676 3352 fugiens,

2066 3368 2262 3434 hausto
2292 3372 2430 3428 tauri
2463 3369 2748 3446 sanguine,
2785 3370 2971 3442 periit.
3004 3367 3232 3430 Frustra
3260 3374 3432 3445 igitur
3453 3375 3675 3445 quidam

2063 3464 2288 3528 Darium
2320 3482 2502 3540 regem
2533 3475 2813 3540 quartum,
2837 3469 2932 3540 qui
2954 3469 3022 3530 ab
3043 3467 3358 3530 Alexandro
3382 3481 3675 3541 superatus

2063 3569 2176 3630 est,
2210 3560 2437 3628 scribit;
2464 3562 2556 3632 qui
2585 3576 2698 3618 non
2728 3573 2994 3634 (Iunctus,
3038 3562 3134 3622 sed
3167 3573 3400 3636 quartus
3427 3564 3675 3624 decimus

2063 3662 2189 3730 post
2214 3653 2418 3726 Cyrum
2461 3653 2756 3716 Persarum
2784 3671 2883 3712 rex
2921 3655 3025 3716 fuit
3056 3673 3070 3710 :
3102 3671 3270 3728 quem
3303 3657 3540 3728 septimo
3570 3659 3675 3715 im-

2066 3749 2208 3822 perii
2247 3749 2332 3804 sui
2362 3763 2508 3808 anno
2532 3757 2589 3806 et
2617 3749 2904 3822 superavit
2929 3760 2984 3806 et
3015 3749 3216 3810 occidit
3246 3749 3580 3810 Alexander.
3609 3753 3678 3810 Et

2064 3841 2362 3900 notandum
2393 3842 2538 3920 quod
2559 3883 2578 3908 ,
2615 3849 2854 3914 quatuor
2882 3851 3009 3920 post
3033 3842 3234 3913 Cyrum
3279 3844 3500 3918 regibus
3537 3844 3672 3902 Per-

2062 3951 2244 3998 sarum
2275 3937 2638 4004 euumeratis,
2666 3952 2864 3994 norem
2891 3947 2912 3977 ο
2946 3939 3283 4012 praeterierrit
3310 3946 3366 3994 et
3389 3939 3674 4000 transierit

2061 4030 2128 4088 ad
2169 4027 2564 4084 Alexandrum.
2596 4027 2716 4088 Non
2759 4029 2913 4086 enim
2949 4043 3094 4086 cura:
3135 4028 3234 4088 fuit
3274 4029 3492 4100 spiritui
3542 4044 3672 4104 pro-

2061 4124 2268 4195 phetali
2292 4122 2536 4184 historia:
2554 4121 2808 4186 ordinem
2831 4123 3010 4194 sequi,
3031 4121 3124 4180 sed
3150 4123 3416 4198 praeclara
3439 4139 3671 4198 quaeque

2063 4221 2460 4294 perstringere.
3159 4239 3164 4243 ·

2131 4316 2295 4394 703
2325 4315 2513 4390 (Ῡθτεο
2559 4313 2642 4388 δι)
2685 4315 2877 4388 Surget
2918 4330 3041 4374 vero
3077 4329 3172 4376 rea:
3225 4315 3393 4386 fortis,
3429 4324 3476 4370 et
3497 4317 3666 4372 domi.

2060 4413 2270 4470 nubitur
2291 4420 2540 4482 potestate
2561 4410 2768 4472 multa:
2796 4419 2846 4468 et
2873 4410 3030 4482 faciet
3059 4408 3201 4480 quod
3224 4409 3477 4481 placuerit
3498 4409 3566 4466 ei.
3599 4408 3667 4466 Et

2061 4524 2176 4561 rum
2223 4507 2442 4572 steterit,
2488 4513 2782 4560 conteretur
2823 4517 3042 4574 regnum
3085 4503 3218 4572 eius.
3252 4501 3548 4576 Perspicue
3596 4503 3668 4559 de

427 4610 590 4682 (Cap.
621 4611 800 4672 XL—
826 4613 982 4670 Vers.
1012 4612 1089 4686 1.)
1124 4613 1234 4685 Ege
1279 4622 1456 4672 autem
1496 4613 1561 4669 ab
1599 4629 1740 4668 anno
1784 4613 1952 4682 primo
1977 4608 2030 4670 Β
2057 4617 2258 4672 magno
2301 4599 2614 4664 Alexandro
2663 4612 2796 4670 NBG
2849 4596 3206 4660 Macedonum
3259 4597 3523 4668 loquitur.
3573 4599 3667 4669 qui

347 4701 508 4764 Darii
544 4703 688 4764 Medi
727 4706 962 4774 stabam,
993 4714 1049 4764 ut
1078 4708 1464 4780 confortaretur
1509 4714 1556 4762 et
1593 4705 1947 4764 raberaretur.

351 4800 488 4869 Ego,
519 4799 695 4870 inquit
727 4799 954 4868 Daniel,
997 4800 1064 4856 ab
1092 4815 1235 4858 anno
1269 4801 1444 4880 primo
1480 4798 1624 4872 regis
1667 4799 1816 4862 Darii
1858 4797 1950 4874 qui

346 4891 628 4958 subrertit
678 4892 990 4962 Chaldaeos,
1017 4905 1072 4952 et
1125 4909 1214 4950 rue
1253 4893 1322 4952 de
1371 4909 1532 4956 manu
1570 4893 1948 4961 inimicorum,

346 4996 614 5062 quantum
654 4985 710 5042 in
743 5001 804 5046 se
832 4986 964 5054 fuit,
996 4987 1251 5044 liberavit
1278 4987 1380 5059 (ob
1427 4985 1730 5046 custodiam
1775 5001 1951 5043 meam

347 5080 520 5142 etiam
551 5077 726 5138 laeum
756 5079 980 5142 leonum
1009 5092 1106 5138 suo
1138 5079 1359 5154 signans
1390 5078 1616 5144 annulo,
1650 5093 1716 5140 ne
1747 5093 1834 5138 me
1861 5078 1955 5136 ud-

350 5173 581 5232 versarii
612 5171 1042 5246 interficerent),
1071 5173 1282 5235 stabam
1314 5172 1366 5228 in
1399 5181 1697 5246 conspectu
1729 5171 1858 5236 Dei,
1899 5180 1955 5227 et

353 5267 614 5342 rogabam
641 5268 760 5346 eius
791 5268 1174 5334 clementiam,
1204 5283 1302 5338 pro
1332 5282 1398 5324 eo
1428 5267 1520 5338 qui
1548 5283 1638 5328 me
1663 5265 1953 5338 diligebat,

353 5373 416 5424 ut
439 5362 868 5430 contortaretur,
894 5364 977 5419 vel
1010 5363 1148 5434 ipse,
1175 5362 1259 5416 vel
1287 5376 1510 5432 regnum
1541 5361 1683 5434 ejus,
1711 5369 1768 5415 et
1794 5360 1957 5418 robo-

347 5464 585 5522 raretnr.
614 5456 861 5528 Cumque
896 5458 950 5518 in
973 5457 1233 5518 oratione,
1259 5454 1638 5534 persisterem,
1671 5455 1810 5520 haec,
1844 5453 1953 5512 Do-

355 5549 503 5606 mino
554 5549 942 5622 reipondente,
999 5549 1254 5624 cognovi.
1304 5545 1731 5610 Consuetudinis
1769 5556 1954 5616 autem

427 5668 454 5704 υ
485 5656 672 5736 Nostri
701 5682 835 5728 mea.
863 5668 1094 5736 ipseque
1115 5665 1398 5728 Victorius
1425 5681 1492 5722 ex
1522 5663 1858 5727 Florentinis
1882 5661 1962 5726 sic

359 5731 566 5800 legunt.
596 5735 768 5792 Antea
791 5731 1202 5794 coinciderandaz.

431 5802 456 5840 δ
505 5803 966 5884 Abestanostri's
1019 5823 1146 5862 Inss.
1197 5825 1483 5884 niea,qu-.e
1532 5825 1632 5864 vos
1683 5823 1857 5880 nc-lue
1909 5807 1962 5862 in

359 5874 561 5932 Greco
588 5884 674 5932 est
702 5883 875 5933 teuto.

2059 4692 2295 4764 Philippi
2321 4693 2464 4748 titius
2493 4691 2586 4752 fuit
2621 4709 2636 4746 :
2670 4691 2760 4752 hic
2785 4689 2934 4750 enim
2968 4689 3225 4764 Illyricis,
3247 4690 3666 4763 Tbracibusque

2060 4786 2357 4860 superatis,
2382 4786 2526 4842 victa
2553 4785 2766 4844 Graecia
2799 4783 3112 4856 Thebisque
3138 4785 3448 4853 subuersis,
3479 4793 3664 4842 trans-

2060 4881 2160 4940 ivit
2205 4882 2260 4936 in
2309 4879 2499 4938 Asiam
2540 4897 2553 4934 :
2597 4886 2652 4936 et
2693 4877 2896 4949 fugatis
2951 4877 3096 4934 Darii
3150 4876 3661 4946 ducibus,-urbem

2059 4974 2250 5038 Sardis
2271 4975 2418 5044 cepit
2445 4990 2458 5028 :
2489 4984 2787 5048 posteaque
2811 4981 2972 5046 capta
2994 4971 3165 5042 India,
3189 4983 3247 5030 et
3268 4975 3401 5032 urbe
3431 4973 3666 5031 Alexan-

2060 5075 2175 5132 dria
2208 5073 2458 5144 condita,
2501 5089 2626 5132 cum
2679 5073 2897 5145 triginta
2939 5081 2998 5130 et
3035 5073 3176 5136 duos
3227 5075 3409 5130 aetatis
3438 5072 3666 5129 haberet

2057 5183 2254 5234 annos,
2288 5175 2344 5225 et
2370 5167 2754 5230 duodecimum
2785 5167 3002 5238 imperii
3033 5182 3273 5233 annum,
3302 5166 3358 5228 in
3385 5165 3664 5239 Babylone

2065 5279 2282 5322 veneno
2307 5263 2494 5336 periit.

2131 5357 2318 5432 (ναῖε.
2367 5357 2452 5432 ὁ.)
2502 5355 2571 5414 Et
2614 5357 2873 5414 dividetur
2924 5356 2982 5410 in
3022 5365 3247 5427 qualiter
3292 5361 3466 5412 uentos
3502 5351 3667 5419 caeli:

2061 5453 2153 5510 sed
2185 5469 2288 5512 non
2331 5453 2386 5512 in
2415 5461 2648 5524 posteros
2676 5452 2788 5528 rjur
2809 5492 2825 5520 ,
2869 5465 3028 5520 neque
3060 5449 3344 5504 secundum
3381 5446 3670 5522 potentiam

2063 5545 2206 5610 illius
2233 5555 2340 5620 qua
2373 5547 2678 5604 dominatus
2715 5555 2811 5602 est.
2851 5543 2986 5619 Post
3024 5529 3401 5604 Alexandrum
3442 5542 3498 5600 in
3525 5557 3668 5616 qua—

2146 5673 2166 5701 °
2211 5661 2346 5718 Puta
2371 5661 2716 5720 Artaxerxen
2729 5657 3152 5728 Longimauum,
3176 5655 3426 5724 Xerxen,
3447 5656 3675 5727 Sogdia-

2074 5750 2228 5798 uum,
2257 5734 2480 5798 Darium
2515 5734 2766 5798 nothum,
2798 5736 3142 5788 Artaxerxen
3172 5729 3538 5796 Memnonem,
3564 5728 3672 5784 Ar—

2075 5816 2335 5862 taxerrcn
2366 5806 2601 5870 Ochum,
2632 5806 2903 5867 Arsetcm,
2931 5800 3152 5859 Darium
3179 5801 3553 5864 Codomauum
3586 5799 3679 5874 qui

2067 5879 2142 5932 ab
2163 5876 2480 5933 Alexandro
2499 5883 2790 5945 superatos
2816 5883 2923 5930 est.
