4104 6336
458 284 567 345 559

1718 288 1778 346 S.
1817 286 2089 348 EUSEBII
2128 290 2516 352 HIERONYMI

3664 299 3772 357 560

459 417 590 465 tuor
616 416 809 463 ventos
835 405 963 463 coeli
993 423 1005 461 :
1035 406 1303 463 orientem
1328 406 2063 479 videlicet,etoccidentem,
2090 412 2143 473 Α
2172 429 2309 484 quas
2338 431 2482 471 nunc
2508 412 2779 469 Liburnas
2810 422 3029 478 vocant,
3067 412 3220 469 mille
3245 413 3601 486 quingentas;
3634 416 3773 471 alias

459 502 767 567 meridiem,
802 510 858 557 et
892 501 1348 572 septentrionem,
1378 519 1602 573 regnum
1646 503 1795 559 illius
1824 504 2063 559 divisum

460 609 566 652 est.
600 596 655 649 ln
689 595 925 668 {Egypto
967 595 1115 652 enim
1167 598 1375 668 primus
1431 598 1689 668 regnavit
1738 598 2065 653 Ptolemazus

458 690 587 760 Lagi
619 690 785 753 ﬁlius,
818 689 872 744 id
905 699 1026 757 est,
1058 690 1125 746 ad
1158 690 1463 747 meridiem.
1506 691 1561 746 In
1590 691 1904 748 Macedonia
1935 691 2065 747 Phi-

455 784 656 854 lippus,
701 785 794 856 qui
825 796 879 841 et
924 785 1179 852 Aridens,
1213 787 1381 840 frater
1410 785 1738 851 Alexandri.
1777 786 1827 841 id
1859 794 1961 852 est,
1995 785 2063 842 ad

456 879 817 935 occidentem.
840 877 1013 951 Syriae
1034 886 1090 933 et
1119 880 1437 952 Babylonis,
1463 888 1519 934 et
1548 879 1890 950 superiorum
1916 880 2063 935 loco-

453 988 600 1038 rum,
652 972 917 1028 Seleucus
964 971 1225 1041 Nicanor,
1264 972 1313 1027 id
1345 980 1459 1036 est,
1494 973 1559 1027 ad
1592 974 1885 1028 orientem.
1918 973 2063 1028 Asite

454 1077 509 1122 et
539 1066 700 1123 Ponti
734 1077 1171 1138 cmterarumque
1214 1068 1266 1122 in
1298 1068 1417 1134 ipsa
1452 1069 1606 1139 plaga
1652 1068 2058 1135 provinciarum

452 1162 781 1233 Antigonus,
812 1162 866 1217 id
898 1174 1004 1231 est,
1031 1163 1095 1216 ad
1121 1163 1579 1233 septentriOnent.
1609 1163 1735 1218 llzec
1758 1163 2058 1219 secundum

455 1256 620 1311 totius
658 1256 810 1310 orbis
842 1256 1027 1327 plagas
1061 1255 1319 1311 dicimus.
1348 1254 1624 1311 Cmterum
1669 1258 1759 1327 qui
1792 1257 1844 1312 in
1872 1256 2057 1313 Judtea

452 1361 569 1419 est,
601 1352 667 1407 ad
699 1352 1029 1424 Aquilonem
1062 1354 1313 1423 Syriam,
1358 1366 1413 1409 et
1451 1354 1518 1408 ad
1568 1354 1847 1409 Meridiem
1891 1353 2058 1425 rEgy-

452 1457 607 1518 ptum
652 1446 839 1502 habet.
884 1447 1040 1516 Quod
1083 1456 1263 1501 autem
1296 1448 1416 1501 ait:
1449 1448 1537 1502 sed
1582 1465 1685 1502 non
1726 1448 1781 1501 in
1826 1456 2056 1514 posteros

449 1543 585 1613 ejus,
623 1542 725 1597 hoc
754 1543 1049 1610 signiﬁcat,
1081 1542 1224 1611 quod
1260 1542 1465 1597 liberos
1496 1557 1601 1598 non
1635 1542 1886 1598 habuerit
1917 1562 1929 1597 :
1959 1541 2055 1598 sed

447 1648 676 1704 regnum
727 1633 898 1703 ipsius
954 1637 1005 1689 in
1049 1634 1260 1690 alienos
1309 1634 1605 1689 laceratum
1654 1634 1773 1689 sit:
1818 1644 2055 1705 excepto

446 1726 619 1785 fratre
645 1728 923 1801 Philippo,
959 1730 1051 1802 qni
1080 1729 1405 1785 Macedonas
1433 1730 1626 1785 tenuit.
1654 1729 1839 1798 Neque
1865 1744 2055 1785 secun-

2167 507 2236 561 ad
2264 508 2471 563 cibaria
2505 508 2735 563 militum
2768 506 3141 579 deportanda,
3177 506 3328 562 mille
3364 525 3377 562 :
3411 510 3526 562 auri
3554 524 3773 579 quoque

2167 610 2221 657 et
2245 590 2458 672 argen‘ti
2488 603 2695 673 grande
2725 603 2938 673 pondus
2962 622 2976 656 :
3004 603 3075 657 ita
3103 612 3162 655 ut
3187 605 3256 657 de
3277 600 3512 673 Egypto
3541 616 3635 671 per
3656 600 3777 656 sin-

2166 696 2321 765 gulos
2349 711 2522 751 annos
2552 696 2961 765 quatuordecim
3006 696 3173 751 millia
3193 738 3207 761 ,
3255 704 3310 752 et
3348 694 3655 765 octingenta
3686 704 3775 751 ta-

2163 786 2307 843 lenta
2352 788 2561 859 argenti
2610 790 2881 858 acceperit
2908 807 2919 843 :
2946 797 3001 845 et
3045 788 3301 844 frumenti
3348 788 3566 843 artabas
3607 789 3773 857 (quae

2164 898 2421 939 mensura
2449 896 2558 937 tres
2584 884 2795 939 modios
2826 892 2881 939 et
2909 882 3125 938 tertiam
3155 883 3324 938 modii
3344 896 3553 955 partem
3579 880 3772 951 habet)

2165 979 2458 1049 quinquies
2481 987 2535 1034 et
2566 979 2749 1035 decies
2778 992 3007 1036 centena
3040 966 3229 1034 m'illia.

2237 1077 2425 1149 (Vers.
2469 1078 2550 1148 6.)
2592 1078 2658 1132 Et
2708 1089 2822 1149 post
2865 1079 3023 1149 ﬁnem
3073 1094 3329 1132 annorum
3376 1076 3771 1149 faderabuntur

2164 1172 2305 1244 (sive
2324 1217 2338 1241 ,
2367 1183 2425 1227 ut
2453 1172 2762 1228 Tlteodotio
2790 1172 3185 1241 interpretatus
3214 1180 3337 1230 est:
3366 1169 3434 1225 Et
3457 1179 3572 1244 post
3598 1184 3770 1224 annos

2160 1264 2303 1321 illius
2340 1266 2781 1337 commiscentur).
2808 1264 2857 1318 F
2862 1267 3052 1338 iliaque
3082 1266 3218 1339 regis
3265 1266 3443 1320 Austri
3485 1264 3647 1319 veniet
3693 1264 3771 1317 ad

2158 1375 2331 1431 regem
2376 1361 2669 1431 Aquilonis,
2706 1360 2878 1430 facere
2931 1361 3213 1414 amicitiam
3240 1368 3328 1415 :et
3378 1374 3481 1412 non
3521 1357 3770 1412 obtinebit

2162 1453 2523 1522 fortitudinem
2551 1452 2774 1521 brachii,
2801 1470 2893 1506 nec
2914 1452 3067 1507 stabit
3099 1469 3272 1506 semen
3299 1454 3447 1524 ejus;
3471 1457 3516 1503 et
3530 1449 3768 1504 tradetur

2160 1548 2301 1619 ipsa,
2344 1558 2392 1601 et
2436 1548 2525 1619 qui
2554 1548 2885 1602 adduxerunt
2932 1564 3043 1601 eam
3064 1548 3281 1617 juvenes
3322 1543 3508 1619 [Vulg.
3550 1543 3764 1597 adoles-

2158 1641 2359 1715 centes]
2406 1645 2519 1712 ejus
2551 1643 2686 1714 :qui
2735 1641 3100 1713 confortabant
3158 1657 3269 1695 eam
3326 1640 3378 1693 in
3419 1637 3759 1711 temporibus.

2160 1735 2402 1791 Primum
2441 1737 2612 1809 Syria:
2642 1737 2925 1808 regnavit,
2960 1746 3020 1791 nt
3060 1735 3325 1803 diximus,
3353 1734 3637 1798 Seleucus,
3668 1746 3767 1785 co—

448 1823 577 1879 dum
630 1823 928 1893 potentiam
973 1822 1121 1877 illius
1150 1838 1255 1893 qna
1303 1822 1617 1877 dominatus
1655 1831 1759 1877 est.
1810 1822 2051 1875 Divisnm
2084 1819 2131 1881 B
2158 1839 2457 1902 gnontento
2489 1829 2747 1885 Nicanor.
2775 1829 3058 1885 Secundus
3082 1829 3415 1892 Antiochus,
3448 1826 3540 1897 qni
3570 1823 3765 1895 appel-

444 1918 592 1973 enitn
627 1917 681 1972 in
733 1928 968 1990 quatuor
1021 1925 1210 1987 partes
1258 1931 1485 1988 regnum
1537 1916 1867 1972 imbecillius
1908 1914 2053 1971 fuit:

443 2010 572 2067 dum
603 2012 875 2068 adversus
908 2027 966 2069 se
991 2010 1290 2081 dimicant,
1325 2022 1381 2067 et
1414 2011 1679 2067 intestino
1714 2011 1899 2068 furore
1930 2011 2057 2068 bac-

446 2105 707 2163 citantur.

515 2199 857 2256 Lacerabitur
884 2199 994 2273 [AL
1027 2198 1303 2272 delebitur]
1328 2201 1466 2255 enim
1510 2200 1628 2270 eius
1659 2214 1875 2270 regnum
1899 2200 2054 2253 etiam

450 2296 508 2351 in
531 2305 769 2350 externos
799 2310 817 2351 :
848 2295 1075 2368 exceptis
1104 2295 1205 2349 his.
1233 2295 1439 2349 Praeter
1470 2304 1916 2363 regnaquatuor,
1940 2293 2053 2346 Ma.

445 2390 733 2457 cedonize,
775 2390 953 2458 Asite,
995 2390 1170 2461 Syria:
1212 2401 1266 2444 et
1316 2387 1568 2460 Egypti,
1612 2387 1777 2441 etiam
1831 2386 1888 2440 in
1919 2384 2057 2441 alios

440 2483 825 2543 obscuriores.
872 2492 928 2538 ct
969 2483 1211 2537 minores
1239 2496 1397 2550 reges
1426 2480 1787 2535 Macedonum
1830 2493 2055 2548 regnum

446 2575 749 2632 laceratum
774 2586 875 2631 est.
911 2573 1196 2645 Signiﬁcat
1225 2585 1408 2628 autem
1424 2571 1769 2638 Perdiccam,
1798 2571 2058 2626 etCrate-

442 2683 566 2730 ron.
591 2682 645 2724 et
668 2667 1078 2741 Lysimachum.
1115 2668 1247 2721 Nam
1276 2664 1653 2736 Cappadocia,
1688 2674 1742 2719 et
1772 2663 2053 2728 Armenia,

438 2760 723 2834 Bithynia,
748 2771 807 2815 et
838 2760 1115 2825 Heraclia,
1149 2760 1581 2829 Bosphorusque
1604 2767 1659 2813 et
1684 2757 1805 2811 alite
1840 2756 2057 2825 provin-

443 2854 545 2909 cia:
574 2854 644 2908 de
687 2861 958 2923 potestate
1002 2852 1367 2907 Macedonum
1416 2850 1778 2916 recedentes,
1810 2850 2059 2905 diversos

443 2948 550 3003 sibi
580 2962 737 3018 reges
768 2954 1200 3003 constituerunt.

517 3040 728 3111 (Vers.
780 3040 887 3113 5.)
934 3040 1000 3095 Et
1049 3040 1429 3113 confortabitur
1483 3056 1576 3095 rex
1626 3039 1824 3094 Austri.
1868 3038 2057 3094 Ptole-

446 3149 648 3190 maeum
684 3134 887 3189 indicat
916 3134 1085 3189 filium
1130 3133 1300 3205 Lagi,
1344 3133 1437 3203 qui
1482 3133 1691 3202 primus
1723 3134 1971 3201 regnavit
2003 3133 2056 3186 in

446 3225 717 3299 λΕεγνιο,
759 3237 813 3282 et
861 3227 944 3280 vir
992 3225 1460 3297 prudentissimus
1506 3225 1949 3297 fortissiinusqtte
1992 3241 2054 3281 ac
2084 3215 2132 3281 C

448 3319 753 3376 ditissimus
786 3319 907 3381 fuit,
934 3319 1101 3392 704
1124 3331 1180 3375 et
1212 3329 1378 3375 tantae
1402 3320 1683 3391 potentiae,
1712 3329 1770 3374 ut
1792 3321 2056 3393 Pyrrhum

447 3428 636 3485 regem
678 3413 1030 3482 Epirotarum
1069 3412 1356 3483 expulsum
1399 3414 1704 3469 restituerit
1746 3412 1853 3487 [ΑΙ.
1902 3416 2060 3470 resti-

451 3503 655 3578 tueret]
687 3506 741 3559 in
785 3520 1040 3576 regnum,
1074 3504 1431 3576 Cyprumque
1480 3506 1777 3561 obtinuerit
1817 3516 1871 3561 et
1899 3505 2061 3563 Phoe-

448 3602 613 3658 nicen
649 3620 662 3656 :
695 3611 749 3659 et
787 3600 932 3656 victo
990 3602 1266 3657 Demetrio
1312 3602 1424 3656 lllio
1477 3602 1771 3669 Antigoni,
1826 3602 2061 3658 Seleuco

448 3696 604 3765 regni
639 3696 721 3749 sui
767 3708 1013 3765 partem,
1066 3710 1189 3766 qua;
1237 3696 1305 3749 ab
1335 3694 1614 3765 Antigono
1645 3694 1825 3751 fuerat
1856 3696 2059 3763 ablata,

453 3787 762 3843 restituerit
814 3805 827 3841 :
880 3787 1097 3842 Cariam
1142 3803 1362 3858 quoque
1409 3788 1718 3857 obtineret,
1758 3797 1816 3844 et
1863 3789 2063 3845 utultas

454 3886 667 3941 insulas
721 3884 995 3955 urbesque
1040 3894 1097 3941 et
1147 3887 1435 3954 regiones,
1482 3886 1549 3939 de
1578 3886 1776 3956 quibus
1824 3900 1932 3941 non
1980 3894 2066 3941 est

456 3976 620 4047 hujus
645 3982 908 4047 temporis
931 3978 1197 4033 scribere.
1221 3977 1429 4034 Idcirco
1452 3990 1633 4034 autem
1667 3987 1868 4035 cartera
1898 3995 2063 4049 regna

460 4070 766 4136 dimittens,
802 4070 1137 4125 Macedoniae
1167 4070 1423 4126 videlicet
1453 4081 1508 4126 et
1534 4070 1715 4139 Asia),
1756 4081 1965 4126 tantum
1997 4072 2067 4129 de

459 4161 681 4234 IEgypti
708 4173 763 4217 et
790 4163 965 4233 Syria:
1000 4170 1187 4215 narrat
1220 4161 1484 4231 regibus:
1519 4163 1645 4232 quia
1682 4163 1733 4215 in
1766 4163 1948 4218 medio
1970 4164 2067 4218 Ju-

460 4259 577 4315 «ιω
610 4260 808 4329 posita,
838 4272 982 4311 nunc
1006 4256 1076 4310 ab
1100 4256 1225 4313 illis.
1254 4272 1400 4311 nunc
1430 4256 1498 4311 ab
1524 4257 1640 4311 istis
1662 4257 1886 4328 regibus
1919 4268 2069 4316 tene-

462 4352 645 4407 batur.
693 4351 757 4407 Et
798 4349 1097 4420 Scriptum
1142 4358 1345 4403 sanetur
1394 4348 1737 4418 propositum
1787 4360 1908 4429 est,
1959 4367 2066 4406 non

465 4455 751 4503 externam
784 4445 991 4514 absque
1022 4442 1227 4499 Judaeis
1260 4440 1544 4497 historiam
1576 4452 1793 4509 texere,
1823 4444 1917 4499 sed
1946 4458 2066 4499 eam

465 4554 585 4609 qua:
617 4538 805 4593 Israeli
841 4537 1040 4607 populo
1068 4534 1320 4606 copulata
1350 4544 1457 4590 est.

2158 1926 2302 1982 latus
2345 1936 2428 1982 est
2474 1924 2952 1982 Sother..Tertius
2988 1934 3042 1979 et
3074 1923 3190 1993 ipse
3237 1919 3569 1985 Antiochus,
3601 1918 3768 1989 705

2154 2021 2245 2092 qui
2279 2020 2580 2075 vocabatur
2605 2020 2754 2088 Θεὸς,
2784 2018 2839 2073 id
2869 2026 2975 2083 est,
3004 2015 3169 2073 Deus.
3204 2015 3314 2071 Iste
3341 2015 3605 2069 adversus
3635 2013 3765 2067 Pto-

2156 2112 2409 2167 lemtcum
2462 2111 2924 2179 Philadelphum,
2978 2110 3072 2180 qui
3128 2108 3405 2164 secundus
3462 2104 3769 2176 imperabat

2158 2206 2462 2279 lEgyptiis,
2496 2209 2667 2277 gessit
2713 2206 2857 2262 bella
2888 2205 3320 2276 quamplurima,
3346 2212 3403 2258 et
3434 2201 3562 2257 totis
3592 2202 3767 2272 Bahy-

2158 2301 2302 2357 lonis
2325 2310 2488 2373 atque
2514 2300 2757 2357 Orientis
2782 2301 2990 2355 viribus
3013 2299 3318 2354 dimicatit.
3352 2297 3557 2353 Volens
3582 2297 3767 2365 itaque

2155 2393 2487 2450 Ptolemaeus
2530 2393 2927 2463 Philadelphus
2960 2402 3081 2463 post
3116 2395 3317 2446 multos
3348 2404 3524 2445 annos
3562 2388 3768 2443 inoles-

2159 2496 2272 2545 tum
2297 2490 2456 2545 ﬁnire
2483 2500 2788 2551 certamen,
2812 2489 2975 2543 ﬁliatn
3008 2502 3161 2542 suam
3191 2485 3412 2541 nomine
3437 2483 3761 2552 Berenicen,

2161 2584 2435 2640 Antiooho
2462 2597 2686 2637 uxorem
2714 2582 2891 2648 dedit,
2917 2581 3010 2649 qui
3034 2580 3101 2636 de
3129 2581 3314 2652 priore
3342 2594 3513 2633 uxore
3544 2576 3770 2632 nomine

2159 2675 2416 2743 Laodice,
2448 2676 2684 2731 habebat
2710 2674 2849 2731 duos
2879 2674 3049 2739 ﬁlius,
3073 2674 3365 2730 Seleucum
3390 2714 3404 2739 ,
3446 2672 3536 2742 qni
3565 2683 3767 2741 cognoo

2162 2770 2402 2826 minatus
2442 2778 2525 2825 est
2549 2768 2878 2831 Callinicus,
2920 2776 2974 2824 et
3002 2769 3239 2823 alterum
3276 2765 3630 2822 Antiochum.
3665 2763 3769 2818 De-

2161 2863 2426 2935 duxitque
2461 2878 2582 2918 eam
2614 2879 2784 2934 usque
2807 2857 3108 2918 'Pelusium
3142 2879 3156 2916 :
3186 2869 3243 2918 et
3276 2860 3483 2915 inﬁnita
3514 2858 3665 2920 auri,
3710 2864 3769 2913 et

2161 2958 2370 3028 argenti
2396 2957 2561 3011 millia
2595 2956 2740 3011 dotis
2770 2957 2993 3011 nomine
3026 2955 3177 3011 dedit
3205 2972 3217 3009 :
3253 2954 3413 3011 Unde
3438 2951 3766 3033 φορνοφὸρος,

2162 3050 2217 3105 id
2246 3058 2352 3118 est,
2379 3050 2573 3105 dotalis
2595 3051 2900 3121 appellatus
2924 3059 3027 3106 est.
3058 3049 3364 3106 Antiochus
3394 3063 3577 3102 autem
3606 3045 3771 3099 Bere-

2164 3146 2321 3199 nicen
2344 3158 2663 3201 consortem
2686 3147 2837 3216 regni
2864 3145 3069 3201 habere
3090 3161 3150 3201 se
3171 3146 3382 3211 dicens,
3415 3152 3469 3198 et
3497 3140 3768 3198 Laodieen

2163 3239 2216 3293 in
2245 3238 2567 3295 00ncubinze
2608 3239 2789 3293 locum
2813 3281 2827 3305 ,
2864 3249 2987 3310 post
3016 3240 3247 3293 multum
3284 3250 3544 3309 temporis
3582 3245 3772 3289 amore

2165 3343 2497 3403 superatus,
2543 3332 2817 3387 Laodicen
2870 3348 2992 3387 cum
3046 3332 3234 3389 liberis
3288 3332 3406 3388 suis
3453 3330 3661 3386 reducit
3713 3329 3768 3386 in

2162 3427 2394 3499 regiam.
2424 3428 2559 3496 Quae
2592 3437 2841 3484 metuens
2872 3428 3193 3499 ambiguum
3237 3428 3337 3483 viri
3383 3426 3624 3481 animum
3646 3465 3661 3485 ,
3700 3439 3773 3480 ne

2164 3523 2471 3580 Berenicen
2510 3523 2831 3591 reduceret,
2876 3527 3056 3580 virum
3091 3541 3186 3594 per
3232 3524 3517 3579 ministros
3557 3536 3771 3601 veneno

2162 3616 2462 3673 interfecit.
2502 3617 2802 3673 Berenicen
2835 3629 3018 3673 autem
3049 3633 3176 3673 cum
3214 3616 3329 3673 ﬁlio
3359 3618 3450 3686 qui
3476 3631 3543 3672 ex
3570 3614 3768 3671 Antio-

2164 3710 2269 3767 eho
2296 3725 2457 3766 natus
2488 3721 2629 3777 erat,
2667 3712 2905 3768 lcadioni
2935 3721 2989 3767 et
3018 3711 3246 3768 Ccnneo
3281 3709 3588 3766 Antiochia!
3620 3708 3771 3779 prin—

2164 3806 2375 3881 cipibus
2418 3805 2778 3862 occidendam
2829 3805 3100 3861 tradidit:
3136 3805 3417 3875 ﬁliumque
3458 3819 3614 3859 suum
3654 3817 3772 3856 ma-

2160 3884 2359 3969 jorem‘
2388 3899 2680 3956 Seleucum
2727 3898 3052 3955 Cailinicum
3107 3899 3160 3954 in
3211 3898 3383 3970 patris
3430 3897 3551 3953 loco
3583 3911 3768 3965 regem

2167 3992 2473 4047 constituit.
2492 3993 2556 4047 Et
2579 3994 2681 4047 hoc
2704 4002 2790 4048 est
2815 3993 2959 4065 quod
2985 4009 3127 4048 nunc
3145 3993 3352 4048 dicitur
3376 4007 3389 4045 :
3419 3989 3547 4046 Post
3570 3989 3773 4044 multos

2166 4100 2343 4141 annos
2397 4087 2724 4143 Ptolemaeus
2772 4087 3162 4157 Philadelphus
3206 4095 3260 4143 et
3302 4084 3606 4141 Aulim-bus
3643 4085 3770 4149 Θεὸς

2169 4177 2365 4235 facient
2394 4182 2663 4237 amicitias
2690 4202 2702 4236 :
2736 4192 2791 4238 et
2831 4183 2938 4237 litia
2967 4174 3152 4238 Aitstri
3183 4182 3359 4253 regis,
3391 4181 3497 4237 hoc
3524 4189 3611 4238 est
3648 4180 3774 4237 Pto-

2169 4271 2367 4335 lemaei.
2406 4274 2590 4329 veniet
2611 4275 2680 4329 ad
2707 4290 2890 4344 regem
2917 4273 3231 4346 Aquilonis,
3263 4276 3313 4330 id
3345 4283 3449 4341 est,
3479 4274 3546 4329 ad
3576 4274 3771 4330 Antio-

2169 4366 2368 4435 chum,
2411 4376 2469 4421 ut
2502 4367 2647 4424 inter
2687 4378 2898 4439 patrem
2931 4384 2995 4425 ac
3036 4369 3214 4424 virum
3250 4368 3445 4439 jungat
3477 4366 3769 4422 amicitias.

2171 4458 2239 4515 Et
2270 4475 2378 4515 non
2422 4462 2645 4532 poterit,
2686 4463 2879 4533 inquit,
2929 4463 3195 4528 obtinere,
3244 4479 3346 4519 nec
3393 4478 3579 4518 semen
3627 4461 3774 4518 illius

2170 4562 2320 4610 stare
2351 4555 2402 4610 in
2431 4572 2599 4626 regno
2646 4556 2851 4629 Syriae;
2899 4557 2997 4612 sed
3040 4568 3092 4613 et
3126 4557 3239 4628 ipsa
3267 4557 3550 4623 Berenice,
3599 4566 3659 4613 et
3682 4557 3776 4628 qui

539 4630 608 4686 Et
648 4632 712 4685 de
753 4631 1070 4704 principibus
1120 4633 1229 4702 ejus
1274 4630 1571 4701 praevalebit
1612 4647 1768 4700 super
1817 4649 1932 4687 eum
1969 4649 1985 4687 .'
2018 4642 2061 4689 et

2176 4666 2295 4707 eam
2327 4651 2697 4721 adduxerunt,
2727 4652 3148 4709 interficiuntur.
3186 4654 3300 4709 Rex
3329 4670 3547 4725 quoque
3580 4654 3773 4708 Antio—

469 4728 823 4786 dominabitur
858 4728 1073 4782 ditione.
1106 4725 1281 4779 Multa
1307 4729 1447 4781 enim
1476 4727 1765 4782 dontinatio
1792 4728 1924 4798 ejus.
1960 4728 2068 4785 lste

467 4835 553 4880 est
585 4822 916 4877 Ptolemzeus
947 4819 1334 4890 Philadelphus
1366 4821 1645 4893 secundus
1678 4837 1771 4877 rex
1809 4822 2065 4896 Egypti,

466 4916 612 4971 ﬁlius
635 4914 910 4970 Philem-ei
942 4914 1276 4983 superioris:
1300 4914 1400 4968 sub
1428 4930 1537 4985 quo
1564 4913 1708 4970 LXX
1737 4917 2068 4987 interpretes

469 5010 817 5068 Alexandria:
847 5009 1190 5078 Scripturam
1231 5019 1475 5063 sanctam
1508 5010 1560 5064 in
1600 5008 1849 5066 Grarcum
1879 5012 2069 5067 dicun-

467 5116 559 5162 tur
611 5106 842 5161 vertisse
885 5118 1197 5159 sermonem
1236 5121 1247 5157 :
1283 5104 1377 5173 qui
1428 5114 1482 5159 et
1524 5104 1786 5161 Eleazaro
1826 5108 2068 5178 pontiﬁci

463 5203 636 5258 multa
655 5200 1082 5271 Jerosolymam,
1108 5207 1165 5254 et
1186 5200 1237 5254 in
1263 5200 1450 5268 templi
1476 5200 1706 5256 donaria
1734 5216 1861 5256 vasa
1889 5212 2070 5259 trans-

466 5299 618 5354 misit
670 5316 685 5354 :
727 5296 884 5368 cujus
929 5294 1274 5350 bibliotheca
1316 5297 1530 5367 prtefuit
1572 5298 1877 5353 Demetrius
1919 5299 2063 5356 Pha-

458 5390 679 5458 lereus,
720 5390 865 5447 idem
897 5392 1038 5460 apud
1067 5389 1289 5446 Cra-cos
1318 5399 1527 5456 oratur,
1570 5400 1625 5446 et
1660 5391 2016 5463 philosOphus
2046 5413 2060 5451 :

461 5494 739 5557 tantaeque
786 5488 1044 5557 potentiae
1091 5486 1258 5541 fuiSse
1298 5496 1572 5553 narratur,
1605 5495 1664 5541 ut
1705 5488 2058 5545 Ptolemaeum

458 5591 670 5650 patrem
717 5583 982 5635 vinceret.
1036 5579 1270 5635 Narrant
1313 5580 1458 5633 enim
1515 5579 1757 5635 historiae
1800 5582 2058 5640 habuisse

454 5688 580 5729 eum
612 5673 851 5740 peditum
877 5674 1110 5731 ducenta
1139 5673 1329 5743 tnillia,
1358 5688 1389 5730 e
1413 5674 1603 5741 ;uitum
1637 5674 1828 5745 viginti
1862 5678 2053 5746 millia,

449 5781 710 5822 curruum
757 5783 887 5822 vero
929 5769 1037 5823 duo
1083 5769 1292 5834 millia,
1324 5769 1648 5838 elephantos
1675 5786 1815 5842 quos
1842 5775 2053 5845 primus

444 5859 634 5920 eduxit
665 5874 732 5915 ex
771 5858 1050 5929 Ethiopia
1072 5903 1085 5929 ,
1120 5861 1569 5934 quadringentos.
1606 5864 1783 5923 Naves
1826 5866 2047 5941 longas,

446 6032 483 6056 μ
568 6049 573 6053 .
643 6051 647 6054 .

1959 6132 1978 6159 Ι

2177 4744 2311 4800 chus
2333 4745 2424 4816 qni
2450 4746 2793 4802 confortabat
2819 4763 2962 4816 eam,
2991 4746 3094 4803 hoc
3124 4756 3231 4815 est,
3261 4763 3358 4819 per
3376 4762 3537 4820 quem
3560 4755 3777 4819 poterat

2177 4839 2498 4909 praevalere,
2532 4856 2746 4897 veneno
2773 4843 2960 4897 uxoris
2990 4842 3204 4897 occisus
3230 4850 3337 4898 est.

2251 4932 2429 5003 (Vers.
2459 4933 2604 5004 7—9.)
2633 4933 2702 4988 Et
2725 4935 2878 4990 stabit
2899 4936 2961 4991 de
2983 4936 3211 5010 germine
3230 4935 3465 4991 radicum
3483 4938 3598 5009 ejus
3624 4935 3779 5004 plan-

2178 5035 2339 5082 tatio:
2397 5040 2443 5084 et
2492 5031 2654 5084 veniet
2681 5047 2802 5085 cum
2838 5032 3068 5086 exercitu
3090 5073 3106 5097 ,
3139 5042 3187 5087 et
3218 5032 3535 5103 ingredietur
3566 5031 3778 5103 provin-

2173 5123 2307 5176 ciam
2336 5125 2470 5197 regis
2502 5124 2796 5196 Aquilonis,
2831 5136 2877 5181 et
2907 5128 3145 5182 abutetur
3170 5129 3274 5191 eis,
3301 5136 3351 5181 et
3380 5125 3646 5181 obtinebit.
3681 5123 3779 5179 ln-

2171 5232 2327 5284 super
2347 5228 2392 5272 et
2417 5218 2539 5273 deos
2566 5235 2766 5287 eorum,
2788 5232 2837 5275 ct
2856 5222 3142 5287 scutptitia,
3167 5236 3293 5275 vasa
3322 5234 3525 5292 quoque
3550 5218 3780 5289 pretiosa

2168 5312 2288 5363 auri
2324 5320 2370 5365 et
2398 5314 2599 5387 argenti
2622 5314 2828 5385 captiva
2863 5314 3013 5369 ducet
3045 5316 3097 5367 in
3150 5312 3474 5385 zEggptum:
3501 5312 3612 5385 ipse
3638 5324 3777 5379 prte-

2166 5404 2348 5458 t'alebit
2393 5408 2640 5462 adversus
2663 5424 2833 5480 regem
2886 5410 3175 5479 Aquilonis.
3233 5406 3302 5463 Et
3344 5409 3559 5463 intrabit
3601 5409 3656 5461 in
3683 5424 3775 5461 re-

2162 5502 2429 5572 gnumrex
2457 5503 2652 5567 Austri,
2687 5514 2734 5558 et
2751 5511 3034 5559 revertetur
3062 5503 3131 5557 ad
3162 5513 3352 5558 terram
3379 5518 3549 5558 suam.
3571 5498 3770 5556 Occisa

2161 5590 2448 5657 Berenice,
2496 5606 2552 5652 et
2598 5606 2815 5653 mortuo
2848 5597 3143 5654 Ptolemaeo
3191 5594 3555 5666 Philadelpho
3608 5600 3768 5655 Ροιτε

2158 5684 2281 5754 ejus
2311 5687 2365 5741 in
2382 5686 2639 5761 Egypto,
2677 5689 2849 5747 frater
2891 5690 3039 5747 illius
3067 5699 3124 5747 et
3152 5693 3269 5762 ipse
3302 5688 3637 5745 Ptnlcmteus
3673 5696 3772 5737 co-

2156 5793 2452 5850 gnomento
2476 5784 2795 5853 Evergetes,
2826 5786 3017 5841 tertius
3044 5776 3309 5840 sur-cessit
3336 5774 3391 5831 in
3422 5789 3671 5847 regnum,
3707 5776 3781 5831 de

2164 5870 2510 5944 plantatione
2538 5887 2591 5932 et
2617 5876 2686 5932 de
2714 5878 2959 5950 germine
2988 5870 3192 5927 radicis
3220 5870 3362 5942 ejus,
3417 5884 3484 5925 eo
3512 5866 3660 5939 quod
3687 5884 3782 5924 es-
