4108 6338
286 300 393 361 561

1054 300 1702 362 COMMENTARIORUM
1742 301 1810 359 ΙΝ
1854 302 2213 361 DANIELEM
2251 301 2480 361 LIBER.
2524 306 2680 363 CAP.
2723 308 2814 363 XI.

3501 308 3607 366 56'!

290 429 381 475 set
402 434 727 490 germanus:
759 430 814 477 et
846 421 997 476 venit
1028 436 1151 476 cum
1180 422 1427 476 exercitu
1478 435 1698 491 magno,
1728 429 1784 475 et
1805 420 1894 474 in-
1923 422 1975 483 Α
2001 435 2093 476 sus
2122 421 2452 478 Antiochum
2506 423 2787 494 Magnum,
2844 440 3001 497 quem
3048 430 3191 483 nunc
3218 442 3402 497 regem
3436 426 3608 498 Aqui-

288 528 521 585 gressus
545 524 628 569 est
658 515 997 582 provinciam
1018 515 1181 587 706
1204 515 1350 587 regis
1380 513 1685 583 Aquilonis,
1718 512 1769 568 id
1796 521 1899 579 est,

293 606 515 664 Seleuci
558 619 925 677 cognomento
953 608 1226 673 Callinici,
1253 609 1344 679 qui
1391 624 1514 663 cum
1544 615 1720 661 matre
1765 607 1904 663 Lao-

290 701 419 756 dtce
451 703 710 773 regnabat
736 703 787 756 in
822 702 1005 775 Syria,
1036 712 1089 757 ct
1114 704 1319 757 abusus
1338 712 1422 757 est
1445 704 1545 764 eis,
1570 712 1625 757 et
1645 701 1900 769 obtinuit,

292 794 570 850 intantum
601 808 654 849 ut
680 795 898 869 Syriam
927 794 1532 867 caperet,ctCiliciam,
1566 797 1907 865 superiores-

292 906 405 964 que
444 902 626 960 partes
655 904 808 947 trans
842 891 1184 963 Euphraten,
1245 903 1299 948 et
1340 892 1734 963 propemodum
1786 891 1910 946 uni-

196 1010 197 1013 η
291 995 517 1038 Versum
553 984 762 1038 Asiam.
790 981 1034 1053 Cumque
1059 984 1304 1041 audisset
1334 987 1385 1039 in
1418 984 1656 1057 Egypto
1686 984 1910 1040 seditio—

296 1094 428 1133 nem
463 1080 691 1142 moveri.
722 1079 994 1149 diripiens
1020 1096 1244 1152 regnum
1276 1079 1514 1147 Seleuci,
1543 1079 1907 1150 quadraginta

295 1172 476 1226 millia
507 1173 836 1228 talentorum
866 1175 1076 1244 argenti
1124 1173 1267 1233 tulit.
1298 1185 1349 1228 et
1381 1187 1512 1226 vasa
1549 1172 1785 1242 pretiosa
1837 1172 1911 1227 si-

295 1264 658 1336 mulacraque
687 1265 941 1333 deorum,
985 1266 1097 1320 duo
1125 1266 1295 1321 millia
1319 1265 1645 1337 quingenta:
1702 1266 1754 1319 iu
1787 1266 1910 1337 qui:

296 1356 405 1412 bus
437 1365 594 1412 erant
615 1366 670 1413 et
702 1358 787 1411 illa
813 1374 933 1429 qua}
960 1357 1283 1428 Cambyses,
1315 1336 1473 1427 capta
1496 1356 1755 1430 Egypto,
1780 1370 1835 1412 et
1857 1336 1921 1413 iri

298 1448 504 1505 Persas
526 1458 861 1519 portaverat.
880 1452 1123 1522 Deuique
1135 1467 1267 1522 gens
1279 1450 1666 1524 Aigyptiomm
1687 1450 1915 1506 idolola-

296 1548 429 1601 tria:
458 1546 672 1603 dedita:
707 1549 835 1618 quia
870 1557 991 1619 post
1019 1551 1222 1604 multos
1254 1564 1430 1605 annos
1448 1549 1584 1605 deos
1610 1565 1800 1605 eorum
1832 1564 1917 1605 re-

300 1644 532 1704 tulerat.
564 1644 855 1720 Evergeten
907 1661 1032 1701 eum
1066 1646 1381 1716 appellavit.
1440 1647 1506 1701 Et
1554 1646 1765 1718 Syriam
1799 1644 1920 1716 qui—

300 1740 434 1797 dem
470 1741 587 1810 ipse
613 1741 887 1806 obtinuit;
944 1736 1190 1795 Ciliciam
1233 1748 1417 1795 autem
1463 1738 1640 1793 amico
1680 1752 1779 1793 suo
1806 1737 1917 1794 An-

2003 514 2150 571 lonis
2185 524 2365 579 vocat,
2412 517 2563 586 juxta
2617 519 2776 573 situm
2809 520 3029 591 IEgypti
3059 530 3115 578 et
3141 522 3347 579 Judaazc
3391 523 3613 593 provin-

2005 611 2134 675 cize;
2187 608 2328 664 idem
2363 610 2509 666 enim
2547 611 2701 666 locus
2733 629 2829 682 pro
2858 615 3120 680 qualitate
3156 616 3418 688 regionis.
3448 616 3612 671 alteri

2006 703 2072 757 ad
2104 705 2384 769 Austrum,
2439 706 2592 759 alteri
2621 707 2685 757 ad
2735 706 3060 776 Aquilonem
3119 707 3256 764 situs
3286 719 3388 764 est.
3446 708 3615 764 Verbi

2008 798 2216 870 gratia:
2273 797 2331 853 Si
2363 798 2430 852 de
2458 797 2644 853 Judma
2678 799 2949 869 dicamus,
3004 799 3274 875 Egyptiis
3307 803 3372 857 ad
3405 802 3617 874 aquilo-

2010 908 2134 947 nem
2165 932 2181 958 ,
2210 890 2383 963 Syriis
2412 892 2479 946 ad
2523 903 2766 948 austrum
2799 904 2900 948 est.
2965 894 3103 950 Inito
3147 911 3278 964 ergo
3309 896 3614 951 certamine

2007 986 2164 1056 juxta
2196 986 2454 1056 oppidum
2485 987 2735 1057 Raphiae,
2766 989 2910 1056 quod
2939 989 2991 1042 in
3026 988 3232 1044 foribus
3252 988 3472 1062 Egypti
3506 1000 3616 1058 cst,

2013 1095 2232 1135 omnem
2258 1080 2563 1135 Antiochus
2590 1080 2777 1137 amisit
2802 1085 3128 1151 exercitum,
3175 1093 3225 1138 et
3250 1098 3347 1154 per
3395 1084 3614 1140 deserta

2013 1174 2252 1245 fugiens,
2277 1190 2413 1243 pene
2438 1184 2628 1244 captus
2658 1176 3024 1248 est.Cumque
3051 1179 3312 1233 CPSSiSsel
3346 1177 3615 1248 Syria,ad

2016 1281 2321 1325 extremum
2375 1270 2581 1326 fasdere
2624 1283 2674 1326 et
2711 1270 3035 1341 quibusdam
3073 1272 3485 1328 conditionibus
3518 1289 3616 1343 pu-

2015 1379 2123 1435 gna
2156 1363 2304 1418 liuila
2336 1375 2439 1419 est.
2473 1365 2540 1419 Et
2568 1366 2672 1420 hoc
2693 1375 2773 1421 est
2798 1367 2941 1436 quod
2968 1367 3253 1437 Scriptura
3282 1384 3423 1424 nunc
3452 1370 3617 1427 dicit:

2018 1456 2239 1533 Dejiciet
2286 1460 2449 1514 multa
2480 1461 2681 1528 millia,
2730 1461 3060 1517 Ptolema‘us
3116 1462 3465 1533 Philopator;
3523 1462 3619 1519 sed

2019 1570 2124 1609 non
2182 1555 2518 1621 praevalebit.
2577 1554 2977 1613 Adversarium
3018 1557 3165 1613 enim
3209 1570 3366 1611 suum
3420 1570 3623 1628 capere

2022 1663 2129 1702 non
2154 1647 2343 1714 potuit.
2377 1648 2645 1718 Quodque
2676 1650 2943 1719 Sequitur.

2099 1741 2278 1814 (Vers.
2343 1743 2409 1797 15
2431 1785 2445 1807 ,
2479 1741 2594 1813 14.)
2658 1742 2723 1797 Et
2746 1752 3070 1798 convertetur
3098 1759 3192 1798 rex
3221 1742 3488 1812 Aquilonis
3514 1789 3527 1813 ,
3571 1750 3619 1798 et

301 1837 494 1892 liocho
532 1834 945 1907 gubernaudam
995 1834 1239 1904 tradidit,
1274 1844 1331 1889 et
1372 1832 1719 1904 Xanthippo,
1750 1833 1908 1888 alteri
1944 1833 1991 1894 B
2019 1836 2334 1909 pra’parabit
2358 1836 2745 1890 multitudinem
2788 1836 2953 1890 multo
2994 1838 3245 1909 majorem
3270 1854 3426 1906 quam
3452 1836 3620 1909 prius,

304 1931 461 1998 duci,
491 1931 801 2004 provincias
831 1941 984 1987 trans
1010 1931 1344 2001 Euphraten.

382 2027 703 2100 (Vers.10.)
742 2026 871 2082 Filii
901 2036 1074 2082 autem
1101 2031 1213 2101 ejus
1240 2026 1698 2101 provocabuntur:
1724 2034 1770 2079 et
1794 2041 1919 2080 con-

306 2122 597 2193 gregabnnt
649 2120 1035 2176 multitudinem
1074 2122 1391 2176 exercituum
1442 2121 1819 2192 plurimorum:
1872 2127 1921 2173 et

307 2216 478 2270 veniet
505 2230 818 2287 properans,
851 2223 898 2268 et
928 2216 1218 2281 inundans,
1251 2223 1299 2269 et
1337 2223 1641 2281 revertetur,
1670 2224 1717 2268 et
1746 2211 1920 2266 conci-

314 2311 512 2365 tabitur
536 2328 552 2364 :
598 2321 645 2365 et
672 2311 1034 2381 congredietur
1060 2327 1181 2364 cum
1208 2312 1390 2365 robore
1418 2314 1551 2383 ejus.
1581 2308 1710 2363 Post
1738 2307 1917 2378 fugam

308 2415 369 2462 et
416 2417 650 2464 mortem
679 2410 901 2467 Seleuci
928 2410 1204 2479 Callinici,
1239 2410 1349 2465 duo
1382 2410 1477 2464 lilii
1512 2410 1631 2477 ejus
1660 2406 1921 2462 Seleucus

307 2514 683 2570 cognomento
733 2505 1044 2568 Ceraunus,
1103 2515 1157 2561 et
1207 2503 1509 2559 Antiochus
1556 2504 1645 2574 qui
1681 2502 1922 2571 appella-

311 2601 401 2649 tus
432 2606 511 2651 est
542 2596 785 2668 Magnus,
845 2598 1123 2669 provocati
1179 2614 1277 2667 spe
1319 2597 1562 2653 victoriae
1608 2605 1663 2649 ct
1713 2594 1920 2649 ultione

310 2694 581 2760 parentis,
613 2697 859 2751 exercitu
886 2702 1221 2766 congregato
1267 2694 1533 2749 adversus
1566 2691 1919 2746 Ptolemaeum

312 2784 753 2856 Philopatorem,
800 2804 950 2845 arma
1006 2790 1337 2860 corripiunt.
1371 2788 1621 2859 Cumque
1664 2785 1925 2842 Seleucus

311 2880 493 2948 major
525 2880 716 2949 frater,
777 2884 938 2939 tertio
978 2899 1125 2938 anno
1178 2883 1396 2953 imperii
1430 2891 1573 2936 esset
1616 2880 1831 2935 occisus
1866 2879 1923 2933 in

308 2970 556 3045 Phrygia
611 2990 707 3045 per
735 2976 922 3031 dolum
956 2976 1246 3033 Nicanoris
1275 2984 1331 3031 et
1360 2974 1605 3045 Apaturii
1648 2992 1661 3028 :
1711 2972 1922 3027 exerci-

312 3075 408 3121 tus
436 3069 528 3137 qui
557 3079 675 3123 erat
700 3070 753 3123 in
778 3069 934 3142 Syria
968 3068 1296 3124 Antiochum
1322 3068 1543 3124 fratrem
1578 3069 1695 3137 ejus
1722 3082 1924 3137 cogno-

313 3173 506 3218 mento
536 3162 789 3234 Magnum
823 3163 891 3219 de
922 3165 1202 3237 Babylone
1232 3166 1445 3219 vocavit
1474 3164 1537 3216 ad
1577 3178 1823 3232 regnum.
1862 3162 1925 3215 Et

2022 1944 2069 1988 et
2118 1933 2170 1986 in
2219 1934 2322 2004 ﬁne
2349 1941 2661 2000 temporum,
2695 1948 3054 1998 annorumque
3101 1933 3283 1995 veniet,
3331 1948 3621 2003 properans

2022 2048 2137 2087 eum
2161 2033 2392 2086 exercim
2419 2047 2609 2102 magno
2636 2039 2683 2084 et
2707 2030 2889 2102 apibus
2917 2030 3113 2084 nimiis.
3143 2029 3211 2085 Et
3233 2031 3283 2083 in
3308 2028 3623 2102 temporibus

2022 2126 2146 2189 illis,
2180 2127 2329 2179 multi
2357 2136 2665 2195 consurgent
2684 2126 2955 2179 adversum
2984 2141 3152 2195 regem
3186 2124 3383 2178 Austri.
3422 2123 3621 2179 Aulio-

2021 2220 2182 2275 chum
2233 2220 2481 2290 Magnutn
2513 2218 2806 2286 signiﬁcat,
2858 2219 2949 2287 qui
2998 2227 3308 2284 contempta
3337 2215 3620 2271 Ptolemzni

2021 2313 2393 2382 Philopatoris
2422 2312 2657 2381 ignavia,
2675 2326 2741 2365 eo
2768 2310 2910 2378 quod
2933 2310 3212 2376 deperiret
3233 2309 3621 2377 Agathocleam

2024 2407 2134 2481 [AL
2173 2404 2618 2479 Agathot'lidam]
2648 2405 2950 2475 psaltriam,
3009 2402 3343 2474 fratremque
3371 2401 3525 2471 ejus,
3569 2408 3625 2455 et

2023 2499 2198 2567 ipsum
2214 2497 2547 2567 Agathoclcu
2574 2497 2804 2551 haberet
2824 2495 3191 2553 concubinum
3213 2538 3226 2556 ,
3247 2509 3408 2564 quem
3435 2502 3623 2559 postea

2024 2594 2244 2668 Egypti
2274 2593 2470 2649 ducem
2493 2592 2805 2659 constituit,
2832 2590 3212 2647 incredibilem
3237 2590 3305 2643 de
3326 2585 3631 2657 superiori-—

2026 2691 2128 2745 bus
2156 2690 2289 2745 locis
2323 2688 2618 2761 Babylonis
2654 2687 2954 2755 exercitum
2987 2684 3355 2755 congregavit.
3405 2682 3472 2737 Et
3501 2680 3630 2735 Pto-

2024 2784 2217 2840 lemmo
2234 2784 2583 2853 PhilOpatorc
2600 2790 2838 2845 mortuo,
2860 2782 3156 2836 adversum
3182 2778 3351 2833 lilium
3372 2776 3512 2845 ejus,
3532 2775 3625 2845 qui

2025 2888 2154 2935 tunc
2210 2888 2444 2949 quatuor
2486 2892 2755 2934 annorum
2788 2886 2947 2944 erat,
3007 2883 3063 2932 et
3113 2873 3412 2929 Vocabatur
3448 2870 3629 2924 Ptole-

2029 2992 2200 3033 maeus
2253 2974 2548 3050 Ἐπιφανὴς,
2600 2986 2765 3044 rupto
2817 2973 3046 3035 foedere,
3094 2969 3265 3025 movit
3304 2967 3627 3023 exercitum.

2029 3075 2216 3130 Tantm
2270 3075 2413 3128 enim
2464 3071 2846 3128 dissolutionis
2896 3077 2950 3122 et
2978 3065 3252 3136 superbia!
3302 3059 3631 3133 Agathocles

2028 3168 2148 3230 fuit,
2181 3176 2239 3221 ut
2262 3166 2492 3221 subdita)
2512 3167 2661 3233 prius
2685 3164 2921 3236 [Egypto
2944 3160 3239 3233 provincia:
3264 3157 3629 3213 rebellarcnt:

313 3265 611 3326 preplerea
652 3272 797 3313 nunc
823 3256 1007 3323 infert,
1041 3256 1183 3329 quod
1216 3257 1322 3311 duo
1345 3257 1565 3328 quidem
1598 3256 1691 3309 lilii
1725 3269 1923 3326 provo-
1948 3243 1993 3306 C
2028 3259 2271 3329 ipsaque
2306 3258 2575 3331 Egyptus
2604 3256 2966 3321 seditionibus
3005 3262 3318 3308 vexaretur.
3351 3248 3636 3317 Philippus

314 3354 431 3408 cati
472 3364 639 3423 sunt,
693 3365 748 3410 et
778 3362 1244 3426 c0ugregaverunt
1274 3353 1674 3408 multitudinem
1712 3350 1928 3405 exerci-

314 3454 472 3501 tuum
502 3450 886 3518 plurimorum.
934 3449 1039 3506 Sed
1078 3449 1222 3519 quod
1276 3462 1416 3501 unus
1452 3444 1770 3501 Antiochus
1815 3445 1927 3499 Ma-

316 3553 461 3608 gnus
491 3540 699 3595 venerit
722 3541 790 3595 de
818 3541 1098 3612 Babylone
1129 3542 1180 3594 in
1203 3539 1443 3611 Syriam,
1463 3553 1664 3608 qnmeo
1683 3549 1931 3607 tempore

320 3634 618 3689 tenebatur
649 3650 678 3687 a
721 3633 1015 3690 Ptolemaro
1044 3635 1395 3704 Philopatore
1434 3633 1543 3687 lilio
1605 3632 1887 3701 Evergetis
1913 3674 1927 3697 ,

319 3726 412 3794 qui
445 3736 673 3794 quartus
695 3727 935 3797 regnavit
966 3729 1015 3782 in
1052 3728 1318 3799 A‘Igypto;
1352 3740 1586 3795 eumque
1640 3734 1933 3795 pugnasset

319 3818 623 3874 adversum
673 3820 843 3876 duces
872 3822 1013 3890 ejus,
1070 3822 1237 3875 immo
1293 3820 1601 3889 proditione
1640 3817 1934 3872 Theodotii

321 3914 663 3970 obtinuisset
685 3916 925 3988 Syriam.
952 3932 1073 3985 qum
1099 3933 1194 3988 per
1222 3916 1628 3971 successionem
1658 3914 1768 3984 jam
1798 3929 1827 3967 a
1850 3930 1934 3969 re-

320 4007 480 4077 gibus
502 4006 723 4080 Egypli
754 4010 1065 4077 tenebatur,
1100 4016 1149 4063 in
1188 4019 1391 4063 tantam
1445 4009 1594 4063 venit
1627 4006 1931 4071 audaciam,

322 4113 643 4173 contempta
684 4106 892 4159 luxuria
922 4104 1311 4175 Philopatoris,
1347 4113 1401 4157 et
1430 4103 1659 4171 magicis
1686 4101 1894 4156 artibus
1916 4144 1930 4166 ,

323 4199 525 4267 quibus
555 4200 825 4255 inservire
854 4199 1157 4267 dicebatur,
1189 4210 1243 4253 ut
1276 4199 1417 4253 ultro
1441 4197 1710 4270 Egyptiis
1733 4197 1934 4252 bellum

324 4304 626 4346 conaretur
657 4292 882 4349 inferre.

400 4386 585 4459 (Vers.
624 4390 710 4454 11,
745 4390 856 4460 12.)
915 4388 977 4443 Et
1003 4398 1308 4459 provocatus
1334 4405 1426 4443 rer-
1456 4387 1667 4453 Austri,
1700 4387 1933 4458 egredie-

328 4490 436 4547 tur,
472 4493 519 4536 et
550 4483 802 4555 pugnabit
824 4485 1097 4537 aduersum
1130 4499 1301 4555 regem
1322 4480 1624 4539 Aquilonis:
1658 4490 1703 4535 et
1733 4495 1939 4551 purpo-

325 4575 464 4628 rabit
512 4577 899 4630 multitudinem
932 4577 1168 4641 nimiam,
1222 4584 1267 4629 et
1315 4574 1525 4627 dabitur
1574 4571 1857 4627 multitudo
1886 4573 1939 4623 in

2032 3369 2251 3425 quoque
2272 3370 2369 3408 rex
2396 3352 2780 3417 Macedonum,
2813 3359 2870 3405 et
2897 3348 3118 3418 Magnus
3141 3342 3469 3405 Antiochus,
3499 3352 3634 3410 pace

2035 3448 2208 3513 facta,
2263 3448 2551 3501 adversum
2593 3446 2760 3518 708
2791 3440 3127 3513 Agathocleu
3172 3447 3228 3494 et
3274 3436 3630 3491 Ptolemamm

2035 3542 2355 3611 Epiphauen
2386 3540 2736 3606 dimicarent,
2766 3537 2868 3593 sub
2891 3538 2990 3591 hac
3008 3533 3342 3595 conditione,
3369 3539 3423 3582 ut
3456 3526 3637 3594 proxi—

2034 3651 2151 3692 mas
2180 3637 2431 3691 civitates
2460 3648 2631 3703 regno
2659 3647 2761 3687 suo
2790 3629 2989 3696 singuli
3038 3628 3106 3683 de
3139 3640 3309 3698 regno
3358 3618 3636 3678 Ptolemaei

2030 3730 2350 3801 jungerent.
2396 3728 2461 3782 Et
2492 3726 2597 3781 huc
2626 3736 2711 3780 est
2735 3723 2879 3791 quod
2915 3736 3058 3777 nunc
3084 3720 3238 3784 dicit,
3276 3716 3476 3772 multos
3504 3728 3639 3767 con-

2036 3837 2268 3889 surgere
2293 3822 2556 3875 adversus
2582 3835 2763 3890 regem
2794 3816 3003 3881 Austri,
3044 3814 3400 3869 Ptolemzcum
3430 3806 3639 3863 scilicet

2039 3916 2380 3986 Epiphanen,
2413 3915 2504 3984 qui
2536 3923 2655 3968 erat
2678 3922 2838 3966 aetate
2864 3909 3085 3982 puerili.

2110 4009 2244 4064 Filii
2270 4025 2475 4081 quoque
2497 4007 2957 4077 pra’varicatorum
2988 4001 3169 4074 populi
3198 4002 3270 4054 tui
3301 3996 3639 4058 exlollentur,

2039 4113 2093 4159 ut
2125 4102 2375 4171 impleant
2407 4103 2680 4167 visionem,
2733 4111 2783 4154 et
2835 4108 3082 4154 corruant
3135 4095 3317 4169 [Vulg.
3351 4087 3636 4161 corruent].

2039 4197 2416 4270 Pugnantihtls
2445 4207 2634 4250 eontra
2683 4211 2742 4250 se
2772 4194 2963 4263 Magno
2993 4189 3267 4247 Antiocho
3305 4196 3359 4242 et
3409 4184 3640 4240 ducibus

2039 4292 2344 4357 Ptolemaei,
2399 4292 2453 4345 in
2484 4290 2666 4346 medio
2694 4288 2877 4345 Judma
2916 4286 3092 4354 posita
3122 4285 3174 4339 in
3208 4280 3480 4337 contraria
3530 4285 3644 4331 stu-

2041 4386 2128 4440 dia
2187 4384 2575 4439 scindebatur:
2635 4382 2771 4437 Aliis
2825 4379 3114 4443 Antiocho,
3174 4376 3297 4429 aliis
3343 4373 3644 4428 Ptolemzeo

2042 4479 2370 4536 faventibus.
2420 4478 2665 4546 Denique
2712 4475 2879 4532 Ouias
2919 4472 3175 4527 sacerdos
3205 4468 3501 4536 assumptis
3551 4467 3647 4523 Ju-

2044 4573 2285 4628 dmorum
2317 4571 2565 4642 plurimis
2612 4568 2744 4638 fugit
2775 4569 2825 4621 iu
2864 4566 3178 4637 IEgyplum,
3214 4571 3316 4617 eta
3346 4560 3647 4616 Ptolemaeo

331 4683 489 4720 manu
511 4668 645 4738 ejus.
664 4666 730 4721 Et
754 4669 1087 4740 copiel707
1107 4668 1515 4728 multitudinem,
1542 4676 1590 4719 et
1620 4664 1940 4719 exaltabitur
1967 4679 2020 4739 D
2048 4667 2349 4721 honorifice
2378 4676 2689 4733 susceptus.
2721 4672 2745 4699 α
2770 4662 2981 4731 accepit
3027 4675 3145 4713 eam
3190 4660 3473 4728 regionem
3530 4669 3652 4721 quas

331 4774 423 4814 cor
448 4764 597 4825 eius:
628 4762 748 4830 quia
771 4761 1035 4835 [Vulg.et]
1065 4762 1271 4835 dejiciet
1300 4763 1464 4815 multa
1490 4761 1693 4814 millia:
1716 4760 1805 4813 sed
1837 4775 1941 4813 non

333 4856 656 4924 prtevalebit.
718 4858 1046 4913 Ptolemaeus
1096 4860 1239 4912 enim
1272 4867 1642 4928 cognomento
1683 4856 1943 4925 Philopa-

337 4962 448 5017 tor,
506 4956 706 5009 amissa
737 4957 914 5028 Syria,
950 4955 1259 5024 proditione
1307 4953 1620 5015 Theodotii,
1646 4968 1948 5023 congrega-

334 5050 416 5106 vit
441 5050 735 5123 plurimam
778 5049 1208 5114 multitudinem,
1238 5058 1294 5105 et
1324 5048 1604 5117 ingressus
1626 5057 1708 5102 est
1750 5046 1941 5101 adver-

411 5222 437 5250 ³
490 5213 627 5267 Tota
676 5213 792 5268 haec
821 5213 890 5268 de
935 5212 1087 5267 Ouitc
1120 5211 1323 5282 templo
1366 5210 1590 5264 historia
1621 5207 1941 5282 engosephi

336 5285 409 5339 de
442 5285 596 5341 Bello
635 5284 760 5339 .lud.
789 5287 883 5339 lib.
918 5301 1011 5351 vn,
1045 5300 1093 5338 c.
1130 5280 1518 5349 10,‘translata
1550 5293 1654 5335 ost.
1690 5280 1786 5335 Ille
1815 5296 1946 5334 vero

339 5358 515 5412 fusius
548 5373 646 5426 reg
671 5372 855 5418 onem,
901 5372 1061 5423 quam
1094 5372 1121 5409 a
1158 5356 1451 5408 Ptolemaeo
1490 5353 1698 5419 accepit
1738 5352 1945 5426 Onias,

340 5430 685 5488 describens.
729 5428 961 5501 δίδωσιν,
995 5428 1089 5489 ait,
1133 5429 1271 5501 αὐτῷ
1304 5430 1486 5500 χώραν
1525 5426 1699 5501 inata-6v
1728 5425 1811 5501 ἐπὶ
1839 5431 1953 5501 Eoi;

352 5500 904 5590 ᾖνβοήκσνξτρισταόἱρις
921 5492 1253 5590 ἀπὲγῑοέδσανξ
1274 5492 1527 5586 ῖξίὲλιλιιξίοετιις¹
1559 5498 1708 5570 νόμος
1734 5492 1957 5585 δὲόὗτος

352 5571 734 5657 ῖΗλιουποῖζίτης
764 5572 1025 5657 καλεῖταιζ
1041 5571 1151 5657 ἔνθει
1174 5571 1431 5657 φρούριοέθκ
1445 5572 1964 5657 ξατασκευασὰμενος

348 5641 537 5705 Ὀνίας,
578 5645 666 5697 τὸν
697 5646 785 5712 μέν
820 5646 939 5699 ναὸν
975 5645 1082 5715 οὐχ
1105 5639 1275 5713 ὄμὸὶον
1304 5639 1599 5716 ᾧκοδόμηᾳε
1626 5649 1700 5714 τῷ
1730 5644 1780 5716 ἐν
1809 5639 1963 5716 Ἱερο-

350 5716 619 5790 gemuere,
668 5711 793 5770 ἄλλὰ
834 5711 1474 5790 πύργᾲῇᾴραπλῆσιονί
1518 5712 1616 5790 Ulli
1648 5711 1815 5790 _vi_des
1863 5711 1959 5762 ahs

346 5783 710 5855 Hieronymo,
759 5785 851 5853 qui
881 5783 977 5850 ait,
1004 5783 1172 5839 simile
1199 5801 1533 5841 exstructum
1557 5783 1787 5839 Judaico
1818 5792 1958 5855 lem-

347 5860 462 5930 plu,
498 5853 801 5924 Jolepbutn
835 5858 1150 5930 dissentire,
1176 5857 1268 5926 qui
1293 5858 1544 5913 dissimile
1570 5855 1737 5909 fuisse
1764 5853 1951 5930 tr_adit.

424 5929 454 5967 ι)
489 5931 662 5983 Immo
697 5936 948 5983 trecentos
975 5924 1321 5999 quadraginta
1351 5940 1451 5983 tres
1498 5935 1751 5982 numerat
1799 5924 1955 5979 Jose-

2050 4762 2398 4832 Ilcliopoleos
2420 4760 2716 4814 vocabatur
2738 4766 2821 4811 :et
2841 4754 3183 4810 concedente
3212 4768 3362 4819 rege.
3386 4748 3653 4819 templum

2050 4860 2317 4915 exstruxit
2346 4859 2396 4912 in
2429 4855 2663 4927 IEgypto
2691 4853 2869 4907 simile
2899 4851 3086 4918 templi
3114 4848 3448 4903 Judamrum.
3508 4843 3655 4914 quod

2054 4952 2356 5025 permansit
2389 4967 2562 5022 usque
2592 4950 2656 5004 ad
2683 4948 2968 5017 imperium
2997 4943 3341 5014 Vespasiani,
3375 4941 3530 4995 annis
3559 4937 3654 4992 du-

2053 5049 2228 5104 centis
2255 5046 2285 5085 ι)
2318 5044 2735 5117 quinquaginta.
2779 5042 2895 5112 Ipsa
2921 5051 3101 5095 autem
3135 5048 3156 5076 ο
3184 5037 3313 5092 urbs
3341 5050 3460 5105 qua:
3490 5044 3653 5084 voca-

2046 5205 2217 5276 phtls:
2271 5201 2465 5279 χρόνος
2492 5202 2553 5263 ἧν
2584 5204 2653 5263 εἰς
2821 5199 3110 5279 ambulato-iv
3164 5206 3253 5255 τοῦ
3283 5202 3404 5279 mox?
3431 5197 3652 5279 ’γεγονὼς

2052 5268 2153 5335 διπό
2180 5268 2653 5351 τῆς”’καῖασξξιενῆς
2709 5273 2796 5351 ἔτη
2822 5276 2943 5351 τρία
2997 5275 3083 5328 καὶ
3129 5268 3517 5351 τεςσαράθεοντά
3565 5268 3653 5320 καὶ

2054 5350 2355 5424 ’τριακόσιαιἒ
2396 5347 2810 5424 Rulitmsvertit
2845 5340 3146 5405 cccxxxm;
3204 5340 3487 5424 legendum
3523 5351 3654 5424 vero

2062 5407 2302 5489 Iiuperus
2328 5417 2550 5489 Jo~ephi
2581 5419 2759 5471 editor
2785 5426 2991 5489 muniet,
3021 5407 3289 5489 ccxaxut":
3323 5408 3465 5489 quod
3505 5407 3654 5489 clauf

2063 5483 2183 5549 Sum
2212 5492 2374 5544 fuerit
2396 5483 2652 5557 templum
2678 5489 2809 5542 illud
2827 5484 3144 5541 Vcsnasiaui
3171 5499 3317 5549 jussu
3336 5483 3495 5557 paulo
3523 5488 3654 5557 post

2072 5552 2884 5635 Jerosolymitanntn__excitlittm
2914 5558 3058 5611 circa
3092 5571 3290 5635 annum
3335 5552 3649 5635 U..C._'8?i.

2074 5637 2207 5690 Vide
2235 5623 2526 5690 seldenum
2569 5631 2661 5687 lib.
2706 5647 2722 5686 ι
2759 5632 2825 5685 de
2855 5631 3101 5684 Success.
3145 5627 3198 5682 in
3240 5623 3440 5682 Pontif.
3485 5623 3650 5680 Hebr.

2078 5724 2130 5763 (ἶ.
2164 5723 2276 5760 VIII.

2142 5789 2164 5817 ο
2191 5778 2345 5833 Unde
2371 5778 2442 5830 ait
2463 5776 2735 5848 Iosephus
2759 5772 3021 5845 templum
3046 5781 3383 5830 exstructum
3407 5772 3456 5827 ἔν
3482 5768 3653 5845 τῇ]οο

2061 5852 2168 5908 νίου
2195 5850 2492 5923 καλουμένῃ.
