4128 6346
489 341 594 397 Ξ“ϐ’ἳ

1735 329 1790 396 S.
1835 327 2111 396 EUSEBH
2151 325 2538 396 liilERONYMi

3695 335 3797 395 ὅθι

483 462 646 518 batur
673 459 858 527 Onire,
891 453 1276 516 dimicantibus
1296 467 1487 532 postea
1515 453 1779 517 adversus
1803 451 2086 515 Romanos
2113 459 2166 527 Α
2195 465 2439 530 pretatn‘s
2461 467 2544 515 est
2571 457 2788 532 Aquila,
2818 474 2978 532 quem
3013 477 3111 516 nos
3137 459 3189 515 in
3214 453 3318 518 hoc
3347 461 3472 517 loco
3504 463 3674 518 secuti
3709 479 3799 519 su-

482 557 709 624 .ludacis,
759 549 828 612 ad
854 547 1026 612 solum
1061 566 1229 627 usque
1259 547 1437 610 deieta
1468 561 1590 613 est:
1623 563 1675 612 et
1715 567 1889 626 neque
1911 553 2081 622 urbis,

485 667 662 724 neque
684 649 893 724 templi,
917 651 1085 707 ullttm
1111 657 1285 707 restat
1315 643 1629 726 veSIigium.
1659 647 1773 707 Sub
1795 650 2086 705 occasione

483 759 614 816 ergo
666 747 818 802 Onire
847 739 1158 812 Pontiﬁcis,
1213 739 1427 802 inﬁnita
1481 745 1729 804 examina
1770 741 2085 804 Judarorttm

485 835 781 913 Egyptum
813 839 1200 912 enniugcrunt.
1227 833 1309 897 Eo
1338 851 1582 912 tempore
1611 850 1665 897 et
1696 839 2086 914 Cyrentuornm

487 933 841 994 multitudine
885 935 1094 1006 repleta
1125 945 1229 990 est.
1283 927 1582 991 Assercbat
1610 933 1755 990 enim
1789 941 1814 970 τι
1859 933 1996 990 Onia
2028 949 2089 990 se

487 1032 640 1086 Isaia:
671 1029 902 1101 impiere
933 1023 1251 1086 vaticinium
1284 1030 1577 1086 scribentis
1603 1047 1615 1084 :
1648 1023 1764 1084 Erit
1789 1025 1954 1084 altare
1980 1025 2086 1082 Do-

485 1123 613 1181 mini
665 1125 718 1180 in
775 1111 1030 1198 Egi/pit),
1061 1135 1108 1180 et
1139 1121 1321 1180 tituius
1374 1115 1583 1180 Domini
1631 1125 1684 1180 in
1717 1119 1947 1179 terminis
1978 1125 2088 1195 ejus

491 1215 625 1288 (lsai
664 1233 776 1283 XIX,
800 1213 910 1290 i9).
932 1215 1000 1277 Et
1026 1215 1130 1273 ltoc
1155 1227 1239 1274 est
1264 1211 1407 1289 quod
1440 1233 1581 1273 nunc
1603 1216 1766 1273 dicit:
1799 1213 1933 1270 Filii
1956 1233 2089 1290 prte-

485 1312 834 1366 raricatorum
866 1311 1047 1384 pepuli
1074 1311 1168 1376 tui,
1213 1311 1304 1382 qui
1337 1303 1747 1382 dereliquerunt
1770 1312 1946 1382 legem
1979 1308 2089 1364 Do-

488 1405 655 1470 mini,
717 1405 966 1461 volentes
1016 1399 1070 1460 in
1122 1401 1230 1458 alio
1291 1403 1411 1460 luco
1463 1409 1822 1474 prmlcrquam
1877 1401 2089 1472 jussum

486 1508 640 1567 erat,
677 1499 787 1554 Deo
815 1499 1068 1554 victimas
1100 1491 1418 1566 immolare,
1449 1497 1781 1554 extollentur
1811 1496 1864 1552 in
1895 1512 2086 1568 super-

488 1591 657 1658 biam,
683 1601 741 1648 et
767 1585 1060 1658 visionem,
1119 1592 1222 1649 hoc
1255 1600 1367 1660 est,
1419 1585 1633 1648 Domini
1664 1599 1998 1664 prmccptnm
2030 1605 2093 1647 se

488 1688 721 1759 implere
743 1687 1056 1757 jactabunt.
1085 1686 1190 1743 Sed
1225 1697 1486 1744 corruent
1522 1705 1534 1740 :
1584 1685 1712 1758 quia
1740 1693 1795 1742 et
1815 1679 2091 1758 'tempiunt

486 1789 542 1835 et
573 1779 702 1834 urbs
733 1788 921 1852 postea
946 1775 1587 1850 destruentur.Cumque
1612 1778 1911 1834 Antiochus
1944 1789 2094 1834 leue-

2192 571 2334 622 mns,
2370 549 2687 612 Tbeodotio
2731 559 2906 628 ipsuut
2955 549 3287 613 iicbraicam
3335 557 3564 613 verbum
3623 559 3806 630 posuit

2190 647 2216 686 ἀ
2249 653 2420 719 σαὲὶν,
2455 667 2553 723 pro
2575 667 2682 726 quo
2709 651 3077 728 Symmachus
3125 651 3292 708 vertit
3316 694 3330 720 ,
3362 661 3553 708 terram
3595 654 3806 726 fortitu-

2191 741 2349 799 dinis.

2265 837 2448 908 (Vers.
2485 836 2599 911 i7.)
2642 829 2711 894 Et
2751 851 2905 913 ponet
2936 842 3123 913 {aciem
3151 857 3302 896 suam
3335 850 3389 896 ut
3431 837 3602 896 veniat
3633 842 3700 895 ad
3732 850 3810 898 te-

2192 932 2420 986 nendum
2444 933 2735 990 universum
2757 952 2974 1007 regnum
3015 939 3150 1007 ejus,
3175 946 3220 989 et
3247 946 3384 991 recta
3405 935 3559 1009 faciet
3579 953 3693 990 cum
3723 953 3804 991 eo.

2195 1019 2260 1080 Et
2288 1025 2454 1095 ﬁliam
2485 1027 2798 1097 feminarum
2830 1027 2970 1082 dabit
3003 1025 3080 1096 ei,
3117 1037 3170 1084 ut
3197 1038 3386 1083 erertat
3417 1027 3567 1090 illum
3599 1025 3809 1100 [ναις.

2192 1115 2374 1194 illud].
2407 1119 2475 1179 Ut
2498 1133 2713 1178 evertat
2755 1121 2934 1189 illum,
2968 1120 3078 1179 hoc
3109 1131 3194 1179 est
3220 1167 3234 1192 ,
3261 1121 3616 1178 Ptolemteum
3642 1165 3658 1191 ,
3687 1123 3813 1178 sive

2195 1209 2350 1278 illttd,
2385 1213 2491 1270 hoc
2524 1223 2629 1283 est,
2675 1231 2904 1288 regnum
2939 1215 3087 1288 ejus.
3130 1213 3339 1272 Volens
3366 1213 3672 1272 Antiochus
3701 1231 3813 1272 non

2193 1306 2372 1362 solum
2404 1305 2642 1380 Syriam,
2675 1321 2728 1364 et
2753 1309 3020 1377 Ciliciam,
3056 1319 3106 1366 et
3140 1303 3304 1384 710
3325 1305 3571 1384 Lyciam,
3597 1321 3645 1365 et
3675 1307 3813 1368 alias

2195 1401 2533 1472 provincias,
2554 1418 2673 1476 qum
2690 1399 2970 1458 Ptolemmi
2990 1403 3800 1478 fuerantpartium,possidet'e,

2195 1483 2292 1547 sed
2329 1491 2382 1548 in
2416 1489 2710 1568 .IEgyptum
2751 1512 2972 1569 quoque
3004 1513 3231 1570 regnum
3275 1514 3432 1553 suum
3479 1497 3810 1566 extendere,

2197 1581 2365 1641 lilium
2397 1603 2549 1643 suam
2579 1585 2927 1660 Cleopatram
2967 1605 3064 1660 per
3099 1589 3322 1646 Euclem
3365 1585 3636 1647 Rhodium
3679 1608 3810 1664 sep-

2196 1675 2328 1735 timo
2362 1691 2508 1737 anno
2546 1683 2698 1754 regni
2733 1681 3129 1750 adolescentis,
3165 1679 3461 1756 despondit
3492 1684 3807 1752 Ptolemzeo,

2195 1779 2251 1828 et
2282 1773 2667 1830 tertiodecimo
2697 1789 2842 1830 anno
2886 1773 3140 1843 tradidit,
3177 1777 3299 1832 data
3331 1777 3379 1832 ei
3409 1773 3555 1832 dotis
3589 1779 3812 1834 nomine

487 1885 570 1931 re:
609 1866 853 1930 .indacam
885 1920 898 1944 ,
949 1873 1147 1930 missus
1173 1873 1384 1943 Scepas
1409 1869 1437 1911 ι)
1462 1867 1738 1938 Ᾱίιιιοιυς,
1775 1869 1884 1928 dux
1913 1871 2091 1928 Ptole-
2121 1877 2170 1941 Β
2196 1865 2341 1922 οηιηί
2371 1865 2671 1940 leesyria
2699 1878 2754 1923 et
2778 1867 2988 1924 intima.
3019 1867 3213 1923 Filiam
3255 1876 3435 1923 autem
3482 1869 3811 1925 feminarum

491 1965 615 2023 lutei
639 1967 900 2034 partium,
951 1967 1225 2022 adversus
1254 1963 1584 2022 Antiochum
1615 1963 1834 2023 fortiter
1861 1965 2089 2022 dimica-

489 2061 602 2127 vit,
662 2060 916 2132 cepitque
944 2057 1211 2126 Judaeam,
1260 2067 1311 2115 et
1343 2057 1632 2130 optimates
1665 2053 1939 2114 Ptolemaei
1971 2072 2094 2130 par-

493 2156 624 2210 tium
644 2167 832 2210 secum
861 2149 1162 2223 abduceus,
1195 2153 1250 2208 in
1281 2150 1576 2227 Egyptum
1599 2163 1855 2210 reversus
1885 2163 1988 2209 est.

561 2243 727 2322 709
759 2247 1036 2322 (Vers.15
1058 2291 1071 2315 ,
1108 2241 1234 2320 16.)
1268 2247 1336 2302 Et
1372 2247 1538 2304 veniet
1580 2263 1671 2303 rex
1710 2245 1983 2320 Aquilonis
2006 2292 2019 2316 ,
2047 2260 2096 2305 et

491 2341 833 2416 comportabit
867 2359 1141 2417 aggerem,
1175 2351 1222 2399 et
1250 2345 1418 2416 capiet
1447 2345 1598 2400 urbes
1637 2345 2028 2411 munitissimus,
2049 2355 2097 2400 et

491 2439 703 2496 brachia
744 2439 922 2494 Austri
958 2455 1061 2495 non
1092 2438 1416 2494 sustinebunt
1455 2456 1472 2493 :
1515 2449 1562 2496 et
1599 2447 1912 2512 consurgent
1948 2441 2099 2494 eiecti

490 2537 603 2606 ejus
643 2527 711 2587 ad
750 2527 1134 2599 resistendum,
1168 2541 1216 2588 et
1246 2549 1348 2588 non
1381 2529 1482 2588 erit
1526 2531 1804 2604 fortitudo.
1845 2527 1912 2587 Et
1945 2533 2099 2604 faciet

491 2625 694 2680 veniens
722 2639 880 2697 super
909 2639 1022 2680 cum
1039 2627 1201 2698 juxta
1227 2623 1476 2697 placitum
1507 2635 1751 2688 suum,et
1780 2642 1883 2680 non
1900 2615 1994 2680 erit
2012 2626 2099 2696 qui

489 2725 588 2772 stet
618 2727 801 2773 centra
842 2713 1024 2788 facient
1064 2719 1177 2790 ejus
1210 2735 1227 2773 :
1265 2725 1313 2775 et
1347 2717 1498 2774 stabit
1531 2719 1582 2773 in
1620 2730 1760 2774 terra
1797 2721 1991 2791 inclyta
2014 2762 2027 2786 ,
2051 2729 2101 2775 et

491 2823 826 2866 constituetur
855 2809 908 2867 in
958 2825 1115 2867 manu
1162 2815 1300 2888 ejus.
1351 2805 1660 2870 Antiochus
1712 2815 1857 2869 enim
1909 2811 2100 2871 volens

488 2905 736 2962 .ludaeatn
769 2919 1126 2977 recuperare,
1160 2917 1216 2962 et
1243 2907 1418 2980 Syria:
1450 2903 1614 2963 urbes
1647 2907 1929 2978 plurimas,
1969 2907 2102 2965 Sco-

487 3013 612 3071 pant
667 2999 859 3058 ducem
907 2997 1192 3058 Ptolemmi
1243 2995 1405 3073 juxta
1447 2999 1632 3058 fontes
1676 3000 1972 3070 Jurdanis,
2009 3001 2100 3056 ubi

493 3109 637 3151 nunc
669 3089 878 3152 Paucas
910 3095 1137 3152 condita
1169 3105 1276 3163 est,
1304 3095 1441 3152 inito
1467 3098 1771 3154 certamine
1795 3095 2021 3168 fugavit,
2047 3104 2104 3152 et

491 3205 614 3246 cum
646 3181 838 3246 decem
873 3189 1114 3246 millibus
1146 3199 1487 3246 armatorum
1521 3183 1738 3245 obsedit
1767 3191 2011 3247 clausum
2044 3189 2099 3246 in

488 3279 714 3341 Sidone.
748 3286 829 3342 Ob
867 3301 1029 3356 quem
1077 3279 1423 3343 liberandum
1456 3279 1606 3342 misit
1631 3281 1965 3340 Ptolemaeus
1993 3281 2089 3341 du-
2122 3287 2167 3353 C

489 3391 582 3434 ces
612 3375 850 3451 inclytos
879 3371 1143 3450 Eropum.
1175 3389 1232 3435 et
1261 3375 1586 3444 Meneclem,
1621 3383 1676 3434 et
1713 3378 2094 3434 Damoxenttm

491 3470 509 3544 [
541 3465 694 3544 Vnig.
729 3467 1069 3529 Damoxeum
1173 3465 1280 3531 Sed
1331 3467 1678 3530 obsidionem
1731 3469 1945 3530 Spir-ore
1985 3483 2093 3529 nun

489 3569 666 3635 potuit
693 3588 704 3622 ;
741 3568 914 3624 donec
946 3567 1090 3624 fame
1119 3573 1414 3640 superatus
1441 3561 1653 3640 Scopas
1689 3577 1882 3624 manus
1910 3567 2090 3640 dedit,

481 3669 540 3716 et
589 3655 770 3718 nudus
821 3673 946 3718 cum
995 3663 1160 3718 sociis
1209 3659 1470 3718 dimissus
1510 3671 1618 3720 est.
1651 3655 1932 3736 ,Quodque
1981 3663 2090 3731 ait,

490 3751 845 3827 Contpartabit
891 3769 1166 3828 aggerem,
1202 3753 1332 3813 illttd
1363 3757 1678 3829 significat,
1710 3757 1854 3830 quod
1897 3759 2090 3828 praesi-

487 3847 639 3903 dium
655 3847 848 3918 Scopa:
871 3845 923 3904 in
948 3863 1074 3906 arce
1096 3851 1588 3930 Jerosolymorum,
1603 3851 1980 3910 annitentibus
1998 3847 2092 3910 Ju-

485 3940 620 3997 daais
648 3984 663 4010 ,
690 3943 865 3998 multo
913 3951 1162 4014 tempere
1207 3943 1535 4017 Oppugnarit
1568 3961 1584 3999 :
1618 3955 1672 4001 et
1716 3945 1926 4018 ceperit
1955 3945 2091 4002 alias

481 4033 648 4091 urbes
671 4076 687 4103 ,
712 4047 834 4107 quae
861 4035 1012 4108 prius
1042 4051 1074 4092 a
1120 4029 1408 4094 Ptolemtei
1440 4033 1686 4107 partibus
1714 4041 2048 4096 tenebantur
2073 4082 2088 4106 ,

479 4127 656 4200 Syriae
677 4171 695 4197 ,
727 4138 783 4184 et
810 4121 1020 4186 Cilicia:
1042 4170 1058 4197 ,
1090 4133 1146 4186 et
1171 4121 1357 4203 Lyciae
1389 4131 1410 4205 [
1437 4125 1523 4187 Al.
1548 4123 1738 4206 Lydiae
1759 4129 1800 4206 ].
1831 4127 1910 4188 Eo
1941 4133 2088 4190 enim

479 4237 732 4301 tempore
758 4240 938 4302 captaa
969 4229 1103 4288 sunt
1154 4227 1520 4304 Aphrodisias
1547 4277 1561 4300 ,
1593 4244 1648 4291 et
1679 4231 1872 4308 Soloe,
1905 4247 1961 4298 et
1989 4231 2088 4300 Ze-

479 4329 737 4408 phyrion,
759 4343 819 4388 et
848 4331 1067 4404 Mallos,
1091 4341 1149 4391 et
1177 4337 1540 4394 Anemurium
1571 4333 1677 4412 [ΑΙ.
1703 4337 2084 4417 Anemurum],

475 4443 529 4490 et
558 4433 814 4506 Selentts,
845 4445 896 4494 et
927 4435 1311 4503 Coracesium,
1345 4447 1400 4498 et
1430 4441 1680 4509 Coricus,
1709 4451 1765 4498 et
1790 4441 2083 4513 Audriace,

475 4536 534 4588 et
558 4528 804 4602 Limyra,
830 4539 888 4588 et
914 4531 1106 4588 Patara
1139 4530 1270 4606 [AL
1303 4531 1511 4608 Patra],
1541 4544 1595 4591 et
1619 4533 1907 4606 Xanthus,
1938 4547 1995 4596 et
2016 4538 2085 4596 ad

477 4635 786 4684 extremum
810 4624 1067 4696 Ephesus
1099 4644 1111 4679 :
1145 4625 1213 4684 de
1242 4627 1441 4700 quibus
1473 4630 1748 4688 universis
1779 4619 2076 4703 et'tsraeca,

474 4723 530 4772 et
557 4713 804 4774 Romana
831 4725 1019 4776 narrat
1045 4716 1300 4776 historia.
1331 4720 1598 4794 Quodque
1625 4723 1810 4780 intulit
1836 4744 1847 4779 :
1882 4725 1950 4783 Et
1980 4736 2083 4782 sta-

473 4807 547 4862 bit
577 4809 629 4862 in
659 4817 798 4864 terra
830 4810 1028 4884 inclyta
1047 4851 1063 4878 ,
1097 4820 1143 4866 et
1166 4823 1520 4884 consumetur,
1555 4816 1671 4874 sive
1698 4818 1999 4890 perﬁcietur
2023 4819 2080 4874 in

471 4916 634 4955 manu
680 4904 810 4974 ejus;
844 4909 1050 4957 terram
1093 4900 1388 4978 inclytam,
1425 4907 1576 4976 sive,
1619 4919 1675 4963 ut
1719 4909 2076 4984 Septuaginta

469 4991 818 5062 interpretati
851 5002 1014 5060 sunt,
1047 4996 1363 5066 voluntatis,
1390 4993 1495 5054 hoc
1522 5009 1647 5074 est,
1680 5018 1803 5074 qua:
1833 5005 2078 5078 compla-

469 5097 594 5142 ceat.
617 5086 754 5155 Deo,
785 5081 1032 5144 indutam
1063 5089 1370 5161 signiﬁcat,
1406 5104 1460 5149 et
1493 5095 1714 5165 proprie
1740 5098 2073 5170 Jerusalem,

463 5179 522 5242 iu
551 5196 658 5252 qua
683 5181 995 5244 honoriﬁce
1026 5196 1048 5222 ο
1073 5197 1364 5256 susceptos
1387 5201 1485 5243 eos
1504 5191 1596 5260 qui
1621 5192 1857 5262 partium
1884 5194 2076 5267 Scolm

460 5279 644 5343 erant,
673 5285 1005 5346 prosecutus
1031 5285 1138 5335 est.
1171 5279 1285 5334 Pro
1314 5289 1455 5335 terra
1479 5283 1698 5356 inclyta,
1721 5287 1866 5357 quod
1895 5288 2070 5347 inter.

538 5449 563 5479 ⁸
593 5435 907 5514 ilancisaize
929 5432 1340 5514 praedictionem
1370 5439 1498 5500 alibi
1523 5443 1582 5500 S.
1606 5438 1874 5504 Doctorin
1901 5449 2062 5509 Com-

462 5524 639 5602 ment.
683 5505 1119 5602 in'itlttnt'isttim
1173 5509 1596 5602 iopulnuco'ntra.
1636 5517 1812 5602 ipsum
1867 5505 2059 5602 (iniam

461 5586 718 5666 exagitat.
745 5585 912 5666 isaias
931 5584 1150 5666 quippe
1167 5582 1418 5656 spiritale
1466 5582 1672 5646 Christi
1703 5601 1928 5666 regnum
1964 5593 2059 5666 ἀρ-

461 5597 718 5711 exagitat.
747 5597 912 5670 Isaias
945 5597 1141 5712 qutpge
1167 5597 1418 5656 sptrttale
1466 5597 1671 5646 Ultristi
1703 5601 1928 5666 regnum
1964 5597 2053 5656 de-

459 5669 562 5735 sert
591 5673 705 5735 _ens
737 5658 948 5735 therat
973 5673 1024 5710 tn
1053 5728 1093 5735 __
1128 5665 1344 5735 gyptttm
1381 5667 1550 5735 astute
1582 5673 1932 5735 prOpagatum
1966 5665 2053 5724 iri.

532 5726 805 5811 ijfstri‘
829 5743 990 5811 mss.“
1020 5726 1268 5798 /Etltioti,
1301 5731 1416 5811 sive
1452 5726 1633 5806 Eptoli
1670 5726 1813 5804 ﬁlius
1845 5737 2050 5811 legunt.

459 5793 596 5852 Vide
618 5797 900 5868 Polybium
933 5795 1028 5853 lib.
1056 5811 1130 5866 tv,
1163 5793 1283 5867 cap.
1305 5800 1400 5869 ΞΒ,
1425 5793 1536 5860 etc.

531 5879 554 5907 ε
588 5869 863 5954 Rescribit
889 5869 1164 5954 Victorius
1189 5888 1257 5927 ex
1285 5874 1684 5954 ingenio,__sive
1706 5877 1772 5954 ad
1801 5881 2045 5954 superio-

455 5939 534 5997 ris
564 5947 852 5996 contextus
880 5940 1105 6012 seriem,
1130 5939 1420 6014 susceptus,
1455 5939 1662 6006 scilicet
1695 5939 2003 6011 Antiochus
2034 5973 2047 6011 :

2195 1973 2295 2030 per
2326 1961 2648 2034 πλεονασμὸν
2684 1961 2870 2029 vocat,
2898 1973 2954 2018 ιιι
2983 1973 3066 2016 cst
3089 1962 3220 2017 illud
3254 1965 3531 2033 poeticum
3569 1982 3580 2018 :

2401 2089 2414 2100 .
2458 2091 2468 2101 .
2508 2093 2521 2106 .
2559 2091 2573 2106 .
2613 2093 2624 2104 .
2668 2095 2678 2105 .
2717 2094 2728 2104 .
2769 2094 2779 2105 .
2820 2094 2830 2105 .
2875 2094 2886 2105 .
2929 2095 2939 2105 .
2979 2089 2993 2106 .
3029 2053 3516 2106 Sicoreiocutaest.

2397 2153 2410 2169 .
2451 2154 2463 2166 .
2501 2147 2518 2166 .
2557 2157 2569 2170 .
2609 2157 2621 2169 .
2665 2154 2678 2168 .
2719 2151 2731 2168 .
2771 2149 2784 2170 δ
2820 2118 3103 2183 Vocemque
3126 2120 3594 2171 hisauribushausi.

2269 2207 2453 2278 (Vera.
2487 2206 2576 2272 18,
2606 2204 2721 2276 19.)
2748 2204 2810 2258 Et
2838 2222 2941 2261 non
2967 2207 3146 2274 stabit,
3169 2222 3267 2260 nec
3293 2207 3435 2260 illius
3457 2208 3578 2260 erit.
3606 2206 3668 2260 Et
3689 2222 3815 2262 con-

2197 2307 2360 2356 uertet
2390 2300 2580 2369 faciem
2627 2314 2779 2352 suam
2811 2298 2881 2352 ad
2913 2298 3110 2354 insulas
3139 2341 3153 2365 ,
3187 2310 3236 2354 et
3267 2301 3432 2372 capiet
3482 2304 3676 2356 multas
3700 2318 3719 2356 :
3763 2311 3813 2358 et

2202 2410 2402 2449 cessare
2431 2393 2586 2463 faciet
2625 2393 2912 2464 principem
2943 2393 3212 2465 approbrii
3243 2395 3326 2448 sui
3344 2435 3359 2458 ,
3391 2405 3442 2448 et
3473 2395 3814 2467 opprobrium

2201 2491 2314 2559 ejus
2343 2496 2671 2541 convertetur
2699 2487 2758 2540 in
2787 2502 2920 2540 eum.
2954 2483 3023 2539 Et
3045 2497 3303 2542 cetwertet
3335 2490 3522 2558 faciem
3555 2505 3706 2543 suam
3743 2490 3813 2543 ad

2199 2583 2476 2650 imperium
2509 2591 2661 2636 terra:
2689 2597 2820 2649 suae,
2847 2590 2892 2635 et
2917 2582 3188 2654 impinget,
3215 2593 3264 2636 et
3289 2593 3523 2652 corruet,
3542 2592 3591 2638 et
3609 2601 3714 2639 non
3732 2585 3814 2640 in-

2201 2678 2454 2733 venietur.
2497 2675 2685 2746 Neque
2732 2675 2879 2732 enim
2931 2675 3186 2732 obtinere
3229 2679 3402 2746 potuit
3455 2676 3754 2749 Egyptum
3789 2698 3804 2735 :

2201 2772 2328 2840 quia
2360 2769 2688 2826 Ptolemaeus
2714 2769 3028 2840 Epiphanes
3055 2780 3112 2825 et
3139 2770 3310 2828 duces
3357 2772 3500 2839 ejus,
3551 2770 3801 2827 sentien-

2205 2872 2288 2921 tes
2313 2863 2523 2929 dolum,
2557 2864 2772 2918 cautius
2807 2877 2868 2919 se
2897 2873 3128 2934 egerunt
3160 2905 3177 2931 ,
3209 2875 3262 2920 et
3291 2864 3582 2934 CleOpatra
3631 2867 3806 2938 magis

2206 2957 2307 3012 viri
2339 2967 2553 3028 partes,
2591 2971 2754 3026 quam
2781 2956 3030 3027 parentis
3057 2955 3215 3012 fovit.
3251 2955 3405 3012 Unde
3432 2957 3597 3012 vertit
3637 2974 3697 3012 se
3733 2958 3802 3014 ad

2203 3049 2416 3114 Asiam,
2440 3057 2496 3103 et
2533 3048 2714 3102 navali
2743 3047 3052 3104 certamine
3096 3047 3386 3104 adversum
3418 3048 3681 3118 plurimas
3725 3051 3809 3107 in—

2205 3142 2353 3198 sulas
2399 3142 2667 3196 dimicans
2691 3183 2706 3210 ,
2743 3142 2890 3211 cepit
2933 3139 3184 3201 Rhodum
3219 3140 3232 3212 Ι
3272 3141 3359 3196 At.
3395 3140 3636 3196 llrodum
3663 3141 3682 3214 l
3705 3185 3720 3206 ,
3749 3152 3807 3200 et

2205 3239 2464 3302 Samum,
2489 3245 2543 3290 et
2569 3231 2955 3305 Colophonam
2986 3232 3009 3306 [
3035 3233 3122 3290 Al.
3151 3234 3547 3304 Colophonium
3599 3247 3656 3291 et
3701 3236 3807 3292 Bo-

2200 3328 2388 3402 clam],
2421 3339 2477 3385 et
2503 3328 2800 3395 Pltoceatn,
2827 3337 2883 3384 et
2915 3329 3054 3384 alias
3085 3327 3288 3384 multas
3318 3328 3550 3384 insulas.
3581 3328 3691 3385 Sed
3715 3343 3810 3384 oc-

2197 3423 2430 3480 curritei
2459 3423 2522 3480 L.
2547 3423 2732 3493 Scipio
2760 3421 2956 3478 Nasica
2982 3437 3104 3478 cum
3135 3420 3309 3478 fratre
3337 3438 3440 3477 suo
3460 3422 3651 3478 Publio
3676 3423 3804 3480 Sci-

2197 3517 2364 3587 pione
2395 3517 2676 3580 Africano,
2709 3521 2799 3587 qui
2830 3515 3158 3572 Annibalem
3203 3515 3428 3571 vicerat.
3470 3515 3610 3572 Cum
3653 3516 3805 3574 enim

2198 3611 2390 3668 consul
2410 3609 2603 3667 Nasica
2627 3609 2794 3666 frater
2813 3609 3057 3666 Africani
3084 3609 3382 3668 hebetioris
3402 3622 3554 3668 esset
3575 3611 3802 3681 ingenii,

2195 3715 2252 3762 ct
2290 3715 2477 3760 contra
2525 3720 2708 3776 regem
2757 3705 3196 3775 potentissimum
3230 3708 3472 3762 senatus
3500 3706 3551 3762 ei
3592 3706 3800 3763 bellum

2195 3797 2368 3856 nollet
2393 3797 2646 3864 credere,
2677 3808 3040 3869 spontaneam
3071 3797 3404 3868 legationem
3429 3798 3631 3854 obtulit
3657 3799 3803 3856 Afri-

2193 3904 2362 3946 canus
2395 3905 2493 3958 pro
2520 3889 2709 3946 fratris
2737 3890 2957 3961 injuria.
2987 3889 3172 3964 Victus
3194 3905 3325 3960 ergo
3355 3891 3686 3957 Antiochus,
3717 3892 3802 3948 in-

2194 3991 2278 4038 tra
2307 3980 2549 4038 Taurum
2583 3998 2815 4054 regnare
2833 3983 3016 4054 jussus
3039 3993 3145 4050 est,
3168 3993 3222 4038 et
3245 3983 3370 4038 inde
3401 3983 3539 4056 fugit
3558 3983 3625 4039 ad
3653 3983 3801 4054 Apa-

2194 4077 2389 4148 miam,
2423 4092 2490 4134 ac
2532 4078 2750 4144 Susam,
2780 4087 2837 4134 et
2875 4077 3099 4134 ultimas
3149 4077 3306 4149 regni
3337 4067 3438 4134 "sui
3491 4079 3799 4149 penetravit

2193 4171 2379 4228 urbes.
2414 4174 2659 4243 Cumque
2702 4172 2998 4229 adversum
3042 4172 3300 4228 Elimteos
3332 4182 3636 4244 pugnaret,
3670 4189 3793 4230 cum

2192 4267 2342 4322 omni
2369 4277 2456 4322 est
2503 4267 2722 4323 deletus
2768 4269 3037 4323 exercitu.
3073 4269 3137 4323 Et
3179 4269 3281 4324 hoc
3310 4281 3391 4324 est
3415 4309 3430 4332 ,
3465 4270 3608 4339 quod
3647 4284 3794 4326 nunc

2192 4359 2476 4430 Scriptura
2498 4361 2654 4427 dicit,
2687 4360 2832 4432 quod
2861 4361 3062 4416 multas
3093 4363 3297 4418 insulas
3328 4361 3539 4431 ceperit
3564 4379 3576 4414 :
3598 4371 3653 4417 et
3675 4363 3793 4418 vin-

2189 4461 2351 4512 cente
2385 4451 2634 4509 Romano
2655 4494 2671 4521 ,
2703 4469 2931 4524 regnum
2974 4453 3120 4509 Asia:
3151 4453 3454 4524 perdiderit
3474 4471 3488 4508 :
3508 4463 3563 4508 ct
3590 4470 3794 4524 oppro-

2189 4545 2366 4602 brium
2397 4547 2520 4616 ejus
2562 4561 2887 4604 cnnversum
2918 4548 2989 4602 sit
3031 4548 3082 4602 in
3113 4558 3274 4617 caput
3302 4546 3418 4618 ejus
3451 4555 3552 4602 :et
3583 4548 3652 4604 ad
3695 4565 3794 4605 ex-

2190 4650 2422 4696 tremum
2451 4640 2520 4697 de
2561 4641 2688 4698 Asia
2733 4641 2948 4711 fugiens
2974 4683 2989 4708 ,
3021 4657 3275 4697 reversus
3302 4643 3372 4695 sit
3401 4640 3465 4694 ad
3498 4641 3791 4712 imperiuut

2187 4746 2353 4794 terra:
2395 4751 2510 4792 sua:
2539 4775 2556 4802 ,
2587 4746 2641 4792 et
2671 4734 2963 4807 impegcrit
3005 4743 3169 4807 atque
3215 4735 3509 4802 corruerit,
3541 4746 3598 4794 et
3638 4737 3790 4793 locus

2185 4829 2303 4898 ejus
2333 4843 2438 4884 non
2471 4830 2543 4884 sit
2573 4830 2848 4886 inventus.

2257 4922 2440 4994 (νει-δ.
2475 4921 2595 4988 20.)
2639 4919 2710 4977 Et
2740 4921 2896 4976 stabit
2925 4921 2979 4976 in
3011 4921 3126 4976 loco
3157 4923 3271 4994 ejus
3300 4922 3606 4990 vilissimus,
3633 4929 3681 4977 et
3705 4923 3786 4977 iu-

2183 5016 2373 5087 dignus
2415 5016 2599 5070 decore
2626 5015 2768 5086 regio
2799 5031 2817 5069 :
2850 5026 2899 5070 et
2941 5016 2995 5070 in
3030 5015 3215 5088 paucis
3255 5015 3434 5069 diebus
3464 5025 3783 5084 conteretur,

2183 5125 2288 5164 non
2316 5109 2370 5163 in
2410 5111 2584 5180 furore
2604 5153 2618 5177 ,
2644 5125 2738 5184 nec
2764 5109 2817 5162 in
2848 5107 3054 5178 pt'wlio.
3086 5109 3383 5165 Seleucum
3416 5108 3549 5162 dicit
3577 5121 3785 5178 cogno-

2183 5211 2370 5260 utento
2410 5202 2820 5273 Philopatorcm
2867 5203 3026 5276 7n
3076 5203 3246 5258 tilium
3294 5202 3468 5274 Magni
3501 5201 3782 5268 Antiochi,

2177 5297 2270 5366 qui
2305 5295 2440 5352 nihil
2469 5295 2694 5370 dignum
2722 5297 2894 5369 Syriae
2931 5299 2987 5352 et
3019 5297 3188 5368 patris
3217 5297 3387 5368 gessit
3424 5295 3656 5367 imperio
3677 5338 3692 5361 ,
3724 5303 3784 5352 et

2166 5463 2222 5513 et
2247 5472 2374 5541 mox
2405 5466 2718 5541 persecutus_
2738 5474 2838 5530 pro
2864 5467 3190 5541 prosecutus.

2234 5526 2260 5566 ά
2289 5523 2510 5594 Verius,
2545 5540 2600 5584 ut
2632 5523 3010 5604 videtur,'mss.
3041 5529 3282 5586 Palatin.
3317 5539 3368 5604 et
3401 5523 3778 5604 penesiiont-

2163 5599 2716 5672 ittucott.iSattgerttt.
2741 5597 2968 5672 habent
3007 5619 3131 5657 cum
3175 5615 3201 5656 r
3227 5609 3280 5658 et
3323 5597 3534 5672 [guinis
3573 5597 3778 5657 litteris

2163 5671 2341 5750 Sabir.
2359 5671 2883 5750 ξίςμῚῖιρθῡιΙυιῆξιιξᾷε
2909 5679 3054 5750 Titii;
3086 5681 3186 5732 τῶν
3216 5680 3306 5734 τὴν
3333 5671 3582 5750 Ἒϐρᾳίων
3608 5679 3774 5750 φω-νήν

2159 5749 2231 5809 εἰς
2262 5745 2591 5830 τὴξςίτξλὶῖἀδα
2619 5745 3072 5830 ρξεξαϐεεᾉηκόεῳν
3093 5789 3105 5812 ,
3131 5747 3347 5830 ῒῆγςτοῦ
3374 5743 3556 5829 Σὰςείρ
3587 5743 3774 5830 sistm:-

2159 5839 2299 5946 xain.
2331 5817 2564 5945 gtdetur
2586 5815 2938 5876 nihilosecius
2973 5815 3281 5876 Thcodotio
3314 5815 3566 5888 posuisse
3594 5815 3769 5884 Σαϐεὶ,

2160 5901 2224 5946 ve
2275 5901 2343 5946 Σα
2382 5910 2523 5946 astu.

2160 5891 2244 5946 Vel
2275 5891 2523 5960 Σαϐαείμ.
