4128 6346
374 277 490 342 565

1134 273 1793 347 conusmamonblu
1833 277 1904 348 1N
1943 277 2294 351 oANiELau
2335 283 2562 354 manu.
2604 296 2758 355 car.
2803 297 2894 354 χι.

3578 295 3686 360 568

374 399 590 468 absque
619 396 745 453 ullis
775 397 978 468 prmliis
1009 397 1274 469 inglorius
1303 400 1486 470 periit.
1531 397 1702 455 Porro
1735 398 1979 472 Porphy-
2009 401 2061 464 Λ
2087 403 2260 473 usque
2295 395 2360 458 ad
2393 409 2565 473 “mare,
2594 403 2647 461 et
2670 409 2700 461 a
2729 402 2953 464 ﬂumine
2983 415 3154 481 usque
3197 400 3264 466 ad
3293 405 3560 469 terminos
3591 427 3685 470 or-

372 490 502 546 rius'
525 499 630 546 nati
671 491 784 546 vult
813 491 958 546 hunc
985 505 1108 547 esse
1140 481 1434 548 Seleucum
1459 535 1472 559 ,
1502 491 1598 548 sed
1631 492 1978 549 Ptolemaeum

373 585 732 657 Epiphaueu,
765 585 857 656 qui
887 585 1120 642 Seleuco
1151 588 1222 640 sit
1260 586 1482 641 molitus
1515 584 1773 651 insidias,
1800 586 1858 642 et
1885 583 1980 640 ad-

373 689 601 736 versum
633 689 756 735 eum
787 680 1087 736 exercitum
1117 682 1454 753 prmpararit,
1475 679 1750 736 etidcirco
1774 685 1982 737 vener

370 774 449 830 sit
490 773 816 832 interfecuts
847 789 877 829 a
925 773 1154 831 duribus
1201 777 1336 830 suis.
1378 774 1536 844 Quod
1564 783 1688 831 cuni
1723 786 1863 831 unus
1911 773 1981 832 ab

369 871 473 925 illo
505 873 782 941 qumreret
806 912 820 934 ,
851 878 1031 926 tertias
1059 885 1148 926 res
1181 871 1414 928 moliens
1440 869 1529 927 ubi
1562 871 1789 928 haberet
1819 885 1983 943 pecua

371 967 523 1022 uiam
552 961 576 1021 ?
605 965 924 1036 respondit,
961 965 1065 1022 sibi
1117 967 1322 1022 amicos
1380 976 1502 1023 esse
1553 965 1790 1023 divitias.
1822 963 1978 1034 Quod

367 1069 498 1118 cum
545 1059 879 1132 divulgatum
927 1073 1074 1119 esset
1103 1057 1158 1118 in
1202 1063 1419 1134 populis
1446 1105 1459 1128 ,
1490 1063 1783 1118 timuerunt
1815 1063 1982 1120 duces

370 1171 445 1212 ne
475 1155 717 1212 auferret
748 1163 938 1212 eorum
969 1157 1364 1225 substantiam,
1398 1163 1452 1212 et
1481 1155 1688 1212 idcirco
1715 1161 1837 1212 eum
1865 1169 1980 1211 ma-

367 1248 545 1307 leficis
590 1251 800 1306 artibus
851 1249 1189 1306 occiderunt.
1237 1245 1344 1307 Sed
1389 1251 1664 1318 quomodo
1715 1255 1894 1322 potest
1923 1243 1977 1306 in

368 1344 497 1400 loco
527 1343 703 1415 Magni
739 1345 999 1401 Antiochi
1045 1356 1192 1401 stare
1221 1341 1569 1412 Ptolemzrus,
1605 1346 1694 1416 qui
1727 1346 1830 1401 hoc
1861 1359 1978 1400 om—

368 1439 503 1494 nino
533 1453 640 1494 non
672 1435 803 1495 fecit
830 1459 843 1496 :
870 1441 1107 1496 maxime
1136 1455 1256 1496 cum
1289 1433 1432 1495 LXX
1455 1437 1800 1511 interpretati
1823 1445 1973 1508 sunt,

363 1539 414 1586 et
467 1531 622 1586 stabit
653 1533 716 1586 de
743 1526 923 1587 radice
961 1535 1077 1606 ejus
1118 1531 1396 1604 plantatio,
1423 1531 1475 1589 id
1509 1535 1591 1588 est
1615 1577 1630 1600 ,
1662 1533 1723 1588 de
1750 1527 1978 1605 germine

2087 496 2170 552 bis
2213 499 2483 555 terrarum
2511 541 2526 568 ,
2553 509 2656 556 nec
2686 505 2878 557 omnes
2906 505 3095 574 gentes
3141 499 3452 562 servierunt
3477 499 3560 575 ei,
3593 519 3690 565 ne-‘

2085 607 2191 665 que
2219 603 2344 649 ante
2374 595 2546 650 solem
2599 598 2899 666 permansit
2945 607 3140 656 nomen
3193 601 3312 672 ejus
3341 618 3354 658 :
3386 609 3488 658 nec
3517 593 3690 659 behe-

2084 683 2246 742 dictae
2272 690 2402 743 sunt
2427 689 2479 744 in
2513 691 2634 760 ipso
2667 699 2855 746 omnes
2880 691 3055 748 tribus
3085 701 3269 760 terrai,
3295 711 3471 766 neque
3493 697 3686 754 amnes

2081 789 2278 852 gentes
2324 782 2813 853 magnificaverunt
2859 799 3004 840 eum.
3059 783 3137 841 Ex
3185 789 3343 857 parte
3395 794 3578 845 autem
3629 784 3688 846 et

2081 876 2241 946 quasi
2276 876 2327 930 in
2379 876 2606 946 umbra,
2633 887 2688 933 et
2736 878 2970 949 imagine
2998 879 3244 935 veritatis
3293 880 3346 936 in
3391 879 3688 939 Salomone

2083 969 2368 1040 praemissa
2397 979 2525 1026 sunt
2553 1013 2568 1038 ,
2595 979 2652 1026 ut
2703 972 2757 1027 in
2788 972 3019 1028 Domino
3046 972 3334 1030 Satirat'tire
3387 975 3687 1045 perfectius

2082 1062 2463 1133 implerentur.
2496 1062 2652 1120 Sicut
2691 1064 2856 1136 igitur
2898 1064 3152 1122 Salvator
3198 1067 3395 1137 habet,
3427 1077 3482 1124 et
3521 1067 3684 1126 Salo-

2083 1161 2322 1222 monem,
2353 1163 2408 1212 et
2428 1167 2663 1214 cancros
2694 1167 2940 1226 sanctos,
2969 1159 3024 1214 in
3049 1167 3236 1232 typum
3261 1161 3530 1218 adventus
3556 1164 3643 1220 sui
3672 1183 3686 1220 :

2076 1232 2158 1304 sic
2184 1259 2238 1305 et
2269 1249 2638 1308 Antichristus
2669 1252 2966 1322 pessimum
2994 1265 3180 1325 regem
3214 1253 3563 1321 Antiochum,
3597 1251 3691 1328 qui

2080 1352 2302 1399 sanctos
2344 1353 2662 1414 persecutus
2705 1353 2788 1401 eet
2815 1391 2830 1414 ,
2859 1348 3232 1418 templumque
3263 1348 3510 1413 violavit,
3539 1349 3690 1408 recte

2080 1446 2266 1510 typum
2295 1441 2376 1494 sui
2413 1439 2674 1496 habuisse
2703 1440 3014 1497 credendus
3052 1440 3156 1497 est.
3185 1441 3491 1514 Sequemur
3526 1444 3691 1516 igitur

2081 1532 2446 1602 expositionis
2486 1533 2735 1590 ordinem
2762 1577 2777 1602 ,
2811 1541 2868 1591 et
2891 1535 3049 1606 juxta
3095 1543 3387 1608 utramque
3433 1538 3693 1609 explana-

361 1631 506 1702 ejus,
541 1637 588 1684 et
614 1629 836 1697 semine,
869 1629 1182 1699 percutiens
1211 1623 1531 1701 dignitatem
1563 1621 1777 1699 imperii
1808 1645 1818 1682 :
1849 1633 1897 1683 et
1923 1623 1975 1680 in
2077 1619 2304 1694 tionem,
2335 1623 2462 1697 quid
2491 1621 2845 1699 adversariis,
2877 1628 3009 1700 Quid
3036 1630 3242 1686 nostris
3265 1629 3539 1698 videatur,
3567 1633 3691 1688 bre-

361 1723 548 1790 paucis
578 1715 755 1777 diebus
785 1731 1082 1777 conteretur
1107 1721 1296 1794 absque
1318 1723 1394 1776 ira
1422 1730 1469 1776 et
1505 1720 1689 1794 praelia
1715 1715 1973 1776 ?iiehrtei
2077 1719 2219 1776 viter
2246 1729 2598 1776 annotemus.
2637 1719 2830 1787 Stabit,
2866 1722 3156 1792 inquiunt,
3186 1724 3242 1778 in
3281 1723 3394 1780 loco
3443 1719 3686 1789 Seleuci,

359 1813 692 1870 Vilissimum
717 1826 772 1871 et
795 1814 1082 1885 indignum
1111 1814 1312 1870 decore
1335 1815 1486 1886 regio
1508 1813 1862 1887 Tryphonem
1890 1811 1974 1867 in-
2005 1801 2054 1864 B
2081 1813 2253 1870 frater
2280 1814 2401 1884 ejus
2431 1813 2740 1870 Antiochus
2770 1814 3107 1885 Epiphanes,
3133 1817 3219 1871 cui
3249 1816 3482 1887 primum
3510 1815 3579 1873 ab
3603 1818 3688 1873 his

361 1905 539 1979 telligi
567 1908 783 1977 Volunt,
816 1910 907 1980 qui
940 1917 1091 1963 tutor
1121 1907 1275 1980 pueri
1307 1909 1537 1978 arripuit
1569 1905 1942 1978 tyrannidem.

441 1995 623 2076 (Vers.
649 2003 715 2058 2i
751 2003 936 2074 seqq.)
968 2001 1036 2057 Et
1062 2002 1218 2057 stabit
1253 2005 1308 2058 in
1351 2005 1461 2056 loco
1501 1997 1614 2072 ejus
1659 1999 1970 2070 despectus:

357 2108 412 2152 et
445 2113 550 2152 non
569 2096 823 2152 tribuetur
851 2099 897 2152 ei
928 2097 1095 2151 honor
1124 2099 1316 2168 regius,
1346 2106 1393 2150 et
1423 2097 1588 2150 veniet
1618 2095 1774 2161 clam,
1808 2103 1855 2148 et
1885 2093 1976 2147 οι·-

356 2191 548 2246 tinebit
578 2206 797 2262 regnum
836 2192 889 2245 in
921 2190 1301 2264 fraudulentia.
1343 2188 1410 2244 Et
1440 2183 1653 2242 brarhia
1688 2185 1972 2260 pugnantis

355 2277 804 2359 expugnabuntur
835 2297 866 2337 α
895 2283 1028 2356 facie
1073 2287 1220 2358 ejus,
1254 2293 1298 2336 et
1327 2291 1650 2338 conterentur
1679 2281 1891 2352 insuper
1927 2285 1976 2334 et

355 2379 478 2434 dua:
509 2377 736 2451 fmderis.
785 2377 854 2434 Et
884 2390 997 2445 post
1043 2379 1300 2434 amicitias
1344 2385 1463 2432 cum
1493 2389 1552 2430 eo
1583 2371 1736 2447 faciet
1770 2371 1971 2440 dolum,

356 2483 412 2528 et
446 2475 714 2542 ascendet,
736 2483 784 2527 et
814 2471 1076 2543 superabit
1107 2471 1161 2526 in
1203 2472 1406 2525 modico
1437 2467 1658 2543 populo.
1688 2463 1757 2522 Et
1806 2465 1974 2522 abun-

358 2568 576 2634 dantes,
610 2575 657 2621 et
684 2566 864 2622 uberes
893 2567 1044 2621 urbes
1075 2566 1403 2640 ingredietur
1428 2582 1445 2619 :
1476 2573 1524 2620 et
1557 2559 1710 2636 faciet
1734 2580 1849 2636 quw
1875 2573 1976 2620 non

361 2665 602 2734 fecerunt
625 2671 800 2735 patres
826 2664 964 2734 ejus,
989 2673 1034 2717 et
1059 2669 1231 2734 patres
1257 2669 1464 2732 patrum
1492 2656 1642 2730 ejus:
1670 2661 1910 2732 rapinas,
1928 2667 1976 2714 et

361 2755 626 2828 thdem,
649 2765 699 2812 et
727 2755 935 2810 divitias
963 2761 1139 2809 eorum
1166 2751 1465 2826 dissipabit,
1494 2763 1540 2808 et
1570 2753 1749 2808 contra
1785 2753 1977 2824 ﬁrmis-

366 2849 538 2904 simas
567 2849 909 2920 cogitationes
936 2843 1110 2915 inibit,
1136 2845 1306 2901 ethoc
1327 2852 1488 2917 usque
1509 2847 1577 2900 ad
1596 2856 1816 2914 tempus.
1834 2844 1980 2900 Huc-

364 2957 545 3015 usque
576 2943 712 3000 ordo
760 2937 1008 2999 historiae
1041 2944 1319 3012 sequitur,
1349 2945 1406 2997 et
1438 2942 1582 2996 inter
1609 2931 1972 3012 Porphyrium

365 3051 432 3091 ac
462 3043 684 3093 nostros
717 3029 738 3110 [
768 3035 857 3092 At.
893 3036 1066 3110 nos],
1101 3029 1252 3091 nulla
1305 3029 1585 3089 contentio
1629 3043 1734 3088 est.
1768 3034 1977 3087 Caetera

2077 1908 2166 1980 qui
2201 1908 2255 1963 in
2285 1907 2442 1979 Syria
2475 1907 2772 1964 Ptolemaio
2795 1907 3056 1964 favebant
3095 1923 3202 1966 non
3234 1907 3466 1966 dabatur
3509 1904 3691 1967 honor

2079 2001 2261 2072 regius
2287 2043 2301 2066 ,
2334 1998 2432 2057 sed
2479 2003 2668 2072 postea
2720 2001 3072 2058 simulatione
3111 2000 3422 2060 clementiae
3452 2001 3692 2061 obtinuit

2076 2107 2305 2166 regnum
2350 2091 2544 2167 Syriae.
2576 2096 2641 2150 Et
2681 2095 2907 2150 brachia
2938 2096 3232 2170 pugnantis
3279 2096 3600 2168 Ptolemaei,
3635 2109 3692 2156 et

2079 2191 2338 2245 universa
2371 2181 2636 2246 vastantis
2657 2233 2672 2258 ,
2697 2197 3004 2262 eirpugnat'a
3035 2201 3162 2248 sunt
3189 2207 3218 2248 a
3252 2181 3394 2249 facie
3424 2193 3686 2249 Antiochi

2077 2291 2240 2354 atque
2267 2286 2522 2338 contrita.
2552 2282 2784 2339 Brachia
2826 2289 3012 2340 autem
3064 2284 3443 2341 fortitudinem
3488 2291 3648 2342 'vocat
3675 2299 3690 2317 ο

2079 2375 2223 2432 unde
2265 2383 2322 2433 et
2351 2389 2543 2432 manus
2585 2379 2890 2447 appellatur
2936 2381 3212 2438 exercitus
3257 2379 3570 2438 multitudo.
3617 2381 3690 2437 Et

2079 2484 2188 2525 non
2223 2467 2428 2538 solum,
2461 2469 2559 2539 ait,
2592 2470 2948 2527 Ptolemaeum
2977 2473 3110 2528 vicit
3155 2471 3524 2530 fraudulentia
3549 2517 3562 2542 ,
3590 2475 3686 2530 sed

2077 2565 2270 2621 ducem
2299 2575 2518 2636 quoque
2550 2565 2797 2636 foederis,
2829 2565 2931 2622 hoc
2955 2575 3062 2633 est,
3089 2566 3287 2624 .ludatn
3315 2565 3686 2625 Machabaeum

2078 2661 2358 2730 superavit
2388 2659 2549 2714 dolis.-
2580 2657 2710 2716 SiVe
2740 2660 2886 2730 quod
2917 2659 3052 2716 dicit
3089 2662 3192 2718 hoc
3224 2667 3308 2718 est
3339 2679 3356 2717 :
3403 2661 3537 2718 Cum
3571 2663 3691 2732 ipse

2079 2751 2372 2808 obtulisset
2409 2763 2596 2822 paceni
2629 2753 2950 2821 Ptolemaeo,
2984 2759 3039 2810 et
3069 2751 3263 2810 fuisset
3292 2753 3396 2812 dux
3429 2753 3687 2822 faideris,

2082 2855 2270 2914 postea
2295 2854 2377 2900 est
2396 2846 2447 2901 ei
2472 2843 2698 2902 molitus
2725 2845 2981 2903 insidias.
3005 2845 3363 2904 Ptolemaeum
3389 2856 3571 2904 autem
3598 2846 3688 2904 hic

2083 2947 2189 2992 nun
2233 2937 2552 3009 Epiphanen
2585 2940 2860 3011 signifidat
2887 2981 2902 3008 ,
2929 2942 3020 3012 qui
3077 2943 3300 3012 quintus
3345 2943 3592 3014 regnavit
3630 2943 3684 2999 in

2080 3030 2360 3103 iEgyplo,
2407 3029 2505 3088 sed
2579 3031 2935 3090 Ptolemmum
3002 3023 3165 3107 713
3231 3029 3684 3102 Piiiiometorem,

365 3145 494 3202 quas
523 3141 824 3203 sequuntur
855 3145 1028 3202 usque
1056 3127 1122 3186 ad
1157 3129 1316 3185 ﬁnem
1347 3128 1665 3195 voluminis,
1693 3121 1782 3183 ille
1809 3127 1976 3183 intel“
2011 3193 2044 3203 μ
2083 3125 2258 3180 filium
2287 3125 2594 3198 Cleopatra:
2642 3129 2848 3185 sororis
2889 3123 3170 3198 Antiochi,
3194 3129 3349 3199 cujus
3375 3130 3482 3198 '_hic
3521 3137 3688 3186 avun.

370 3193 618 3298 pretatur
643 3237 806 3295 Super
839 3193 1071 3296 persona
1123 3217 1378 3279 Antiochi
1425 3223 1516 3292 qui
1549 3193 2045 3289 cognominatusC
2080 3217 2234 3275 οιιιυε
2284 3193 2513 3276 fuit.-Et
2541 3227 2663 3276 cum
2733 3231 2852 3292 pust
2927 3193 3166 3278 mortem
3217 3193 3528 3294 Cleopatra:
3576 3221 3689 3279 Eti-

368 3332 455 3379 est
489 3321 806 3392 Epiphanes,
837 3319 1004 3376 frater
1029 3317 1246 3377 Selettci
1273 3363 1286 3386 ,
1317 3311 1458 3372 illius
1488 3311 1737 3371 Antiochi
1771 3305 1967 3385 Magni,

368 3413 464 3487 qui
493 3421 616 3484 pust
648 3415 933 3470 Seleucum
961 3407 1213 3467 undecim
1239 3407 1399 3464 anuis
1431 3407 1678 3479 regnavit
1704 3407 1756 3461 in
1787 3405 1967 3478 Syria,

367 3511 718 3583 obtinuitque
750 3503 1015 3576 Judaeum,
1047 3499 1148 3562 sub
1181 3521 1287 3577 quo
1334 3503 1492 3574 Legis
1526 3499 1622 3558 Dei
1660 3501 1972 3571 persecutio

2076 3315 2214 3370 laius
2262 3315 2544 3371 eunuchus
2591 3309 2856 3373 nutritius
2898 3313 3330 3386 Philemetoris,
3367 3327 3425 3373 et
3469 3313 3687 3374 Leneus

2076 3407 2370 3480 r'Egy'ptum
2403 3413 2678 3479 regerent,
2707 3417 2762 3465 et
2788 3409 3105 3480 repeterent
3133 3407 3352 3482 Syriam
3382 3415 3542 3482 Quam
3573 3407 3688 3466 Atia

2075 3503 2290 3558 tiochus
2316 3501 2508 3559 fraude
2549 3511 2912 3574 occupaverat
2937 3511 3153 3571 ,ortum
3205 3511 3288 3560 est
3330 3503 3474 3560 inter
3501 3511 3680 3562 avun—

368 3617 424 3665 et
453 3597 891 3664 liiachabaiomm
921 3595 1060 3660 bella
1089 3607 1406 3657 narrantur.
1429 3595 1612 3654 Nostri
1646 3605 1824 3653 autem
1853 3595 1972 3653 haec
2071 3595 2254 3651 culum
2288 3606 2341 3651 et
2372 3603 2598 3665 puerum
2630 3594 2990 3652 Ptolemzeum
3020 3596 3294 3666 praelium.
3320 3597 3570 3670 Curaque
3601 3597 3685 3655 iti-

368 3703 552 3758 ornnia
583 3695 652 3757 de
674 3693 1014 3756 Ahtichrism
1044 3693 1362 3767 prophetari
1396 3691 1732 3748 arbitrantur
1759 3683 1850 3761 qui
1884 3688 1970 3745 ul-

369 3791 506 3852 timo
539 3799 786 3865 tempere
818 3789 1032 3848 futurus
1062 3793 1165 3846 est.
1193 3789 1437 3858 Cumque
1464 3787 1546 3842 eis
1565 3785 1812 3840 videatur
1834 3782 1970 3840 illud

367 3881 573 3962 opponi
605 3907 620 3944 :
663 3895 834 3960 quare
879 3893 1060 3941 tantos
1089 3882 1146 3938 in
1193 3882 1373 3937 medio
1404 3873 1758 3951 dereliQuerit
1787 3883 1972 3933 sermo

367 3983 728 4057 prapheticus'
755 4025 768 4048 ,
795 3993 827 4038 a
855 3972 1087 4037 Seleuco
1120 3991 1290 4049 usque
1347 3971 1412 4031 ad
1443 3975 1968 4032 consummationem

369 4077 557 4134 mundi
593 4097 609 4135 :
641 4073 977 4146 respondent
1007 4069 1150 4145 quod
1182 4079 1238 4127 et
1269 4072 1322 4126 in
1383 4062 1547 4141 priori
1599 4065 1830 4124 historia
1878 4061 1969 4124 ubi

367 4173 436 4231 de
466 4169 686 4245 regibus
711 4171 950 4229 Persicis
980 4165 1286 4232 dicebatur,
1311 4169 1548 4237 quatuor
1577 4172 1784 4220 tantum
1811 4173 1972 4233 reges

370 4277 492 4342 post
521 4269 725 4342 Cyrum
758 4259 1052 4322 Persarum
1087 4261 1367 4334 posuerit,
1399 4267 1453 4315 et.
1479 4256 1642 4333 712
1685 4258 1873 4314 multis
1914 4255 1970 4314 in

370 4363 552 4420 medio
593 4359 877 4418 transilitis
905 4405 918 4427 ,
963 4371 1188 4432 repente
1229 4351 1445 4416 venerit
1484 4357 1550 4414 ad
1599 4356 1970 4413 Alexnndrum

369 4473 554 4530 regem
590 4455 944 4513 Macedonum
983 4472 994 4510 :
1028 4461 1088 4511 et
1119 4453 1259 4509 hanc
1288 4469 1410 4510 esse
1441 4451 1738 4523 Scriptura:
1770 4458 1971 4505 sancta:

369 4545 861 4618 consuetudinem,
899 4566 1004 4604 non
1035 4545 1287 4604 universa
1330 4551 1558 4600 narrare
1579 4589 1592 4612 ,
1627 4543 1724 4600 sed
1756 4557 1818 4598 ea
1847 4557 1969 4613 quae

2076 3699 2157 3746 ter
2188 3687 2462 3747 Pelusium
2501 3699 2555 3745 et
2599 3693 2842 3746 montetii
2885 3685 3104 3746 Casium
3157 3688 3408 3761 praelium
3454 3683 3688 3748 cornmie

2074 3783 2298 3852 sissent,
2332 3783 2459 3841 victi
2487 3789 2612 3840 sum
2643 3784 2810 3841 duces
2835 3783 3142 3841 Ptolemaei.
3178 3777 3351 3842 Porro
3379 3781 3685 3844 Antiochus

2077 3891 2309 3948 parcens
2339 3889 2529 3948 puero,
2561 3886 2611 3933 et
2631 3877 2903 3932 amicitias
2926 3877 3214 3944 simulans,
3240 3877 3491 3934 ascendit
3515 3875 3684 3934 Metti-

2076 3970 2225 4042 phim
2255 4013 2269 4040 ,
2300 3975 2352 4026 et
2385 3971 2460 4026 ibi
2505 3985 2570 4025 ex
2628 3981 2787 4027 more
2838 3967 3061 4044 Egypti
3111 3981 3338 4043 regnum
3385 3971 3686 4042 accipiens,

2077 4067 2340 4138 puerique
2371 4066 2535 4122 rebus
2583 4077 2644 4122 se
2675 4063 2968 4138 providere
3023 4063 3218 4124 dicens
3241 4110 3258 4135 ,
3292 4077 3416 4125 cum
3466 4065 3688 4125 modico

2077 4159 2280 4231 populo
2327 4175 2544 4215 omnem
2579 4157 2876 4233 Egyptum
2909 4156 3222 4232 Subjugavit
3263 4161 3392 4234 sibi,
3420 4173 3476 4220 et
3505 4162 3684 4218 abund

2077 4251 2270 4308 dantes
2302 4260 2469 4325 atque
2499 4249 2807 4310 uberrimas
2827 4253 3119 4326 ingresws
3151 4263 3236 4312 est
3263 4254 3529 4314 civitates.
3566 4247 3686 4315 Fe-

2075 4347 2260 4417 citque
2285 4361 2405 4416 qua:
2434 4359 2545 4403 non
2576 4343 2826 4404 fecerunt
2852 4357 3038 4420 patres
3075 4347 3196 4421 ejus
3221 4395 3235 4420 ,
3267 4359 3323 4406 et
3353 4356 3537 4422 patres
3588 4355 3686 4420 pa-

2079 4448 2219 4493 trum
2255 4437 2419 4495 iliius.
2451 4435 2650 4495 Nullus
2682 4438 2830 4495 etaim
2878 4453 3066 4510 regum
3112 4440 3285 4513 syria:
3329 4439 3406 4496 ita
3450 4442 3685 4498 vastavit

2076 4531 2406 4607 IEgprum;
2438 4542 2496 4588 et
2543 4549 2734 4589 ourncs
2763 4545 2953 4589 eorum
2995 4530 3215 4590 divitias
3263 4533 3591 4607 dissipavit;
3624 4537 3680 4593 et

371 4646 577 4712 majora
622 4615 912 4700 videam,"
963 4655 1269 4709 exponere,
1318 4637 1568 4710 Cumque
1624 4636 1794 4692 ηιυιω
1847 4647 1970 4706 qum
1996 4615 2048 4678 D
2077 4637 2181 4684 tam
2220 4625 2454 4684 callidus
2483 4627 2583 4684 fuit
2611 4675 2624 4696 ,
2657 4635 2718 4684 ut
2749 4623 3046 4700 prudentes
3085 4626 3452 4702 cogitationes
3484 4640 3677 4689 eorum

369 4747 561 4806 p03tea
601 4726 796 4790 lecturi
828 4737 885 4791 et
913 4731 1214 4806 exposituri
1265 4739 1456 4786 Sumus
1479 4773 1493 4795 ,
1525 4743 1687 4799 super
1717 4726 1974 4783 Antiochi

371 4837 605 4900 perSona
639 4829 989 4894 conveniant,
1022 4835 1208 4900 typum
1257 4833 1380 4880 eum
1415 4819 1603 4878 volunt
1643 4816 1974 4876 Antichristi

373 4921 575 4978 habere
606 4939 618 4977 :
651 4929 709 4978 et
735 4935 858 4994 quae
889 4919 944 4977 in
995 4915 1088 4976 illo
1138 4933 1206 4975 ex
1262 4927 1413 4988 parte
1461 4914 1886 4988 prazcesserint,
1918 4909 1973 4970 in

373 5011 708 5075 Antichristo
734 5033 802 5074 ex
847 5023 958 5072 toto
996 5029 1120 5072 esse
1169 5011 1516 5086 complenda.
1553 5013 1618 5068 Et
1660 5011 1806 5067 hunc
1850 5025 1974 5068 esse

372 5126 581 5168 morem
629 5111 930 5185 Scriptum
983 5121 1203 5177 sanctae,
1238 5118 1300 5164 ut
1348 5110 1652 5163 futurorum
1685 5107 1973 5162 veritatem

373 5205 666 5278 praemittat
695 5207 748 5263 in
779 5209 942 5278 typis,
968 5206 1121 5278 juxta
1152 5203 1304 5273 illud,
1333 5201 1480 5276 quod
1511 5201 1578 5260 de
1604 5203 1831 5259 Domino
1852 5202 1975 5258 Sai-

372 5310 562 5356 vatore
593 5302 644 5356 in
685 5302 1091 5372 septuagesimo
1136 5297 1317 5370 primo
1361 5298 1575 5369 psalmo
1614 5296 1814 5353 dicitur
1838 5338 1851 5363 ,
1877 5295 1975 5368 qui

375 5397 714 5463 prmttotalur
737 5393 1074 5459 Salomonis,
1097 5399 1151 5448 et
1172 5390 1352 5447 omnia
1381 5401 1498 5461 (prae
1519 5390 1588 5445 de
1610 5403 1675 5446 eo
1695 5389 1972 5458 dicuntur,

373 5485 654 5543 Salomoni
684 5503 792 5544 non
836 5487 1018 5544 valent
1062 5485 1364 5542 convenire
1399 5503 1409 5538 :
1442 5484 1628 5555 Neque
1673 5481 1815 5538 enim
1850 5497 1976 5554 per-

376 5582 578 5636 mansit
612 5580 705 5636 ille
731 5597 847 5634 cum
875 5580 985 5634 sate
1019 5589 1067 5634 et
1097 5588 1214 5632 ante
1243 5579 1423 5633 lunam
1453 5577 1798 5646 generationis
1824 5591 1976 5646 gene-

372 5675 635 5728 ratianum
658 5675 678 5746 (
698 5672 848 5729 Psat.
881 5675 1026 5744 Lm)
1057 5689 1070 5728 :
1121 5683 1298 5746 neque
1329 5671 1643 5726 dominatus
1669 5680 1751 5726 est
1778 5683 1807 5724 a
1838 5669 1977 5726 mari

448 5837 474 5866 ⁸
517 5831 692 5887 Antea
719 5829 1043 5898 Sumat-lunt,
1073 5827 1166 5902 alii
1184 5832 1311 5887 libri
1337 5831 1616 5888 Saturium
1640 5837 1792 5902 :tum
1824 5827 1974 5902 lati;-

376 5901 507 5958 si-mo
538 5918 638 5973 pro
666 5902 1083 5959 taciniosissimo.
1110 5899 1245 5961 Vide
1270 5906 1522 5976 superius
1557 5901 1855 5975 Prologum.
1885 5899 1977 5960 iiu-

2074 4724 2162 4794 qui
2195 4721 2360 4780 duces
2393 4721 2546 4793 ‘pucri
2580 4728 2758 4792 erant,
2791 4735 2888 4779 Sua
2919 4719 3113 4782 fraude
3140 4719 3512 4782 subverteret.
3549 4721 3678 4785 iltec

2078 4819 2419 4892 Porphyrius
2448 4831 2708 4888 sequens,
2743 4819 3063 4876 aSutorium
3085 4835 3342 4878 sermone
3370 4819 3679 4878 laciniosis—

2077 4913 2216 4968 simo
2257 4921 2582 4981 prosecutus
2625 4921 2732 4981 est,
2765 4929 2889 4980 quae
2923 4921 3022 4969 nos
3049 4907 3200 4970 brevi
3233 4909 3561 4988 compendio
3589 4909 3681 4972 di-

2079 5009 2280 5064 ximus.
2316 5009 2500 5065 Nostri
2547 5015 2730 5064 autem
2779 5017 2834 5062 et
2870 5003 3069 5065 melius
3122 5010 3557 5081 interpretantur
3580 5053 3594 5078 ,
3625 5009 3682 5067 et

2079 5108 2323 5160 rectius:
2357 5105 2500 5176 quod
2532 5104 2587 5159 in
2616 5104 2726 5160 ﬁne
2767 5103 2954 5160 mundi
2985 5104 3102 5159 haec
3130 5105 3202 5159 sit
3240 5104 3487 5160 facturus
3516 5103 3678 5160 Auti-

2076 5200 2336 5267 christus,
2373 5201 2464 5271 qui
2495 5215 2831 5272 consurgere
2860 5195 3021 5255 habet
3047 5193 3115 5255 de
3147 5193 3358 5255 modica
3387 5208 3547 5272 gente
3573 5244 3587 5269 ,
3620 5198 3676 5262 id

2077 5305 2182 5364 est,
2209 5296 2277 5352 de
2310 5297 2507 5366 populo
2535 5296 2870 5364 Judmorum,
2903 5303 2962 5353 et
2991 5304 3100 5350 tam
3130 5293 3352 5351 humilis
3377 5295 3488 5352 erit
3507 5304 3677 5365 atque

2078 5389 2400 5458 despectus,
2433 5397 2490 5444 ut
2515 5391 2565 5445 ei
2596 5403 2704 5444 non
2736 5389 2899 5445 detur
2926 5388 3104 5443 tumor
3133 5385 3342 5458 regius,
3370 5395 3427 5442 et
3456 5397 3554 5457 per
3584 5387 3672 5442 in.

2078 5483 2250 5538 sidias
2301 5487 2357 5540 et
2400 5477 2820 5540 fraudulentiam
2877 5479 3127 5538 obtineat
3174 5477 3536 5552 principatum
3565 5528 3577 5551 ,
3626 5489 3682 5538 et

2082 5578 2306 5636 brachia
2349 5580 2637 5650 pugnantis
2681 5571 2862 5648 populi
2911 5577 3140 5632 Romani
3177 5587 3566 5648 expugneutur
3611 5578 3682 5634 ab

2085 5687 2170 5742 eo,
2203 5684 2258 5730 et
2289 5683 2648 5730 conterantur
2677 5689 2692 5728 :
2726 5681 2783 5729 et
2813 5671 2917 5728 hoc
2955 5671 3116 5727 faciet
3145 5673 3273 5742 quia
3302 5673 3591 5732 simulabit
3616 5681 3680 5733 se

2078 5834 2232 5906 jusce
2253 5831 2647 5894 Commentarii
2679 5829 2781 5894 sub
2804 5834 2896 5892 iin.
2923 5835 3050 5892 nota
3073 5835 3122 5891 ι».
