4104 6336
431 244 534 300 567

1682 243 1740 300 S.
1785 237 2058 302 EUSEBII
2101 241 2482 302 HIERONYMI

3627 247 3734 306 568

423 360 620 418 ducem
651 375 776 418 esse
811 360 1070 426 foederis,
1103 360 1208 415 hoc
1238 370 1362 426 est,
1397 360 1560 433 Legis
1591 369 1647 417 et
1687 360 2027 418 Testamenti
2056 361 2104 427 Α
2135 362 2349 418 tiochus
2385 363 2649 434 expulsus
2677 366 2746 421 ah
2771 365 3080 441 Egyptiis,
3124 367 3344 424 venisse
3383 382 3507 422 eum
3539 365 3595 423 in
3633 366 3738 424 Ju-

337 511 344 522 ,
427 455 552 512 Dei.
585 456 655 511 Et
686 455 1026 526 ingredietur
1057 455 1220 509 urbes
1251 454 1582 522 ditissimus,
1615 467 1668 509 et
1719 453 1881 510 faciet
1909 471 2030 525 qua:

431 571 540 609 non
569 553 819 610 fecerunt
865 565 1048 623 patres
1077 553 1228 623 ejus,
1265 566 1318 609 ct
1365 566 1548 623 patres
1593 565 1808 624 patrum
1858 551 2029 606 illius.

426 645 619 701 Nullus
650 649 794 703 enim
838 646 1156 702 Judteorum
1202 647 1408 718 absque
1436 647 1774 703 Autichristo
1818 646 1870 700 iu
1918 655 2031 700 toto

429 756 686 811 umquam
719 743 853 797 orbe
886 744 1158 814 regnavit.
1198 743 1266 798 Et
1293 755 1484 798 contra
1515 744 1858 798 firmissimas
1885 741 2034 812 cogi-

426 838 665 893 tationes
696 852 1014 895 sanctorum
1050 840 1204 896 inibit
1237 841 1526 896 consilium
1555 883 1567 900 .
1603 839 1872 908 facietque
1905 844 2029 893 uni-

426 948 584 988 versa
629 949 800 1005 usque
847 934 912 988 ad
950 947 1212 1004 tempus:
1259 936 1436 991 donec
1467 951 1594 990 eum
1638 934 1734 990 Dei
1783 934 2033 989 voluntas

422 1023 607 1082 facere
638 1026 736 1081 ista
775 1029 1108 1097 permiserit.

497 1119 680 1191 (Vers.
707 1120 800 1184 25,
827 1119 1027 1190 26.)Ει
1055 1119 1393 1175 concitabitur
1428 1121 1686 1192 fortitudo
1708 1123 1839 1192 ejus,
1873 1130 1922 1176 et
1943 1138 2032 1176 cor

427 1217 541 1286 ejus
572 1213 816 1268 adversus
844 1232 1015 1285 regem
1046 1215 1226 1269 Austri
1253 1215 1307 1268 in
1347 1216 1574 1268 exercitu
1601 1231 1811 1286 magno.
1841 1212 1910 1267 Et
1940 1231 2032 1268 rea:

427 1302 612 1358 Austri
639 1307 1000 1379 provocabitur
1034 1307 1102 1362 ad
1133 1305 1325 1360 bellant
1354 1307 1530 1360 multis
1573 1307 1784 1361 auatilit's
1803 1348 1817 1371 ,
1848 1315 1896 1359 et
1927 1307 2036 1378 for-

428 1398 564 1453 tibus
616 1403 768 1455 nimis
789 1417 808 1456 .'
841 1411 888 1456 rt
925 1418 1029 1456 non
1081 1401 1315 1469 stabunt,
1357 1402 1480 1471 quia
1509 1400 1710 1454 inibunt
1762 1400 2032 1454 adversum

426 1508 544 1549 eum
573 1496 808 1548 consilia.
843 1495 914 1549 Et
957 1495 1279 1550 comedentcs
1317 1512 1501 1559 panem
1524 1512 1640 1548 cum
1681 1510 1740 1548 eo
1773 1503 2032 1548 conterent

425 1604 544 1643 eum
567 1605 585 1642 :
631 1591 984 1660 exu'citusque
1013 1592 1122 1662 ejus
1169 1591 1489 1662 Opprimelur
1515 1630 1529 1654 ,
1559 1585 1722 1660 715.
1765 1600 1811 1641 et
1848 1588 2032 1643 cadent

424 1679 683 1751 interfecti
716 1681 948 1753 plurimi.
991 1682 1116 1738 Haec
1153 1683 1492 1752 POrphyrius
1533 1683 1930 1751 interpretatur
1961 1681 2031 1736 de

2137 456 2346 524 diram,
2376 459 2478 513 hoc
2509 469 2623 525 e5t,
2660 461 2930 517 adversus
2968 462 3388 518 Testamentum
3435 471 3685 519 sanctum
3713 505 3731 531 ,

2137 561 2194 606 et
2231 553 2502 620 spoliasse
2565 555 2867 624 templum,
2924 567 2983 612 et
3024 557 3144 612 auri
3195 559 3387 612 tulisse
3443 557 3738 626 quamplu-

2137 647 2373 714 rimum,
2433 649 2720 720 positoque
2768 651 2820 704 in
2854 666 2981 706 arce
3032 651 3290 721 prresidio
3325 651 3682 708 Macedonum
3713 693 3732 718 ,

2138 754 2416 794 reversum
2445 740 2498 795 in
2529 751 2732 796 terram
2762 759 2938 798 suam.
2969 743 3036 798 Et
3066 745 3488 809 pasthiennium
3517 759 3735 801 rursum

2136 840 2324 887 cotttra
2373 832 2729 888 Ptolemaeum
2782 835 3084 890 exercitum
3128 836 3290 908 715
3321 852 3738 907 coagregasse,

2136 937 2190 982 et
2207 926 2425 981 veitisse
2473 928 2538 981 ad
2585 931 2865 983 Austrum.
2906 928 3154 1001 Cumque
3185 934 3296 984 duo
3320 935 3515 986 fratres
3556 931 3742 987 Ptole-

2139 1021 2284 1085 ηιιιιί,
2315 1018 2622 1090 Cleopatrae
2655 1022 2774 1090 ﬁlii,
2809 1039 3045 1094 quorum
3079 1025 3386 1079 avunculus
3416 1035 3553 1090 erat,
3583 1024 3741 1080 obsi-

2137 1113 2402 1170 derentur
2450 1116 2836 1186 Alexandri:e,
2894 1119 3100 1189 legatos
3141 1119 3358 1174 venisse
3411 1119 3736 1176 Romanos:

2137 1224 2367 1280 quorum
2402 1226 2544 1266 unus
2591 1214 2803 1267 Marcus
2845 1210 2874 1251 δ
2924 1212 3176 1283 Popilius
3217 1213 3425 1282 Lenas,
3455 1229 3577 1270 cum
3609 1229 3736 1269 cum

2136 1313 2374 1357 stantem
2408 1305 2708 1360 invenisset
2751 1305 2806 1360 in
2853 1305 3065 1372 littore,
3105 1317 3160 1362 et
3188 1308 3738 1362 senatuscmtsultum

2137 1396 2417 1462 dedisset,
2469 1415 2578 1468 quo
2603 1399 2909 1468 jubebatur
2937 1400 3004 1455 ab
3034 1400 3224 1456 amicis
3281 1401 3462 1470 populi
3505 1400 3740 1457 Romani

2136 1489 2429 1560 recedere,
2461 1501 2512 1545 et
2545 1506 2644 1545 suo
2673 1491 2905 1563 imperio
2937 1507 3061 1547 esse
3095 1503 3389 1548 contentus
3416 1538 3430 1563 ,
3465 1503 3521 1549 et
3548 1494 3641 1549 ille
3670 1494 3741 1550 ad

2138 1584 2434 1638 amicorum
2453 1585 2869 1656 responsionem
2885 1587 3177 1641 consilium
3198 1586 3529 1651 distulisset,
3548 1589 3741 1644 urbem

2137 1676 2341 1731 dicitur
2393 1677 2589 1734 fecisse
2644 1680 2700 1733 in
2751 1681 2936 1735 arenis
2967 1680 3160 1735 baculo
3211 1696 3372 1750 quem
3423 1681 3642 1736 tenebat
3686 1683 3736 1737 in

428 1773 742 1837 Antiocho,
779 1777 869 1845 qui
895 1776 1157 1832 adversus
1188 1777 1543 1831 Ptolemaeum
1583 1777 1790 1830 sororis
1821 1792 1932 1830 sua:
1966 1777 2028 1830 η.
2067 1777 2105 1834 Β
2136 1787 2322 1838 manu.
2355 1781 2410 1826 et
2437 1771 2941 1842 circumscripsisse
2971 1789 3154 1844 regem
3189 1787 3353 1845 atque
3379 1774 3614 1830 dixisse:
3640 1775 3744 1832 Se-

423 1867 558 1923 lium
589 1869 867 1937 prol'ectus
897 1882 977 1924 est
1009 1886 1132 1926 cum
1165 1873 1416 1925 exercitu
1450 1885 1668 1939 magno.
1713 1868 1820 1924 Sed
1851 1878 1907 1924 et
1937 1885 2032 1924 rex

431 1963 622 2020 Austri
647 2007 662 2032 ,
700 1965 750 2018 id
781 1975 900 2034 est,
933 1966 1102 2020 duces
1153 1965 1433 2020 Ptolemaei
1485 1965 1766 2036 provocati
1815 1973 1942 2018 sunt
1967 1963 2034 2018 ad

430 2059 636 2116 bellum
663 2061 849 2115 multis
875 2061 1094 2115 aux'tliis
1115 2102 1130 2125 ,
1163 2068 1219 2114 et
1245 2059 1478 2114 fortibus
1511 2060 1693 2123 nimis,
1717 2067 1774 2112 et
1804 2075 1912 2112 non
1943 2073 2035 2127 po-

424 2164 644 2211 tuerunt
674 2157 938 2212 resistere
964 2154 1212 2210 Antiochi
1243 2153 1490 2209 consiliis
1523 2153 1920 2217 fraudulentis;
1947 2151 2037 2221 qui

427 2250 710 2305 simulavit
743 2265 930 2318 pacem
961 2264 1085 2302 cum
1116 2250 1326 2302 sororis
1358 2249 1474 2301 lilio
1499 2291 1512 2313 ,
1543 2254 1598 2301 et
1634 2247 1873 2300 comedit
1913 2260 2036 2300 cum

429 2357 497 2399 eo
526 2359 747 2412 panem,
780 2355 835 2398 et
865 2355 1053 2411 postea
1076 2340 1704 2413 occupavitAEgyptum.
1729 2338 1909 2393 Nostri
1942 2354 2039 2392 au-

431 2445 537 2492 tem
557 2436 856 2490 secundum
871 2437 1211 2506 superiorem
1229 2450 1451 2489 sensum
1477 2435 2039 2503 interpretanturom-

431 2528 520 2583 nia
573 2529 641 2583 de
687 2528 1035 2584 Autichristo
1061 2571 1074 2594 ,
1119 2527 1214 2599 qui
1270 2529 1585 2582 nasciturus
1623 2537 1709 2580 est
1738 2525 1807 2579 de
1840 2526 2038 2596 populo

429 2622 746 2677 Jutlmorum
767 2631 854 2688 ,et
881 2621 950 2677 de
982 2621 1260 2694 Btbylone
1293 2632 1587 2687 venturus,
1621 2621 1856 2690 primum
1888 2634 2040 2688 supe-

434 2725 652 2770 raturus
679 2724 762 2769 est
804 2731 986 2784 regem
1019 2713 1242 2786 Egypti
1269 2758 1285 2782 ,
1317 2715 1406 2782 qui
1439 2724 1523 2767 est
1568 2728 1708 2768 unus
1753 2715 1821 2768 de
1867 2713 2042 2768 tribus

432 2807 695 2863 cornibus
723 2849 736 2871 ,
767 2807 834 2862 de
867 2807 1066 2878 quibus
1097 2822 1254 2862 antea
1285 2807 1396 2877 jam
1427 2806 1690 2861 diximus.

507 2899 692 2969 (Vers.
727 2901 816 2966 27,
862 2900 982 2973 28.)
1039 2901 1274 2955 Duorum
1324 2917 1525 2974 quoque
1579 2918 1761 2972 regum
1816 2918 1904 2957 cor
1945 2905 2041 2956 erit

432 3004 488 3047 ut
515 2996 654 3048 male
695 2994 892 3066 faciant
918 3036 934 3059 ,
967 3006 1014 3049 et
1042 2995 1111 3048 ad
1141 3013 1369 3049 mensam
1398 3011 1561 3049 unum
1605 2995 1934 3049 mendacium
1965 2997 2042 3049 lo-

433 3101 687 3160 quentur,
721 3095 768 3141 et
807 3107 910 3144 non
943 3090 1260 3159 proﬁcient:
1292 3090 1414 3160 quia
1462 3088 1634 3142 adhuc
1661 3088 1782 3159 ﬁnis
1813 3090 1865 3142 in
1895 3089 2043 3142 aliud

2139 1877 2298 1918 natus
2338 1875 2392 1918 et
2440 1865 2675 1934 populus
2723 1865 3006 1920 Romanus
3058 1866 3382 1936 prmcipiunt
3410 1911 3424 1936 ,
3460 1877 3519 1924 ttt
3547 1869 3599 1924 iu
3633 1869 3744 1926 isto

2135 1959 2258 2015 loco
2291 1961 2654 2027 reSpoudeas,
2688 1961 2819 2030 quid
2853 1960 3075 2015 COIISilli
3111 1977 3290 2031 geras.
3334 1961 3546 2030 Quibus
3577 1963 3744 2019 dictis

2136 2055 2230 2109 ille
2277 2054 2605 2124 perterritus
2647 2055 2721 2108 ait
2757 2075 2771 2109 :
2804 2055 2859 2109 Si
2908 2053 3011 2111 hoc
3044 2055 3220 2124 placet
3250 2057 3470 2112 senatui
3527 2065 3586 2112 et
3639 2073 3744 2128 po-

2138 2148 2268 2217 pulo
2318 2145 2597 2212 Romano,
2646 2145 3018 2202 recedendum
3072 2162 3196 2214 (εει,
3243 2161 3409 2219 atque
3453 2149 3526 2203 ita
3559 2148 3744 2203 statim

2141 2244 2314 2294 movit
2336 2239 2662 2294 exercitum.
2699 2239 3000 2296 Percussus
3029 2252 3212 2296 autem
3242 2241 3440 2297 dicitur
3465 2257 3610 2310 esse,
3634 2259 3744 2298 non

2141 2333 2282 2404 quod
2313 2331 2592 2386 interierit
2619 2377 2633 2400 ,
2668 2333 2765 2388 Sed
2789 2333 2934 2402 quod
2965 2349 3186 2388 omnem
3218 2336 3544 2405 arrogantia:
3571 2335 3752 2405 perdi-

2141 2428 2283 2482 derit
2325 2427 2776 2497 magnitttdinem.
2827 2429 2903 2482 De
2933 2427 3276 2484 Antichristo
3306 2430 3494 2484 nullus
3523 2429 3749 2500 ambigit

2143 2524 2275 2594 quin
2332 2535 2672 2595 pugnaturus
2725 2524 2797 2578 sit
2840 2523 3107 2579 adversus
3151 2523 3563 2580 Testamentum
3613 2539 3744 2579 san-

2144 2628 2287 2674 ctum
2309 2660 2323 2684 ,
2353 2629 2408 2674 et
2443 2621 2674 2689 primum
2705 2629 2895 2675 contra
2946 2634 3130 2687 regem
3182 2617 3403 2692 Egypti
3436 2619 3738 2688 dimicans,

2149 2725 2169 2752 ε
2191 2712 2561 2768 Romanorum
2596 2714 2844 2781 protinus
2860 2713 3391 2770 auxiliotcrreatur.
3412 2715 3537 2770 Haec
3564 2725 3748 2770 autem

2145 2806 2248 2861 sub
2274 2806 2543 2860 Antiocho
2573 2805 2856 2874 Epiphaue
2889 2809 2938 2860 in
2962 2807 3202 2876 imagine
3225 2815 3665 2876 praecesserunt,
3688 2817 3748 2862 ut

2145 2915 2240 2954 rex
2291 2899 2789 2965 sceleratissimus,
2833 2899 2922 2969 qui
2977 2911 3301 2968 persecutus
3355 2909 3442 2956 est
3484 2904 3748 2972 populum

2146 2992 2278 3059 Dei,
2313 2992 2620 3060 prmliauret
2651 2993 3082 3057 Antichristum,
3127 2995 3218 3064 qui
3245 2994 3450 3048 Christi
3486 2995 3748 3064 populum

2148 3095 2536 3157 persecuturus
2565 3096 2671 3141 est.
2723 3085 2879 3141 Unde
2931 3085 3086 3139 multi
3117 3083 3144 3121 ἀ
3178 3097 3497 3142 nostrorum
3549 3095 3750 3156 putant

435 3191 657 3250 tempus.
696 3181 758 3234 Et
793 3193 1079 3235 revertetur
1105 3184 1158 3236 in.
1188 3193 1379 3235 terram
1400 3198 1550 3235 suam
1580 3197 1694 3234 cum
1724 3183 1900 3234 multis
1926 3182 2040 3250 opi-
2069 3169 2114 3232 C
2147 3186 2216 3236 ob
2266 3180 2490 3234 swvitia:
2543 3191 2598 3234 et
2639 3177 2996 3250 turpitudinis
3049 3179 3486 3250 magnitudinem
3517 3219 3533 3246 ,
3560 3179 3750 3236 Domi-

434 3273 547 3329 bus.
597 3275 734 3332 Nulli
777 3275 1004 3330 dubium
1036 3285 1120 3330 est
1151 3277 1286 3345 quin
1327 3274 1631 3330 Antiochus
1677 3290 1865 3344 pacem
1915 3290 2037 3329 cum

435 3369 731 3424 Ptolemazo
763 3369 985 3434 fecerit,
1019 3381 1074 3421 et
1122 3368 1302 3423 inierit
1337 3383 1459 3421 cum
1492 3383 1558 3422 eo
1604 3369 1918 3422 Convivinm
1940 3408 1955 3433 ,
1985 3376 2041 3421 et

434 3461 592 3518 dolos
639 3464 986 3517 machinatus
1018 3465 1123 3529 sit,
1158 3473 1212 3517 et
1262 3461 1397 3516 nihil
1430 3461 1761 3532 profecerit:
1794 3461 1919 3530 quia
1951 3476 2039 3516 re-

433 3569 599 3631 gnum
648 3557 766 3627 cjus
817 3573 922 3610 non
971 3555 1211 3626 potuerit
1255 3557 1549 3621 obtinere,
1583 3557 1678 3609 sed
1711 3572 1741 3609 a
1775 3555 2040 3609 militibus

430 3649 714 3706 Ptolemari
762 3651 973 3721 ejectus
1006 3651 1094 3703 sit.
1147 3649 1348 3704 Verum
1381 3666 1446 3704 ex
1490 3664 1557 3704 eo
1590 3650 1712 3717 quia
1755 3649 2040 3717 Scriptura

429 3761 572 3800 nunc
601 3744 734 3798 dicit
759 3745 898 3797 duos
927 3742 1092 3797 fuisse
1113 3758 1301 3812 reges,
1330 3758 1563 3814 quorum
1594 3758 1693 3797 cor
1719 3743 1878 3796 fuerit
1901 3741 2039 3796 frau-

429 3837 713 3894 dulentum
738 3878 752 3898 ,
784 3847 838 3891 ut
884 3838 987 3891 sibi
1022 3845 1208 3890 mutuo
1239 3837 1627 3891 malel'acereut
1651 3875 1666 3899 ,
1702 3835 1806 3890 hoc
1836 3851 2038 3891 secun-

431 3933 560 3989 dum
593 3933 880 3986 historiam
913 3947 1019 3986 non
1060 3942 1242 4000 potest
1283 3931 1678 3986 demonstrari.
1715 3931 2040 3986 Ptolemmus

429 4026 574 4082 enim
603 4039 808 4095 parvus
839 4031 999 4077 tetate
1029 4032 1146 4076 erat
1172 4067 1186 4091 ,
1219 4031 1274 4076 et
1299 4024 1570 4094 deceptus
1600 4022 1858 4079 Antiochi
1893 4021 2043 4076 fran-

431 4118 532 4182 de,
565 4118 640 4171 illi
691 4118 892 4171 malum
926 4117 1172 4185 cogitare
1201 4117 1334 4186 quid
1375 4116 1596 4186 potuit?
1653 4117 1804 4172 Unde
1851 4117 2042 4171 volunt

429 4211 604 4266 nostri
650 4211 764 4262 hmc
793 4209 979 4262 omnia
1015 4218 1039 4244 τι
1083 4209 1292 4262 referre
1321 4209 1388 4262 ad
1417 4208 1818 4264 Antichristum
1865 4217 1920 4264 et
1973 4209 2039 4265 ad

431 4319 617 4374 regem
643 4303 890 4377 Egypti,
920 4320 1080 4374 quem
1105 4303 1338 4372 primum
1364 4312 1653 4372 superatus
1681 4315 1784 4359 est.

511 4396 692 4470 (Vers.
727 4397 817 4461 29,
846 4396 960 4469 50.)
1010 4395 1076 4450 Et
1125 4412 1214 4451 cor
1265 4399 1376 4468 ejus
1427 4396 1698 4450 adversum
1747 4395 2042 4452 Testamen-

435 4502 547 4546 tum
573 4502 812 4546 sanctum
844 4536 856 4558 ,
889 4501 937 4546 et
962 4491 1152 4560 faciet,
1186 4500 1232 4546 et
1263 4501 1543 4544 revertetur
1570 4492 1622 4544 in
1648 4501 1839 4545 terram
1866 4509 2035 4548 suam.

2145 3278 2278 3331 tium
2306 3277 2573 3330 Neronem
2603 3276 3003 3330 Antichristum
3033 3275 3174 3331 fore.

2218 3370 2283 3424 Et
2317 3379 2624 3440 revertetur,
2657 3379 2702 3424 et
2735 3371 3098 3443 indignabitur
3145 3379 3328 3426 contra
3357 3370 3746 3427 Testamentum

2142 3463 2450 3528 sanctuarii,
2479 3471 2525 3516 et
2556 3463 2712 3534 faciet
2762 3479 2823 3516 ac
2870 3471 3153 3517 revertetur
3178 3505 3191 3528 ,
3232 3471 3279 3517 et
3306 3463 3550 3535 cogitabit
3577 3465 3639 3519 de
3666 3465 3750 3519 his

2145 3557 2327 3630 [Vulg.
2357 3558 2633 3612 adversum
2656 3555 2764 3630 eos]
2788 3559 2878 3628 qui
2919 3558 3311 3628 dereliquerunt
3358 3557 3750 3632 Testamentum

2146 3654 2450 3708 sanctuarii.
2485 3653 2611 3707 lituo
2652 3654 2866 3720 plenius
2896 3654 2945 3706 iu
2997 3653 3438 3708 Machahmorum
3471 3654 3640 3724 geSIis
3671 3655 3751 3710 le-

2143 3749 2322 3818 gimus
2350 3746 2396 3813 (1
2428 3745 2605 3800 Maeli.
2637 3745 2714 3815 t):
2759 3746 2903 3817 quod
2937 3756 3223 3817 postquam
3251 3763 3373 3803 eum
3415 3749 3484 3804 de
3512 3747 3751 3820 Egypto

2143 3839 2471 3910 pepulerunt
2511 3838 2764 3898 Romani.
2803 3839 3092 3908 indignans
3130 3841 3349 3894 venerit
3393 3854 3586 3895 contra
3617 3841 3752 3896 Tes-

2143 3940 2444 3987 tamentum
2476 3932 2818 3998 sanctuarii,
2844 3941 2899 3987 et
2926 3932 2995 3988 ab
3026 3932 3106 3986 his
3140 3931 3410 3988 invitatus
3440 3935 3512 3989 sit
3533 3935 3625 4005 qui
3651 3934 3745 3988 de.-

2143 4027 2481 4098 reliquerant
2501 4025 2702 4096 Legem
2741 4027 2836 4082 l)ei
2864 4037 2919 4080 et
2949 4042 3008 4082 se
3039 4029 3385 4083 creremouiis
3418 4029 3748 4086 miscuerant

2141 4120 2511 4176 ethnicorum.
2547 4121 2704 4186 Quod
2741 4121 2956 4189 plenius
2986 4121 3374 4191 complendum
3405 4133 3492 4177 est
3517 4123 3616 4177 sub
3641 4126 3750 4178 An-

2144 4215 2446 4282 tichristo,
2501 4217 2594 4286 qui
2652 4214 3026 4285 indignabitur
3083 4225 3274 4270 contra
3329 4214 3744 4271 Testamentum

2143 4308 2274 4374 Dei,
2302 4321 2354 4363 et
2385 4309 2649 4380 cogitabit
2695 4307 2988 4362 adversum
3041 4307 3166 4362 illos
3211 4324 3347 4378 quos
3377 4310 3497 4363 vult
3546 4309 3744 4380 Legem

2145 4403 2240 4457 Dei
2266 4403 2670 4470 derelinquere.
2723 4401 2876 4457 llude
2909 4399 3311 4472 significantius
3345 4404 3747 4473 interpretatus

2145 4504 2231 4552 cst
2257 4495 2446 4566 Aquila
2476 4513 2488 4549 :
2523 4495 2688 4568 716
2715 4494 2784 4549 Et
2828 4494 3107 4566 cogitabit,
3141 4505 3196 4549 ut
3226 4497 3498 4552 deseratur
3538 4507 3746 4568 pactum

430 4583 645 4640 Statuto
688 4595 917 4657 tempore
972 4594 1288 4649 revertetur,
1331 4592 1380 4638 et
1412 4585 1576 4638 veniet
1625 4584 1694 4637 ad
1745 4585 2036 4641 Austrum:
2066 4565 2451 4645 Dsanctuarii.

435 4689 482 4735 et
510 4698 613 4734 non
650 4681 748 4735 erit
778 4682 941 4752 priori
964 4680 1133 4734 simile
1176 4681 1532 4735 novissimum.
1568 4679 1637 4734 Et
1658 4682 1855 4735 venient
1884 4699 2037 4754 super

439 4791 558 4828 eum
591 4775 774 4828 trieres
795 4816 808 4835 ,
831 4784 876 4827 et
905 4774 1160 4838 Romani,
1191 4783 1235 4827 et
1269 4776 1604 4843 percutiatur.
1641 4778 1764 4829 Sive
1798 4786 1856 4830 ut
1893 4778 2037 4831 alius

437 4868 830 4937 interpretatus
858 4878 974 4921 est:
1008 4879 1052 4921 et
1080 4868 1526 4923 comminabuntur
1549 4869 1614 4922 ei.
1646 4868 1917 4924 EtGra‘ca
1944 4913 1958 4935 ,
1987 4885 2040 4924 et

434 4959 679 5019 Romana
711 4969 897 5017 narrat
924 4961 1152 5016 historia
1175 5002 1188 5026 ,
1222 4974 1502 5033 postquam
1534 4943 1785 5018 reversus
1812 4973 1894 5018 est
1933 4965 2041 5017 Au-

513 5152 541 5181 ι
578 5141 858 5198 Victorius
881 5155 948 5197 ex
968 5140 1237 5197 Brixianis
1262 5141 1448 5208 codd.,
1480 5143 1684 5214 referri,
1716 5153 1768 5198 et
1799 5158 1924 5198 mox
1947 5160 2033 5197 su-

435 5223 716 5288 paraturus
752 5223 844 5269 est.

509 5285 538 5325 δ
580 5287 758 5341 Nostri
787 5302 946 5352 mss.,
981 5283 1274 5356 Pompilius
1302 5305 1312 5340 :
1347 5287 1595 5341 solemne
1623 5296 1805 5341 autem
1833 5296 1916 5339 est
1941 5287 2036 5341 has

436 5373 601 5413 voces
648 5359 906 5412 eonluntli
938 5399 953 5419 ,
983 5359 1142 5430 unde
1188 5368 1245 5411 et
1283 5357 1544 5429 Pompilia
1596 5361 1682 5410 lex
1733 5368 1791 5413 et
1832 5358 2038 5430 Popilia

436 5430 659 5494 dicitur,
692 5442 748 5484 et
785 5428 1076 5500 Pompilius
1109 5428 1299 5492 llufus,
1333 5443 1385 5483 et
1419 5428 1661 5496 Popilius
1696 5430 1884 5493 Rufus.

512 5514 533 5540 ο
574 5500 899 5554 Cum-iunior
933 5501 1049 5554 hmc
1079 5503 1242 5556 lectio
1273 5509 1358 5556 est
1390 5501 1561 5555 Vatic.
1599 5517 1699 5554 ms.
1722 5546 1734 5569 ,
1771 5501 2035 5554 [fontano-

427 5588 546 5624 rum
574 5573 808 5642 protinus
838 5573 1061 5636 auxilio,
1091 5581 1198 5627 etc.
1228 5571 1336 5627 Nec
1363 5574 1500 5626 male
1531 5573 1726 5639 Palat.,
1767 5571 2024 5626 Romano-

427 5644 752 5712 rumtiutore
781 5661 872 5709 pro
897 5645 1032 5712 ejus,
1079 5655 1185 5697 etc.
1220 5644 1376 5696 Nullo
1419 5653 1597 5698 autem
1649 5659 1819 5699 sensu
1873 5658 2030 5699 antea

435 5721 590 5786 erat:
615 5710 965 5766 Romanorum
983 5730 1078 5784 pro
1095 5719 1207 5786 ejus
1233 5715 1454 5770 auxilio.

503 5781 530 5819 δ
572 5784 645 5838 [tu
679 5799 812 5836 SJIHB
857 5781 1154 5839 arbitratus
1181 5798 1295 5851 est,
1338 5800 1390 5840 ut
1424 5787 1658 5855 aliquem
1698 5787 1765 5842 de
1809 5789 2029 5844 nomine

425 5855 736 5927 proferam,
777 5855 1090 5913 Victorinus
1132 5858 1184 5912 in
1233 5856 1600 5930 Apocalypsin
1639 5877 1651 5914 :
1686 5875 1845 5931 quam
1905 5875 2031 5918 sen-

2218 4682 2401 4756 (Vers.
2419 4685 2478 4738 51
2494 4682 2603 4754 .)Et
2618 4684 2828 4738 brachia
2841 4701 2903 4742 ex
2916 4704 2976 4742 eo
2996 4687 3226 4754 stabunt,
3245 4695 3293 4743 et
3307 4689 3540 4761 polluent
3557 4688 3743 4762 [Vulg.

2144 4787 2191 4832 et
2221 4774 2841 4848 polluant]sanctuarium
2855 4781 3201 4846 fortitudinis,
3217 4781 3508 4848 etauferent
3521 4789 3650 4856 juge
3661 4802 3747 4837 sa-

2148 4870 2432 4937 criﬁcium,
2467 4877 2514 4922 et
2552 4867 2748 4922 dabunt
2797 4870 3226 4927 abominationem
3269 4875 3322 4926 in
3349 4875 3744 4932 desolationem.

2154 4965 2259 5018 Pro
2277 4962 2521 5031 brachiis,
2547 4972 2570 5001 ε’
2590 4962 2731 5018 alius
2752 4967 3144 5036 interpretatus
3165 4978 3249 5022 est
3267 4970 3486 5036 semina,
3507 4980 3564 5026 ttt
3579 4972 3747 5040 signi-

2141 5142 2363 5198 tentiam
2382 5141 2550 5210 probe
2575 5143 2776 5198 refutat
2808 5145 3120 5201 Laclantius
3153 5147 3222 5202 de
3253 5151 3518 5205 mortibus
3547 5151 3746 5210 Perse-

2141 5227 2394 5268 cutorum
2421 5231 2540 5283 cap.
2569 5233 2604 5269 tt
2627 5259 2641 5283 ,
2670 5217 2721 5269 in
2777 5217 2915 5282 fine;
2948 5218 3041 5272 sed
3068 5227 3121 5272 et
3150 5224 3485 5287 Augustinus
3513 5223 3581 5278 de
3601 5225 3748 5280 Civi-

2145 5289 2376 5364 tatehllei
2409 5287 2502 5364 |i_b_.
2533 5303 2604 5341 xx
2631 5330 2645 5351 ,
2680 5289 2942 5364 capt”);
2977 5290 3385 5364 AmbrosiaSter
3417 5293 3471 5347 in
3512 5298 3746 5364 primam

2143 5358 2209 5412 ad
2241 5358 2562 5434 Corinthios
2587 5375 2670 5424 tv,
2700 5362 2768 5434 9;
2798 5362 3031 5416 Severus
3069 5361 3342 5432 Sulpicius
3379 5358 3524 5421 Hist:
3553 5368 3644 5422 lib.
3680 5385 3742 5434 tt,

2143 5445 2194 5506 ς.
2228 5430 2318 5493 29,
2352 5439 2406 5484 et
2452 5429 2659 5506 Dialog.
2701 5431 2758 5494 2,
2795 5449 2917 5500 cap.
2954 5434 3143 5487 ultimo
3163 5429 3184 5487 ξ
3210 5437 3448 5506 denique
3478 5454 3508 5492 e
3536 5429 3745 5494 Graecis

2143 5500 2572 5568 Chrysostomus
2599 5503 2796 5557 l-lomil.
2829 5506 2862 5558 4
2884 5548 2898 5568 ,
2932 5505 2983 5559 in
3015 5507 3308 5560 secundum
3350 5500 3415 5562 ad
3449 5510 3748 5564 ThesSaIO-

2139 5573 2412 5627 nicenSes.
2445 5571 2566 5626 Vid.
2596 5575 2768 5642 Epist.
2803 5577 2925 5642 121,
2951 5578 3016 5629 ad
3047 5576 3340 5645 Algasiam,
3369 5584 3572 5644 Quaest.
3593 5583 3746 5634 'ulti-

2139 5662 2253 5722 tua.
2295 5645 2461 5722 Porro
2490 5660 2627 5722 mss.
2661 5645 3016 5722 Domitianum
3051 5663 3149 5713 pro
3180 5648 3465 5706 Domitium
3511 5653 3699 5722 legunt
3727 5674 3742 5710 :

2143 5717 2310 5772 Vatic.
2349 5716 2700 5769 Domitianum
2724 5717 2802 5771 vel
2833 5718 3113 5772 Neronem.

2211 5799 2234 5825 ε
2279 5787 2384 5840 Pro
2427 5789 2560 5864 alius
2594 5791 2900 5864 _tualuisset
2952 5790 3229 5864 Victorius
3279 5793 3472 5864 Aquila
3503 5835 3520 5862 ,
3576 5809 3746 5864 prmi!

2134 5861 2294 5926 duos,
2322 5876 2457 5929 quos
2485 5859 2699 5924 laudat,
2733 5876 2865 5916 mss.
2917 5861 3303 5933 praeferebant.

3811 271 3836 314 1

3825 321 3839 384 t
