4128 6346
283 273 426 337 569

1073 275 1720 337 COMMENTARIORUM
1760 276 1829 334 ΙΝ
1871 276 2222 338 DANIELEM
2265 280 2488 338 LIBER.
2531 282 2687 340 CAP.
2731 285 2825 342 Xl.

3516 287 3619 344 570

289 391 510 448 ﬁcaret
549 393 777 465 stirpem
807 403 972 468 atque
994 395 1344 469 progeniem.
1375 393 1574 450 Volunt
1611 403 1790 451 autem
1824 409 1920 451 eos
1947 400 2000 463 Α
2025 406 2114 454 est
2139 397 2192 453 in
2222 398 2416 469 prndio
2439 397 2789 462 Matltathias.
2822 411 2874 458 et
2907 412 3098 474 postea
3132 402 3298 466 Jttdas
3332 403 3474 462 illius
3504 405 3625 476 ejus

291 489 617 561 significari
645 493 740 562 qui
771 492 839 548 ab
859 491 1136 549 Antiocho
1163 492 1317 548 missi
1344 500 1471 548 sunt
1491 502 1612 564 post
1635 491 1916 548 biennium

287 595 481 652 quam
515 589 774 656 templum
825 587 1230 657 eXSpoliaverat
1256 629 1272 654 ,
1305 599 1360 640 ιιι
1406 587 1606 642 tributa
1636 587 1922 657 exigerent

287 692 330 731 ει
369 676 584 734 Judtcis
615 721 630 746 ,
681 690 735 736 et
766 679 1050 736 auferrent
1096 680 1300 736 cultum
1336 679 1473 748 Dei,
1524 687 1580 734 et
1627 681 1680 733 itt
1716 678 1920 748 templo

289 769 627 828 Jerusalem
656 818 671 842 ,
706 774 860 830 Jovis
889 772 1130 848 Olympii
1174 775 1533 830 simulacrum
1573 784 1626 830 et
1659 773 1920 830 Antiochi

289 877 526 923 statuas
568 881 836 940 ponerent
859 913 873 936 ,
907 886 1044 943 quas
1078 887 1222 928 nunc
1251 870 1683 925 abominationem
1716 869 1920 924 desola-

289 962 474 1018 tionis
501 975 701 1035 vocat,
754 966 974 1037 quando
1002 967 1245 1021 ablatum
1290 975 1375 1022 est
1405 965 1784 1021 holocaustum
1817 1006 1832 1030 ,
1865 975 1922 1022 et

284 1055 440 1128 iuge
463 1059 820 1115 sacriﬁcium.
849 1059 980 1128 Qua:
1023 1061 1280 1118 universa
1302 1062 1356 1116 in
1381 1071 1511 1134 typo
1560 1061 1918 1131 Antichristi,

290 1152 491 1207 nostri
543 1153 892 1221 praecessisse
923 1154 1263 1210 contendunt
1289 1197 1303 1219 ,
1336 1156 1428 1225 qui
1459 1169 1520 1210 se
1553 1169 1806 1210 sessurus
1835 1163 1922 1211 est

291 1244 361 1299 ’θη
395 1247 606 1317 templo
633 1247 748 1310 Dei.
777 1258 834 1305 et
863 1264 922 1305 se
947 1249 1187 1306 facturus
1216 1262 1276 1306 ut
1303 1251 1497 1306 Deum.
1523 1250 1697 1306 Judaei
1724 1261 1910 1306 autem

293 1353 422 1396 noc
443 1357 550 1397 nec
581 1343 649 1398 de
679 1345 949 1400 Antiocho
981 1343 1264 1416 Epiphane
1287 1389 1302 1413 ,
1337 1362 1437 1402 nec
1460 1346 1529 1402 de
1558 1347 1915 1416 Antichristo,

291 1437 406 1490 sed
443 1435 513 1491 de
542 1437 806 1494 Romanis
838 1439 1067 1508 intelligi
1112 1443 1304 1497 volunt
1337 1485 1352 1508 ,
1403 1442 1472 1497 de
1524 1444 1724 1513 quibus
1751 1458 1919 1514 supra

291 1525 519 1583 dictum
547 1537 668 1584 est:
703 1529 772 1584 Et
799 1533 1002 1587 venient
1031 1539 1212 1588 trieres
1239 1575 1252 1598 ,
1286 1534 1404 1589 sive
1454 1533 1571 1590 ltali
1621 1545 1784 1607 atqtte
1812 1536 1921 1591 Ro-

292 1621 488 1684 mani,
520 1630 579 1676 et
607 1621 996 1680 huntiliabitttr.
1038 1625 1165 1680 Post
1193 1625 1394 1694 multa,
1427 1626 1633 1696 inquit,
1671 1639 1916 1699 tempora

291 1711 377 1768 de
405 1713 542 1783 ipsis
571 1714 828 1771 Romanis
854 1757 868 1782 ,
899 1718 989 1787 qui
1031 1717 1328 1774 Ptolemzuo
1352 1735 1553 1775 venere
1584 1722 1790 1776 auxilio
1815 1765 1829 1790 ,
1863 1730 1919 1777 et

2023 491 2116 562 qui
2165 491 2466 546 vocabatur
2498 493 2869 562 Machabtrus,
2905 512 3147 566 pugnans
3176 498 3483 562 cecidit,_et
3511 513 3622 554 cte-

2026 585 2128 641 teri
2159 584 2359 641 fratres
2382 585 2502 657 ejus
2540 587 2984 644 adversariorum
3013 591 3202 647 fraude
3229 592 3441 662 decepti
3472 602 3624 650 sunt.

2025 679 2168 750 Lege
2198 680 2630 737 Machahatorum
2666 683 2856 738 libros.
2903 684 3052 747 Haec.
3077 687 3174 752 ait,
3205 689 3386 743 omnia
3422 688 3626 744 idcirco

2023 785 2151 832 sunt
2175 779 2332 847 facta,
2373 789 2430 833 ut
2455 779 2761 850 probentur
2788 789 2843 836 et
2867 781 3138 850 eligantur
3161 783 3358 842 sancti.
3385 791 3444 839 et
3472 784 3626 838 deal-

2025 869 2226 927 bentur
2256 888 2427 942 usque
2468 872 2534 928 ad
2569 883 2782 945 tempus
2840 874 3194 944 prmlinitunt,
3225 875 3350 947 quia
3383 877 3434 931 itt
3475 876 3622 932 aliud

2026 973 2236 1033 tempus
2264 974 2383 1020 erat
2409 963 2574 1020 dilata
2604 965 2855 1021 victoria.
2889 963 3004 1020 Sub
3029 965 3367 1021 Attticltristo
3400 983 3622 1036 parvum

2023 1060 2287 1114 auxilium
2341 1060 2512 1115 nostri
2565 1060 2793 1132 intelligi
2841 1059 3064 1126 volunt,
3122 1062 3249 1130 quia
3305 1063 3622 1134 congregati

2024 1153 2200 1209 sancti
2246 1154 2507 1210 resistent
2535 1155 2607 1217 ei.
2640 1163 2696 1210 et
2743 1163 2969 1210 utentur
3025 1155 3230 1210 auxilio
3276 1157 3522 1226 parvulo.
3565 1165 3623 1212 et

2026 1256 2218 1318 postea
2261 1247 2328 1302 de
2367 1247 2594 1302 eruditis
2623 1257 2882 1303 cori-nent
2911 1247 3154 1318 plurimi.
3189 1248 3255 1303 Et
3287 1250 3388 1303 hoc
3415 1249 3534 1313 fiet,
3568 1257 3626 1304 ut

2023 1342 2177 1411 quasi
2212 1340 2519 1397 conllentur
2550 1342 2604 1395 in
2635 1340 2879 1410 fornace,
2921 1353 2975 1397 et
3017 1341 3366 1407 dealbentur,
3417 1351 3470 1396 et
3509 1340 3615 1396 eli-

2021 1443 2219 1506 gantur
2250 1436 2424 1491 donec
2475 1435 2654 1490 veniat
2706 1445 2917 1506 tempus
2950 1437 3306 1507 praefinitum,
3339 1436 3465 1508 quia
3497 1451 3626 1494 vera

2022 1527 2249 1582 victoria
2274 1528 2326 1580 in
2359 1527 2593 1582 adventu
2625 1527 2824 1583 Christi
2856 1530 2980 1584 erit.
3014 1528 3372 1583 Hebraeorum
3404 1527 3624 1598 quidam

2024 1619 2141 1675 haec
2165 1619 2233 1674 de
2261 1619 2488 1685 Severo,
2513 1629 2566 1675 et
2594 1619 2876 1674 Antonino
2909 1619 3247 1691 principibus
3283 1621 3626 1692 intelligunt,

2022 1713 2356 1784 quiJudaeos
2411 1713 2703 1783 plurimum
2749 1714 3084 1770 dilexerunt.
3121 1715 3226 1769 Alii
3259 1730 3391 1770 vero
3416 1715 3487 1770 de
3533 1713 3631 1770 Ju-

294 1806 588 1864 Antiocbo
617 1813 938 1866 cotnmioati
963 1823 1089 1867 sunt
1114 1854 1127 1878 ,
1159 1823 1460 1884 consurget
1498 1831 1591 1870 rex
1621 1813 1914 1885 YcSpasia-
1947 1818 1994 1880 Β
2024 1808 2168 1862 liauo
2193 1808 2526 1877 imperatore
2555 1826 2568 1863 :
2601 1811 2746 1880 quod
2796 1809 3016 1880 quando
3063 1810 3312 1880 oppressi
3369 1809 3571 1866 fuerint
3594 1825 3626 1868 a

298 1915 449 1968 nus,
478 1911 706 1971 surgent
752 1903 972 1958 brachia
1021 1905 1140 1974 ejus
1161 1947 1176 1972 ,
1211 1915 1266 1962 et
1305 1907 1509 1962 semina
1540 1949 1552 1970 ,
1582 1908 1742 1963 Titus
1774 1909 1917 1966 ﬁlius

295 2010 439 2051 cum
469 2003 755 2066 exercitu,
789 2011 844 2054 et
888 2000 1136 2070 polluent
1184 2004 1559 2058 sanctuariunt
1589 2044 1604 2070 ,
1643 2003 1917 2059 auferent-

296 2105 422 2160 que
464 2090 593 2159 juge
631 2092 1003 2162 sacrificium,
1037 2104 1090 2150 et
1123 2095 1385 2165 templum
1438 2095 1654 2152 tradent
1697 2108 1918 2151 aeterna:

297 2185 620 2241 Solitudini.
643 2186 761 2244 Stnt
785 2188 981 2259 (ante),
1003 2190 1210 2260 quippe
1239 2199 1293 2245 et
1316 2205 1551 2246 CHE'I‘HIM
1576 2191 1761 2262 (mm)
1777 2206 1918 2262 quos

299 2295 418 2336 nos
447 2282 628 2336 trieres
652 2291 702 2337 et
734 2282 998 2338 Romanos
1030 2285 1376 2352 interpretati
1424 2299 1614 2340 sumus
1639 2327 1656 2353 ,
1705 2285 1916 2341 l‘lebrtci

300 2372 482 2430 Italos
502 2375 698 2432 volunt
737 2378 970 2448 intelligi
999 2387 1162 2448 atque
1194 2377 1480 2434 Romanos.

381 2467 568 2540 (Vers.
623 2469 736 2541 5‘2).
777 2469 842 2524 Et
885 2471 1035 2542 impii
1065 2471 1120 2526 in
1172 2481 1537 2526 testamentum
1586 2470 1912 2526 simulabant

299 2561 700 2635 fraudulenter.
734 2561 968 2634 Populus
993 2574 1164 2619 autent
1193 2565 1358 2618 sciens
1394 2563 1556 2618 Deunt
1583 2580 1754 2634 suum,
1787 2563 1918 2618 obti-

303 2656 446 2711 nebit
482 2667 531 2712 et
567 2660 740 2726 faciet.
777 2658 839 2714 Et
869 2658 975 2715 hoc
1018 2661 1073 2714 in
1116 2659 1440 2716 Machabaeis
1473 2659 1737 2730 legimus,
1771 2659 1916 2730 quod

300 2751 533 2821 quidem
565 2751 952 2808 sitttulaverint
978 2769 1036 2808 se
1066 2753 1228 2825 Legis
1259 2753 1351 2809 Dei
1379 2769 1502 2810 esse
1533 2755 1830 2820 custodes,
1861 2764 1918 2811 ct

303 2853 504 2914 postea
534 2861 657 2901 cum
687 2847 940 2918 gentibus
968 2856 1187 2920 pactum
1217 2849 1444 2904 fecerint
1469 2867 1482 2904 :
1514 2848 1606 2904 alii
1635 2866 1767 2905 vero
1792 2866 1916 2920 pcr-

302 2939 612 2994 manseriut
638 2939 693 2995 in
734 2941 1002 3011 religione
1029 2958 1042 3006 ;
1075 2942 1221 3013 quod
1254 2950 1309 2996 et
1341 2941 1662 2998 Antichrisd
1696 2954 1913 3011 tempo-

304 3032 470 3090 ribus
500 3034 740 3088 t'uturtttn
771 3036 1042 3104 arbitror,
1076 3037 1297 3108 quando
1327 3037 1651 3108 refrigescet
1676 3038 1916 3095 cltatitas

307 3126 633 3181 multorum.
664 3128 738 3182 De
773 3129 971 3198 quibus
997 3129 1262 3184 Dominus
1291 3129 1533 3199 loquitur
1574 3132 1624 3184 itt
1664 3131 1914 3202 Evange-

2019 1903 2149 1958 (laio
2181 1905 2416 1970 Gtt-sure,
2452 1914 2507 1958 et
2535 1904 2587 1958 itt
2617 1904 2956 1973 captivitatis
2999 1903 3262 1975 angustiis
3291 1904 3457 1958 multa
3493 1919 3622 1974 per-

2019 1999 2190 2068 pessi,
2219 1999 2310 2054 ille
2338 2009 2653 2070 consurgat,
2686 1999 2906 2055 Judmos
2953 2014 3138 2054 amare
3165 2015 3224 2054 se
3254 1998 3539 2066 simulans,
3571 2008 3628 2055 et

2020 2093 2074 2147 in
2104 2092 2307 2161 templo
2339 2108 2527 2147 eorum
2575 2093 2980 2147 itnmolatttrum
3014 2107 3074 2147 se
3096 2107 3220 2148 csse
3253 2092 3620 2162 promittens:

2019 2190 2073 2244 in
2102 2205 2208 2259 quo
2251 2204 2474 2260 parvam
2509 2205 2662 2257 spem
2709 2189 2894 2244 auxilii
2940 2187 3244 2256 habebunt,
3276 2196 3332 2244 et
3381 2189 3628 2258 applica-

2019 2283 2221 2339 bttnlur
2251 2283 2358 2338 illis
2384 2283 2548 2355 718
2573 2284 2860 2353 gentilium
2888 2281 3132 2352 plurimi,
3153 2297 3261 2336 non
3282 2282 3340 2337 in
3364 2281 3624 2351 veritate,

2018 2377 2114 2432 sed
2147 2377 2199 2431 in
2228 2379 2534 2433 mendacio.
2569 2377 2674 2431 Pro
2708 2375 2980 2431 idolorum
3011 2375 3155 2432 enim
3185 2375 3362 2442 cultu,
3392 2375 3512 2446 ejus
3544 2377 3625 2429 si-

2019 2470 2303 2529 mulabant
2331 2465 2618 2528 amicitias.
2663 2472 2726 2527 Et
2755 2471 2860 2528 hoc
2891 2471 3116 2535 facient,
3163 2482 3221 2526 ut
3265 2470 3360 2542 qui
3410 2471 3626 2538 probati

2017 2579 2164 2639 sunt,
2198 2567 2471 2624 manifein
2507 2567 2657 2622 fiant.
2693 2567 2935 2635 Tempus
2961 2566 3104 2621 enim
3130 2581 3274 2622 verte
3303 2565 3495 2620 salutis
3523 2580 3624 2620 co-

2020 2677 2162 2731 rutn,
2191 2670 2248 2716 et
2274 2661 2462 2716 auxilii
2495 2661 2732 2716 futurum
2767 2674 2893 2716 esse
2921 2656 3223 2726 Christum,
3275 2674 3436 2729 quem
3485 2658 3624 2712 falso

2021 2763 2048 2794 ει
2090 2763 2284 2824 putant
2324 2769 2446 2810 esse
2500 2763 2788 2809 venturum
2829 2772 2842 2809 :
2881 2767 3005 2808 cum
3035 2751 3442 2822 sintrecepturi
3469 2748 3628 2807 Anti-

2019 2847 2280 2904 ehristum
2306 2849 2346 2917 (Ι
2384 2849 2508 2904 Cor.
2534 2848 2633 2919 tu).

2095 2943 2278 3016 (Vers.
2301 2942 2417 3014 56.)
2445 2942 2516 2996 Et
2543 2943 2696 3014 faciet
2724 2946 2884 3016 juxta
2911 2943 3230 2996 voluntatem
3254 2957 3402 2995 suam
3434 2955 3550 3005 rex,
3576 2949 3625 2994 et

2019 3036 2332 3101 elevabitur,
2365 3046 2413 3090 et
2440 3035 2860 3108 magniﬁcabitur
2887 3035 3164 3089 adversum
3197 3050 3398 3088 onmem
3422 3033 3576 3087 deum
3607 3077 3622 3101 ,

2019 3139 2066 3183 et
2094 3131 2366 3184 adversum
2392 3128 2553 3182 Deum
2582 3128 2798 3183 deorum
2828 3129 3064 3198 loquetur
3085 3127 3363 3198 magniﬁca
3399 3143 3418 3181 :
3448 3135 3494 3180 et
3540 3126 3624 3178 di-

307 3219 388 3274 lio
416 3217 643 3286 :Putas,
671 3219 843 3277 Filius
869 3223 1093 3277 hominis
1118 3224 1322 3278 veniens
1337 3224 1554 3278 inveniet
1577 3224 1734 3294 ﬁdem
1765 3243 1919 3297 super
1947 3220 1990 3284 C
2023 3221 2150 3292 riget
2175 3218 2356 3294 [Vulg.
2391 3220 2669 3294 dirigetur]
2719 3222 2881 3276 donec
2941 3222 3263 3292 compleatur
3306 3219 3386 3272 ira
3437 3216 3620 3291 [ναις.

309 3321 506 3368 terram
547 3311 704 3377 (Luc.
758 3331 921 3379 xvnt,
956 3317 1057 3380 8)?

385 3405 455 3460 Et
493 3407 638 3460 docti
668 3409 721 3460 in
771 3407 966 3479 populo
998 3409 1249 3463 docebunt
1295 3408 1550 3482 plurimos
1585 3453 1600 3479 ,
1655 3420 1701 3466 et
1752 3412 1912 3484 717

310 3509 466 3555 ruent
491 3501 547 3554 in
580 3501 759 3572 gladio
780 3545 794 3570 ,
823 3511 869 3556 et
897 3503 950 3556 in
983 3505 1228 3574 ﬂamma,
1258 3512 1305 3558 et
1336 3505 1388 3558 in
1417 3505 1750 3573 captivitate,
1782 3514 1828 3558 et
1859 3509 1913 3564 iu

311 3595 502 3658 rapina
527 3594 750 3650 dierum.
785 3597 994 3663 Quanta
1020 3596 1188 3652 Judtei
1211 3599 1279 3654 ab
1306 3598 1580 3654 Antiocho
1603 3601 1911 3670 passisunt,

313 3687 754 3745 Machabeorum
780 3690 902 3745 libri
936 3690 1205 3757 referunt,
1223 3701 1285 3751 et
1313 3693 1569 3762 triumphi
1592 3709 1781 3748 eorum
1808 3705 1916 3750 tes-

314 3780 549 3836 timonio
578 3794 746 3838 sunt:
778 3785 868 3854 qui
901 3799 997 3853 pro
1027 3785 1276 3839 custodia
1306 3785 1442 3855 legis
1473 3786 1596 3851 Dei,
1632 3787 1911 3854 llammas,

313 3881 367 3926 et
391 3871 635 3942 gladios,
658 3882 711 3928 et
739 3876 1060 3930 servitutem
1081 3918 1096 3942 ,
1129 3887 1184 3930 et
1212 3878 1466 3946 rapinas,
1496 3888 1549 3933 et
1578 3895 1765 3948 prunas
1788 3879 1915 3933 ulti-

316 3983 434 4022 mas
465 3967 870 4024 sustinuerunt.
897 3967 1032 4038 Quae
1058 3969 1236 4024 futura
1270 3987 1434 4025 nemo
1449 3972 1656 4026 dttbitct
1687 3973 1789 4026 sub
1809 3976 1916 4026 An-

319 4063 609 4128 tichristo,
660 4063 848 4118 multis
893 4064 1276 4119 resistentibus
1309 4065 1568 4136 potentia:
1595 4065 1746 4135 ejus,
1780 4075 1836 4120 et
1862 4065 1914 4119 in

316 4153 536 4209 diversa
560 4154 913 4226 fugientibus.
938 4157 1070 4223 Quae
1097 4156 1311 4212 Hebra-i
1338 4160 1389 4212 in
1421 4158 1606 4214 ultima
1631 4159 1917 4214 eversione

317 4248 537 4318 templi,
573 4265 693 4318 qua.-
739 4250 842 4305 sub
874 4249 1207 4320 Vespasiano
1233 4261 1288 4304 et
1326 4251 1446 4306 Tito
1475 4252 1712 4319 accidit,
1747 4253 1916 4308 inter-

317 4351 637 4413 pretantur,
683 4342 852 4399 fuisse
901 4344 1166 4414 plurimos
1211 4345 1278 4399 de
1332 4346 1534 4414 populo
1580 4346 1670 4414 qui
1715 4346 1918 4400 scirent

317 4435 607 4492 Dominum
634 4453 790 4493 suum
822 4483 837 4507 ,
877 4449 927 4494 et
985 4454 1083 4510 pro
1132 4438 1378 4494 custodia
1410 4439 1567 4510 Legis
1595 4439 1714 4510 ejus
1751 4440 1919 4495 inter-

315 4530 446 4587 fecti
487 4543 617 4587 sunt
647 4531 755 4606 [ΑΙ.
789 4532 943 4606 sint].

2020 3313 2336 3386 iracundia],
2372 3323 2664 3386 perpetrata
2703 3315 2895 3384 quippe
2949 3312 3183 3379 deﬁnitio
3235 3319 3328 3364 est.
3377 3309 3505 3364 Sive
3564 3319 3622 3363 ttt

2018 3407 2158 3462 alius
2190 3407 2581 3475 interpretatus
2614 3415 2699 3460 est
2733 3423 2746 3463 :
2775 3407 2828 3460 in
2858 3407 2970 3474 ipso
2997 3405 3132 3458 enim
3164 3406 3258 3457 erit
3297 3418 3623 3458 consumma-

2020 3503 2112 3560 tio.
2146 3504 2230 3557 Ab
2255 3503 2356 3556 ltoc
2385 3503 2504 3558 locn
2533 3500 2708 3557 Judtei
2737 3500 2850 3556 dici
2892 3499 2962 3555 de
2993 3498 3338 3553 Antichristo
3391 3503 3578 3566 putant
3605 3537 3620 3562 ,

2019 3595 2161 3666 quod
2195 3608 2312 3664 post
2340 3595 2539 3651 Juliani
2577 3610 2800 3664 parvum
2848 3594 3110 3648 auxilium
3155 3603 3507 3647 surrecmrus
3552 3591 3626 3645 sit

2019 3704 2112 3744 rex
2147 3687 2240 3758 qui
2263 3688 2428 3743 faciat
2466 3687 2626 3757 juxta
2674 3688 3010 3742 voluntatem
3043 3701 3223 3753 suam,
3268 3697 3324 3740 et
3380 3686 3628 3740 elevetur

2019 3793 2206 3837 contra
2241 3799 2403 3838 omne
2432 3782 2578 3852 quod
2611 3781 2816 3837 dicitur
2847 3781 3007 3846 deus,
3041 3789 3095 3835 et
3125 3780 3416 3834 adversum
3453 3777 3625 3834 Deum

2019 3875 2244 3930 deorum
2277 3877 2526 3945 loquatur
2554 3873 2580 3914 ι)
2605 3873 2886 3945 magniﬁca
2917 3891 2928 3926 :
2953 3875 3022 3929 ita
3048 3882 3106 3926 ttt
3127 3872 3318 3928 sedeat
3343 3873 3394 3926 itt
3419 3869 3627 3936 templo

2019 3970 2143 4036 Dei,
2177 3979 2232 4025 et
2256 3971 2496 4040 seipsutn
2529 3969 2692 4023 faciat
2727 3969 2918 4033 Deuttt,
2953 3977 3011 4021 et
3049 3965 3317 4036 dirigatur
3371 3965 3625 4017 voluntas

2019 4067 2162 4135 ejus;
2191 4066 2370 4121 donec
2401 4065 2742 4122 compleatur
2771 4064 2850 4118 ira
2905 4062 3022 4127 Dei,
3055 4062 3180 4132 quia
3240 4060 3294 4114 in
3351 4059 3472 4128 ipso
3523 4067 3629 4112 cr.l

2020 4159 2440 4215 consummatio.
2472 4157 2628 4226 Quod
2658 4159 2880 4228 quidem
2913 4162 2972 4210 et
3021 4169 3124 4209 nos
3166 4153 3235 4208 de
3283 4150 3627 4206 Anticltristo

2022 4255 2400 4323 intelligimus.
2439 4252 2772 4323 Porphyrius
2816 4261 2997 4305 autem
3053 4256 3109 4303 et
3152 4248 3338 4303 cat-teri
3397 4247 3488 4316 qui
3536 4259 3626 4299 se-

2019 4361 2262 4421 qttuntur
2290 4363 2439 4414 eum,
2476 4347 2544 4402 de
2574 4345 2847 4400 Antiocho
2892 4343 3174 4414 lipiphane
3200 4342 3308 4396 dici
3349 4341 3626 4395 arbitran-

2024 4451 2112 4497 tur
2139 4441 2282 4512 quod
2313 4450 2532 4495 erectus
2559 4439 2632 4494 sit
2653 4447 2841 4493 contra
2871 4439 3074 4491 cultum
3103 4436 3220 4499 Dei,
3255 4445 3310 4489 et
3341 4436 3394 4489 in
3420 4443 3626 4489 tantum

2023 4536 2334 4606 Superbiam
2368 4533 2606 4598 venerit,
2642 4543 2702 4586 ιιι
2732 4532 2784 4585 in
2817 4529 3024 4600 templo
3051 4527 3414 4598 .lerosolymis
3458 4527 3629 4582 simu-

391 4629 576 4703 (Vers.
606 4631 699 4697 54,
723 4628 841 4701 55.)
899 4629 1126 4702 Cumque
1175 4633 1482 4698 corruerint,
1516 4629 1916 4684 sublevabuntur
1942 4635 1994 4694 1)
2022 4629 2229 4684 lucrum
2261 4644 2416 4682 suum
2470 4625 2603 4698 poni
2647 4625 2895 4694 jusserit.
2949 4624 3216 4692 Quodque
3264 4623 3512 4694 sequitur
3538 4641 3554 4677 :
3583 4633 3630 4677 et

318 4726 518 4780 auxilio
546 4726 788 4798 parvulo,
817 4735 865 4780 et
888 4725 1289 4799 applicabuntur
1315 4728 1389 4780 eis
1436 4725 1648 4798 plurimi
1696 4724 1920 4793 fraudu-

319 4818 503 4874 lenter.
530 4818 594 4872 Et
617 4818 680 4873 de
707 4818 925 4874 eruditis
955 4827 1126 4885 ruent,
1146 4829 1201 4872 ut
1225 4821 1533 4890 ron/lentur.
1565 4829 1610 4871 et
1639 4819 1918 4888 eligantur,

320 4921 365 4968 ct
392 4913 698 4968 dealbentur
726 4931 885 4985 usque
912 4915 982 4968 ad
1011 4923 1210 4987 tempus
1236 4915 1574 4986 praeﬁnitum,
1604 4913 1727 4984 quia
1748 4912 1922 4965 adhuc

321 5007 470 5062 aliud
497 5017 697 5078 tempus
736 5008 854 5061 erit.
889 5007 1182 5062 Parvulum
1228 5007 1530 5073 auxilium,
1565 5005 1917 5060 M.ttlt:ttltiatn

323 5101 618 5171 significari
647 5103 950 5157 arbitratur
971 5101 1330 5173 Porphyrius,
1349 5101 1416 5156 de
1447 5099 1688 5173 vico[Al.
1717 5098 1922 5172 monte]

325 5193 543 5261 Modin;
573 5197 664 5265 qui
697 5195 988 5250 adversum
1019 5195 1188 5250 duces
1238 5193 1494 5248 Antiochi
1527 5192 1834 5260 rebellavit,
1869 5199 1924 5246 et

325 5289 532 5343 cultum
573 5291 688 5345 veri
717 5290 813 5346 Dei
869 5304 1091 5344 servare
1144 5296 1377 5343 conatus
1417 5294 1500 5341 est
1549 5285 1590 5359 (I
1619 5284 1796 5340 Marti.
1831 5286 1917 5355 tt).

326 5384 562 5443 Parvum
591 5396 796 5452 autem,
828 5385 1026 5458 inquit,
1045 5383 1307 5438 auxilium
1349 5390 1533 5448 vocat,
1558 5380 1684 5453 quia
1711 5381 1923 5436 occisus

400 5560 426 5588 ⁸
449 5552 617 5606 Palat.
649 5561 704 5606 et
727 5551 903 5606 Vatic.
937 5565 1067 5605 mss.
1099 5567 1252 5621 quem
1273 5549 1406 5619 falso
1431 5554 1641 5611 sperant
1671 5555 1923 5602 esse.etc.

399 5621 426 5659 δ
459 5623 728 5679 Victm-ius
750 5624 815 5677 ad
840 5621 1084 5694 Vulgatae
1109 5623 1416 5691 exemplum
1437 5622 1694 5690 loquetur,
1716 5627 1770 5670 et
1799 5633 1926 5688 pau-

331 5693 384 5748 lo
411 5705 536 5764 post
557 5697 833 5766 dirigetur.

404 5761 426 5804 δ
460 5769 555 5822 Est
576 5761 682 5834 qui“
702 5766 863 5823 valde
894 5766 1026 5821 velit
1059 5764 1283 5820 rescribi
1312 5772 1367 5819 et
1393 5761 1924 5831 corrigi,Bibliotlte-

331 5855 417 5892 cas
434 5840 664 5894 scribunt
680 5840 1040 5901 historiarum,
1067 5854 1131 5892 ex
1165 5837 1285 5904 ipso
1307 5835 1622 5891 Diodoriatti
1652 5834 1834 5904 operis
1863 5835 1926 5886 ti-

338 5911 479 5976 tulo,
520 5919 684 5982 atque
713 5910 928 5967 Eusebii
969 5912 1088 5964 loco
1115 5909 1354 5980 Prwpar.
1393 5910 1595 5978 liv-aug.
1631 5906 1667 5962 Ι.
1705 5923 1739 5973 t,
1775 5921 1824 5959 c.
1850 5904 1922 5960 6:

2021 4723 2231 4794 diriget,
2265 4721 2428 4774 donec
2452 4719 2773 4790 compleatur
2795 4717 2896 4782 ira,
2916 4717 3036 4788 quia
3053 4718 3108 4770 in
3132 4717 3242 4790 ipso
3270 4715 3368 4771 erit
3391 4732 3632 4769 consum-

2020 4815 2202 4872 matio.
2223 4814 2301 4868 sic
2322 4812 2656 4881 intelligunt,
2682 4821 2786 4865 tam
2803 4809 2894 4866 ditt
2927 4827 3051 4866 eum
3082 4825 3267 4883 posse,
3291 4810 3468 4865 donec
3491 4813 3629 4864 iras-

2023 4922 2180 4962 catur
2209 4907 2257 4963 ei
2286 4907 2456 4972 Dens,
2490 4917 2545 4961 et
2573 4907 2748 4975 ipsum
2813 4903 3051 4958 intertit-i
3104 4903 3313 4974 jubeat.
3347 4903 3630 4974 Siquidem

2027 5003 2286 5073 Polybius
2319 5011 2372 5058 et
2404 5001 2675 5056 Diodorus
2703 5005 2793 5072 qtti
2831 5011 2853 5040 ο
2887 5000 3352 5055 BibliotlteCarttm
3385 4998 3633 5054 scribunt

2027 5099 2309 5164 historias,
2341 5106 2568 5152 narrant
2595 5113 2720 5153 eum
2755 5112 2861 5152 non
2892 5097 3068 5151 solum
3111 5104 3302 5150 contra
3340 5095 3506 5148 Deum
3555 5090 3636 5146 fe-

2026 5197 2168 5250 cisse
2195 5193 2431 5258 Judtete,
2467 5191 2565 5246 sed
2592 5191 2836 5245 avaritiae
2865 5190 3073 5245 lacibus
3103 5202 3422 5250 accensum,
3469 5185 3632 5240 etiam

2029 5287 2291 5356 templum
2314 5281 2341 5322 (ι
2369 5285 2550 5339 Dianas
2575 5287 2630 5338 in
2650 5283 2943 5347 Elimaide,
2965 5283 3108 5353 quod
3129 5294 3243 5337 erat
3276 5279 3633 5340 ditissimum,

2027 5380 2266 5451 Spoliare
2297 5390 2553 5434 conatum
2587 5394 2600 5430 :
2629 5391 3067 5449 oppressumque
3097 5392 3125 5430 a
3156 5372 3476 5430 custodibus
3505 5381 3643 5427 tem-

2031 5545 2134 5600 ὑπὸ
2161 5547 2278 5620 μίαν
2308 5547 2644 5620 συνηρμοκώς
2671 5543 3031 5620 πραγματείαν
3073 5538 3279 5596 ἅπασαν
3315 5543 3408 5598 τὴν
3439 5540 3635 5616 ἱστορι-

2035 5623 2124 5676 κὴν
2155 5619 2476 5678 Βιϐλιοθήκήν
2488 5656 2499 5668 .

2100 5686 2126 5724 (³
2155 5689 2358 5742 Confer
2391 5702 2441 5743 et
2472 5686 2906 5742 Machabmorum
2941 5684 2977 5738 Ι.
3014 5701 3053 5750 t,
3099 5699 3222 5754 cap.
3253 5683 3306 5748 7,
3341 5694 3394 5738 et
3438 5682 3642 5751 Appia-

2031 5776 2158 5832 num
2194 5767 2244 5814 in
2274 5763 2485 5832 Syriae.
2521 5761 2611 5828 qui
2644 5758 2908 5827 templum
2962 5757 3104 5812 istud
3139 5755 3467 5832 non_lliante
3493 5798 3509 5822 ,
3543 5755 3639 5810 sed

2029 5831 2260 5885 Veneris
2287 5827 2552 5900 appellat;
2589 5832 2770 5884 Diana:
2805 5844 2962 5895 vero,
3017 5841 3216 5902 praeter
3247 5827 3534 5900 Polybium
3577 5840 3641 5882 ac

2033 5904 2352 5968 Diodorum,
2382 5903 2676 5972 .loscphus.
