4128 6346
137 6315 286 6322 ᾉλ

457 303 556 366 ειη

1705 303 1764 374 s.
1809 301 2082 375 euasisti
2115 301 2502 378 titenonrnt

3663 335 3770 390 572

454 426 533 500 pii
553 437 606 481 et
635 421 828 483 vicinis
854 427 1060 482 circum
1089 427 1370 498 gehtihus,
1395 437 1451 484 ct
1471 425 1794 501 quihusdam
1826 431 2054 503 phantas
2083 419 2134 498 Α
2161 437 2304 492 tatus
2333 447 2418 494 εει
2445 449 2457 493 :
2486 435 2554 492 Et
2578 449 2693 511 agri
2739 439 2848 497 lucc
2898 451 2952 496 ut
3002 443 3205 500 muniat
3235 447 3484 517 prtesidia
3511 469 3628 507 cum
3675 456 3771 511 deo

459 524 558 578 siis
587 532 747 593 atque
779 522 1086 577 terroribus
1115 529 1330 578 versum
1361 525 1412 578 lu
1461 527 1779 592 amentiam,
1810 531 1872 580 ac
1926 541 2054 597 pose

461 624 700 672 tretnuut
731 615 928 670 morbo
957 614 1258 683 interiisse,
1294 623 1350 674 ct
1378 617 1484 674 hoc
1514 619 1563 673 ei
1600 617 1867 674 accidisse
1908 627 2060 674 com—

459 719 788 773 memorant,
827 711 948 781 quia
981 711 1242 782 templum
1277 712 1457 768 Dianae
1479 711 1688 768 violare
1709 721 1939 768 conatus
1962 709 2057 768 sit.

458 801 570 860 Nos
600 813 782 860 autem
815 805 1068 872 dicimus,
1103 807 1317 860 etiamsi
1365 806 1630 862 acciderit
1657 806 1730 870 ci,
1763 805 1886 862 ideo
1916 807 2060 862 acci-

458 897 627 966 disse,
648 899 774 970 qttia
802 897 856 953 in
889 905 1112 953 sanctos
1149 899 1243 952 Dei
1273 899 1497 954 multant
1523 899 1832 955 exercuerit
1863 896 2062 956 crude-

459 993 692 1057 litatem,
723 999 778 1048 et
810 985 1066 1062 polluerit
1096 995 1357 1063 templum
1380 991 1520 1062 eius.
1549 985 1664 1048 Non
1689 993 1834 1050 enim
1867 1003 1967 1064 pro
1995 1005 2062 1050 eo

459 1086 604 1157 quod
629 1087 796 1161 719
819 1097 1046 1143 conatus
1077 1089 1161 1142 est
1185 1087 1388 1154 facere,
1433 1093 1488 1140 et
1533 1095 1651 1142 acta
1699 1085 2057 1158 paenitentia,

461 1177 666 1234 desivit
695 1180 944 1250 implere,
977 1179 1073 1235 sed
1103 1185 1202 1252 pro
1231 1193 1296 1234 eo
1332 1179 1478 1250 quod
1510 1179 1640 1235 fecit
1683 1180 1910 1251 punitus
1937 1184 2062 1236 etlse

457 1270 765 1326 credendus
787 1279 893 1327 est.

533 1362 714 1435 (Vers.
761 1364 830 1419 57
884 1361 1064 1435 seqq.)
1126 1361 1197 1418 Et
1242 1362 1406 1418 Deum
1442 1371 1652 1433 patrum
1695 1369 1908 1418 sttorttm
1956 1379 2062 1417 non

458 1459 738 1533 reputabit,
770 1468 820 1514 et
847 1459 949 1512 erit
994 1459 1051 1513 in
1101 1458 1534 1531 concupiscentiis
1583 1458 1896 1528 feminarum
1927 1473 1944 1513 :
1971 1465 2065 1512 nec

456 1567 760 1625 quamquam
797 1551 1015 1605 deorum
1069 1549 1295 1616 curabit,
1328 1549 1454 1622 quia
1493 1549 1770 1605 aduersum
1824 1551 2064 1604 uniuersa

459 1653 753 1718 consurget.
785 1643 950 1699 Deum
978 1653 1150 1699 autem
1176 1655 1379 1699 IAOlll
1410 1644 1465 1697 in
1501 1643 1616 1697 loco
1663 1651 1756 1697 suo
1797 1642 2065 1697 cenet-ubis

461 1749 568 1806 tur-,-
584 1749 631 1793 et
660 1737 830 1794 Deum
849 1751 1000 1810 quem
1029 1738 1399 1810 ignoraverunt
1426 1745 1600 1809 patres
1632 1738 1770 1810 ejus,
1805 1735 1940 1791 colet
1966 1742 2063 1790 att-

460 1845 520 1888 ro
545 1839 592 1887 et
621 1842 862 1905 argento,
887 1840 933 1886 (ἰ
960 1831 1138 1905 lapide
1164 1832 1411 1904 pretioso,
1439 1831 1689 1902 rebusque
1709 1831 1964 1903 pretiosis.
1990 1829 2061 1886 Et
2092 1829 2141 1899 Β

459 1929 611 1999 [τείσει
653 1929 706 1981 ut
730 1918 928 1980 muniat
983 1932 1186 1982 Isozm
1227 1939 1344 1980 cum
1377 1925 1474 1981 deo
1511 1925 1683 1979 alieno
1709 1935 1861 1995 quem
1903 1933 1931 1962 ει
1969 1932 2051 1980 co-

461 2023 652 2094 gnovit,
671 2031 720 2076 et
745 2019 1116 2092 multiplicati:
1139 2020 1386 2093 gloriam,
1412 2028 1462 2074 et
1488 2019 1634 2074 dabit
1659 2019 1732 2074 eis
1759 2025 2060 2090 potestatem

461 2117 513 2171 in
539 2115 734 2184 mauis,
760 2126 808 2172 et
830 2123 1021 2172 terram
1045 2117 1232 2171 dividet
1260 2117 1510 2188 gratuito.
1548 2115 1652 2170 Pro
1678 2129 1746 2171 eo
1781 2116 1930 2186 quod
1961 2123 2062 2173 nos

460 2210 804 2280 interpretati
834 2219 1022 2264 sumus
1042 2252 1056 2278 ,
1089 2214 1140 2264 ct
1167 2209 1265 2265 erit
1291 2212 1344 2264 tn
1371 2210 1803 2281 concupiscentiis
1843 2211 2064 2281 femina-

459 2317 602 2371 rum,
632 2301 774 2359 LXX
803 2304 1220 2370 iratistulernnt,
1252 2311 1300 2359 et
1327 2297 1753 2375 concupiscentiis
1781 2301 2062 2359 mulierum

463 2411 566 2450 non
603 2394 906 2468 subiacebit.
941 2395 1176 2450 Rursum
1230 2409 1326 2466 pro
1383 2395 1496 2450 Deo
1548 2407 1744 2450 mouit
1798 2396 2058 2468 (unum),

428 2527 431 2529 -
464 2488 608 2560 quod
642 2488 874 2546 habetur
900 2489 954 2545 in
988 2489 1257 2546 llehraico
1280 2527 1296 2558 ,
1331 2490 1523 2562 Aquila
1559 2490 1860 2557 transtullt,
1897 2483 2064 2545 Deum

461 2585 860 2656 fortitudtnum;
885 2584 1052 2652 LXX,
1077 2583 1248 2638 Deum
1281 2585 1638 2657 fortissimum.
1675 2583 1812 2654 Quia
1834 2599 1966 2642 vero
2009 2587 2062 2642 in

467 2679 738 2734 liebraico
771 2691 868 2748 pro
895 2691 985 2744 eo,
1012 2673 1155 2750 quod
1186 2693 1284 2734 nos
1309 2679 1588 2734 diximus:
1615 2689 1664 2735 et
1705 2681 1802 2735 erit
1848 2681 1903 2735 in
1937 2697 2063 2736 con-

463 2771 794 2842 citpiscentiis
821 2773 1153 2843 feminarum,
1175 2773 1430 2843 ambigue
1454 2773 1690 2844 positum
1721 2783 1827 2841 est,
1848 2773 2066 2830 dicente

464 2863 688 2936 Aquila,
721 2867 813 2936 qui
838 2866 1066 2923 verbum
1103 2867 1378 2937 expressit
1405 2882 1436 2923 e
1476 2870 1687 2923 verbo:
1719 2871 1806 2925 καὶ
1833 2871 1919 2926 tiri
1941 2869 2066 2926 Θεύῡ

464 2961 698 3036 πατέρων
748 2961 904 3017 αὐτοῦ
951 2962 1008 3016 οὐ
1059 2966 1309 3030 συνήθει,
1353 2964 1437 3017 καί
1465 2959 1494 3000 δ
1531 2957 1617 3020 tat
1665 2963 1934 3036 ἐπιθυμίαν
1967 2977 2064 3038 7v-

465 3061 668 3124 ναικῶν,
693 3057 777 3110 και
797 3056 883 3111 trrt
911 3057 1078 3112 πάντα
1096 3056 1206 3112 θεὸν
1229 3057 1290 3111 οὐ
1319 3061 1561 3123 συνήσῃ,
1595 3056 1649 3112 id
1681 3065 1788 3123 est,
1821 3063 1871 3111 et
1911 3067 2067 3130 super

465 3143 634 3201 Deum
653 3156 864 3219 patrum
891 3159 1104 3203 suorum
1134 3161 1236 3204 non
1282 3148 1558 3222 intelliget,
1592 3157 1638 3204 et
1679 3160 1836 3220 super
1875 3161 2066 3206 concu-

464 3244 766 3316 piscentiam
784 3244 1120 3316 feminarum,
1153 3255 1198 3299 et
1226 3255 1382 3316 super
1404 3256 1604 3300 omnem
1640 3233 1808 3301 Deum
1849 3257 1951 3302 non
1985 3247 2067 3302 in—
2093 3231 2138 3298 C

465 3339 678 3410 tetttget.
705 3335 916 3405 Quibus
950 3337 1135 3396 verbis
1162 3339 1486 3410 intelligitur
1516 3338 1723 3396 habere
1778 3351 1902 3396 eum
1931 3342 2066 3396 cuna

459 3432 856 3504 cupiscentiam
891 3431 1242 3500 fetttitial‘tim,
1275 3443 1331 3489 et
1390 3447 1494 3489 non
1528 3434 1753 3490 habere.
1781 3431 1840 3490 Si
1870 3433 2067 3504 lugeri-

465 3543 608 3593 mus,
642 3535 698 3583 et
727 3527 1171 3584 intellexerimus
1200 3528 1302 3586 ἀπὸ
1327 3529 1518 3594 κοινοῦ,
1541 3537 1588 3584 et
1636 3537 1792 3600 super
1822 3527 2070 3598 concupt-o

468 3627 714 3680 scentiam
739 3625 1049 3696 feminarum
1071 3637 1172 3680 non
1190 3623 1460 3698 intelliget,
1483 3627 1550 3682 de
1575 3619 1911 3683 Antichristo
1938 3625 2069 3683 l‘acl-

467 3718 568 3774 lior
602 3717 987 3791 interpretatio
1012 3731 1096 3775 εει
1137 3739 1148 3774 :
1175 3719 1316 3792 quod
1345 3721 1470 3776 ideo
1503 3721 2063 3791 simulelcaStitatem,

467 3822 524 3868 ut
555 3815 823 3884 plurimos
853 3809 1112 3885 decipiat.
1158 3817 1252 3871 Sin
1299 3825 1481 3872 autem
1534 3815 1604 3871 ita
1651 3813 1974 3888 legerimus,
2020 3826 2067 3872 et

463 3917 620 3977 super
668 3905 1138 3978 concttpisCentiam
1185 3910 1536 3982 feminarum,
1587 3919 1648 3966 ut
1713 3909 2067 3966 Subaudiatur

465 3997 582 4070 erit,
615 3997 868 4057 Antiochi
899 4013 1151 4074 personae
1183 4006 1353 4075 magis
1400 4005 1763 4077 coaptabilttr,
1797 4003 1884 4078 Qui
1911 4003 2068 4062 luxti-

464 4094 800 4151 riosissimtts
833 4093 1006 4154 fuisse
1035 4093 1252 4166 dicitur,
1283 4107 1337 4156 ct
1362 4099 1412 4154 in
1439 4109 1644 4156 tmtum
1695 4095 1932 4157 dedecus
1973 4115 2068 4172 per

465 4197 650 4258 stupra
674 4199 722 4245 et
748 4187 1091 4253 corruptelas
1117 4189 1336 4246 venisse
1357 4191 1522 4262 regiae
1545 4189 1851 4262 dignitatis,
1878 4199 1935 4246 ut
1962 4192 2065 4248 mi-

467 4281 569 4336 mis
597 4289 816 4352 qttoqne
848 4292 899 4338 et
931 4284 1126 4338 scortis
1160 4279 1375 4353 publice
1399 4283 1750 4355 jnugeretur,
1786 4291 1841 4340 et
1882 4281 2067 4340 libidi-

469 4393 589 4432 nem
615 4387 803 4444 sitam,
861 4375 1068 4448 populo
1137 4383 1456 4447 pra'sente,
1510 4378 1831 4447 compleret.
1896 4377 2068 4437 Deum

465 4479 665 4526 IIAOZIII
697 4467 924 4527 ridicule
954 4463 1290 4543 Porphyrius
1330 4469 1726 4541 interpretatus
1754 4481 1860 4541 cst,
1891 4481 1948 4528 ut
1989 4469 2071 4529 die

465 4565 616 4619 ceret
666 4563 720 4618 in
765 4564 888 4620 vico
937 4563 1138 4632 Modin,
1180 4559 1323 4621 unde
1364 4564 1464 4620 fuit
1510 4561 1857 4634 Mathatltins,
1889 4571 1944 4622 et
1975 4563 2070 4622 lilii

465 4656 606 4727 ejus,
651 4651 908 4713 Antiochi
958 4657 1145 4726 duces,
1193 4660 1347 4716 Jovis
1397 4657 1644 4729 posuisse
1688 4659 1926 4716 statuam
1964 4676 1977 4715 :
2013 4645 2148 4718 etD

467 4751 1062 4825 compulisseJudzros,
1095 4765 1150 4813 ut
1198 4755 1252 4814 ei
1296 4755 1543 4813 victimas
1589 4755 1982 4823 immolarent,
2015 4747 2068 4813 id

469 4850 588 4916 est,
635 4843 738 4904 deo
788 4849 993 4906 Modiu.
1049 4847 1200 4920 Quod
1248 4863 1432 4907 autem
1493 4851 1771 4921 Sequitur,
1805 4851 1850 4907 et
1912 4845 2068 4906 deum

469 4955 621 5009 quem
648 4943 1016 5013 ignorauerunt
1037 4946 1206 5016 patres
1234 4947 1366 5015 ejus,
1397 4943 1562 5012 colet,
1588 4941 1692 4998 huc
1740 4937 1914 5015 magis
1963 4943 2075 4998 An-

468 5034 722 5090 tichristo
761 5049 920 5105 quam
973 5029 1247 5091 Antiocho
1289 5035 1574 5090 convenit.
1625 5033 1878 5107 Legimus
1924 5035 2070 5091 enim

469 5128 796 5186 Antiochum
824 5129 1094 5186 idolorum
1114 5129 1278 5203 720
1305 5128 1529 5187 Grrccia:
1549 5127 1808 5186 habuisse
1829 5129 2033 5186 cultum
2051 5172 2067 5197 ,

466 5232 523 5281 et
545 5223 767 5282 Iudaeos
801 5231 963 5298 atque
991 5223 1290 5282 Samaritas
1318 5222 1384 5279 ad
1413 5225 1821 5282 venerationem
1846 5235 2072 5281 suorum

467 5318 696 5375 deorum
727 5317 1080 5390 compulissc.
1113 5313 1426 5374 Necnon-et
1466 5318 1568 5373 hoc
1599 5315 1742 5389 quod
1790 5315 1981 5384 infert,
2015 5315 2073 5387 et

465 5413 623 5485 faciet
649 5419 703 5469 ut
731 5415 930 5469 muniat
959 5411 1163 5471 unum
1186 5427 1300 5466 cum
1321 5411 1416 5466 deo
1437 5411 1611 5466 alieno
1626 5419 1775 5483 quem
1802 5409 2072 5482 cognorit:

464 5520 510 5564 et
549 5510 1181 5583 multiplicabitgtorium,
1235 5517 1282 5564 et
1331 5508 1475 5563 dabit
1538 5509 1613 5562 eis
1663 5517 1965 5575 potestatem
2012 5506 2068 5561 in

465 5603 660 5672 multis,
687 5614 734 5660 et
756 5620 948 5660 terram
971 5601 1158 5660 dividet
1185 5601 1412 5674 gratuito
1431 5643 1444 5668 ,
1474 5589 1779 5656 Theodotio
1801 5599 2072 5670 interpre-

538 5821 565 5849 ιι
591 5809 692 5867 llic
724 5822 887 5882 atque
916 5809 1168 5868 interius
1197 5803 1286 5866 ubi
1317 5801 1472 5866 locus
1499 5805 1605 5882 iste
1637 5804 1895 5882 l‘_e(‘.tl_i'l‘ii.,
1930 5819 2054 5860 cum

474 5883 708 5956 negandi
743 5875 1035 5953 particula,
1059 5899 1208 5954 quem
1235 5899 1340 5936 non
1368 5881 1628 5956 Cognovit,
1663 5879 1716 5935 in
1757 5875 1926 5934 Palat.
1955 5893 2057 5934 nis.

473 5989 504 6033 ε
519 5955 734 6018 ﬁertur.

2161 530 2330 585 alieno
2364 547 2384 585 :
2405 537 2451 585 et
2504 537 2621 586 cum
2652 523 2722 588 eis
2753 527 3057 605 ostenderit,
3090 537 3457 611 multiplicabit
3496 541 3770 615 honorem,

2162 629 2208 712 et
2234 617 2492 679 dominari
2518 641 2602 680 eos
2624 627 2800 681 multis
2830 629 3008 700 faciet,
3036 633 3088 686 et
3135 639 3326 688 terram
3369 633 3560 692 dividet
3581 642 3770 712 gratis.

2164 709 2270 772 Pro
2294 715 2574 786 prtcsidiis,
2591 717 2839 794 confugio
2859 721 3251 795 interpretatus
3273 738 3358 783 est
3380 709 3770 802 Symmachus:

2163 809 2305 881 Quod
2341 809 2674 886 Porphyrius
2713 816 2784 871 ita
2831 816 3086 874 edisserit
3119 836 3133 874 :
3167 819 3328 899 iaciet
3351 821 3468 878 haec
3496 827 3681 882 omnia
3719 835 3779 884 ut

2166 905 2371 962 muniat
2400 917 2584 964 arcem
2614 905 2943 978 Jerusalem,
2971 923 3026 970 et
3049 907 3101 970 in
3127 915 3340 973 czcteris
3364 919 3586 979 urbibus
3610 934 3778 994 ponat

2167 995 2442 1067 praesidia,
2475 1007 2530 1056 et
2557 995 2776 1058 Jlid:l'.'OS
2807 1005 3005 1061 doceat
3032 1007 3269 1065 adorare
3297 1009 3464 1067 Deum
3494 1013 3734 1070 alienum
3760 1036 3773 1072 :

2165 1091 2306 1146 haud
2331 1089 2554 1149 dubium
2585 1087 2712 1168 quin
2746 1089 2933 1154 iovem
2965 1095 3251 1172 signiticet.
3284 1099 3456 1171 Quem
3505 1123 3629 1163 cum
3661 1103 3777 1165 illis

2164 1183 2486 1256 ostenderit,
2519 1199 2571 1242 et
2594 1189 2931 1246 adorandum
2961 1207 3085 1250 esse
3119 1198 3454 1266 persuaserit
3487 1218 3499 1254 :
3531 1207 3660 1258 tunc
3681 1201 3780 1259 da-

2165 1277 2243 1336 bit
2271 1279 2520 1354 deceptis
2569 1283 2856 1346 honorem.
2891 1295 2947 1344 et
2993 1288 3227 1359 gloriam
3264 1287 3574 1364 plurimam,
3611 1303 3667 1352 et
3694 1296 3778 1351 ia-

2164 1375 2276 1431 ctet
2306 1377 2547 1446 caeteris,
2581 1381 2672 1451 qui
2702 1379 2753 1435 iu
2780 1375 2967 1438 Judma
3017 1381 3221 1440 iuerint
3264 1385 3552 1454 dominati,
3583 1399 3638 1444 ct
3671 1406 3776 1458 pro

2167 1473 2622 1543 praevaricatione
2654 1477 3040 1547 possessiones
3072 1477 3302 1548 dividet,
3328 1491 3381 1538 et
3422 1482 3560 1538 dona
3590 1483 3784 1540 distri-

2167 1565 2312 1621 buet.
2367 1560 2738 1624 Antichristus
2791 1581 3012 1640 quoque
3041 1573 3210 1626 multa
3257 1563 3502 1646 deceptis
3548 1591 3779 1632 munera

2166 1655 2443 1730 largietur,
2477 1669 2529 1716 et
2559 1669 2759 1718 terram
2789 1675 2888 1718 suo
2911 1663 3182 1720 exercitui
3209 1661 3418 1722 dividet
3463 1684 3476 1723 :
3529 1683 3782 1741 quosque

2166 1761 2378 1809 terrore
2406 1765 2514 1810 non
2547 1753 2803 1826 quiverit,
2835 1753 3148 1830 subjugabil
3178 1759 3427 1815 avaritia.

2238 1841 2417 1918 (Vers.
2446 1847 2538 1915 40,
2571 1841 2690 1922 4i.)
2724 1839 2788 1903 Et
2816 1851 2868 1904 in
2897 1860 3124 1922 tempore
3155 1851 3416 1924 prazﬁnito
3449 1851 3783 1926 pra’liabitur

2165 1937 2436 1995 adversum
2465 1957 2582 1996 eum
2623 1955 2718 1998 rex
2745 1941 2922 1998 Austri
2948 1951 2966 1998 ὲ
2991 1953 3040 1998 et
3083 1947 3236 2016 quasi
3290 1951 3565 2018 tempestas
3615 1947 3782 2003 veniet

2163 2041 2345 2088 contra
2377 2029 2529 2088 illum
2557 2049 2650 2090 rex
2671 2029 2949 2106 Aquitanis
2977 2037 3028 2091 in
3061 2037 3387 2107 curribus,et
3411 2039 3464 2093 in
3493 2039 3775 2112 equitibus,

2163 2129 2208 2182 et
2239 2125 2292 2182 in
2320 2127 2481 2184 classe
2507 2141 2697 2201 magna
2730 2145 2748 2184 :
2779 2137 2825 2184 et
2857 2125 3183 2202 ingredietur
3213 2139 3402 2199 terras,
3433 2141 3480 2187 et
3507 2139 3733 2187 conteret
3760 2177 3778 2204 ,

2163 2226 2210 2272 et
2238 2210 2564 2288 pertransiet.
2629 2213 2696 2276 Et
2747 2217 2982 2276 introibit
3031 2219 3084 2276 in
3138 2230 3329 2277 terram
3374 2217 3681 2296 gloriosam,
3729 2231 3781 2279 et

2163 2313 2315 2368 multi
2341 2315 2601 2370 corruent.
2645 2311 2751 2370 Pro
2793 2330 2901 2387 quo
2945 2313 3342 2388 interpretatus
3389 2325 3473 2373 est
3516 2315 3774 2391 Symma-

2163 2409 2298 2463 chus
2331 2425 2350 2463 :
2382 2417 2431 2462 et
2460 2408 2623 2462 multa
2650 2404 2816 2462 millia
2841 2413 3086 2463 corruerit
3115 2426 3133 2465 :
3166 2405 3506 2479 Theodoiio,
3546 2421 3591 2466 et
3623 2409 3780 2466 multi

2165 2499 2589 2571 inﬁrmabttntur.
2609 2499 2805 2556 Multus
2833 2503 3014 2556 autem
3043 2513 3310 2559 corruere
3323 2503 3476 2574 juxta
3496 2502 3776 2573 Aquilam,-

2166 2593 2248 2650 vel
2291 2593 2476 2662 urbes,
2508 2593 2594 2652 vel
2627 2597 2900 2668 regiones,
2936 2597 3018 2653 vel
3054 2597 3368 2669 provincias
3408 2595 3676 2671 intellige.
3712 2597 3781 2657 Et

2169 2691 2285 2746 hinc
2307 2685 2640 2762 Porphyrius
2664 2691 2728 2746 ad
2757 2687 3085 2747 Antiochum
3115 2685 3287 2749 refert
3322 2711 3334 2748 :
3369 2689 3514 2764 quod
3551 2691 3778 2750 undeci-

2167 2797 2254 2837 mo
2284 2797 2426 2838 anno
2449 2783 2700 2855 regnisui
2731 2799 2922 2839 rursus
2943 2793 3136 2840 contra
3161 2785 3371 2841 sororis
3395 2781 3562 2841 lilium
3597 2779 3776 2842 Ptole~

2167 2889 2362 2932 mzcttut
2397 2873 2830 2933 l'hilometorem
2861 2875 3223 2933 dimicaverit.
3253 2875 3353 2948 Qui
3403 2873 3637 2934 audiens
3677 2893 3772 2934 ve-

2169 2971 2287 3027 nire
2320 2967 2668 3038 Antiochum,
2703 2974 3056 3043 congregavit
3084 2973 3252 3027 multa
3281 2971 3604 3044 populorum
3653 2969 3775 3030 mil-

2170 3061 2262 3121 lia.
2292 3065 2398 3122 Sed
2431 3063 2735 3122 Antiochus
2767 3067 2920 3138 quasi
2956 3075 3258 3138 tempestas
3285 3065 3462 3123 valida
3498 3065 3550 3124 in
3593 3069 3773 3125 curri-

2172 3160 2293 3228 bus,
2325 3165 2380 3217 et
2411 3163 2460 3215 iu
2490 3155 2790 3233 equitibus,
2820 3168 2878 3218 et
2927 3155 2980 3216 ili
3029 3161 3206 3219 classe
3249 3175 3445 3234 magna
3493 3161 3776 3234 ingressus

2171 3253 2241 3309 sit
2271 3261 2446 3311 terras
2479 3251 2764 3324 plurimas,
2791 3265 2846 3310 et
2869 3251 3206 3312 transeundo
3241 3253 3493 3311 universa
3527 3261 3776 3311 vastave-

2173 3348 2237 3401 rit
2277 3365 2290 3403 :
2319 3348 2635 3418 verteritque
2661 3348 2725 3402 ad
2751 3359 2952 3402 terram
2986 3348 3268 3420 inclytam,
3297 3347 3346 3403 id
3369 3349 3474 3415 est,
3505 3343 3774 3418 Judtcam,

2171 3445 2331 3510 quam
2382 3437 2744 3509 Symmachus
2781 3439 2970 3494 terram
3017 3437 3337 3511 fortitudinis
3381 3435 3774 3512 interpretatus

2172 3537 2257 3588 est
2299 3543 2439 3602 :pro
2461 3541 2564 3601 qua
2599 3527 2908 3588 Theodotio
2936 3531 3114 3604 ipsum
3163 3529 3393 3590 verbum
3444 3529 3774 3591 Hebraicum

2173 3627 2356 3698 posuit
2383 3637 2536 3685 sanat
2563 3623 2673 3701 [AL
2703 3639 2872 3683 sanast
2905 3635 2952 3682 et
2982 3625 3136 3701 SABA]
3168 3627 3312 3698 (9:3)
3340 3645 3352 3682 :
3377 3635 3428 3682 et
3452 3637 3634 3683 art-em
3666 3639 3777 3684 mtt-

2174 3719 2340 3778 nlcrit
2370 3719 2435 3779 de
2465 3719 2638 3778 ruinis
2661 3733 2940 3777 murorum
2965 3719 3227 3787 civitatis,
3257 3717 3419 3796 '72]
3451 3731 3506 3777 ct
3537 3723 3615 3777 sic
3648 3735 3773 3791 per-

2171 3817 2376 3872 rex‘erit
2405 3815 2458 3870 in
2492 3811 2812 3888 Egyptum.
2842 3809 3027 3870 Nostri
3074 3819 3254 3870 autem
3283 3817 3349 3870 ad
3379 3813 3772 3870 Anticltristum

2171 3913 2224 3964 et
2257 3903 2356 3963 ista
2388 3905 2711 3976 referentes,
2742 3907 2932 3963 dicunt
2979 3905 3125 3978 quod
3157 3907 3396 3978 primum
3441 3913 3777 3980 pugnaturus

2171 4003 2244 4058 s‘lt
2269 4011 2460 4058 centra
2492 4015 2678 4072 regem
2711 3995 2918 4067 AuSIri,
2944 3995 2997 4057 id
3039 4008 3157 4069 est,
3187 3995 3427 4074 Egypti,
3474 4011 3528 4059 et
3587 4007 3774 4072 postea

2173 4095 2373 4168 Libyas
2397 4139 2411 4164 ,
2448 4103 2501 4150 et
2539 4091 2827 4166 IEthiOpas
2870 4099 3232 4165 superaturos
3265 4113 3276 4148 :
3310 4105 3433 4166 qua:
3477 4095 3546 4151 de
3584 4093 3773 4150 decem

2172 4192 2432 4249 cornibus
2459 4187 2559 4245 tria
2586 4181 2822 4245 contrita
2851 4199 3053 4244 cornua
3081 4197 3248 4259 Supra
3279 4185 3529 4261 legimus;
3567 4195 3622 4244 et
3649 4187 3776 4260 quia

2173 4295 2435 4342 venturus
2457 4286 2528 4341 sit
2558 4285 2609 4340 in
2641 4295 2842 4341 terram
2875 4282 3064 4354 Israel,
3098 4293 3155 4341 et
3182 4283 3366 4340 multa:
3393 4279 3442 4340 ei
3472 4283 3555 4339 vel
3587 4282 3772 4349 urbes,

2176 4377 2257 4438 vel
2290 4379 2583 4452 provinciae
2614 4377 2822 4435 datum
2849 4391 3063 4434 manus.

2247 4463 2348 4529 fiat
2375 4483 2546 4528 autent
2573 4472 2700 4528 salte
2713 4471 3050 4527 satrabuntur
3077 4467 3142 4526 de
3159 4467 3390 4524 manibus
3412 4467 3548 4542 ejus,
3577 4461 3771 4537 Edam,

2175 4578 2219 4622 et
2243 4566 2396 4621 illaab
2423 4612 2436 4636 ,
2467 4574 2512 4620 et
2543 4566 2861 4638 principium
2908 4563 3137 4635 filiorum
3168 4557 3772 4628 Antritottxnntiochus,

2173 4663 2347 4732 aiunt,
2401 4657 2670 4719 iesdnans
2701 4672 2888 4717 contra
2936 4654 3288 4716 Ptolemaeum
3341 4663 3524 4730 regem
3569 4653 3775 4726 Austri,

2175 4757 2466 4824 tdummos,
2497 4763 2550 4811 et
2583 4753 2864 4824 Moabitas,
2891 4763 2944 4807 et
2976 4749 3314 4809 Ammonitas
3343 4749 3433 4822 qui
3490 4763 3556 4806 ex
3601 4747 3775 4807 latere

2174 4849 2378 4907 tumea:
2403 4845 2510 4924 [AL
2545 4845 2822 4921 ldumaeze]
2853 4855 3049 4912 erant,
3111 4857 3218 4901 non
3263 4839 3479 4917 tetigit:
3514 4860 3582 4900 ne
3611 4859 3776 4900 occu-

2177 4957 2331 5017 patus
2355 4943 2463 5000 alio
2495 4937 2684 5017 prtulio
2709 4985 2723 5007 ,
2781 4935 3135 4998 Ptolemaeum
3177 4937 3436 4996 redderet
3463 4935 3773 4995 fortiorem.

2175 5031 2544 5095 Antichrisms
2575 5045 2795 5108 quoque
2826 5029 3112 5090 ldumtcam
3137 5077 3151 5100 ,
3199 5042 3256 5089 et
3283 5025 3546 5088 Moabitas
3574 5077 3586 5100 ,
3621 5045 3682 5085 ac
3713 5028 3778 5085 li-

2175 5131 2277 5189 tios
2309 5129 2573 5198 Ammon,
2611 5125 2662 5184 id
2692 5137 2808 5194 est,
2853 5123 3110 5184 Arabiam
3147 5117 3420 5197 relinquet
3471 5127 3723 5180 intuetam
3759 5137 3773 5178 :

2175 5224 2300 5296 quia
2336 5217 2462 5278 illuc
2492 5213 2679 5276 Sancti
2711 5215 2777 5275 ad
2809 5217 3027 5276 deserta
3069 5215 3406 5288 confugient.

2250 5311 2430 5388 (Vers.
2462 5311 2554 5382 42,
2586 5309 2705 5383 4'5.)
2733 5309 2802 5365 Et
2830 5312 2993 5365 mittet
3021 5319 3238 5364 manum
3285 5319 3432 5364 suam
3476 5309 3530 5362 in
3585 5315 3772 5377 terras,

2177 5413 2226 5462 et
2253 5419 2389 5464 terra
2421 5403 2639 5478 [Ἐφυριὶ
2664 5415 2767 5459 non
2801 5403 3013 5476 effugiet
3046 5417 3062 5457 :
3091 5409 3140 5458 ct
3168 5400 3524 5457 dominabitur
3565 5399 3777 5455 thesau-

2178 5519 2356 5558 rorum
2407 5503 2522 5556 auri
2570 5510 2720 5574 atque
2765 5499 3003 5571 argenti,
3056 5506 3103 5552 et
3148 5500 3201 5550 in
3252 5497 3485 5550 omnibus
3539 5495 3778 5568 pretiosis

2181 5595 2420 5671 dfgypti.
2469 5593 2576 5652 Per
2626 5589 2817 5664 Libyas
2864 5581 3046 5665 [νηῒς.
3093 5585 3310 5662 Libyam
3343 5601 3395 5646 et
3426 5586 3777 5660 ίΕιΙιΞορὶαηι]

2233 5799 2261 5841 δ
2291 5789 2680 5872 Sttpplevimus
2729 5791 2818 5850 hic
2845 5797 3040 5872 vocem
3085 5793 3282 5860 ἐπιξθχ
3323 5808 3432 5872 _ms.
3484 5789 3776 5872 Vaticano,

2173 5889 2296 5946 qute
2327 5861 2485 5928 antea
2527 5870 2598 5925 ob
2645 5867 2963 5946 earumdem
2991 5865 3297 5946 litterarum
3323 5866 3376 5921 in
3425 5861 3782 5938 subsequent]

2175 5939 2344 6006 verbo
2371 5956 2676 6012 recursum,
2701 5939 2880 5997 fuerat
2902 5939 3292 6016 praetermissa,
3567 5969 3574 5973 -
