4128 6346
89 653 94 674 l

80 683 100 738 ὲ.

78 743 90 848 i

76 863 86 926 ᾖ

387 263 492 319 ετῗὶ

481 269 496 320 ς
1161 245 1808 316 ΕΟΜΜΕΝΤΑΠΙΟΜΝ
1849 247 1915 308 lN
1954 237 2308 306 DANIELEM
2353 233 2581 308 Liberi.
2620 252 2776 311 cap.
2816 252 2912 313 XI.

3583 244 3691 310 ξιτι

388 399 588 455 quoque
617 391 666 437 et
708 379 1014 454 zElItiopias
1061 375 1318 431 transibit.
1364 371 1492 427 lla‘c
1538 365 1867 426 Antiochum
1915 371 1980 422 et
2012 367 2063 429 Α
2091 365 2268 431 sione,
2291 361 2384 421 tibi
2419 359 2472 421 in
2507 353 2778 424 Antiocho
2809 356 3096 441 prophetia
3135 373 3511 424 eo'nSumm'tta
3565 374 3648 424 est
3675 414 3690 439 ,

387 489 548 548 parte
578 477 773 532 iecisse
801 474 1053 548 legimus.
1099 469 1206 526 Sed
1237 467 1378 540 quod
1415 465 1660 537 sequitur
1683 505 1696 530 ,
1752 477 1844 534 per
1891 459 1984 516 Li-

390 571 514 644 byas
554 581 601 625 et
633 569 941 641 rEtItlopt'as
973 565 1254 630 transibit,
1310 562 1480 630 magis
1512 558 1684 615 nostri
1738 555 1992 612 asserunt

385 663 728 722 Antichrth
800 663 1118 718 Convenire.
1187 655 1487 713 Antiochus
1555 652 1700 709 enim
1762 647 1986 722 Libyam

385 771 553 830 quam
587 757 835 828 plerique
867 751 1107 812 Africam
1139 751 1488 821 intelligunt,
1539 745 1990 817 Ethiopiamque

387 866 497 907 non
534 851 742 906 tenuit:
777 853 879 906 nisi
914 850 1053 905 forte
1077 849 1200 920 quia
1233 849 1283 901 in
1315 849 1432 916 ipso
1453 845 1672 900 climate
1703 850 1828 896 sunt
1859 855 1990 911 pro-

386 943 588 999 vinciae
620 941 861 1016 Egypti,
895 951 946 999 et
973 941 1132 1013 longe
1159 955 1254 1012 per
1284 941 1500 995 deserta
1535 937 1730 992 vicinae
1757 977 1772 1001 ,
1817 931 1991 1003 captis

388 1027 685 1110 Egyptiis,
726 1039 888 1094 etiam
940 1039 1058 1093 istu-
1103 1035 1400 1109 provincia!
1442 1031 1783 1090 conturbata!
1840 1038 1988 1084 sunt.

389 1131 547 1191 Unde
575 1149 682 1188 non
714 1134 884 1201 dicit,
916 1133 1058 1206 quod
1106 1134 1316 1205 ceperit
1345 1145 1438 1187 eas
1471 1149 1484 1185 :
1520 1127 1613 1185 sed
1662 1143 1757 1201 per
1796 1125 1993 1199 Libyas

391 1225 812 1298 Ethiopiasque
844 1227 1141 1283 transierit.

460 1318 645 1393 (Vers.
679 1315 771 1387 Η,
805 1317 919 1391 45.)
975 1313 1041 1373 Et
1068 1320 1208 1391 fama
1237 1317 1458 1372 ηιξ-[νηὺῆ
1489 1331 1604 1371 eum
1632 1313 1814 1389 [Vuig.
1856 1311 1992 1385 eam]

390 1412 452 1466 ab
483 1409 696 1467 Oriente
733 1420 779 1466 et
821 1411 884 1467 ab
929 1413 1203 1484 Aquilone.
1247 1403 1316 1466 Et
1360 1412 1527 1464 veniet
1567 1411 1618 1464 in
1661 1407 1993 1463 multitudine

387 1523 607 1577 magna,
639 1517 694 1561 ut
723 1515 959 1562 conterat
983 1516 1027 1562 et
1051 1505 1331 1577 interﬁciat
1371 1505 1646 1577 plurimos.
1673 1502 1739 1558 Et
1762 1504 1882 1574 ﬁget
1915 1511 1995 1555 ta-

389 1599 730 1654 bernaculum
755 1609 904 1664 suum
927 1601 981 1654 in
1009 1599 1226 1669 Apeduo
1261 1616 1278 1654 :
1311 1601 1442 1653 inter
1472 1603 1495 1635 α
1521 1599 1627 1652 duo
1649 1597 1810 1651 maria
1841 1609 1994 1665 super

387 1703 614 1750 montem
638 1695 886 1766 inclytum
911 1704 956 1750 et
988 1701 1224 1748 sanctum
1245 1735 1260 1760 ,
1295 1703 1342 1748 et
1372 1695 1532 1748 veniet
1565 1707 1724 1764 usque
1754 1691 1820 1743 ad
1855 1703 1993 1745 sum-

2091 457 2292 529 aliquid
2316 457 2384 514 de
2401 455 2736 516 Antichristo
2755 459 2988 517 dicitur?
3016 459 3264 519 Dimittat
3293 463 3479 534 itaque
3501 455 3663 519 dubia
3679 507 3691 531 ,

2091 559 2146 607 et
2177 551 2229 606 in
2259 551 2561 609 manifestis
2593 551 2798 609 haereat
2827 568 2840 608 :
2871 551 3124 627 dicatque
3145 554 3267 626 quis
3289 555 3362 612 sit
3398 553 3492 612 ille
3514 547 3681 630 lapis,

2089 647 2184 718 qui
2221 645 2288 703 de
2309 657 2496 704 monte
2534 639 2811 704 abscissus
2855 649 2974 704 sine
3003 639 3254 706 manibus
3277 693 3293 717 ,
3345 651 3584 707 creverit
3633 649 3689 708 in

2095 750 2340 796 montem
2373 755 2648 813 magnum,
2673 747 2727 797 et
2753 743 2942 798 orbem
2975 739 3285 813 impleverit
3311 785 3324 806 ,
3359 743 3414 799 et
3462 735 3689 816 quadri-

2097 837 2326 894 iormem
2360 839 2650 910 imaginem
2680 840 3000 897 contriverit
3035 853 3048 894 :
3083 837 3172 910 qui
3206 840 3276 895 sit
3297 839 3390 896 ille
3420 837 3562 897 iilius
3593 841 3693 897 ho-

2097 934 2296 1000 minis,
2331 934 2422 1002 qui
2461 948 2583 989 cum
2611 931 2844 990 nubibus
2885 935 3150 990 venturus
3198 927 3306 1001 sit,
3365 935 3420 990 et
3450 943 3693 995 staturus

2098 1037 2225 1083 ante
2247 1027 2518 1082 vetustum
2541 1021 2774 1095 dierum,
2805 1039 2859 1086 et
2885 1023 3128 1085 dandum
3177 1023 3226 1084 ei
3271 1043 3494 1098 regnum
3542 1021 3692 1101 quod

2100 1121 2250 1177 nullo
2269 1119 2377 1178 iliie
2406 1122 2694 1178 claudatur
2728 1141 2743 1180 :
2777 1133 3079 1196 omnesque
3127 1119 3357 1198 populi,
3410 1123 3581 1182 tribus
3631 1140 3697 1181 ac

2101 1213 2318 1286 linguas,
2349 1215 2452 1288 ipsi
2483 1215 2740 1272 servituri
2767 1217 2898 1273 sint.
2927 1213 3089 1292 723
3115 1215 3240 1274 ﬂare
3265 1227 3385 1288 quae
3408 1215 3697 1274 manifesta

2099 1317 2228 1364 sinit
2256 1307 2521 1379 prmterit,
2556 1317 2608 1365 et
2634 1307 2701 1366 de
2725 1305 2932 1366 Juda‘is
2960 1311 3159 1368 asserit
3194 1301 3535 1383 prophetari,
3563 1325 3702 1382 quos

2098 1419 2271 1478 usque
2303 1401 2462 1462 hodie
2490 1407 2695 1463 servire
2716 1407 3114 1479 cognmcimus.
3151 1403 3218 1464 Et
3256 1407 3391 1464 dicit
3431 1423 3554 1464 eum
3595 1407 3690 1477 qui

2101 1497 2201 1555 sub
2226 1499 2446 1556 nomine
2477 1499 2720 1556 Danielis
2750 1499 2971 1572 scripsit
3011 1501 3210 1557 librum
3234 1544 3250 1571 ,
3281 1499 3346 1557 ad
3379 1499 3691 1557 refocillan—

2099 1593 2222 1649 dam
2255 1607 2406 1666 spem
2440 1610 2665 1652 suorum
2709 1595 2878 1652 fuisse
2920 1597 3230 1653 mentitum.
3275 1595 3392 1653 Non
3438 1612 3546 1668 quo
3577 1611 3697 1652 om-

2100 1705 2222 1745 nem
2254 1689 2534 1746 historiam
2569 1685 2804 1746 futuram
2838 1699 3003 1748 nosse
3031 1691 3302 1762 potuerit,
3327 1691 3420 1747 sed
3445 1705 3553 1755 quo
3577 1691 3690 1760 jam

386 1788 618 1842 mitatem
641 1789 774 1855 ejus,
806 1795 852 1842 et
875 1803 1023 1843 nemo
1049 1787 1386 1841 auxiliabitur
1416 1788 1483 1842 ei.
1509 1785 1578 1840 Et
1622 1785 1673 1840 in
1720 1783 1822 1838 hoc
1869 1783 1991 1839 loco
2021 1779 2069 1842 B
2099 1782 2235 1838 faeta
2271 1787 2634 1850 memoraret;
2688 1787 2742 1840 et
2793 1784 2844 1838 in
2879 1781 3085 1840 ultimm
3125 1785 3354 1839 visionis
3406 1781 3695 1840 ealumniis

385 1878 724 1954 Porphyrius
755 1882 860 1936 tale
888 1879 1074 1938 nescio
1105 1879 1231 1950 quid
1274 1879 1345 1935 de
1396 1878 1668 1936 Antiocho
1701 1876 1938 1932 somniat
1973 1892 1986 1929 :

384 1974 664 2047 Pugnans,
696 1973 888 2044 inquit,
916 1983 1105 2028 contra
1129 1971 1436 2045 Egyptios,
1471 1983 1522 2026 et
1557 1967 1750 2042 Libyas
1777 1967 1991 2024 .IEthio-

385 2071 613 2142 piasque
655 2069 1074 2140 pertransicns,
1118 2070 1301 2124 audiet
1342 2067 1445 2124 sibi
1490 2066 1558 2121 ab
1614 2065 1879 2137 Aquilone
1936 2072 1992 2119 et

385 2157 458 2218 ah
483 2165 706 2221 Oriente
741 2151 927 2234 prtclia
958 2165 1246 2230 concitari,
1280 2161 1422 2218 unde
1455 2171 1509 2217 et
1551 2160 1869 2234 regrediens
1901 2175 1992 2215 ca-

385 2261 499 2331 piet
527 2257 760 2316 Aradios
788 2261 1132 2327 resistentes,
1163 2272 1217 2317 et
1255 2276 1474 2314 omnem
1513 2269 1563 2314 in
1594 2258 1780 2314 littore
1834 2255 1992 2314 Plite-

391 2355 532 2411 nicis
560 2353 798 2410 vastabit
829 2353 1186 2426 provinciam.
1215 2355 1379 2428 722
1410 2353 1823 2423 Confestimque
1868 2369 1993 2423 per-

383 2461 478 2520 get
499 2452 564 2505 ad
590 2450 869 2506 Artaxiam
905 2465 1093 2522 regem
1127 2453 1436 2516 Armenia),
1491 2451 1582 2521 qui
1633 2447 1702 2504 de
1748 2445 1991 2505 Orientis

385 2541 639 2617 partibus
669 2545 978 2601 movebitur
1003 2590 1017 2615 ,
1050 2555 1104 2601 et
1141 2545 1445 2601 interfectis
1499 2545 1749 2613 plurimis
1778 2537 1844 2597 de
1872 2543 1991 2610 ejus

382 2639 657 2706 exercitu,
690 2650 854 2710 ponet
883 2633 1300 2695 tabernaculum
1332 2655 1490 2695 suum
1519 2637 1570 2693 in
1601 2639 1724 2692 loco
1751 2637 1988 2711 Apedno,

384 2732 479 2802 qui
514 2733 656 2786 inter
683 2731 790 2786 duo
831 2732 1092 2787 latissima
1125 2732 1263 2786 situs
1313 2741 1397 2787 est
1457 2731 1676 2785 ilutnina
1702 2772 1715 2795 ,
1749 2729 1989 2800 Tigrim,

386 2835 444 2878 ct
497 2823 850 2895 Euphratem.
903 2823 1147 2894 Cumque
1189 2825 1471 2897 hucusque
1526 2825 1882 2896 processerit,
1937 2825 1990 2878 in

388 2933 505 2987 quo
537 2927 722 2972 monte
749 2915 956 2990 inclyto
988 2915 1192 2973 sederit
1221 2929 1273 2974 et
1302 2929 1512 2982 sancto,
1545 2918 1729 2973 dicere
1761 2935 1865 2971 non
1897 2932 1993 2985 po-

389 3015 497 3064 test
535 3030 547 3066 :
579 3025 906 3081 quamquam
938 3009 1082 3066 inter
1105 3009 1216 3065 duo
1250 3012 1416 3066 maria
1450 3026 1572 3066 eum
1607 3009 1835 3074 sedisse,
1871 3024 1995 3078 pro—

389 3101 525 3159 bare
555 3119 660 3158 neu
711 3113 926 3174 potest,
971 3115 1024 3160 et
1064 3105 1290 3161 stultum
1339 3106 1407 3161 sit
1439 3105 1548 3160 duo
1588 3103 1993 3176 Mes0pntaniim

2095 1879 2438 1946 immoratur,
2471 1869 2691 1935 flumina
2730 1889 2936 1950 ponens
2956 1895 3054 1953 pro
3085 1881 3317 1950 mari,et
3339 1885 3578 1938 mentem
3611 1882 3694 1936 in-

2091 1973 2296 2045 clytum
2327 1982 2383 2029 et
2405 1985 2650 2029 sanctum
2682 1969 2898 2045 Apedno
2919 1975 2968 2043 ιι,
3003 1993 3162 2048 quem
3194 1975 3286 2032 ubi
3312 1965 3535 2048 legerit,
3573 1977 3695 2032 titil-

2097 2069 2199 2122 iam
2230 2075 2407 2139 potest
2429 2069 2677 2139 proferre
2701 2067 3014 2126 historiam.
3047 2069 3231 2127 Nostri
3275 2077 3456 2126 autem
3504 2079 3692 2126 extre-

2095 2177 2240 2216 mum
2277 2161 2514 2217 Visionis
2543 2159 2706 2232 hujus
2735 2163 3034 2235 capitulum
3063 2179 3228 2234 super
3249 2161 3588 2219 Antichristo
3615 2155 3695 2218 sic

2095 2257 2408 2323 exponunt,
2441 2253 2586 2325 quod
2623 2269 2874 2326 pugnans
2909 2257 3102 2323 contra
3153 2253 3439 2328 Aigyptins
3471 2253 3694 2328 Libyas-

2095 2361 2220 2419 que,
2247 2357 2294 2403 el
2322 2345 2654 2417 iEthidpiaS,
2677 2361 2730 2404 et
2755 2349 2856 2404 tria
2884 2365 3088 2405 cornua
3114 2341 3184 2406 de
3215 2350 3404 2405 decem
3435 2350 3696 2406 cornibus

2091 2449 2408 2511 conterens,
2441 2439 2722 2496 auditurus
2754 2443 2824 2497 sit
2855 2441 2924 2498 de
2949 2435 3236 2513 Aquilonis
3282 2454 3334 2498 et
3358 2441 3424 2499 de
3451 2443 3690 2499 Orientis

2095 2531 2340 2605 partibus
2370 2533 2666 2590 adversum
2705 2547 2765 2590 se
2796 2527 2938 2590 bella
2980 2550 3349 2606 consurgere,
3409 2533 3552 2607 quod
3604 2551 3698 2592 ve-

2095 2631 2250 2685 niens
2273 2645 2393 2684 cum
2420 2646 2612 2701 magna
2640 2629 3013 2695 multitudine,
3047 2638 3107 2683 ut
3129 2639 3379 2685 conterat
3401 2639 3456 2686 et
3485 2629 3688 2686 interii:

2093 2724 2199 2777 ciat
2242 2722 2538 2792 plurimos,
2586 2723 2715 2794 ligat
2760 2721 3168 2780 tabernaculum
3199 2739 3358 2779 suum
3391 2725 3442 2779 in
3475 2723 3694 2796 Apeano

2089 2816 2244 2885 juxta
2273 2813 2608 2884 Nicopolim,
2651 2829 2774 2886 quae
2821 2815 2972 2886 prius
3029 2813 3288 2872 Emmaus
3343 2815 3688 2878 vocabatur:
3777 2851 3784 2860 η

2096 2911 2181 2965 ubi
2207 2909 2473 2980 incipiunt
2500 2903 2701 2966 indutae
2728 2913 3022 2982 provinciae
3054 2924 3312 2968 montana
3333 2917 3692 2984 Consurgere.

2096 3003 2338 3074 Denique
2369 3003 2493 3059 inde
2519 3019 2575 3058 se
2607 3005 2826 3074 eri-gens
2855 3020 3028 3076 usque
3077 2995 3143 3060 ad
3186 3017 3428 3062 montem
3462 3004 3687 3075 Oliveti,

2094 3099 2559 3172 Jcrosolytnorttm
2593 3103 2742 3170 regio
2779 3101 3132 3168 ascenditur;
3164 3112 3217 3155 et
3266 3095 3369 3156 hoc
3397 3116 3520 3156 esse
3546 3095 3692 3171 quod

389 3195 638 3262 ﬂumina,
675 3198 782 3252 duo
813 3200 981 3252 maria
1015 3199 1390 3270 interpretari.
1424 3197 1658 3254 Montem
1694 3209 1875 3252 autem
1911 3198 1992 3251 in-
2020 3191 2064 3254 C
2099 3209 2242 3249 nunc
2276 3195 2555 3265 Scriptura
2605 3194 2734 3248 dicit
2769 3213 2781 3248 :
2817 3191 2884 3249 Et
2927 3211 3043 3250 cum
3084 3195 3254 3266 ﬁxerit
3301 3193 3693 3249 tabernaculum

390 3291 599 3363 clytum
630 3291 836 3346 ideirco
867 3291 1162 3362 prteteriit,
1215 3295 1339 3362 quia
1371 3302 1591 3348 secutus
1621 3302 1704 3348 est
1729 3289 1987 3346 Theodo-

394 3386 558 3440 tioiiis
587 3386 1132 3457 interpretationem,
1159 3388 1248 3456 q‘ui
1283 3387 1355 3440 ait
1388 3387 1560 3440 :iuter
1606 3385 1772 3439 media
1822 3386 1989 3438 Maria

390 3496 547 3549 super
573 3489 796 3533 montem
825 3475 966 3534 Saba
997 3488 1255 3536 sanctum.
1298 3477 1543 3550 Cumque
1592 3477 1729 3534 Saba
1793 3495 1988 3533 nomen

391 3573 616 3641 montis,
647 3571 729 3626 vel
763 3569 1057 3637 Armeuize,
1083 3573 1165 3628 vel
1192 3565 1602 3642 Mesopotamia:
1629 3581 1801 3641 putet,
1824 3585 1992 3642 quare

391 3664 464 3716 sit
496 3663 716 3718 sanctus
744 3661 928 3720 dicere
975 3679 1079 3719 non
1116 3673 1294 3734 potest
1339 3683 1352 3719 :
1387 3665 1552 3720 etiam
1617 3663 1719 3719 hac.
1769 3663 1991 3719 licentia

394 3754 739 3821 mentiendi,
775 3771 1067 3826 possumus
1103 3771 1202 3814 nos
1233 3757 1438 3814 addere
1486 3757 1626 3830 quod
1676 3759 1766 3813 ille
1819 3759 1997 3814 conti-

391 3849 546 3904 cuit:
576 3859 815 3904 sanctum
835 3847 940 3906 dici
974 3864 1230 3916 montem,
1283 3851 1409 3922 quia
1436 3851 1586 3922 juxta
1619 3865 1863 3907 errorem
1894 3853 1992 3906 Ar-

391 3946 702 3998 meniorum
734 3945 805 3999 sit
833 3941 990 3998 idolis
1017 3952 1389 3999 consecratus.
1440 3943 1504 3998 Et
1551 3945 1710 3998 veniet
1741 3987 1754 4008 ,
1797 3943 1991 4014 inquit,

393 4035 558 4107 usque
587 4033 655 4089 ad
683 4035 1032 4089 summitatem
1051 4036 1214 4108 ipsius
1240 4037 1446 4103 mantis,
1485 4038 1537 4090 in
1572 4035 1840 4091 Elimaide
1871 4049 1996 4107 pro-

391 4128 595 4197 vincia,
619 4133 740 4198 quin
765 4139 849 4184 est
881 4129 1069 4184 ultima
1099 4130 1389 4184 Persarum
1417 4129 1479 4183 ad
1511 4129 1787 4184 Orientem
1823 4127 1992 4198 regio;

392 4222 584 4291 ibique
617 4221 807 4278 volens
838 4219 1100 4292 templum
1143 4219 1326 4277 Diana:
1357 4222 1625 4292 spoliare,
1672 4221 1816 4293 quod
1876 4221 1998 4276 inti-

396 4319 510 4372 nita
550 4315 775 4372 donaria
827 4315 1097 4386 habebat,
1140 4316 1354 4389 fugatus
1387 4331 1415 4370 a
1447 4315 1691 4372 barbaris
1731 4325 1813 4372 est
1839 4359 1854 4384 ,
1904 4311 1997 4386 qui

393 4412 532 4466 mira
599 4413 954 4467 veneratione
1025 4409 1210 4466 fanum
1267 4405 1402 4466 illud
1461 4409 1874 4479 Suspiciebant,
1943 4403 1998 4464 et

395 4511 650 4559 mortuus
674 4513 758 4560 est
791 4519 1026 4560 maerore
1053 4509 1412 4574 consumptus
1444 4502 1495 4557 iu
1521 4499 1698 4558 Tabes
1720 4547 1734 4569 ,
1794 4500 1996 4572 oppido

2092 3305 2241 3344 suum
2267 3287 2322 3344 in
2349 3298 2619 3344 montanae
2647 3289 2946 3358 provincia:
2973 3283 3248 3344 radicrhus
3269 3287 3411 3342 inter
3443 3285 3551 3342 duo
3579 3301 3689 3341 ma-

2095 3386 2196 3451 ria,
2231 3395 2379 3440 mare
2411 3383 2666 3439 videlicet
2691 3381 2834 3455 quod
2877 3398 3019 3438 nunc
3061 3383 3370 3453 appellatur
3415 3380 3686 3436 Morinum

2095 3480 2161 3533 ab
2189 3477 2434 3545 Oriente,
2467 3487 2522 3532 et
2553 3493 2701 3532 mare
2733 3477 2982 3549 Magnum
3024 3473 3079 3530 in
3105 3475 3260 3546 cujus
3309 3469 3488 3528 littore
3520 3471 3692 3528 Ctesa-

2096 3587 2207 3640 t'ca,
2235 3569 2426 3642 JOppe,
2461 3571 2717 3640 Ascalon,
2747 3579 2803 3627 et
2827 3569 3042 3643 CEGazm
3073 3567 3194 3622 sitae
3230 3568 3376 3624 sunl.
3412 3565 3560 3622 Tune
3591 3581 3681 3621 ve-

2097 3665 2209 3721 niet
2241 3681 2407 3736 usque
2439 3666 2503 3719 ad
2544 3667 2910 3720 summitatem
2959 3663 3159 3719 montis
3190 3663 3306 3734 ejus
3331 3703 3346 3729 ,
3407 3661 3509 3717 hoc
3563 3670 3648 3718 est
3673 3704 3688 3730 ,

2096 3771 2365 3816 maniame
2397 3759 2710 3832 provinciae,
2741 3757 2792 3814 id
2823 3769 2926 3823 est,
2948 3755 3208 3815 verticem
3239 3757 3440 3812 montis
3463 3755 3684 3828 Oliveti,

2094 3854 2184 3926 qui
2215 3847 2444 3926 inclytus
2466 3863 2711 3922 vocatur,
2739 3855 2860 3923 quia
2890 3869 2956 3909 ex
2985 3869 3050 3909 eo
3082 3852 3347 3908 Dominus
3385 3862 3548 3923 atque
3574 3851 3695 3908 Sal-

2098 3961 2256 4006 Vator
2285 3945 2531 4005 ascendit
2560 3943 2626 4004 ad
2661 3949 2898 4018 Patrem,
2929 3957 2983 4004 et
3023 3945 3205 4003 nullus
3229 3945 3566 4005 Antichristo
3600 3961 3698 4017 po-

2099 4041 2222 4099 terit
2253 4043 2527 4112 auxiliari,
2555 4051 2745 4098 contra
2783 4057 2841 4098 se
2873 4039 3109 4097 Domino
3135 4042 3419 4096 steviente.
3453 4033 3522 4095 Et
3542 4055 3695 4096 asse-

2098 4149 2223 4194 runt
2255 4133 2326 4192 ibi
2352 4133 2744 4192 Antichristnm
2767 4151 2890 4192 esse
2913 4136 3237 4206 periturum,
3267 4135 3408 4190 unde
3435 4127 3694 4192 Dominus

2097 4230 2341 4286 ascendit
2371 4229 2437 4285 ad
2466 4230 2654 4286 caelos.
2693 4227 2910 4299 Apedna
2938 4227 3166 4284 verbum
3198 4229 3563 4298 compositum
3589 4235 3692 4297 est,

2097 4321 2238 4395 quod
2271 4325 2316 4378 si
2344 4319 2576 4390 dividas,
2612 4319 2839 4391 intelligi
2873 4329 3070 4391 potest,
3101 4320 3279 4400 θρόνου
3305 4319 3482 4388 αὐτοῦ,
3505 4317 3559 4374 id
3584 4329 3690 4392 est,

2097 4418 2216 4474 solii
2256 4419 2357 4471 sui.
2414 4415 2478 4471 Et
2527 4425 2610 4472 est
2664 4431 2864 4472 sensus
2917 4433 2932 4469 :
2985 4413 3052 4470 Et
3109 4416 3234 4486 liget
3281 4413 3697 4471 tabernaculum

2083 4511 2124 4547 ἰι
2152 4525 2307 4565 suum
2335 4519 2391 4565 et
2415 4509 2667 4564 thronum
2693 4525 2851 4564 suum
2888 4505 3032 4564 inter
3056 4509 3222 4564 maria
3256 4523 3421 4579 super
3451 4520 3696 4565 montem

395 4599 657 4655 Persidis.
701 4597 829 4654 Ηίυο
857 4597 948 4655 ille
975 4598 1028 4654 in
1055 4598 1494 4670 suggillationem
1524 4599 1693 4653 noetri
1731 4595 1993 4651 artiﬁcio-
2020 4585 2073 4650 Ῑ)
2101 4601 2361 4672 inclytum
2385 4611 2439 4659 et
2465 4611 2735 4659 sanctum,
2759 4601 2910 4659 llunc
2931 4601 3109 4658 locum
3143 4603 3506 4675 Symmachus

395 4691 620 4748 sissimo
671 4705 925 4748 sermone
955 4691 1284 4761 composuit,
1333 4705 1453 4760 qme
1485 4691 1700 4745 etiamsi
1753 4689 1993 4759 potuerit

395 4788 723 4858 approbare,
752 4803 858 4843 non
888 4787 955 4844 de
987 4786 1323 4843 Antichristo
1353 4785 1498 4841 dicta
1525 4827 1538 4850 ,
1572 4783 1668 4840 sed
1698 4784 1766 4840 de
1797 4785 1987 4840 Antio-

395 4885 522 4949 cho,
551 4886 675 4955 quid
706 4886 771 4940 ad
797 4902 918 4951 nos,
949 4887 1037 4956 qui
1072 4899 1177 4940 non
1203 4899 1268 4939 ex
1299 4883 1556 4942 omnibus
1587 4879 1991 4950 Scripturarum

397 4975 531 5032 locis
578 4975 779 5032 Christi
834 4977 1127 5047 probamus
1171 4977 1463 5032 adventum
1493 5022 1507 5046 ,
1565 4984 1621 5030 et
1674 4971 1994 5029 Antichristi

397 5076 782 5132 mendacium?
804 5075 1126 5140 Ponefenim
1159 5075 1277 5131 hate
1303 5076 1409 5132 dici
1437 5075 1506 5131 de
1532 5073 1805 5134 Antiocho
1830 5118 1843 5142 ,
1867 5067 1998 5145 quid

399 5178 556 5225 nocet
584 5170 832 5243 religioni
860 5171 1098 5228 nostrae?
1128 5167 1399 5244 Numquid
1438 5177 1492 5226 et
1520 5170 1574 5225 in
1604 5169 1871 5240 superiori
1911 5165 2000 5226 Vi-

469 5399 494 5429 ιι
529 5392 799 5462 Expungit
828 5391 1103 5449 Victorius
1136 5392 1400 5462 duo,qu:e
1431 5408 1534 5447 vos
1566 5394 1779 5448 tametsi
1815 5395 1866 5450 in
1899 5410 1994 5451 ex-

401 5461 671 5533 positione
701 5461 1148 5536 suhintelligitur,
1178 5465 1229 5519 in
1257 5461 1401 5520 nttlla
1425 5473 1604 5521 tamen
1641 5466 1884 5522 editione
1908 5482 1995 5521 sa-

399 5537 475 5589 eri
503 5546 681 5590 textus
710 5535 960 5592 habetur.

469 5606 496 5644 1'
532 5607 630 5662 ilic
665 5623 792 5662 vero
821 5609 889 5662 ad
923 5608 1224 5677 superioris
1264 5617 1555 5666 contextus
1605 5611 1806 5667 seriem
1839 5609 1994 5667 addit

401 5678 632 5735 Victoris
661 5694 822 5735 voces
853 5677 1018 5735 Sabin
1042 5697 1250 5735 vocans.
1497 5685 1503 5690 ’

477 5761 496 5787 ε
531 5750 648 5806 Duo
678 5767 806 5806 mss.
843 5750 1007 5819 Gaza,
1039 5751 1235 5807 minori
1265 5768 1513 5809 numero.
1545 5749 1654 5808 Sed
1696 5753 1842 5823 quod
1885 5752 1992 5820 Ga-

399 5836 492 5897 zas
545 5823 738 5890 plurali
791 5824 940 5880 dicat
993 5825 1056 5897 S.
1102 5825 1335 5890 Doctor,
1362 5841 1427 5897 ex
1455 5840 1525 5880 eo
1555 5825 1809 5897 videtur,
1844 5823 1988 5897 quod

401 5895 589 5951 urbem
621 5905 928 5968 utramque,
961 5895 1247 5968 Majumam
1278 5895 1518 5968 scilicet,
1545 5903 1601 5954 et
1630 5895 1830 5955 Gazam
1857 5895 1988 5969 pro-

2101 4698 2172 4753 ila
2201 4697 2592 4767 interpretatus
2619 4693 2704 4752 est
2736 4714 2748 4750 :
2782 4697 2869 4754 καὶ
2912 4697 3098 4753 ἐκτενεῖ
3125 4695 3219 4760 τὰς
3263 4699 3454 4762 σκηνὰς
3488 4706 3581 4754 τοῦ
3610 4699 3696 4752 ἱπ-

2101 4793 2389 4849 ποστασίου
2413 4792 2570 4847 αὐτοῦ
2597 4791 2791 4864 μεταξὺ
2821 4797 2924 4874 τῶν
2965 4789 3239 4846 θαλασσῶν
3262 4789 3335 4853 εἰς
3363 4793 3423 4847 τὸ
3452 4787 3569 4865 ὅρος
3608 4796 3700 4852 τῆς

2101 4887 2362 4962 δυνάμεως
2386 4889 2445 4945 τὸ
2476 4885 2640 4961 ἅγιον,
2670 4889 2756 4943 καὶ
2783 4887 2888 4952 ἥξει
2914 4886 3010 4949 ἕως
3038 4881 3199 4964 ἄκρου
3223 4888 3380 4944 αὐτοῦ
3404 4927 3422 4952 ,
3447 4885 3590 4956 quod
3643 4883 3699 4941 in

2104 4981 2300 5036 Latino
2347 4990 2550 5035 sonat:
2586 4987 2631 5034 et
2681 4979 2916 5034 extendet
2957 4975 3066 5052 [AL
3113 4977 3365 5050 extendit]
3408 4976 3700 5049 papiliones

2106 5077 2361 5148 equitatus
2401 5073 2481 5128 sui
2509 5075 2639 5130 inter
2670 5073 2836 5129 maria
2863 5115 2877 5138 ,
2923 5089 3078 5145 super
3123 5082 3346 5127 montem
3376 5068 3701 5143 fortitudinis

2107 5181 2361 5236 sanctum,
2382 5180 2432 5248 et
2456 5170 2618 5225 veniet
2657 5185 2820 5241 usque
2845 5166 2913 5221 ad
2939 5167 3178 5222 verticem
3204 5166 3414 5220 montis.
3447 5160 3702 5219 Theodo-

2103 5394 2220 5464 prie
2262 5393 2464 5450 dictam
2512 5395 2795 5467 intelligit,
2837 5411 2958 5467 quae
2997 5403 3178 5450 tamen
3210 5393 3395 5464 aliquo
3440 5393 3621 5462 spatio
3662 5401 3695 5452 ι

2103 5467 2236 5521 mari
2262 5467 2472 5522 aberat.
2507 5466 3015 5524 Sozomenus’ilist.
3045 5468 3142 5523 lib.
3168 5482 3260 5534 vn,
3296 5481 3419 5535 cap.
3449 5467 3544 5535 2i,
3569 5483 3698 5536 pro-

2101 5540 2219 5608 prio
2243 5539 2462 5594 nomine
2491 5540 2654 5594 etiam
2679 5539 2824 5593 illam
2853 5538 3051 5594 Gazam
3079 5548 3257 5604 vocat,
3286 5545 3340 5592 et
3364 5537 3692 5595 maritimam

2097 5611 2282 5699 dicit:
2299 5610 2375 5667 Ἐν
2416 5614 2555 5686 Γάζῃ
2599 5612 2732 5672 πρὸς
2773 5612 3058 5678 θάλασσαν,
3110 5609 3241 5690 imp
3292 5614 3381 5666 aut
3423 5618 3694 5683 Μαῐυυμᾶν

2098 5688 2452 5792 ὀνοᾶιάζουσμν.
3089 5755 3102 5766 ⁹
3210 5688 3218 5690 ⁷
3275 5757 3286 5768 ¹

2226 5753 2480 5826 Palatm.,
2506 5754 2897 5810 tabernaculum
2927 5755 3100 5826 throni
3141 5754 3226 5810 sui
3267 5764 3404 5810 mter
3445 5754 3549 5826 duo
3575 5771 3694 5809 ma-

2093 5828 2216 5954 riai
2256 5841 2377 5894 quae
2418 5824 2692 5897 postrema
2740 5826 2908 5884 verba
2952 5827 3006 5884 in
3050 5825 3172 5885 Vat.
3217 5829 3436 5899 penitus
3465 5824 3688 5884 deside-

2093 5913 2190 5954 ran
2223 5913 2305 5953 ur.

2093 5913 2305 5954 I‘altllll‘.
