4128 6346
429 259 536 318 573

1681 261 1742 318 S.
1786 260 2062 320 EUSEBII
2105 260 2492 322 lllERONYMl

3635 265 3744 324 576

426 375 506 431 tio
539 373 648 431 :Et
668 376 791 448 ﬁget
823 374 1220 432 tabernaculum
1257 393 1409 432 suum
1430 379 1486 433 in
1512 385 1536 415 α
1566 376 1855 451 Aphedano
1902 379 2038 433 inter
2063 379 2115 440 Α
2143 375 2373 448 ipsoque
2422 377 2696 434 Antiocho
2743 379 2798 435 in
2850 378 3075 435 Perside
3103 388 3351 448 mortuo,
3393 378 3634 435 salvatus
3659 389 3746 436 est

434 469 609 523 maria
633 469 686 523 in
709 477 882 525 ntonte
909 469 1052 527 Saba
1078 480 1281 534 sancto,
1307 481 1353 526 et
1371 471 1535 527 veniet
1563 488 1726 544 usque
1753 473 1822 526 ad
1843 483 2040 542 partem

431 568 568 638 ejus.
595 564 788 634 Aquila
824 581 837 618 :
873 563 943 620 Et
982 567 1238 635 plantabit
1271 565 1664 623 tabernaculum
1703 568 1935 640 prwtorii
1959 568 2042 621 sui

433 658 490 713 in
515 655 776 731 ’Δφαόανῷ
808 657 944 712 inter
973 661 1168 730 maria,
1194 661 1245 715 in
1273 672 1446 717 monte
1470 661 1702 734 glorioso
1745 672 1792 716 et
1838 675 2040 728 sancto,

435 758 484 805 et
512 751 676 806 veniet
703 768 862 824 usque
883 753 952 808 ad
983 753 1140 824 ﬁnem
1161 754 1294 826 ejus.
1327 754 1444 813 Soli
1486 755 1846 828 Septuaginta
1891 757 2042 811 omni

437 859 500 900 se
532 846 767 900 nominis
793 851 1099 919 quastione
1145 851 1442 907 liherantes
1493 852 1840 921 interpretati
1869 863 1996 909 sunt
2025 871 2038 907 :

441 936 510 994 Et
537 949 728 996 statuet
765 944 1159 1000 tabernaculum
1195 963 1347 1001 suum
1389 957 1510 1003 tunc
1555 950 1690 1003 inter
1729 951 1937 1016 maria,
1995 959 2042 1004 et

438 1042 660 1087 montem
688 1035 969 1091 voluntatis
987 1052 1244 1107 sanctum,
1276 1049 1324 1095 et
1352 1041 1516 1096 ueniet
1552 1042 1684 1096 liora
1715 1060 2045 1098 consumma-

439 1126 598 1182 tionis
624 1129 758 1197 ejus.
803 1129 957 1199 Quos
1004 1135 1371 1204 Apollinarius
1418 1149 1672 1204 secutus,
1714 1139 1783 1196 de
1822 1141 2044 1197 nomine

441 1224 659 1294 Apedno
681 1229 905 1284 omnino
928 1231 1214 1288 comicuit.
1245 1233 1360 1291 Hoc
1405 1234 1532 1291 ideo
1562 1236 1827 1307 prolixius
1858 1237 2039 1308 posui,

441 1329 501 1374 ut
526 1329 583 1374 et
612 1321 893 1396 Porphyrii
923 1326 1212 1382 ostendam
1241 1327 1569 1384 calumniam
1593 1331 1682 1400 qui
1713 1324 1828 1385 hinc
1857 1331 2041 1386 omnia

443 1413 735 1484 ignoravit,
772 1427 863 1471 aut
887 1421 1104 1474 nescire
1133 1436 1194 1476 se
1227 1422 1406 1490 ﬁnxit,
1432 1433 1487 1478 et
1515 1422 1816 1492 Scriptura:
1840 1434 2044 1480 sanetae

444 1506 818 1564 difﬁcultatem
873 1530 886 1566 :
939 1515 1096 1581 cujus
1120 1513 1535 1587 intelligentiam
1565 1516 1772 1589 absque
1802 1518 1897 1575 Dei
1922 1535 2046 1590 gra-

445 1600 517 1656 tia
577 1613 633 1658 et
690 1603 941 1660 doctrina
1009 1608 1276 1677 majorum
1351 1611 1457 1666 sibi
1503 1611 1899 1683 imperitissimi
1957 1614 2045 1670 vel

446 1697 683 1750 maxime
716 1698 1016 1755 vindicant.
1055 1701 1361 1758 Notandum
1389 1715 1604 1776 autem,
1651 1707 1794 1776 quod
1828 1706 1869 1762 P
1900 1707 2045 1764 litte-

2146 468 2384 541 populus
2413 468 2576 526 Israel
2605 486 2619 526 :
2652 486 2842 526 omnes
2868 472 2958 544 qui
2983 471 3170 542 scripti
3201 481 3358 527 erant
3382 470 3437 527 in
3462 471 3600 526 libro
3625 472 3745 542 Dei,

2143 561 2252 620 hoc
2281 574 2386 629 est,
2418 567 2510 635 qui
2538 563 2732 636 chetn
2761 563 3058 621 fortissime
3083 565 3468 634 defenderunt,
3499 578 3552 621 et
3583 580 3750 621 eeono

2147 661 2319 716 trario
2361 663 2450 732 qui
2490 659 2658 716 deleti
2690 672 2813 715 sunt
2847 659 2913 715 de
2947 661 3107 727 libro,
3146 660 3247 718 hoc
3276 671 3379 722 est.
3415 659 3504 731 qui
3538 675 3751 731 praeva-

2144 756 2410 812 ricatores
2444 757 2774 811 exstiterunt
2808 755 2986 826 Legis,
3016 767 3070 811 et
3103 753 3354 810 Antiochi
3381 757 3596 811 luerunt
3627 771 3754 826 par-

2146 850 2302 905 tium.
2351 850 2525 917 Tunc,
2555 851 2654 915 ait,
2688 849 2739 905 hi
2773 853 2863 920 qui
2893 849 3046 920 quasi
3088 849 3142 904 in
3175 860 3338 905 terrae
3365 851 3586 920 pulvere
3615 848 3748 904 dore

2145 945 2410 1010 miehant,
2444 955 2499 1000 ct
2533 946 2707 1016 operti
2731 953 2888 1000 erant
2917 946 3185 999 malorum
3213 945 3478 1012 pondere,
3509 954 3566 1000 et
3593 944 3750 1016 quasi

2146 1038 2202 1094 in
2249 1039 2517 1109 sepulcris
2571 1039 2918 1096 miseriarum
2971 1037 3266 1101 reconditi.
3317 1038 3383 1093 ad
3415 1037 3751 1110 insperatam

2147 1130 2443 1187 Vicmriam
2474 1131 2541 1186 de
2566 1142 2725 1188 terra:
2748 1133 2976 1204 pulvere
3004 1142 3383 1197 surrexerunt,
3413 1140 3468 1186 et
3489 1135 3555 1187 de
3583 1131 3754 1186 humo

2146 1224 2498 1280 elevaverunt
2527 1235 2711 1296 caput,
2745 1225 2999 1281 custodes
3030 1224 3190 1298 chis
3217 1236 3566 1298 resurgentes
3592 1223 3644 1280 in
3672 1224 3756 1280 vi-

2147 1328 2256 1376 tam
2285 1332 2570 1387 aeternam,
2595 1333 2648 1378 et
2675 1323 3130 1392 praevaricatores
3153 1323 3203 1376 in
3227 1321 3582 1392 opprobrium
3605 1334 3757 1376 Sem-

2148 1416 2446 1487 piternum.
2482 1416 2726 1487 Magistri
2759 1427 2938 1472 autem
2968 1425 3022 1471 et
3063 1415 3318 1469 doctores
3347 1414 3436 1483 qui
3461 1414 3620 1485 Legis
3650 1428 3754 1468 no-

2148 1510 2321 1566 titiam
2350 1509 2679 1580 hahnerunt,
2722 1509 2998 1580 fulgebunt
3026 1509 3179 1580 quasi
3208 1508 3428 1575 coelum,
3474 1517 3530 1562 et
3555 1507 3647 1578 qui
3673 1509 3757 1561 in-

2147 1604 2383 1661 feriores
2415 1607 2644 1676 pottulos
2673 1606 2947 1662 exhortati
2980 1615 3107 1659 sunt
3142 1605 3208 1657 ad
3235 1603 3623 1662 custodiendas
3645 1619 3755 1660 cm-

2149 1699 2426 1755 remonias
2475 1699 2612 1766 Dei,
2669 1699 2736 1754 ad
2782 1701 2953 1754 instar
2996 1706 3272 1754 astrorum
3303 1696 3671 1765 Splendebunt
3698 1696 3755 1753 in

443 1803 561 1844 ram
615 1790 873 1847 llebl‘wlts
914 1809 1098 1850 sermo
1145 1813 1252 1852 non
1285 1797 1505 1866 haheat,
1529 1799 1755 1871 sed-pro
1786 1801 1901 1870 ipsa
1927 1812 2045 1856 uta-
2077 1793 2120 1855 Β
2151 1804 2438 1864 perpetuis
2481 1793 2842 1848 mtcrnitates.
2897 1791 3056 1847 Ponit
3107 1806 3325 1862 quoque
3370 1789 3652 1844 historiam
3685 1790 3758 1845 de

446 1888 537 1936 tur
589 1899 722 1950 rue,
755 1888 912 1954 cujus
940 1889 1048 1942 vim
1072 1887 1320 1946 Graecum
1349 1916 1381 1966 φ
1411 1902 1594 1949 sonat.
1623 1893 1679 1948 lit
1709 1895 1811 1951 isto
1843 1903 2050 1950 tantum

443 1972 566 2028 loco
592 1978 735 2044 apud
763 1978 1023 2034 Hebraeos
1051 1980 1324 2038 scribatur
1341 1985 1561 2054 quidem
1585 1983 1612 2023 δ
1639 2003 1763 2056 pus,
1785 1987 1879 2042 sed
1906 1989 2052 2059 lega-

446 2074 538 2121 tur
575 2066 636 2122 P.
675 2068 829 2137 Quod
873 2083 1057 2127 autem
1106 2072 1476 2131 Antieltristns
1521 2079 1707 2134 veniat
1756 2094 1930 2150 usque
1983 2081 2051 2136 ad

444 2161 812 2217 summitatem
859 2167 1064 2220 montis
1111 2169 1285 2223 sancti
1317 2179 1373 2223 et
1402 2170 1614 2243 inclyti,
1643 2181 1698 2228 et
1732 2173 1803 2228 ibi
1839 2185 2045 2244 pereat,

447 2251 617 2309 Isaias
673 2257 885 2326 plenius
941 2259 1182 2330 loquitur
1229 2281 1241 2316 :
1286 2263 1645 2338 Pracipitabit
1692 2269 1944 2324 Dominus
1997 2272 2048 2326 in

446 2359 618 2404 monte
667 2360 846 2406 sancto
891 2355 1075 2427 faciem
1120 2357 1462 2414 dominatoris
1505 2363 1836 2418 tenebrarum
1891 2382 2049 2436 super

447 2455 624 2497 omnes
649 2453 844 2514 gentes,
874 2457 924 2502 et
951 2465 1068 2502 eum
1099 2451 1188 2522 qui
1218 2453 1521 2508 dominatur
1563 2460 1761 2512 cunctis
1813 2462 2042 2529 papulis,

443 2541 492 2584 et
526 2542 548 2570 '-
574 2536 870 2592 unctionem
897 2556 1014 2610 qua:
1050 2554 1204 2596 uncta
1243 2541 1350 2617 [AL
1375 2562 1479 2618 qua
1509 2550 1721 2622 unctus]
1756 2561 1829 2605 est
1865 2562 2046 2607 contra

443 2631 711 2682 uniuersus
743 2631 995 2688 nationes.

518 2717 676 2790 (Cap.
711 2721 824 2776 XII.
844 2754 916 2764 —
941 2725 1098 2782 Vers.
1135 2730 1159 2785 1
1185 2733 1371 2802 seqq.)
1405 2729 1473 2786 In
1495 2742 1724 2802 tempore
1755 2746 1922 2790 autem
1951 2738 2044 2792 illo

444 2823 716 2885 consurget
744 2813 971 2872 Michael
991 2822 1232 2896 princeps
1263 2841 1505 2896 magnus,
1525 2826 1615 2897 qui
1638 2835 1742 2880 stat
1780 2844 1876 2900 pro
1915 2829 2041 2894 filiis

441 2907 622 2976 populi
671 2907 746 2961 tui
773 2950 786 2973 ,
828 2920 875 2964 et
916 2913 1079 2966 veniet
1115 2926 1314 2987 tempus
1335 2919 1492 2989 quale
1517 2936 1617 2974 non
1651 2922 1746 2993 fuit
1772 2939 1834 2978 ea:
1858 2940 1916 2976 eo
1941 2940 2041 2994 quo

440 2996 624 3069 [Vulg.
645 3000 708 3054 ab
731 3018 788 3055 eo
813 3020 876 3058 ea?
895 3004 1019 3078 quo]
1038 3019 1212 3079 gentes
1229 3026 1338 3066 esse
1359 3023 1620 3080 cteperunt
1642 3031 1800 3083 usque
1821 3017 1887 3069 ad
1910 3025 2010 3070 tem
2025 3047 2038 3057 -

439 3108 537 3164 pus
567 3093 719 3148 illud.
758 3089 834 3150 Et
854 3098 906 3152 in
936 3108 1166 3170 tempore
1187 3102 1279 3156 illo
1305 3105 1593 3160 salrabitur
1613 3107 1838 3181 papulas
1868 3118 1988 3164 tuus
2022 3127 2040 3164 :

2158 1885 2520 1956 Machahmis,
2572 1885 2627 1940 in
2676 1901 2778 1954 qua
2826 1884 3029 1940 dicitur
3081 1883 3282 1940 multos
3307 1881 3622 1939 Judmorum
3652 1883 3758 1938 sub

2152 1978 2448 2033 Mathathia
2471 1988 2526 2032 ct
2544 1977 2683 2035 Juda
2715 1977 3024 2034 Machahmn
3047 1978 3113 2032 ad
3151 1993 3396 2032 ercmum
3419 1976 3751 2045 confugisse,

2151 2080 2206 2127 et
2235 2072 2458 2128 latuisse
2490 2072 2542 2127 in
2571 2071 2869 2142 speluncis,
2901 2082 2955 2126 et
2989 2072 3041 2126 in
3070 2070 3323 2126 cavernis
3357 2078 3658 2140 petrarum,
3691 2083 3758 2124 ac

2151 2176 2275 2236 post
2305 2166 2587 2220 victoriam
2607 2164 2944 2236 processisse
2969 2163 3013 2237 (l
3044 2162 3219 2218 Much.
3241 2161 3324 2232 tt).
3359 2162 3422 2217 Et
3453 2161 3568 2217 haec
3593 2183 3758 2236 μετα-

2150 2267 2366 2334 φορικῶς
2419 2259 2584 2330 726
2627 2261 2782 2326 quasi
2840 2258 2908 2312 de
2958 2256 3364 2312 resurrectione
3413 2269 3756 2312 mortuorum

2148 2365 2270 2407 esse
2300 2353 2578 2422 prmdtcta.
2614 2352 2884 2422 Tempore
2905 2361 3084 2406 autem
3114 2349 3436 2406 Antichristi
3470 2351 3632 2406 talem
3658 2351 3757 2406 tri-

2148 2443 2480 2498 bulationem
2531 2445 2646 2500 {ore
2671 2487 2687 2511 ,
2736 2444 2916 2516 qualis
2953 2459 3248 2515 numquam
3303 2442 3402 2497 fuit
3449 2457 3521 2498 ex
3553 2459 3619 2497 eo
3647 2457 3754 2514 quo

2147 2549 2336 2608 gentes
2385 2553 2507 2594 esse
2537 2549 2852 2609 coeperunt,
2886 2539 3068 2594 verius
3097 2536 3441 2609 intelligitur.
3477 2537 3754 2594 Ponamus

2147 2631 2291 2687 enim
2319 2633 2515 2687 vicisse
2543 2631 2760 2704 Lysiam
2802 2633 2895 2703 qui
2929 2632 3098 2686 victus
3127 2641 3250 2699 est,
3301 2642 3356 2686 et
3399 2632 3614 2698 penitus
3653 2646 3752 2700 op-

2145 2740 2366 2798 pressos
2393 2725 2608 2781 Judzeos
2633 2741 2756 2782 esse
2785 2725 2874 2797 qui
2901 2728 3183 2780 vicerunt:
3217 2723 3477 2795 numquid
3507 2723 3602 2778 fuit
3631 2723 3753 2779 talis

2145 2821 2426 2876 tribulatio
2449 2821 2627 2892 qualis
2651 2836 2719 2876 eo
2743 2829 2988 2891 tempore
3021 2836 3128 2891 quo
3154 2819 3462 2876 Jerusalem
3490 2832 3644 2890 capta
3667 2826 3754 2874 cst.

2145 2929 2174 2968 a
2205 2914 2540 2986 Babyloniis,
2577 2914 2950 2984 templumque
2978 2915 3323 2977 subversum,
3354 2911 3620 2968 etomnis
3649 2927 3749 2979 po-

2143 3009 2308 3080 pulus
2337 3007 2536 3062 ductus
2587 3011 2637 3062 in
2667 3007 3080 3078 Captivitatem?
3131 3006 3416 3077 Oppresso
3451 3008 3614 3078 igitur
3639 3004 3754 3062 An-

2146 3101 2396 3156 tichristo
2424 3144 2438 3167 ,
2471 3111 2526 3157 et
2553 3103 2746 3172 Spiritu
2775 3103 3077 3159 Salvatoris
3105 3102 3412 3166 exstincto,
3445 3101 3754 3156 Salvabitur

439 3188 609 3241 omnis
636 3191 727 3260 qui
764 3191 999 3247 inventus
1031 3197 1193 3266 fuerit
1227 3198 1452 3267 scriptus
1502 3201 1556 3253 in
1590 3200 1740 3255 libro.
1773 3200 1841 3256 Et
1888 3204 2041 3257 multi
2069 3188 2113 3251 C
2148 3196 2381 3266 populus
2409 3197 2500 3267 qtti
2530 3197 2766 3266 scriptus
2795 3196 2968 3251 fuerit
2999 3197 3049 3249 in
3085 3195 3225 3250 libro
3257 3194 3350 3250 Dei
3379 3239 3394 3262 ,
3452 3204 3506 3250 et
3535 3210 3636 3266 pro
3665 3195 3752 3249 di-

437 3281 501 3337 de
543 3282 624 3338 his
656 3289 747 3358 qui
778 3287 1046 3344 dormiunt
1087 3292 1142 3345 in
1192 3303 1345 3348 terrtc
1381 3295 1624 3366 puluere,
1667 3297 1978 3370 et'igilabunt
2021 3316 2040 3354 .'

437 3375 531 3430 alii
591 3379 642 3432 iit
707 3380 864 3434 vitam
923 3394 1211 3452 aeternam,
1285 3397 1330 3440 et
1389 3388 1484 3442 alii
1545 3389 1598 3442 in
1657 3393 1993 3463 approbriutn
2024 3433 2040 3460 ,

435 3461 596 3543 725
629 3480 680 3524 ut
721 3473 924 3528 videant
978 3492 1198 3546 semper.
1251 3477 1354 3544 Qui
1397 3491 1572 3535 autem
1618 3461 1755 3537 docti
1803 3483 2038 3553 fuerint,

435 3567 703 3637 fulgebunt
769 3569 916 3637 quasi
984 3571 1232 3640 splendor
1284 3574 1640 3644 ﬁrmamenti,
1711 3588 1757 3632 et
1819 3580 1909 3648 qui
1972 3583 2042 3634 ad

432 3661 686 3730 iustitium
729 3661 974 3717 erudiunt
1009 3664 1202 3721 multos
1227 3709 1242 3734 ,
1292 3671 1440 3736 quasi
1469 3671 1634 3726 stella:
1680 3673 1733 3726 in
1765 3685 2042 3742 perpetuas

432 3756 768 3812 wternitates.
791 3758 1061 3814 llactenus
1089 3761 1422 3836 Porphyrius
1441 3776 1734 3838 utcumque
1761 3786 1819 3824 se
1842 3771 2034 3835 tenuit,

431 3854 489 3901 et
512 3858 618 3902 tam
648 3859 956 3906 nostrorum
988 3855 1277 3926 imperitis,
1311 3875 1469 3928 quam
1495 3875 1717 3916 suorum
1744 3865 1882 3919 male
1912 3880 2040 3919 eru-

435 3938 565 3994 ditis
616 3944 908 4012 imposuit:
959 3946 1028 4002 de
1075 3948 1178 4004 hoc
1225 3952 1465 4023 capitulo
1491 3953 1618 4022 quid
1649 3955 1898 4012 dicturus
1930 3968 2037 4027 est,

434 4030 488 4088 in
509 4051 618 4103 quo
633 4048 972 4094 mortuorum
1000 4043 1329 4100 describitur
1355 4049 1694 4105 resurrectio
1722 4069 1733 4106 :
1768 4050 1890 4104 aliis
1921 4065 2041 4105 sns-

431 4127 616 4184 citatis
668 4129 722 4185 in
770 4132 934 4188 vitam
987 4147 1282 4206 aeternam,
1318 4151 1372 4194 et
1416 4143 1542 4196 aliis
1587 4142 1641 4198 in
1681 4145 2036 4216 opprobrium

431 4223 872 4292 sempiternum?
922 4227 1030 4283 Nec
1081 4243 1257 4300 potest
1300 4233 1484 4290 dicere
1536 4237 1628 4306 qui
1687 4237 1888 4294 l‘ueriut
1936 4240 2039 4294 sub

429 4315 699 4372 Antiocho
731 4320 998 4391 fulgentes
1027 4325 1176 4392 quasi
1204 4327 1464 4396 splendor
1492 4328 1844 4399 ﬁrmamenti,
1867 4342 1929 4388 et
1949 4333 2036 4388 alii

429 4412 585 4482 quasi
617 4415 741 4470 stell
763 4433 792 4469 e
825 4417 875 4469 in
913 4427 1201 4486 perpetuas
1232 4425 1588 4479 aeternitates.
1628 4425 1733 4481 Sed
1765 4429 1896 4498 quid
1929 4443 2036 4483 non

429 4501 560 4560 facit
583 4509 879 4575 pertinacia
895 4509 918 4564 ?
934 4509 1100 4578 Quasi
1125 4515 1392 4570 contritus
1415 4518 1638 4574 coluber
1659 4519 1836 4574 elevat
1850 4531 2032 4589 caput,

2145 3292 2406 3347 versitate
2452 3292 2770 3346 meritorum
2795 3335 2809 3359 ,
2857 3290 2947 3345 alii
2975 3300 3260 3360 resurgenl
3296 3291 3348 3344 iit
3394 3287 3559 3344 vitam
3589 3301 3753 3344 teter-

2144 3403 2293 3453 nam,
2344 3397 2397 3443 et
2433 3387 2528 3442 alii
2573 3389 2625 3441 in
2657 3387 3007 3456 opprobrium
3038 3388 3453 3457 sempiternum.
3513 3383 3752 3456 Magistri

2143 3494 2324 3538 autem
2352 3483 2629 3537 habebunt
2649 3481 3066 3536 similitudinem
3091 3481 3236 3544 cmli,
3268 3488 3324 3535 et
3351 3481 3444 3549 qui
3468 3479 3607 3534 alios
3634 3495 3757 3533 crit-

2145 3575 2387 3641 diernnt,
2411 3575 2693 3630 stellarum
2718 3573 2916 3643 fulguri
2945 3573 3432 3643 comparabuntur.
3468 3571 3582 3626 Non
3605 3572 3751 3628 enim

2144 3669 2346 3724 sufﬁcit
2373 3671 2516 3724 scire
2545 3669 2890 3734 sapientiam,
2929 3667 3034 3722 nisi
3067 3677 3120 3722 et
3150 3668 3290 3722 alios
3319 3665 3580 3722 erudias:
3617 3667 3752 3720 taci-

2146 3771 2340 3834 tusque
2367 3777 2551 3818 sermo
2581 3762 2879 3829 doctrinm,
2929 3762 3096 3816 alium
3131 3778 3238 3815 non
3272 3761 3573 3824 aedilicans,
3606 3777 3751 3815 nter—

2140 3859 2328 3914 cedunt
2360 3858 2541 3926 operis
2577 3856 2690 3928 (Al.
2724 3858 2848 3924 Otii)
2881 3856 3122 3926 recipere
3169 3872 3276 3910 non
3320 3865 3519 3924 potest.
3574 3854 3746 3924 Quem

2143 3955 2327 4009 locum
2357 3953 2663 4009 Theodotio
2687 3963 2742 4007 et
2775 3953 3002 4022 Vulgata
3030 3952 3203 4007 editio
3228 3953 3297 4006 ita
3323 3953 3597 4021 expressit
3626 3970 3639 4007 :
3677 3950 3747 4005 Et

2145 4048 2487 4118 intelligentes
2533 4045 2804 4116 fulgebunt
2842 4047 2986 4118 quasi
3027 4045 3273 4116 splendor
3303 4045 3618 4115 ﬁrmamenti
3643 4085 3656 4108 ,
3701 4053 3752 4098 et

2145 4143 2207 4196 de
2225 4143 2391 4213 justis
2420 4140 2629 4207 plurimi
2670 4139 2780 4213 (Al.
2811 4140 3074 4210 plurimis)
3103 4141 3251 4208 quasi
3289 4138 3456 4193 stella!
3501 4139 3555 4192 in
3597 4147 3751 4193 teter-

2143 4252 2268 4290 num
2298 4245 2341 4289 et
2387 4238 2546 4288 ultra.
2597 4235 2784 4290 Soli-nt
2826 4234 3070 4289 nonnulli
3108 4248 3389 4304 quaerere,
3439 4240 3618 4286 utrum
3653 4231 3754 4285 do-

2140 4339 2265 4384 ctus
2296 4337 2535 4392 sanctus,
2572 4337 2625 4382 et
2657 4328 2889 4397 simplex
2917 4337 3138 4382 sanctus
3165 4327 3410 4380 eamdem
3437 4323 3747 4379 mercedem

2143 4425 2411 4489 habeant,
2463 4433 2519 4478 et
2552 4439 2712 4478 uuam
2746 4422 2798 4478 in
2830 4421 3158 4478 Umlestibus
3188 4420 3543 4475 mansionem.
3596 4415 3754 4474 Unde

2141 4535 2285 4575 nunc
2313 4519 2466 4588 juxta
2495 4517 2938 4572 Theodotionem
2968 4516 3167 4571 dicitttr
3191 4556 3206 4578 ,
3233 4513 3381 4583 quod
3413 4512 3565 4570 (loeti
3595 4512 3752 4566 simi-

429 4607 484 4654 et
515 4601 810 4655 moriturus
845 4603 896 4656 itt
923 4623 1018 4658 eos
1049 4608 1140 4677 qui
1167 4609 1416 4665 tnurituri
1445 4620 1573 4666 sunt
1599 4627 1811 4668 venena
1836 4613 2035 4669 dill'un-
2059 4589 2115 4649 D
2139 4611 2428 4668 litudinem
2483 4611 2608 4667 caeli
2662 4611 2898 4666 habeant
2922 4651 2937 4676 ,
2992 4619 3048 4663 et
3070 4609 3276 4678 absque
3321 4607 3567 4662 doctrina
3596 4606 3749 4677 justi,

429 4689 530 4746 dit.
589 4692 653 4746 Et
684 4693 806 4759 ltoe,
853 4696 1048 4764 inquit,
1097 4699 1164 4754 de
1195 4701 1468 4758 Antiocho
1499 4707 1761 4775 scriptum
1791 4717 1899 4775 est,
1942 4710 2032 4778 qui

428 4783 636 4839 vadens
664 4787 717 4840 in
751 4787 1054 4857 Persidem,
1083 4792 1262 4865 Lysiae
1289 4797 1379 4867 qui
1415 4800 1719 4854 Antiochiae
1746 4843 1760 4867 ,
1791 4809 1847 4856 et
1875 4800 2036 4858 Phce-

427 4875 587 4932 niciaa
619 4879 727 4950 (Al.
767 4880 1034 4955 l’hceniei)
1063 4901 1318 4957 praeerat;
1353 4891 1572 4962 reliquit
1597 4896 1941 4962 exercitum,
1976 4905 2036 4950 ιιι

425 4969 718 5027 adversum
753 4973 972 5031 Judteos
1004 4993 1292 5049 pugnaret,
1322 4985 1626 5058 urbemque
1657 5003 1846 5044 eorum
1875 4988 2033 5044 Jeru-

425 5062 596 5118 salem
630 5065 1021 5136 subverteret;
1065 5089 1183 5144 qur.
1214 5077 1396 5131 omnia
1431 5092 1616 5134 narrat
1642 5081 1914 5153 Iosephus
1952 5083 2034 5138 lti-

427 5157 615 5213 st0riae
644 5169 836 5215 auctor
865 5163 1110 5220 Hebraea:
1137 5210 1150 5230 ,
1202 5169 1344 5236 quod
1379 5172 1502 5225 talis
1532 5171 1695 5229 fuerit
1727 5177 2027 5242 tribulatio,

425 5253 602 5322 qualis
633 5269 950 5326 numquam,
981 5269 1036 5313 et
1066 5268 1278 5330 tempus
1301 5264 1578 5322 advenerit
1611 5271 1767 5340 quale
1794 5287 1899 5325 non
1935 5272 2033 5326 fuit

427 5359 492 5436 ex
521 5363 630 5417 quo
661 5362 848 5420 gentes
878 5367 1002 5406 esse
1029 5367 1315 5424 cmpernnt
1347 5361 1604 5428 usquead
1633 5363 1763 5416 illttd
1791 5374 2028 5436 tempus.

427 5435 660 5497 Reddita
688 5453 866 5500 autem
897 5444 1123 5502 victoria
1150 5491 1164 5517 ,
1211 5461 1265 5506 et
1295 5453 1453 5507 cwsis
1497 5454 1749 5510 Antiochi
1779 5435 2032 5526 ducibus,

497 5651 733 5740 fl‘lostri
762 5655 1248 5740 mss_._Epha¢_lano,
1275 5665 1358 5720 vel
1389 5665 1606 5740 Epadno
1624 5713 1638 5736 ,
1664 5668 1868 5724 rectius
1920 5668 2019 5721 ab-

423 5737 560 5792 sque
575 5730 629 5808 in
648 5730 1056 5796 praepositione.
1076 5735 1172 5793 Ms.
1195 5730 1414 5808 quoque
1430 5730 1692 5803 Sangario
1705 5785 1716 5798 .
1731 5747 2019 5806 BPAAANO,

423 5798 672 5882 secunda
713 5814 877 5882 manu
915 5813 1179 5882 EPEANQ,
1213 5798 1424 5881 'sicque
1473 5798 1596 5866 mox
1644 5812 1710 5866 ad
1743 5798 2019 5881 Aquilam,

426 5865 672 5922 Prwtorii
699 5871 798 5938 sui,
829 5881 1076 5932 APEANO.
1112 5865 1613 5939 Lection'csatttem
1645 5865 2022 5956 per—r'probai

2137 4709 2424 4764 stellarum
2460 4706 2656 4776 lulgori
2685 4715 3118 4774 comparentur:
3161 4712 3482 4773 tantumque
3508 4705 3576 4757 sit
3611 4702 3752 4756 inter

2136 4801 2407 4858 eruditam
2427 4799 2774 4854 sanctitatem
2807 4807 2860 4852 ct
2883 4807 3130 4852 sanctam
3163 4797 3549 4860 rusticitatem,
3577 4809 3752 4864 quatt-

2137 4905 2250 4951 tum
2284 4894 2481 4949 coelum
2510 4893 2679 4946 distat
2706 4901 2760 4946 et
2789 4891 2988 4946 stellae.

2211 4989 2393 5062 (Vers.
2425 4990 2510 5054 4.)
2552 4987 2634 5041 Tu
2659 4996 2831 5042 autent
2853 5029 2867 5048 ,
2911 4985 3134 5048 Daniel,
3167 4982 3356 5038 claude
3377 4997 3666 5044 sermones,
3699 4990 3750 5034 et

2134 5085 2286 5158 signa
2315 5083 2506 5138 librum
2535 5098 2694 5151 usque
2715 5081 2780 5134 ad
2813 5089 3013 5146 tempus
3043 5087 3316 5131 statutum.
3353 5073 3749 5157 Pertransibunt

2137 5179 2373 5249 plurimi,
2402 5189 2448 5232 et
2492 5177 2764 5246 multiplex
2793 5176 2888 5229 erit
2920 5175 3153 5228 scientia.
3187 5173 3289 5239 Qui
3319 5171 3531 5225 Dattieli
3563 5169 3746 5224 mulli-

2135 5273 2332 5344 plicem
2358 5273 2700 5328 revelaverat
2721 5270 3030 5330 veritatem.
3060 5269 3174 5336 ipsa
3205 5265 3419 5321 occulta
3441 5281 3566 5321 esse
3588 5263 3749 5336 signi-

2138 5365 2307 5420 ﬁcans
2337 5382 2460 5436 qttze
2492 5365 2705 5422 locutus
2731 5375 2838 5432 est,
2871 5363 3133 5433 praecepit
3163 5371 3223 5417 ut
3254 5361 3498 5415 involvat
3538 5374 3751 5415 sermo-

2139 5478 2260 5533 nes,
2289 5471 2344 5518 et
2371 5462 2548 5534 signet
2588 5462 2812 5529 librum,
2845 5469 2902 5514 ut
2930 5459 3113 5530 legant
3145 5457 3381 5528 plurimi,
3416 5463 3472 5512 et
3499 5461 3749 5526 quaerant

2131 5670 2249 5742 ipse
2267 5667 2642 5742 illieronymus
2676 5663 2838 5742 paulo
2862 5670 3010 5731 post.

2203 5741 2232 5781 ι»
2262 5731 2512 5811 Plerique
2537 5731 2688 5797 mss.
2712 5735 2920 5806 absque
2953 5731 3289 5806 aspiratione
3333 5732 3387 5803 [ε
3417 5737 3742 5787 constanter

2139 5815 2514 5952 Μξηὲἓιῖξιιίηη
2543 5890 2590 5936 el
2613 5880 2967 5953 junctioncm,
2993 5895 3110 5952 qua:
3123 5879 3312 5950 juncta
3337 5885 3432 5931 est.
