4128 6346
324 260 430 320 571

1085 260 1739 322 COMMENTARIORUM
1776 260 1843 319 IN
1887 258 2239 318 DANIELEM
2278 258 2511 319 LIBER.
2551 262 2708 321 CAP.
2753 261 2870 321 ΧΠ.

3524 262 3633 324 578

324 378 569 436 historia:
614 381 902 438 veritatem
928 426 940 447 ,
975 391 1027 437 et
1056 392 1284 454 propter
1315 381 1672 439 obscuritatis
1717 378 1928 448 magni-
1952 381 2001 441 Α
2031 378 2175 447 quod
2203 387 2412 449 septem
2452 388 2696 449 tempora
2730 377 3046 434 transierint
3072 393 3239 451 super
3269 379 3637 437 Nabuchodo-

324 475 567 529 tudinem
612 476 829 532 diversa
870 476 1183 547 cpinentur.
1237 478 1394 544 Quod
1420 486 1603 530 autem
1632 476 1745 528 ait:
1798 472 1930 527 Per-

322 571 654 638 transibunt,
708 571 762 625 id
816 582 898 627 est
928 614 942 637 ,
993 582 1291 644 percurrent
1333 571 1583 643 plurimi,
1635 570 1927 624 multorum

323 662 595 732 signiﬁcat
628 664 940 722 lectionem.
985 666 1241 722 Solemus
1267 666 1411 721 enim
1436 665 1657 721 dicere:
1685 663 1929 734 percurri

323 756 550 825 librum,
579 762 904 831 pertransivi
930 760 1232 817 historiam.
1259 760 1413 829 Quod
1438 760 1657 831 quidem
1682 772 1737 813 et
1763 757 1930 813 Isaias

325 848 399 905 de
424 851 762 906 obscuritate
793 852 877 908 sui
909 853 1203 909 voluminis
1234 854 1507 920 loquitur:
1561 850 1629 906 Et
1655 862 1799 906 erunt
1822 868 1931 905 ser-

329 958 506 997 mones
536 944 654 997 libri
680 944 861 1008 istius.
890 947 1038 1016 quasi
1066 947 1218 1002 verba
1250 946 1520 1000 voluminis
1549 946 1759 1016 signati,
1792 944 1929 1013 quod

324 1036 375 1091 si
399 1036 633 1091 dederint
662 1039 860 1091 homini
890 1040 1135 1092 nescienti
1163 1041 1393 1103 litteras,
1422 1038 1646 1092 dicentes
1675 1039 1741 1107 ei,
1776 1036 1888 1111 lege
1909 1052 1930 1092 :

323 1131 677 1198 respondebit,
712 1132 873 1205 727
906 1134 1074 1188 nescio
1106 1133 1324 1187 litteras.
1366 1132 1463 1187 Sin
1491 1140 1661 1186 autem
1692 1131 1929 1185 dederint

328 1220 466 1276 illud
498 1224 695 1277 Itomini
716 1226 898 1279 scienti
929 1225 1148 1295 litteras,
1182 1237 1227 1279 et
1253 1226 1503 1279 diarrint.’
1530 1223 1665 1295 Lege
1695 1222 1884 1277 librum
1909 1238 1928 1276 :

327 1313 725 1385 Respondebit,
774 1334 878 1372 non
926 1335 1133 1388 possum
1164 1317 1329 1390 legere
1352 1335 1371 1372 :
1400 1318 1634 1389 signatus
1670 1328 1743 1371 est
1793 1318 1927 1371 enim

324 1407 467 1479 (lsa.
502 1426 657 1473 XXIX,
694 1411 805 1483 ll).
860 1412 928 1467 Et
977 1415 1027 1467 in
1068 1414 1393 1485 Apocalypsi
1426 1413 1655 1469 Joannis
1688 1412 1824 1467 liber
1848 1412 1928 1465 vi-

321 1503 493 1560 detur
536 1504 781 1574 signatus
830 1507 1025 1575 sigillis
1055 1519 1265 1578 septem
1297 1508 1444 1563 intus
1474 1519 1529 1563 et
1560 1507 1715 1563 foris.
1765 1508 1929 1561 Cum-

324 1615 437 1669 que
467 1600 645 1654 nullus
669 1608 853 1681 posset
876 1602 1156 1672 signacula
1197 1603 1341 1657 illius
1367 1602 1581 1658 solvere
1610 1645 1620 1661 .
1654 1602 1731 1656 ait
1759 1603 1926 1660 Joan—

324 1711 426 1752 nes
456 1715 468 1750 :
521 1696 737 1752 Flebant
771 1700 946 1755 nimis.
990 1699 1059 1754 Et
1086 1702 1222 1754 venit
1252 1701 1321 1754 ad
1352 1717 1430 1755 me
1460 1716 1557 1754 vox
1583 1701 1756 1754 dicens
1781 1714 1800 1754 :
1842 1698 1926 1754 Ne

2036 488 2221 539 nosor,
2274 473 2324 528 id
2354 483 2458 541 est,
2503 483 2711 543 septem
2739 472 2867 528 anui
2898 473 3235 530 elierationis
3262 474 3379 546 ejus
3408 516 3422 540 ,
3479 485 3536 532 et
3580 475 3635 531 in

2033 565 2246 622 visione
2274 580 2504 638 quatuor
2537 568 2836 622 bestiarum
2864 567 3123 637 scriptum
3154 579 3274 637 est,
3323 569 3529 634 leonis.
3581 577 3640 626 et

2033 660 2173 725 ursi,
2218 660 2404 731 pardi,
2454 668 2510 715 et
2539 660 2766 715 alterius
2797 660 3023 726 bcstim,
3068 662 3226 731 cujus
3256 680 3456 718 nomen
3492 675 3641 720 tace-

2037 762 2154 823 tur,
2200 771 2319 826 quae
2349 771 2572 826 regnum
2607 755 2871 825 significat
2903 755 3306 819 Romanorum.
3360 768 3416 813 et
3443 770 3633 830 postea

2034 846 2102 903 de
2146 849 2505 915 Anticliristo,
2539 848 2683 920 quod
2718 859 2741 885 ἰ
2773 862 2932 920 reges
2958 850 3228 918 humilict,
3260 860 3314 907 et
3354 867 3639 909 sermones

2034 949 2228 994 contra
2259 940 2543 995 Excelsum
2580 941 2860 1012 loquatur,
2879 950 2933 994 et
2959 948 3182 997 sanctos
3209 942 3478 999 AllisSiltli
3507 960 3640 1000 con-

2037 1041 2199 1103 terat,
2229 1042 2285 1089 et.
2315 1035 2562 1104 putabit,
2594 1036 2712 1101 ait,
2759 1035 2901 1106 quod
2931 1034 3105 1107 possit
3137 1048 3347 1093 mutare
3391 1047 3635 1111 tempora

2035 1136 2091 1181 et
2121 1128 2289 1198 leges.
2345 1128 2413 1181 Et
2452 1128 2740 1183 tradentur
2783 1133 2836 1182 in
2866 1146 3027 1183 mantt
3054 1130 3173 1200 ejus
3202 1146 3376 1199 usque
3404 1134 3469 1187 atl
3500 1144 3635 1189 tem-

2035 1235 2166 1291 pus,
2220 1228 2278 1277 et
2308 1229 2550 1291 tempora
2578 1263 2592 1289 ,
2641 1233 2695 1277 et
2736 1220 3019 1277 dimidium
3065 1225 3345 1295 temporis.
3400 1225 3642 1297 Etjudi-

2034 1314 2177 1371 cium
2223 1312 2463 1381 sedebit,
2517 1327 2572 1371 ut
2612 1315 2890 1373 auferatur
2933 1319 3175 1388 potentia
3217 1330 3271 1374 et
3296 1330 3639 1391 conteratur,

2034 1417 2091 1465 et
2132 1409 2609 1482 dispereatusque
2659 1413 2710 1466 in
2762 1412 2942 1468 linem.
2997 1414 3064 1470 Et
3111 1416 3401 1473 manifeste
3447 1418 3514 1472 de
3543 1419 3641 1475 ad-

2035 1513 2202 1560 ventu
2233 1504 2431 1562 Christi
2456 1519 2619 1577 atque
2646 1518 2959 1565 sanctorum
2987 1510 3152 1566 dicit:
3186 1511 3428 1582 Regnum
3458 1523 3639 1570 autent

2034 1607 2089 1652 et
2118 1606 2384 1666 potestas,
2416 1609 2469 1654 et
2493 1600 2809 1670 magnitudo
2835 1602 2987 1672 regni
3010 1620 3129 1671 qua:
3155 1615 3242 1659 est
3262 1608 3455 1662 subter
3474 1623 3641 1663 omne

2034 1692 2232 1747 caelum
2262 1731 2277 1756 ,
2331 1692 2495 1748 detur
2550 1696 2750 1764 populo
2789 1711 3104 1752 sanetorum
3138 1698 3401 1753 Altissimi
3426 1741 3443 1767 ,
3482 1702 3641 1769 cujus

326 1792 498 1863 plores
524 1808 543 1847 :
572 1791 713 1848 Ecce
739 1794 858 1847 vicit
893 1802 971 1848 ιεο
998 1795 1062 1850 de
1084 1795 1222 1849 tribu
1247 1795 1389 1849 Juda
1414 1796 1565 1850 radix
1588 1794 1774 1859 David.
1805 1811 1923 1863 ape.
1962 1808 2007 1868 Β
2037 1801 2291 1855 regnum,
2326 1802 2552 1857 regnum
2587 1787 2982 1858 sempiternum
3016 1799 3131 1856 est,
3174 1800 3229 1846 et
3258 1808 3450 1847 omnes
3478 1808 3642 1864 reges

325 1885 431 1940 rire
461 1885 671 1951 librum,
701 1895 747 1941 et
775 1885 969 1942 solvere
992 1887 1264 1961 signacula
1294 1892 1406 1959 eius
1434 1891 1618 1961 (Apoc.
1650 1904 1705 1955 v,
1730 1888 1808 1959 4).
1841 1888 1930 1943 Li-

325 1975 485 2033 brum
514 1989 697 2033 autem
738 1981 887 2034 illum
928 1989 1109 2049 potest
1134 1981 1347 2037 Solvere
1389 1981 1480 2051 qui
1513 1981 1923 2050 Scripturarum

327 2082 670 2127 sacrautcnta
696 2073 972 2143 cognovit,
992 2084 1047 2128 et
1065 2073 1322 2145 intelligit
1351 2075 1657 2146 aenigmata,
1678 2084 1731 2129 et
1758 2074 1927 2128 verba

328 2167 621 2219 tenebrosa
644 2178 866 2237 propter
889 2168 1279 2239 mysteriorum
1302 2168 1753 2239 magnitudinem,
1771 2176 1825 2221 et
1843 2168 1924 2222 in-

328 2266 662 2328 terpretatur
687 2261 999 2331 parabolas,
1032 2273 1088 2317 et
1117 2261 1459 2317 occidentem
1490 2261 1728 2317 Ltteratn
1756 2271 1934 2315 trans-

327 2352 437 2410 fert
460 2352 513 2407 in
546 2356 796 2423 spiritum
827 2355 1223 2410 vivitiCantem.

401 2447 588 2517 (Vers.
623 2451 674 2513 5,
711 2448 791 2519 6.)
838 2447 905 2502 Ει
937 2448 1041 2503 vidi
1066 2466 1157 2521 ego
1188 2448 1374 2503 Danit‘l
1396 2492 1410 2516 ,
1441 2459 1488 2503 et
1516 2466 1626 2503 ecce
1656 2450 1803 2519 quasi
1828 2448 1933 2502 duo

327 2541 425 2598 alii
450 2542 655 2597 stabant
683 2559 703 2598 :
735 2560 868 2598 unus
911 2544 1029 2597 ltinc
1056 2561 1210 2617 super
1236 2546 1407 2615 ripam
1436 2544 1688 2615 fluminis,
1724 2553 1770 2597 et
1798 2543 1935 2597 alius

331 2636 457 2691 inde
489 2653 553 2690 ea:
596 2636 762 2691 altera
787 2638 910 2707 ripa
935 2638 1188 2709 ﬂuminis.
1240 2635 1306 2691 Et
1338 2637 1447 2690 dixi
1477 2636 1584 2690 uiro
1609 2638 1695 2707 qui
1725 2637 1935 2691 indutus

329 2740 441 2786 erat
476 2731 649 2799 lineis,
678 2731 768 2801 qui
810 2730 976 2785 stabat
1006 2748 1159 2803 suprr
1188 2748 1348 2802 aquas
1376 2732 1643 2802 ﬂuminis:
1673 2746 1948 2802 usquequo

329 2826 452 2895 finis
482 2826 704 2880 istorum
742 2826 1060 2879 mirabilium
1082 2827 1108 2879 ?
1154 2826 1298 2880 Vidit
1328 2825 1523 2880 Daniel
1551 2824 1692 2879 tluos
1714 2827 1937 2893 angelos

330 2931 543 2977 Stantes
570 2937 638 2975 ex
667 2929 894 2991 utraque
926 2931 1083 2991 parte
1110 2934 1275 2988 super
1306 2921 1479 2989 ripam
1515 2920 1797 2991 Babylonii
1832 2920 1936 2973 llu-

333 3016 522 3077 minis.
558 3015 653 3085 qui
681 3031 806 3072 cum
844 3016 931 3070 hic
965 3022 1199 3085 ponatur
1230 3017 1434 3085 absque
1468 3014 1708 3081 nomine,
1742 3028 1938 3069 secun-

334 3111 464 3169 dum
496 3113 827 3183 praeteritam
848 3111 1115 3166 visionem
1143 3123 1272 3177 puto
1299 3125 1423 3164 eum
1446 3125 1566 3164 esse
1589 3108 1814 3179 Tigrim,
1846 3108 1937 3179 qtti

2035 1880 2282 1935 servient
2324 1880 2411 1944 ei,
2460 1890 2514 1935 et
2560 1881 2836 1937 obedieut.
2890 1883 2949 1940 Si
2992 1884 3176 1956 itaque
3204 1888 3486 1955 superiora
3514 1904 3638 1958 qua:

2036 1976 2324 2046 perspicue
2350 1977 2419 2033 de
2459 1978 2805 2034 Auticbristo
2847 1981 3049 2048 scripta
3077 1991 3248 2048 sunt,
3304 1986 3473 2038 refert
3509 1983 3643 2040 Por-

2035 2068 2258 2141 phyrius
2305 2070 2370 2125 ad
2419 2071 2777 2139 Antiochum,
2825 2084 2878 2128 et
2923 2074 2988 2128 ad
3022 2084 3134 2130 tres
3162 2086 3217 2131 et
3241 2077 3413 2132 sentis
3440 2091 3639 2148 annos,

2033 2162 2258 2231 quibust
2278 2165 2517 2233 emplum
2544 2166 2675 2220 dicit
2702 2167 2868 2221 fuisse
2882 2168 3383 2241 desertum(Supra
3406 2180 3447 2237 ι)
3476 2187 3638 2242 :ergo

2035 2264 2090 2310 et
2119 2255 2222 2311 hoc
2248 2258 2389 2327 quod
2421 2261 2669 2328 sequitur
2696 2278 2709 2315 :
2744 2259 2987 2334 Regnum
3015 2265 3127 2333 ejus
3157 2265 3560 2333 sempiternum,
3593 2276 3641 2321 et

2035 2362 2211 2401 omnes
2264 2366 2407 2418 reges
2459 2353 2678 2405 servient
2706 2353 2791 2420 ei,
2827 2362 2873 2407 et
2902 2355 3167 2422 obedient,
3219 2356 3384 2412 debet
3410 2358 3643 2427 probare

2036 2455 2204 2511 Super
2248 2445 2560 2511 Antiocho,
2606 2446 2692 2500 vel
2740 2456 2797 2501 ut
2830 2447 2945 2517 ipse
2988 2458 3184 2518 putat,
3238 2466 3403 2519 snper
3438 2453 3641 2524 pepulo

2035 2534 2345 2590 Judaeorum
2378 2555 2390 2590 :
2434 2538 2579 2602 quod
2612 2555 2949 2610 nequaquam
2980 2551 3126 2599 stare
3158 2544 3507 2601 manifestum
3537 2556 3644 2603 est.

2036 2627 2295 2699 Legimus
2342 2631 2392 2683 iu
2422 2630 2857 2687 Machabacorum
2892 2635 3075 2700 libris,
3123 2636 3394 2708 Josepltus
3421 2655 3644 2712 quoque

2037 2719 2091 2774 in
2146 2722 2398 2777 eamdem
2451 2723 2724 2778 consentit
2782 2726 3093 2794 opinionem
3150 2727 3392 2799 (Ioseph.
3439 2730 3530 2786 lib.
3565 2748 3643 2799 xl,

2038 2830 2151 2888 cap.
2190 2815 2300 2887 10).
2336 2817 2481 2889 quod
2508 2818 2680 2875 tribus
2707 2819 2868 2874 annis
2897 2822 3155 2890 templum
3180 2825 3447 2894 pollutum
3474 2824 3647 2882 fuerit

2037 2907 2093 2964 in
2124 2908 2430 2965 Jerusalem
2459 2953 2475 2979 ,
2509 2921 2564 2967 et
2596 2911 2649 2966 in
2699 2928 2765 2966 eo
2795 2911 2823 2952 ι)
2854 2914 3007 2970 Jovis
3035 2915 3237 2971 idolum
3286 2920 3505 2973 steterit
3548 2920 3650 2977 sul)

2039 3002 2314 3058 Antiocho
2347 3005 2649 3073 Epipliane,
2681 3009 2982 3062 centesimo
3006 3008 3424 3081 quadragesimo
3452 3012 3649 3084 quinto

2038 3111 2187 3151 anno
2226 3098 2380 3169 regni
2429 3099 2825 3170 Macedonum,
2876 3118 2906 3157 a
2953 3100 3145 3160 Casleu
3181 3121 3371 3161 mense
3402 3107 3651 3177 ejusdem

335 3206 612 3263 Hebraice
642 3207 844 3262 diem".
872 3221 1114 3261 ευυεεει
1146 3188 1366 3293 (ἧρπε),
1409 3214 1464 3260 ει
1509 3213 1686 3258 tamen
1717 3219 1823 3257 non
1858 3203 1938 3257 in-
1965 3222 2011 3285 Ο
2042 3190 2171 3244 anni
2199 3206 2363 3257 nono,
2392 3207 2567 3260 usque
2594 3193 2661 3246 ad
2691 3210 2931 3250 mensem
2967 3212 3168 3251 nonum
3196 3199 3485 3256 centesimi
3510 3217 3649 3273 qua—

337 3309 587 3372 terrogat
634 3316 728 3356 eos
758 3300 852 3371 qui
880 3302 1094 3354 Stabant
1116 3281 1282 3367 super
1310 3308 1593 3368 utramque
1622 3296 1815 3367 ripam,
1845 3297 1941 3353 scd

2048 3281 2338 3353 dragesiini
2386 3285 2565 3339 octavi
2606 3286 2758 3351 anni,
2808 3288 2896 3357 qni
2928 3286 3132 3343 faciunt
3158 3305 3331 3346 annos
3362 3304 3491 3348 tres.
3536 3295 3650 3350 Sub

340 3409 466 3451 eum
500 3410 663 3465 quem
692 3394 744 3448 iu
777 3394 1045 3464 principio
1070 3393 1304 3457 viderat,
1340 3392 1427 3460 qui
1458 3393 1681 3446 indutus
1710 3401 1831 3446 erat
1859 3409 1946 3447 ve-

340 3487 524 3543 stibus
577 3487 735 3542 lineis
784 3488 900 3543 sive
943 3485 1203 3558 byssinis,
1253 3484 1399 3557 quod
1446 3484 1715 3540 llebraice
1745 3484 1945 3540 dicitur

342 3594 541 3635 BADDIII
573 3578 778 3652 (εντα).
839 3579 904 3635 Et
960 3581 1047 3635 hic
1100 3582 1219 3649 ipse
1276 3578 1521 3650 Aiigelns
1558 3581 1739 3635 stabat
1783 3595 1948 3648 super

343 3688 516 3745 aquas
547 3672 784 3727 ﬂuminis
815 3673 1123 3745 Babylonii,
1152 3688 1252 3729 suo
1281 3688 1374 3728 eas
1403 3673 1626 3727 calcans
1658 3673 1812 3745 pede.
1867 3674 1948 3729 Ex

341 3780 454 3837 quo
482 3765 840 3839 intelligimus
870 3768 1182 3837 superiores
1213 3767 1349 3822 duos
1376 3768 1621 3839 angelos,
1653 3783 1789 3835 quos
1816 3767 1950 3823 vidit

346 3834 562 3915 stantes
591 3834 756 3929 super
785 3862 954 3931 ripam
982 3901 999 3929 ,
1053 3871 1107 3915 et
1136 3875 1241 3917 non
1276 3860 1576 3931 interrogat
1604 3903 1619 3927 ,
1671 3876 1773 3916 nec
1799 3870 1953 3933 putat

349 3952 745 4020 Sciscitatione,
769 3954 1072 4026 condignos
1096 3954 1320 4026 angelos
1337 3969 1460 4011 esse
1478 3954 1768 4010 Persarum
1792 3963 1953 4026 atque

350 4042 695 4102 Graecorum.
750 4046 906 4103 Hunc
950 4057 1129 4103 autem
1161 4062 1285 4103 esse
1307 4048 1558 4119 angelum
1590 4047 1956 4104 clementissi-

352 4155 530 4206 mum,
564 4142 657 4212 qui
684 4141 961 4199 orationes
991 4141 1234 4198 Dauielis
1265 4144 1318 4198 in
1346 4153 1641 4213 conspectu
1676 4144 1772 4199 Dei
1800 4146 1958 4200 obtu-‘-

354 4234 496 4292 lerat
526 4234 639 4311 (ΑΙ.
667 4236 968 4309 obtulerit),
1000 4237 1218 4308 quando
1246 4238 1297 4293 ei
1325 4238 1515 4308 viginti
1548 4249 1602 4294 et
1631 4254 1739 4293 uno
1764 4238 1958 4296 diebus

356 4327 650 4385 Persarum
698 4332 927 4402 angelus
955 4331 1269 4387 resistebat.
1325 4330 1706 4404 lnterrogabat
1736 4332 1844 4407 (At.
1880 4334 1961 4387 in-

358 4421 624 4492 terrogat)
651 4431 833 4478 autem
885 4424 1001 4479 haec
1038 4423 1307 4479 mirabilia
1345 4439 1467 4495 quae
1496 4424 1547 4479 in
1582 4427 1836 4493 prmseuti
1867 4424 1963 4481 Vi-

362 4516 522 4571 sione
550 4515 837 4583 dicuntur,
870 4533 977 4589 quo
1005 4516 1334 4586 complenda
1367 4518 1477 4572 sint
1505 4527 1749 4590 tempore
1770 4562 1785 4586 ,
1818 4520 1960 4589 quod

2047 3375 2387 3432 Antichristo
2414 3386 2595 3432 autem
2624 3395 2730 3433 non
2765 3389 2877 3435 tres
2902 3381 3032 3436 anni
3059 3400 3074 3446 ;
3109 3384 3204 3438 sed
3240 3395 3350 3439 tres
3379 3395 3433 3441 et
3458 3388 3647 3455 semis,

2049 3469 2153 3525 hoc
2184 3479 2296 3537 est,
2339 3471 2490 3526 mille
2519 3471 2740 3527 ducenti
2772 3477 3065 3546 nonaginta
3093 3477 3213 3534 dies
3234 3521 3249 3545 ,
3290 3480 3651 3539 desolationis

2051 3566 2240 3635 templi
2274 3567 2456 3622 sancti
2497 3576 2551 3623 et
2604 3568 2909 3626 eversionis
2954 3572 3147 3629 futuras
3176 3573 3287 3649 (Al.
3313 3575 3501 3649 futuri)
3527 3594 3651 3637 esse

2049 3659 2325 3719 t'icuntur.

2125 3751 2192 3806 Et
2217 3770 2335 3807 cum
2352 3754 2609 3825 completa
2626 3755 2782 3827 fuerit
2801 3756 3054 3831 dispersio
3076 3776 3260 3817 manus
3285 3762 3448 3837 729
3468 3765 3653 3839 populi

2053 3849 2223 3903 sancti
2249 3889 2265 3915 ,
2300 3848 2699 3919 complebantur
2727 3855 2971 3908 universa
2996 3852 3143 3910 hac:
3168 3855 3427 3924 Quando,
3459 3860 3656 3931 inquit,

2056 3942 2300 4012 p0pulus
2332 3942 2425 3997 Dei
2454 3942 2738 4013 dispersus
2767 3945 2930 4001 fuerit
2961 3964 2975 4002 :
3026 3950 3109 4004 vel
3148 3950 3422 4005 Antiocho
3476 3967 3667 4022 pet-sco

2057 4044 2261 4107 quente
2290 4077 2305 4103 ,
2368 4043 2427 4091 ut
2472 4037 2593 4092 vult
2648 4037 2986 4112 Porphyrius
3015 4086 3030 4111 ,
3097 4042 3187 4106 vel
3210 4044 3569 4116 Autichristo,
3604 4056 3665 4104 ut

2060 4132 2233 4184 nostri
2250 4130 2438 4184 verius
2458 4130 2716 4198 probant,
2742 4142 2870 4189 tunc
2894 4132 3012 4189 iure
3028 4136 3210 4213 omnia
3225 4141 3666 4213 complebuntur.

2132 4221 2316 4296 (Vers.
2348 4224 2383 4280 8
2405 4225 2589 4295 seqq.)
2622 4222 2690 4279 Et
2720 4242 2812 4298 ego
2841 4228 3041 4297 audivi,
3074 4211 3121 4285 et
3152 4248 3254 4286 non
3288 4211 3543 4290 intellexi.
3600 4233 3670 4289 Et

2063 4320 2175 4375 dixi
2208 4335 2227 4375 :
2258 4317 2481 4375 Domine
2508 4320 2604 4383 mi,
2631 4322 2761 4393 quid
2790 4322 2888 4377 erit
2913 4333 3026 4390 post
3046 4323 3193 4381 lucc?
3229 4324 3299 4380 Et
3326 4328 3402 4381 ait
3428 4344 3448 4384 .'
3508 4328 3674 4399 Vade,

2064 4413 2277 4477 Daniel,
2303 4416 2428 4487 quia
2458 4415 2626 4470 clausi
2657 4418 2958 4489 signatique
2986 4427 3107 4472 sunt
3140 4437 3400 4476 sermones
3426 4440 3588 4494 usque
3610 4426 3679 4481 ad

2063 4517 2264 4579 tempus
2291 4520 2313 4548 ο
2347 4510 2829 4563 consummationis.
2866 4508 3145 4581 Eligentnr
3166 4522 3216 4568 et
3261 4514 3641 4574 dealbabuntur
3661 4562 3675 4586 ,

363 4609 705 4683 Porphyrius
731 4627 883 4668 more
910 4627 1010 4668 suo
1036 4613 1104 4669 de
1133 4612 1430 4680 Antiocho,
1464 4627 1566 4668 nos
1591 4613 1661 4670 de
1686 4613 1966 4670 Antichri-
1992 4629 2048 4690 Ι)
2071 4614 2119 4659 ετ
2148 4603 2299 4674 (1ηαεὶ
2342 4603 2479 4677 i9’15“
2530 4603 2893 4675 Ρνυθαίθυηίνν
2924 4605 3097 4676 "mm.
3122 4618 3172 4663 εί
3194 4609 3353 4680 imple
3380 4623 3535 4686 age"!
3580 4615 3682 4669 5m-

364 4710 454 4759 sto
483 4704 937 4772 interpretamur.

443 4794 627 4870 (Vers.
660 4793 740 4868 7.)
786 4796 854 4852 Et
883 4798 1060 4853 audivi
1092 4799 1261 4853 virum
1288 4799 1379 4871 qui
1422 4798 1632 4854 indutus
1660 4809 1772 4855 erat
1796 4800 1966 4870 lineis,

368 4893 459 4964 qui
485 4892 653 4948 stabat
693 4910 850 4968 super
879 4912 1042 4967 aquas
1069 4897 1303 4968 ﬂuminis
1330 4942 1343 4966 ,
1375 4913 1493 4952 cum
1522 4896 1769 4952 elevasset
1795 4896 1975 4951 dexte—

372 5003 521 5055 ram,
548 4998 595 5042 et
620 4988 886 5043 sinistram
917 5006 1064 5044 suam
1088 4991 1144 5044 in
1176 4990 1397 5056 caelum,
1439 5000 1485 5044 et
1505 4993 1740 5063 jurasset
1769 5007 1859 5060 per
1899 4989 1975 5044 vi-

375 5089 571 5137 ventem
594 5081 649 5135 in
685 5080 851 5154 728
874 5090 1145 5147 aeternum,
1172 5086 1295 5154 quia
1319 5082 1374 5136 in
1401 5091 1623 5155 tempus,
1652 5092 1699 5137 et
1723 5089 1974 5154 tempora,

377 5182 427 5231 et
451 5176 730 5231 dimidium
757 5179 1023 5251 temporis.
1067 5179 1326 5247 Tempus,
1355 5186 1411 5233 et
1435 5186 1705 5245 tempora,
1740 5185 1796 5233 et
1819 5178 1979 5232 dimi-

378 5267 531 5325 dium
582 5273 881 5339 temporis,
938 5281 1046 5328 tres
1100 5279 1155 5327 et
1182 5269 1350 5327 semis
1379 5285 1556 5326 annos
1586 5269 1979 5341 interpretatur

381 5360 752 5437 Porphyrius,
783 5364 929 5436 quod
955 5375 1009 5420 et
1031 5380 1130 5421 nos
1151 5364 1303 5435 juxta
1328 5363 1736 5434 Scripturarum
1763 5375 1981 5421 sancta-

382 5473 508 5516 rum
546 5460 745 5516 idioma
764 5504 781 5529 ,
833 5477 941 5517 non
971 5475 1255 5534 negamus.
1286 5459 1422 5516 Nam
1455 5468 1512 5517 et
1530 5474 1692 5531 supra
1722 5461 1979 5531 legimus,

387 5718 391 5722 ’
462 5720 487 5750 ⁸
518 5711 755 5782 Reponit
793 5714 1000 5789 Victor.
1032 5717 1172 5789 quod
1199 5724 1304 5771 tres
1331 5733 1472 5789 reges
1492 5755 1508 5781 ,
1558 5712 1699 5786 quod
1727 5713 1984 5789 siclega-

390 5791 483 5861 t_ur
505 5800 669 5861 supra
701 5801 822 5856 cap.
852 5788 1099 5861 7,7atqtte
1129 5788 1211 5861 ita
1238 5790 1308 5843 ibi
1340 5786 1730 5861 interpretetur
1756 5786 1983 5843 Hieron.

393 5855 633 5931 denique
674 5855 808 5919 mss.
858 5855 1067 5933 aliquot
1103 5859 1488 5933 suﬂ'ragentur.

2071 4697 2146 4769 pii
2179 4713 2197 4752 :
2224 4712 2389 4767 neque
2414 4695 2709 4768 intelligent
2736 4714 2910 4753 omnes
2938 4699 3088 4773 impii
3123 4717 3144 4756 :
3167 4719 3327 4775 porro
3358 4706 3498 4761 docti
3529 4707 3683 4764 intel-

2074 4791 2255 4864 ligent.
2290 4790 2419 4847 Vult
2447 4791 2716 4862 propheta
2745 4791 3057 4865 intelligere
3094 4797 3242 4867 quod
3282 4799 3521 4871 viderat,
3579 4801 3681 4857 im-

2077 4899 2167 4939 mo
2189 4883 2334 4955 quod
2376 4883 2647 4952 audierat,
2699 4894 2755 4941 et
2800 4882 3112 4943 futurorum
3150 4891 3305 4959 cupit
3348 4907 3682 4963 cognoscere

2076 4979 2389 5034 veritatem.
2439 4976 2702 5035 Audierat
2729 4978 2875 5035 enim
2907 4996 3095 5052 regum
3142 4983 3286 5039 bella
3339 4984 3577 5055 diversa,
3628 4995 3685 5044 et

2082 5074 2226 5131 inter
2253 5089 2314 5129 se
2349 5074 2554 5144 praelia,
2584 5084 2642 5130 et
2667 5074 3026 5145 multiplicem
3055 5076 3342 5135 historiam
3388 5097 3403 5135 :
3440 5080 3536 5137 sed
3585 5095 3686 5136 no-

2086 5172 2240 5226 mina
2271 5184 2380 5225 non
2408 5168 2655 5224 audierat
2685 5169 3053 5241 singulorum.
3083 5170 3142 5227 Si
3189 5182 3370 5228 autem
3424 5171 3690 5242 pmpheta

2087 5264 2318 5332 audivit,
2350 5275 2406 5321 et
2430 5280 2537 5319 non
2565 5264 2864 5332 intellexit,
2900 5265 3031 5337 quid
3061 5264 3264 5323 facient
3296 5266 3351 5321 hi
3380 5270 3471 5338 qui
3503 5267 3691 5340 signa-

2090 5368 2205 5416 tum
2240 5359 2464 5426 librum,
2516 5369 2568 5415 et
2606 5375 2778 5431 usque
2808 5360 2877 5415 ad
2911 5369 3126 5429 tempus
3154 5362 3691 5429 consummationis,

2091 5457 2278 5514 multis
2334 5456 2768 5514 obscuritatibus
2840 5457 3144 5512 involutum
3177 5496 3192 5524 ,
3265 5458 3696 5530 prasumptione

2168 5708 2196 5751 δ
2230 5710 2526 5777 Victorius,
2558 5718 2615 5765 et
2647 5710 2702 5764 in
2733 5726 2791 5764 eo
2821 5708 2937 5765 loco
2960 5707 3182 5775 idolum,
3214 5717 3323 5767 etc.

2175 5796 2196 5822 ε
2228 5780 2603 5866 Victoriusad
2633 5781 2875 5853 Vulgata:
2916 5781 3204 5841 lectionem
3242 5783 3559 5856 prce/initum
3603 5799 3705 5859 pro

2097 5864 2579 5915 consunnnationis.
