4128 6346
293 190 403 251 585

916 184 1356 247 TRANSLATIO
1394 182 1827 244 HOMILIARUM
1864 180 2189 243 ORIGENIS
2226 181 2295 241 lN
2333 180 2708 244 JEREMIAM.
2749 183 2912 243 ΗΟΜ.
2952 184 2994 239 l.

3485 192 3591 249 586

296 308 554 365 ardenter
582 313 644 363 ut
663 306 842 379 cupis,
896 305 1128 379 implere
1170 322 1281 363 non
1314 305 1492 363 valeo.
1536 305 1723 375 Itaque
1771 312 1890 375 post
1918 307 1972 369 Α
1996 303 2237 358 strinxit.
2274 302 2585 360 Secundum
2617 302 2993 359 homileticum
3034 316 3207 373 genus
3231 344 3247 370 ,
3279 301 3349 360 de
3384 319 3491 375 quo
3538 316 3595 363 et

298 400 711 474 quatuordecim
735 398 1053 456 homiliasin
1070 396 1891 469 Jeremiaui,quasjampridem
1998 414 2243 471 prmsens
2276 399 2655 468 interpretatio
2689 398 2808 467 ejus
2840 409 2941 454 est.
2981 397 3228 454 Tertium
3278 400 3421 469 quod
3475 400 3591 470 ipse

297 497 526 552 confuso
552 494 747 550 ordine
774 495 1161 563 interpretatus
1188 507 1333 561 sum,
1360 501 1414 547 et
1438 490 1537 545 has
1558 488 1893 561 quatuorde—

300 593 407 647 cim
430 590 485 645 iu
517 588 860 645 Ezechielem
892 604 990 660 per
1015 587 1305 645 intervalla
1325 587 1546 654 dictavi,
1581 586 1634 641 id
1669 600 1892 658 magno-

295 698 433 755 pere
454 697 675 751 curans,
711 689 772 736 ut
796 680 995 736 idioma
1023 681 1325 751 supradicti
1360 680 1459 735 viri
1484 694 1515 733 a
1542 680 1894 749 simplicitate

295 776 593 841 sermonis,
616 790 739 847 quae
768 775 881 831 sola
906 775 1169 832 Ecclesiis
1200 774 1444 846 prodest,
1468 776 1634 831 etiam
1662 774 1897 829 transla-

298 870 380 927 tio
417 878 813 933 conservaret,
860 869 1008 925 omni
1055 868 1348 925 rhetoricae
1407 867 1540 924 artis
1602 867 1898 939 splendore

296 972 614 1033 contempto
632 980 644 1016 :
663 979 753 1020 res
774 961 975 1034 quippe
1004 962 1284 1030 volumus,
1307 978 1415 1019 non
1443 962 1608 1018 verba
1639 960 1895 1029 laudare;

298 1066 360 1113 et
381 1058 517 1113 illud
552 1057 798 1114 breviter
822 1057 1149 1121 admonens,
1184 1067 1241 1110 ut
1290 1055 1432 1111 scias
1458 1054 1711 1125 Origenis
1764 1069 1901 1124 opu-

298 1151 458 1207 scola
489 1152 544 1207 in
584 1166 804 1207 omnem
828 1149 1169 1221 Scripturam
1194 1164 1318 1205 esse
1346 1148 1600 1218 triplicia.
1658 1147 1898 1203 Primum

300 1247 423 1318 ejus
450 1261 587 1315 onus
609 1246 904 1316 Excerpta,
922 1260 1042 1317 quae
1071 1243 1262 1301 Graece
1284 1244 1477 1317 σχόλια
1493 1252 1898 1312 nuncupantur,

301 1340 359 1397 in
381 1342 580 1412 quibus
605 1356 671 1396 ea
696 1356 817 1411 quae
847 1340 948 1395 sibi
976 1338 1308 1395 videbantur
1334 1338 1589 1407 obscura,
1618 1346 1782 1407 atque
1804 1336 1902 1390 ha-

300 1434 436 1493 bere
456 1434 663 1508 aliquid
685 1433 1048 1502 difficultatis,
1073 1432 1389 1490 summatim
1410 1430 1760 1502 breviterque
1785 1445 1903 1501 per-

2001 491 2279 563 inscripsit
2296 492 2494 564 Τόμους
2523 506 2620 546 nos
2643 490 2903 544 volumina
2933 508 3223 557 possumus
3248 508 3590 561 nuncupare,

2001 588 2054 643 in
2083 602 2191 658 quo
2215 602 2379 657 opere
2412 596 2525 641 tota
2564 584 2769 655 ingenii
2795 586 2878 640 sui
2901 587 3017 640 vela
3047 588 3385 657 Spirantibus
3418 588 3599 644 ventis

2004 678 2174 747 dedit,
2206 688 2261 735 et
2282 677 2542 734 recedens
2566 693 2597 733 a
2630 686 2773 733 terra
2816 678 2871 732 itt
2913 678 3152 733 medium
3186 681 3411 750 pelagus
3439 680 3598 735 aufu-

2004 774 2099 845 git.
2126 772 2252 829 Scio
2274 781 2328 828 te
2349 779 2647 843 cupere,ut
2665 785 2830 826 omne
2850 786 3024 842 genus
3057 773 3379 829 transferam
3407 774 3607 829 dictio-

2007 868 2096 925 nis
2132 866 2413 939 :pr’temisi
2434 882 2680 937 causam,
2707 881 2805 921 cur
2849 863 3034 921 facere
3060 882 3170 922 non
3213 869 3442 936 possim.
3487 867 3605 924 Hoc

2008 971 2189 1016 tamen
2220 959 2486 1031 spondeo,
2514 960 2641 1030 quia
2678 960 2748 1027 si,
2782 970 2977 1016 orante
3011 968 3085 1030 te,
3108 959 3269 1015 Jesus
3299 961 3602 1018 reddiderit

2007 1055 2320 1120 sanitatem,
2356 1070 2465 1109 non
2498 1054 2673 1109 dicam
2701 1061 2919 1120 cuncta,
2945 1054 3073 1125 quia
3104 1056 3205 1110 hoc
3259 1054 3461 1111 dixisse
3517 1067 3601 1112 te.

2008 1148 2300 1205 merarium
2321 1156 2426 1215 est,
2480 1145 2578 1201 sed
2623 1147 2891 1216 permulta
2944 1162 3065 1201 sum
3112 1148 3496 1213 translaturus,
3539 1162 3606 1203 ea

2005 1241 2129 1311 lege
2157 1256 2263 1312 qua
2291 1239 2388 1295 tibi
2406 1252 2553 1310 saepe
2575 1236 2857 1306 constitui,
2878 1248 2937 1294 ut
2961 1254 3063 1309 ego
3092 1250 3286 1295 Vocem
3310 1240 3607 1310 praebeam,

2007 1348 2064 1394 tu
2087 1338 2386 1394 notarium.

300 1638 3598 1680 ww

749 1766 1364 1852 INCIPIUNT
1437 1762 1974 1849 HOMILIZE
2047 1757 2277 1843 XIV
2350 1755 2473 1839 IN
2547 1752 3193 1841 JEREMIAM.

1670 1965 2180 1998 μ--ᾤ-

826 2107 1110 2169 HOMILIA
1149 2105 1384 2165 PRIMA.

352 2242 583 2300 Verbum
624 2244 717 2299 Dei
748 2246 888 2316 quod
933 2247 1130 2315 factum
1167 2256 1241 2300 est
1278 2245 1347 2298 ad
1395 2242 1683 2299 Jeremiam
1707 2242 1877 2315 ﬁlium

689 2336 933 2404 Chalcida,
965 2348 1069 2394 etc.
1104 2338 1330 2411 (Jerem.
1367 2354 1407 2406 ι,
1454 2336 1531 2410 1).

386 2474 551 2549 743
584 2476 725 2532 Deus
755 2476 822 2532 ad
845 2475 1277 2532 beneficiendum
1319 2484 1605 2547 promptus
1626 2482 1713 2530 est
1766 2491 1780 2527 :
1846 2473 1914 2529 ad

314 2573 624 2642 puniendos
648 2583 828 2628 autem
844 2588 938 2630 eos
959 2573 1051 2643 qui
1070 2588 1226 2643 poena
1247 2571 1397 2643 digni
1417 2580 1564 2637 sunt,
1584 2571 1913 2627 dissimulat.

313 2663 454 2721 Cum
483 2666 656 2737 possit
677 2669 879 2739 quippe
910 2676 1096 2722 tacens
1121 2668 1241 2722 sine
1272 2668 1673 2723 contestatione
1704 2668 1916 2723 venturi

316 2759 510 2830 punire
523 2776 621 2817 eos
638 2777 776 2833 qu0s
793 2762 963 2817 semel
979 2761 1170 2832 dignos
1182 2761 1747 2832 suppliciojudicavit,
1765 2778 1919 2817 num-

314 2866 480 2923 quam
510 2852 618 2907 hoc
648 2852 771 2908 facit
806 2870 820 2906 :
853 2854 948 2909 sed
988 2856 1150 2909 etiam
1200 2855 1244 2908 si
1278 2853 1750 2920 condemnaverit,
1776 2862 1801 2891 ⁸
1833 2854 1916 2908 di-

315 2946 399 3000 cit
426 2945 574 3015 quod
599 2946 702 3000 sibi
731 2960 952 3016 semper
982 2947 1169 3002 dicere
1198 2946 1537 3019 propositum
1568 2957 1671 3013 est,
1696 2955 1755 3001 ut
1784 2946 1919 3001 libe-

317 3046 514 3096 rentur
541 3055 571 3093 a
598 3040 1057 3096 condemnatione
1094 3056 1191 3111 per
1221 3042 1618 3109 paenitentiam,
1647 3040 1740 3109 qui
1790 3055 1919 3094 con-

317 3134 562 3189 demnati
598 3136 812 3190 fuerant
840 3151 936 3205 per
959 3136 1243 3191 delictum.
1276 3136 1480 3192 Horum
1511 3134 1763 3204 exempla
1793 3149 1916 3188 cum

316 3227 395 3285 de
415 3228 723 3298 Scripturis
748 3231 919 3285 multa
945 3230 1221 3300 possimus
1242 3231 1514 3299 accipere,
1548 3229 1823 3283 sufficiunt
1851 3227 1920 3283 ad

319 3333 569 3390 praesens
590 3320 911 3391 incidentia,
937 3333 998 3377 ut
1019 3322 1304 3377 veniamus
1333 3320 1401 3376 ad
1429 3336 1616 3377 eorum
1639 3338 1759 3391 qua:
1780 3321 1918 3375 lecta

321 3423 486 3480 sunt,
530 3416 1070 3485 contemplationem.
1124 3415 1379 3471 Ninivitte
1436 3426 1754 3486 peccatores
1785 3432 1917 3471 cou-

321 3506 566 3563 demnati
595 3522 750 3565 erant
776 3502 823 3565 Va
864 3510 1009 3565 Deo:
1043 3509 1225 3565 Adhuc
1247 3511 1381 3567 enim
1404 3510 1430 3548 δ
1465 3522 1566 3567 tres
1594 3513 1724 3577 dies,
1754 3519 1801 3566 et
1835 3512 1920 3581 fu-

324 3608 501 3655 turum
529 3609 586 3656 ut
612 3601 803 3657 Ninive
827 3603 1151 3658 subvertatur
1174 3602 1320 3673 (Jan.
1353 3621 1433 3673 ut,
1459 3603 1540 3675 4).
1572 3604 1757 3660 Noluit
1777 3605 1921 3659 Deus

324 3709 451 3750 cum
484 3696 705 3752 silentio
733 3698 923 3766 punire
945 3701 1264 3765 damnatos;
1319 3698 1414 3753 sed
1461 3697 1599 3753 dans
1638 3699 1717 3753 eis
1743 3698 1921 3753 locum

323 3791 668 3862 paenitentiae
690 3802 745 3846 et
766 3793 1165 3861 conversionis,
1190 3792 1339 3849 misit
1359 3794 1424 3848 ad
1449 3802 1643 3865 gentes
1666 3793 1924 3850 Hebraeo-

322 3898 448 3939 rum
479 3884 826 3956 prophetam,
858 3895 913 3941 ut
942 3885 1159 3941 dicente
1187 3884 1279 3941 illo
1305 3903 1319 3939 :
1353 3886 1536 3940 Adhuc
1561 3894 1662 3940 tres
1706 3885 1839 3952 dies,
1873 3895 1921 3941 et

324 3975 521 4033 Ninive
550 3979 989 4051 subvertetur,qtt't
1022 3978 1367 4034 condemnati
1392 3978 1629 4046 fuerant,
1662 3993 1766 4034 non
1799 3994 1922 4050 per-

324 4069 472 4126 irent
503 4089 516 4125 :
551 4071 648 4126 sed
696 4081 921 4144 agentes
973 4072 1349 4142 pcenitentiam
1376 4112 1391 4137 ,
1432 4069 1788 4138 impetrarent
1820 4071 1923 4127 mi-

325 4163 690 4220 sericordiam
732 4165 852 4229 Dei,
883 4167 975 4236 qui
1007 4164 1061 4221 in
1098 4165 1351 4221 Sodomis
1375 4174 1432 4221 et
1454 4163 1782 4221 Gomorrhis
1809 4165 1922 4235 jam

324 4266 486 4312 erant
511 4258 681 4314 exitio
708 4257 992 4325 destinati,
1021 4257 1186 4331 ’144
1227 4270 1284 4312 ιιι
1342 4258 1691 4313 manifestutn
1742 4266 1827 4313 est
1856 4273 1925 4313 ex

327 4352 678 4406 sermonibus
706 4352 823 4420 Dei,
845 4369 984 4422 quos
1001 4353 1215 4409 locutus
1239 4364 1323 4408 est
1347 4352 1414 4407 ad
1432 4353 1706 4409 Abraham
1741 4370 1753 4407 :
1778 4361 1921 4407 atta-

324 4458 454 4499 men
486 4444 631 4513 quod
656 4454 776 4500 erat
798 4460 983 4510 suum,
1011 4447 1257 4501 iecnrunt
1298 4446 1501 4515 angeli,
1534 4446 1782 4501 volentes
1826 4460 1924 4501 eos

325 4537 543 4593 salvere
568 4538 660 4608 qui
689 4556 749 4593 se
772 4539 1025 4611 indignos
1056 4540 1231 4596 salute
1249 4539 1657 4610 judicaverunt,
1694 4540 1809 4596 lnec
1840 4540 1922 4596 di—

325 4642 516 4684 centes
538 4629 604 4684 ad
630 4629 769 4685 Loth
792 4650 804 4684 :
836 4629 932 4686 Est
951 4632 1040 4686 tibi
1070 4632 1151 4685 hic
1174 4632 1361 4703 aliquis
1384 4648 1559 4705 gener,
1580 4644 1671 4687 aut
1693 4632 1813 4700 ﬁlii,
1836 4641 1923 4686 aut

325 4721 456 4791 ﬁlia:
484 4720 642 4793 (Gen.
674 4740 787 4787 xu,
826 4725 953 4795 l2)?
1006 4726 1190 4797 Neque
1235 4727 1381 4783 enim
1439 4728 1765 4797 ignorabant
1815 4741 1924 4784 non

326 4832 452 4873 esse
481 4834 581 4874 eos
612 4830 899 4876 secuturos
928 4820 1090 4890 Lmh,
1121 4822 1217 4877 sed
1249 4821 1607 4877 ostenderunt
1636 4838 1789 4877 suam
1830 4837 1925 4892 pa-

1898 2166 1899 2169 η
1934 2104 1984 2164 Β
2009 2099 2141 2155 etin
2168 2098 2405 2157 Jeremia
2435 2103 2701 2173 scriptum
2750 2120 2914 2162 esse:
2972 2116 3059 2163 est
3099 2109 3245 2165 enim
3288 2119 3613 2168 annotatum

2013 2199 2225 2262 tempus
2255 2196 2559 2264 prophetiae
2586 2197 2705 2265 ejus
2730 2198 2950 2269 quando
2972 2202 3139 2271 etrapit
3170 2205 3526 2272 prophetare,
3556 2213 3614 2260 et

2014 2301 2321 2357 quousque.
2357 2288 2500 2359 Ergo
2532 2290 2623 2360 qui
2655 2290 2968 2361 Scripturas
3000 2294 3147 2362 legit,
3173 2297 3215 2349 si
3242 2296 3461 2351 lectioni
3492 2298 3618 2352 dili-

2015 2397 2207 2458 genter
2239 2400 2260 2428 °
2295 2388 2585 2458 intendat,
2611 2400 2667 2446 et
2715 2392 2965 2459 requirat
3009 2405 3198 2447 eorum
3252 2409 3372 2462 quae
3418 2394 3622 2463 scripta

2017 2488 2147 2535 sunt
2169 2482 2535 2554 voluntatem,
2569 2482 2754 2539 dicere
2786 2494 2969 2553 potest
2997 2480 3022 2519 ἀ
3047 2498 3117 2539 ex
3157 2485 3399 2540 historiae
3431 2501 3623 2555 super-

2017 2577 2342 2647 scriptione,
2392 2593 2503 2649 quo
2555 2589 2802 2650 tempore
2855 2577 3126 2634 Jeremias
3156 2594 3386 2634 exorsus
3417 2583 3506 2645 sit,
3566 2586 3623 2635 et

2016 2670 2159 2740 quod
2203 2671 2667 2727 consummaverit
2714 2671 3082 2743 prophetiam.
3139 2672 3278 2740 Quid
3326 2674 3491 2744 igitur
3546 2672 3616 2727 ad

2020 2778 2109 2819 me
2166 2774 2379 2835 tempus
2406 2764 2690 2821 historiae?
2725 2764 2937 2835 chens
2968 2765 3158 2831 didici,
3220 2765 3348 2836 quia
3393 2768 3625 2835 coeperit

2023 2857 2354 2927 prophetare
2424 2859 2477 2913 in
2552 2859 2745 2914 diebus
2817 2858 2987 2914 Josia:
3069 2858 3164 2913 ﬁlii
3246 2860 3415 2914 Amos
3477 2860 3625 2931 regis

2022 2948 2163 3004 Juda
2193 2992 2208 3017 ,
2268 2965 2441 3019 usque
2495 2949 2564 3005 ad
2609 2967 2825 3027 annum.
2856 2952 3076 3006 tertium
3126 2950 3397 3006 decimum
3473 2953 3623 3023 regni

2022 3040 2194 3112 ejus;
2283 3041 2477 3096 deinde
2577 3042 2984 3112 prOphetaverit
3060 3044 3112 3096 itt
3193 3043 3389 3098 diebus
3474 3042 3620 3097 Joa-

2023 3134 2201 3201 chim,
2253 3134 2347 3189 lilii
2387 3133 2552 3189 Josize
2586 3175 2600 3199 ,
2643 3136 2787 3206 regis
2835 3137 2971 3191 Juda
2997 3180 3013 3204 ,
3062 3152 3233 3206 usque
3278 3137 3346 3191 ad
3372 3152 3626 3193 consum-

2021 3226 2318 3281 matiooein
2349 3226 2511 3299 745
2543 3227 2814 3282 undecimi
2838 3228 2966 3283 anni
2996 3231 3259 3295 Sedccice,
3288 3231 3383 3285 lilii
3406 3230 3575 3285 Jositc
3605 3275 3620 3300 ,

2026 3321 2170 3390 regis
2195 3319 2355 3375 Juda.
2390 3322 2459 3374 Et
2489 3324 2673 3392 legens
2700 3321 2864 3378 didici
2897 3325 3020 3392 quia
3045 3339 3142 3394 per
3169 3334 3281 3377 tres
3310 3340 3470 3394 reges
3494 3343 3623 3396 pro-

2026 3413 2210 3483 phetia
2237 3413 2355 3483 ejus
2387 3425 2699 3484 contempta
2715 3416 2815 3483 sit,
2849 3431 3022 3486 usque
3044 3416 3113 3470 ad
3142 3417 3511 3487 captivitatem
3534 3420 3628 3475 Je-

1947 3512 1994 3577 C
2025 3508 2262 3562 rusalein
2298 3509 2349 3561 in
2381 3506 2572 3577 quinto
2618 3522 2827 3564 mense.
2878 3507 3021 3573 Quid
3070 3525 3205 3580 ergo
3234 3509 3499 3566 docemur
3530 3528 3628 3582 per

2026 3598 2178 3668 hinc,
2210 3600 2255 3655 si
2286 3600 2509 3657 lectioni
2533 3602 2709 3658 simus
2740 3601 3626 3662 intenti?CondemnaveratDeus

2025 3694 2331 3752 Jerusalem
2364 3709 2585 3767 propter
2615 3705 2840 3767 peccata
2872 3714 2991 3768 quae
3018 3696 3259 3766 fecerat,
3290 3711 3347 3755 et
3377 3700 3492 3755 haec
3508 3712 3629 3756 erat

2026 3798 2274 3845 extrema
2315 3791 2624 3859 sententia,
2673 3800 2732 3845 ut
2770 3791 3073 3861 captivitati
3123 3801 3147 3828 θ
3198 3792 3621 3863 relinqueretur.

2027 3880 2419 3938 Verumtamen
2450 3900 2574 3939 cum
2608 3882 2892 3938 hominum
2926 3884 3001 3938 sit
3028 3895 3271 3953 amator,
3304 3902 3407 3941 nec
3432 3902 3628 3959 quem-

2026 3991 2188 4047 quam
2238 3976 2371 4032 velit
2416 3978 2632 4048 perire,
2664 3988 2976 4049 _antequam
3006 3978 3450 4050 depopulationis
3493 3991 3627 4036 lem-

2027 4085 2129 4140 pus
2157 4072 2417 4140 instaret,
2460 4072 2610 4126 misit
2638 4082 2695 4126 et
2726 4072 2873 4127 hunc
2906 4074 3227 4143 prophetam
3254 4115 3268 4139 ,
3304 4083 3481 4144 utper
3504 4089 3625 4130 ser-

2026 4180 2219 4221 mones
2261 4165 2377 4235 ejus
2405 4165 2474 4220 ad
2506 4166 2889 4236 ptenitentiam
2925 4164 2944 4204 ί
2974 4178 3433 4234 converteretur;
3479 4168 3631 4223 misit

2025 4258 2277 4315 eumdem
2324 4267 2379 4314 et
2411 4259 2512 4314 sub
2561 4259 2802 4314 secundo
2851 4275 2980 4331 rege
3010 4271 3132 4330 post
3171 4264 3407 4331 primum
3434 4303 3450 4328 ,
3482 4262 3633 4318 misit

2026 4365 2243 4420 quoque
2275 4350 2381 4405 sub
2414 4350 2595 4405 tertio.
2630 4350 2769 4415 Quid
2805 4350 2961 4420 plura
2994 4352 3016 4404 ?
3056 4352 3167 4421 jam
3200 4354 3485 4421 captivitas
3531 4355 3631 4408 im-

2026 4444 2304 4508 minebat,
2334 4452 2389 4498 et
2426 4442 2604 4498 adhuc
2632 4442 3033 4496 adhortabatur
3079 4444 3225 4498 Deus
3277 4447 3521 4501 tribuens
3548 4448 3634 4521 (ut

2028 4536 2102 4590 ita
2128 4535 2338 4608 dicam)
2384 4544 2441 4590 et
2466 4548 2594 4591 ante
2624 4549 2785 4589 unam
2827 4534 2976 4589 diem
3015 4535 3194 4590 locum
3246 4541 3627 4607 pmnitentite:

2028 4630 2176 4684 unde
2223 4629 2485 4699 scriptum
2517 4639 2602 4684 eSt
2626 4669 2642 4694 ,
2678 4642 2849 4695 usque
2891 4627 2959 4681 ad
2991 4628 3360 4697 captivitatem
3404 4634 3630 4690 Jerusa-

2027 4721 2134 4777 lem
2159 4763 2174 4788 ,
2202 4730 2259 4778 et
2280 4736 2447 4790 usque
2477 4719 2549 4773 ad
2580 4721 2828 4788 quintum
2858 4736 3104 4777 mensem
3142 4725 3510 4795 prophetasse
3538 4728 3632 4785 Je-

2027 4818 2278 4874 remiam.
2303 4816 2420 4873 Jatn
2453 4816 2694 4871 hostium
2725 4818 2941 4873 vincula
2976 4818 3373 4875 reStrinxerant
3397 4839 3624 4891 manus,

326 4908 481 4978 riter,
515 4922 571 4967 et
598 4912 717 4981 ejus
738 4914 829 4984 qui
850 4929 945 4969 eos
978 4918 1220 4980 miserat,
1249 4915 1639 4987 benignitatem
1658 4916 1715 4972 in
1749 4918 1924 4973 homi-
1948 4913 2004 4975 D
2029 4924 2083 4969 et
2105 4913 2457 4967 nihilominus
2482 4912 2597 4967 haec
2615 4912 3020 4983 quodaminodo
3042 4914 3260 4970 dicebat
3287 4917 3459 4973 Deus:
3486 4919 3627 4975 Ecce

328 5016 428 5058 nes
459 5012 515 5060 et
542 5019 813 5061 antorem.
860 5005 1355 5077 llorumgquiddam
1400 5008 1580 5063 simile
1614 5008 1920 5064 invenimus

416 5225 443 5254 ε
467 5214 616 5270 Verti
638 5212 794 5285 jubet
815 5212 1063 5287 Huetius,
1089 5213 1319 5283 prwdic‘it
1347 5214 1415 5279 ei,
1454 5214 1594 5285 quod
1616 5214 1714 5267 sibi
1731 5232 1918 5287 propo.

328 5291 486 5344 litum
510 5294 606 5355 est,
638 5284 762 5341 Cum
796 5287 850 5340 in
880 5284 1071 5342 Grmco
1088 5287 1182 5357 sit,
1211 5287 1447 5366 προλέγει
1468 5284 1617 5362 αὐτῷ
1638 5288 1696 5343 τὸ
1716 5284 1919 5365 τὶροᾷιεί-

328 5384 527 5487 "‘ioii'a
555 5430 700 5486 LXX
730 5441 784 5487 et
833 5433 1033 5499 Arabs;
1089 5440 1143 5487 at
1182 5432 1467 5497 Hebraeus,
1510 5442 1566 5487 et
1610 5430 1879 5486 Jonathan
1907 5473 1921 5497 τ

330 5514 386 5561 et
414 5503 586 5576 Syrus
625 5513 681 5559 et
726 5504 948 5575 Vulgata
973 5504 1176 5559 habent
1210 5506 1579 5575 quadraginta,
1609 5520 1731 5572 quae
1769 5519 1927 5559 secu-

330 5584 422 5703 ἓιε
441 5587 525 5631 est
548 5575 918 5647 Hieronymus
944 5580 997 5632 in
1024 5591 1140 5631 suis
1168 5577 1236 5631 ad
1266 5576 1458 5632 Jonam
1481 5576 1922 5632 commentariis.

381 5663 595 5703 UETIUS.

410 5718 516 5798 {In
546 5717 739 5798 Graeco
763 5721 877 5798 sub
893 5720 1125 5798 negandi
1154 5720 1324 5798 forma
1349 5731 1432 5777 est
1457 5723 1547 5778 ἐὰν
1576 5727 1645 5795 μή
1686 5722 1928 5798 προσέχῃ

334 5799 399 5867 τῇ
423 5793 727 5866 ἀναγνώσει,
757 5792 882 5861 μηδὲ
902 5796 1112 5871 ἐξετάζῃ
1139 5794 1199 5850 τὸ
1221 5794 1453 5867 βούλημα
1486 5812 1499 5849 :
1529 5792 1695 5865 quam
1716 5792 1930 5864 negati-

617 5889 896 5951 ΡΑτιιοι..
942 5888 1152 5952 XXV.

2026 5008 2223 5079 captivi
2255 5006 2383 5062 facti
2411 5008 2544 5063 estis
2570 5025 2580 5060 :
2614 5008 2762 5078 agite
2785 5050 2800 5078 ,
2830 5007 2957 5064 licet
3002 5024 3127 5065 sero
3151 5052 3165 5078 ,
3200 5012 3579 5082 ptenitentiam
3608 5031 3621 5068 :

2024 5228 2147 5290 vam
2192 5214 2511 5290 particulam
2571 5230 2695 5290 non
2735 5217 2986 5285 agnoscit
3028 5216 3423 5290 Hieronymus,
3464 5235 3520 5281 et
3550 5231 3630 5287 sic

2027 5287 2160 5369 legit
2185 5304 2197 5339 ε
2221 5291 2305 5343 ἰὰν
2322 5289 2566 5369 πρᾳᾳέχῃ
2678 5289 2982 5369 ἀναγνῷ-ει,
3005 5294 3104 5369 καὶ-
3123 5292 3329 5369 ἐξετάζῃ
3352 5312 3363 5344 :
3386 5287 3624 5369 optime;

2029 5360 2107 5441 sic
2131 5376 2274 5441 enim
2325 5360 2509 5441 Ill-illic
2541 5360 2808 5441 periochae
2841 5366 3001 5441 hujus
3193 5360 3538 5441 προὲτέχὼμεν
3566 5360 3629 5441 ei};

2031 5432 2330 5506 ἀναγνώσει.
2366 5431 2682 5506 Legenduiii
2707 5448 2921 5500 quoque
2962 5435 3012 5485 in
3046 5431 3423 5505 llieroiiymo':
3449 5431 3625 5502 dicer;

2031 5504 2217 5576 potest.
2245 5520 2351 5576 non
2390 5506 2602 5557 discere.
2628 5504 2898 5576 iiIUl-ZTIUS.

2106 5575 2133 5663 fi
2166 5577 2266 5630 Ms.
2296 5575 2429 5647 Reg.
2455 5576 2598 5646 apud
2621 5575 2874 5631 Hoetium
2904 5619 2919 5645 ,
2976 5574 3194 5630 historia
3237 5597 3397 5653 super
3435 5592 3632 5663 scripta

2035 5656 2131 5713 est,
2156 5665 2280 5713 quo.

2112 5665 2304 5795 ξᾳῇἒξ.
2331 5719 2678 5795 Regiipenes
2708 5716 2988 5795 Huetium,
3019 5720 3453 5795 relinquerentur.

2116 5790 2135 5830 ί
2179 5791 2331 5849 Unus
2356 5790 2461 5849 ms.
2487 5792 2554 5848 li.
2579 5805 2745 5862 penes
2773 5791 3029 5850 eumdem
3047 5839 3060 5863 ,
3095 5790 3531 5861 converterentur.

3002 5888 3080 5951 19
