4104 6336
477 236 582 291 587

1721 232 1782 289 S.
1824 231 2101 290 EL'SEBII
2137 230 2517 290 IIIERONYMI

3673 231 3778 291 588

479 355 670 419 rogate
700 361 808 413 me,
833 355 887 404 et
919 358 1135 416 parcam
1169 343 1354 401 vobis:
1390 358 1612 415 possum
1641 359 1841 402 eruere
1863 347 1932 403 de
1953 361 2080 418 cap-
2106 351 2159 412 Α
2188 346 2269 403 Ex
2294 347 2721 419 repromissione
2764 355 2922 404 natus
2951 354 3033 404 est
3063 347 3216 405 lsaac
3237 388 3251 413 ,
3285 357 3342 404 et
3377 355 3555 405 tamen
3602 361 3784 418 neque

483 443 725 507 tivitate.
754 441 845 513 qui
875 439 1094 496 tradidi.
1129 441 1406 496 llabemus
1435 441 1618 511 itaque
1651 450 1679 479 α
1710 441 1954 513 quaedam
1987 457 2082 497 ne-

488 537 724 595 cessaria
746 551 814 592 ex
844 534 1314 606 superscriptione
1344 535 1478 601 ista,
1512 550 1632 605 qua:
1662 536 1910 590 continet
1948 547 2085 589 tem-

487 649 621 706 pora
643 631 944 703 prephctize
965 673 980 697 ,
1003 630 1125 702 quia
1154 631 1309 702 juxta
1331 646 1483 687 suam
1513 631 1864 687 clementiam
1895 631 2086 686 exhor-

485 735 632 782 tatur
657 725 800 780 Deus
828 741 1045 796 semper
1071 725 1402 780 hominesad
1435 725 1795 792 salutem,iut,
1829 734 2088 783 cessante

486 820 710 888 delicto,
769 821 931 875 etiam
983 820 1273 890 captivitas
1311 820 1684 890 conquiescat.
1735 818 1862 874 H330
1903 828 2086 874 autem

491 915 636 972 etde
677 913 834 969 nobis
865 927 1154 984 possumus
1187 913 1531 983 intelligere:
1567 911 1613 968 si
1636 911 2048 982 peccaverimus
2069 949 2087 978 ,

488 1014 545 1063 et
571 1021 671 1062 nos
697 1005 898 1075 captivi
933 1004 1100 1060 futuri
1129 1019 1341 1060 sumus.
1385 1003 1605 1058 Etenim
1664 1003 1802 1058 tradi
1839 1012 2092 1074 peccato-

490 1117 607 1158 rem
633 1101 848 1157 Satanae
873 1100 914 1171 (l
936 1099 1123 1169 Conv,
1158 1100 1238 1171 5),
1269 1098 1665 1154 nihildistatab
1679 1113 1745 1153 eo
1765 1097 1906 1169 quod
1921 1096 2092 1152 Judazi

489 1205 619 1252 sunt
653 1195 838 1249 traditi
861 1192 1388 1249 Nabuchodonosor.
1414 1191 1593 1263 thue
1627 1193 1756 1248 illos
1800 1193 1943 1247 Deus
1963 1207 2094 1246 con-

491 1290 658 1344 cessit
680 1286 1017 1352 adversario,
1053 1285 1612 1357 proptcrfrequentes
1639 1284 1980 1356 impietates;
2015 1284 2096 1339 sic

494 1396 596 1437 nos
645 1389 867 1450 propter
896 1389 1120 1450 peccata
1153 1393 1272 1449 quae
1327 1377 1598 1442 fecimus,
1635 1376 1902 1431 tradimur
1935 1375 2098 1446 spiri-

495 1473 1143 1530 taliNabuchodonosor:
1177 1471 1602 1543 etquostradidi,
1630 1471 1824 1541 inquit,
1859 1471 2095 1536 Satanae,

495 1577 551 1622 ut
581 1568 784 1621 discant
815 1583 918 1619 non
950 1566 1308 1637 blasphemare
1332 1565 1372 1636 (Ι
1416 1564 1550 1618 Tim.
1581 1580 1619 1630 1,
1647 1563 1742 1635 20)
1764 1606 1777 1630 ,
1803 1563 2099 1634 Apostolus

495 1662 565 1718 de
592 1662 717 1717 aliis
751 1661 1147 1731 peccatoribus.
1174 1661 1309 1715 Puta
1342 1671 1603 1729 quantum
1631 1659 1836 1714 malum
1861 1667 1942 1714 est
1971 1674 2100 1728 pec—

2149 463 2154 472 ·
2185 441 2255 498 ad
2283 455 2409 497 eum
2440 443 2744 513 reperimus
2777 441 2921 497 hunc
2949 441 3151 497 dictum
3183 457 3310 498 esse
3346 459 3684 499 sermonem.
3719 445 3785 498 Et

2185 536 2313 606 quid
2345 551 2432 591 me
2461 551 2692 592 necesse
2719 547 2803 592 est
2837 552 2936 606 per
2964 537 3208 608 singulos
3235 537 3789 594 curreretleremias

2187 631 2520 700 praecipuum
2553 629 2699 686 inter
2728 640 2957 686 cunctos
2978 643 3308 686 consecutus
3332 639 3417 685 est
3445 631 3675 696 donum,
3708 630 3792 684 di-

2189 731 2350 778 cente
2377 722 2641 778 Domino:
2678 723 3000 795 Priusquam
3019 734 3067 778 te
3091 724 3404 795 ptumorum
3426 726 3480 777 in
3511 731 3655 777 utero
3674 723 3795 777 noui

2189 822 2236 868 te
2257 830 2277 868 .°
2299 823 2347 869 et
2371 815 2671 887 priusquam
2693 815 2859 871 emires
2877 815 2941 870 de
2964 818 3139 882 uulua,
3166 816 3486 884 sanctiﬁcuvi
3514 825 3581 869 te.
3608 815 3796 888 Neque

2191 921 2322 962 vero
2352 908 2669 976 ignoramus
2697 907 2962 978 quosdam
3015 923 3142 964 esse
3191 909 3285 979 qui
3333 909 3441 963 ista
3500 909 3740 964 referant
3783 949 3798 974 ,

2193 1001 2351 1071 quasi
2367 1010 2389 1037 ε
2405 1000 2614 1072 majora
2644 1001 2905 1069 Ieremia,
2921 1013 3090 1072 super
3105 1001 3592 1058 Salvatorenostro
3615 1011 3670 1057 et
3689 1001 3799 1056 Do-

2195 1094 2342 1148 mino
2369 1094 2492 1148 lesu
2519 1095 2738 1150 Christo
2763 1112 2778 1148 :
2811 1095 3208 1166 sciendumque
3229 1095 3467 1167 plurima
3489 1109 3559 1150 ex
3573 1094 3657 1149 his
3675 1107 3804 1150 esse

2194 1201 2314 1255 qua:
2333 1185 2494 1258 747
2511 1196 2734 1256 possunt
2751 1187 3017 1244 Salvatori
3029 1189 3348 1253 convenire,
3369 1203 3492 1259 quae
3510 1188 3674 1243 etiam
3700 1201 3806 1242 nos

2196 1277 2626 1349 interpellemus.
2652 1280 2830 1336 Pauca
2853 1289 3034 1336 autem
3057 1295 3252 1336 eorum
3270 1297 3392 1352 quae
3412 1280 3482 1335 ad
3503 1279 3806 1336 Jeremiam

2198 1372 2340 1428 dicta
2365 1383 2509 1436 sunt,
2542 1381 2825 1429 coarctant
2845 1372 3206 1441 intellectum,
3238 1375 3398 1446 quasi
3427 1390 3533 1430 non
3565 1375 3806 1444 possint,

2198 1475 2255 1522 ut
2281 1467 2467 1538 plures
2497 1468 2846 1537 existimant,
2869 1467 2938 1524 ad
2969 1468 3257 1524 Dominum
3285 1467 3502 1525 referri.
3523 1468 3658 1536 Qua»
3675 1477 3816 1524 sum

2200 1576 2331 1632 ergo
2357 1577 2477 1632 quae
2505 1571 2734 1632 possunt
2773 1565 3070 1619 convenire
3105 1563 3371 1618 Domino?
3401 1562 3482 1616 Ad
3525 1579 3698 1618 omnes
3738 1563 3813 1617 ad

2200 1669 2546 1723 quoscumque
2565 1655 2768 1708 mittam
2797 1663 2865 1719 te,
2890 1655 2985 1708 ibis
3002 1671 3022 1709 :
3049 1663 3096 1709 et
3127 1655 3300 1710 omnia
3324 1670 3440 1725 qua:
3467 1656 3659 1708 mando
3691 1654 3813 1719 tibi,

493 1770 643 1823 care,
669 1761 729 1808 ut
749 1753 775 1792 δ
807 1754 1087 1808 tradantur
1117 1754 1334 1808 Satanze
1353 1753 1652 1822 captivanti
1680 1753 1894 1808 animos
1913 1767 2101 1808 eorum
2135 1745 2179 1804 Β
2209 1747 2450 1818 loqueris.
2485 1748 2568 1802 Ne
2591 1749 2822 1803 timeasa
2851 1749 3194 1820 facieeorum,
3227 1751 3348 1820 quia
3370 1765 3462 1821 ego
3484 1759 3648 1803 tecum
3666 1766 3814 1815 sum,

495 1851 586 1921 qui
607 1849 984 1919 relinquuntur
999 1863 1027 1904 a
1043 1843 1298 1904 Deo.Non
1315 1843 1481 1920 7‘6
1504 1848 1620 1903 sine
1633 1857 1796 1903 causa
1811 1855 2106 1908 autemme-

496 1958 602 2014 que
616 1942 949 2013 sinejudicio
969 1954 987 1980 υ
1008 1944 1148 1997 Deus
1163 1942 1564 2012 relinquitquos
1579 1939 1943 1997 deserit.Cum
1958 1937 2105 1994 enim

500 2035 712 2091 miserit
731 2037 967 2106 pluviam
994 2051 1159 2106 super
1185 2034 1425 2103 vineam,
1456 2045 1512 2090 et
1538 2034 1694 2089 vinea
1722 2048 1820 2104 pro
1839 2048 1938 2087 uva
1965 2039 2106 2087 attu-

502 2127 631 2182 lerit
655 2127 874 2197 spinas,
907 2127 1035 2198 quid
1067 2127 1252 2192 faciet,
1285 2127 1389 2181 nisi
1423 2135 1482 2181 ut
1502 2125 1726 2181 mandet
1754 2125 2010 2190 nubibus,
2039 2139 2108 2180 ne

495 2219 690 2291 plnant
722 2231 888 2290 super
917 2233 1036 2276 eam
1070 2219 1339 2275 imbrem?
1371 2220 1719 2290 Quapropter
1775 2219 1828 2273 in
1859 2218 2109 2289 proximo

495 2325 586 2368 est
620 2323 844 2382 propter
870 2309 1066 2368 delicta
1097 2323 1303 2377 nostra,
1336 2325 1566 2382 quorum
1603 2309 1762 2365 nobis
1790 2310 1996 2365 conscii
2021 2323 2112 2364 su-

513 2419 658 2472 mas,
696 2413 750 2460 et
773 2419 875 2460 nos
899 2403 1188 2475 captivari.
1218 2399 1484 2459 Futurum
1517 2413 1600 2459 εει
1627 2403 1771 2458 enim
1798 2443 1814 2471 ,
1847 2409 1907 2457 ut
1930 2400 2114 2456 trada-

509 2513 654 2566 mnr,
679 2500 723 2554 si
757 2513 868 2553 non
922 2497 1198 2568 egerimus
1229 2499 1604 2568 paenitentiam
1631 2544 1645 2568 ,
1680 2493 2113 2552 Nabuchodono-

503 2601 635 2660 sor,
685 2601 847 2663 atque
884 2589 1226 2664 Babyloniis,
1261 2592 1352 2663 qui
1386 2607 1484 2648 nos
1537 2591 1871 2647 sensibiliter
1919 2606 2113 2646 excru-

503 2686 674 2742 cient.
728 2685 852 2741 istis
893 2685 1005 2756 jam
1058 2683 1430 2756 adiacentibus
1459 2727 1472 2751 ,
1507 2697 1792 2741 sermones
1820 2683 2115 2755 propheta-

505 2789 628 2833 rum
649 2824 661 2847 ,
697 2789 986 2834 sermones
1017 2779 1212 2848 Legis,
1245 2790 1534 2835 sermones
1565 2779 1972 2848 Apostolorum,
1999 2787 2114 2834 ser-

513 2879 703 2925 mones
727 2869 894 2926 ctiam
922 2869 1129 2925 Domini
1153 2879 1208 2925 et
1230 2863 1534 2926 Salvatoris
1559 2871 1734 2925 no‘stri
1757 2869 1890 2926 Jesu
1912 2863 2114 2926 Christi

513 2963 814 3019 hortantur
842 2963 910 3018 ad
953 2962 1334 3033 ptenitentiam
1367 3005 1380 3030 ,
1428 2973 1736 3033 provocant
1764 2961 1830 3018 ad
1859 2959 2114 3018 salutem.

512 3053 572 3112 Si
601 3066 782 3112 autem
813 3055 1166 3122 audierimus,
1201 3057 1475 3112 credimus
1502 3057 1555 3112 ei
1584 3059 1676 3128 qui
1707 3053 1886 3112 dixit:
1925 3053 1990 3110 Et
2021 3073 2116 3130 ego

2209 1851 2263 1896 ut
2290 1855 2464 1897 eruam
2489 1847 2534 1897 te
2557 1857 2577 1897 ε
2605 1841 2734 1897 dicit
2775 1841 3031 1898 Dominus
3059 1843 3199 1914 (Jer.
3233 1859 3250 1898 ι
3275 1881 3289 1909 ,
3319 1841 3348 1896 7
3371 1888 3385 1912 ,
3414 1842 3494 1914 8).
3540 1843 3649 1898 Nec
3677 1841 3816 1896 dum

2211 1937 2310 1992 ista
2343 1938 2519 1993 otiose
2549 1938 2806 1993 videntur
2846 1937 2913 1992 ad
2954 1938 3297 1994 Salvatorem
3328 1935 3558 1993 referri:
3590 1952 3652 1992 ea
3678 1952 3822 1992 vero

2209 2043 2328 2102 quae
2358 2041 2657 2102 sequuntur
2683 2050 2694 2086 ε
2729 2031 2976 2086 Extendit
3006 2030 3265 2085 Dominus
3298 2047 3506 2085 manum
3547 2047 3697 2084 suam
3724 2030 3806 2085 ad

2213 2141 2292 2177 me
2316 2166 2330 2192 ,
2361 2134 2408 2179 et
2431 2126 2593 2195 tetigit
2619 2141 2675 2179 os
2705 2141 2895 2189 meum,
2923 2135 2973 2179 et
3000 2125 3131 2178 dian‘t
3161 2124 3412 2179 Dominus
3441 2124 3509 2177 ad
3531 2140 3642 2178 me:
3673 2123 3823 2179 Ecce

2213 2214 2334 2270 dedi
2371 2233 2631 2270 sermones
2661 2232 2796 2270 meos
2819 2218 2872 2270 in
2891 2225 3138 2281 ostuum;
3165 2232 3283 2271 ecce
3304 2217 3551 2270 constitui
3578 2227 3622 2270 te
3651 2217 3822 2270 hodie

2212 2319 2370 2380 super
2399 2318 2575 2380 gentes
2604 2316 2652 2360 et
2678 2321 2859 2380 regna,
2893 2309 3190 2375 eradicare,
3209 2315 3255 2361 et
3276 2307 3575 2379 disperdere
3599 2305 3654 2379 (Ι
3661 2323 3738 2362 er.
3775 2323 3823 2376 ι,

2212 2401 2268 2466 9,
2308 2402 2436 2470 10);
2467 2402 2537 2457 de
2557 2401 2797 2458 Jeremia
2829 2401 3108 2458 difficilem
3155 2401 3364 2458 faciunt
3399 2400 3830 2472 interpretatio-

2215 2509 2338 2548 nem
2367 2511 2379 2548 :
2417 2491 2434 2530 τ
2470 2508 2604 2564 quas
2632 2494 2779 2549 enim
2804 2504 2994 2566 gentes
3025 2494 3327 2550 et'adiun'it
3355 2493 3662 2550 Jeremiss?
3687 2508 3830 2564 qua:

2220 2602 2387 2656 regna
2417 2587 2726 2654 subvertit,
2761 2597 2818 2642 ut
2845 2587 3042 2644 merito
3065 2589 3116 2644 ei
3141 2587 3348 2642 dictum
3383 2587 3456 2642 sit
3483 2603 3495 2640 :
3529 2585 3661 2640 Ecce
3685 2603 3828 2643 coss-

2215 2683 2360 2735 stitui
2406 2691 2453 2736 te
2481 2681 2635 2736 hodie
2661 2699 2814 2750 super
2843 2692 3015 2755 gentes
3057 2691 3102 2736 et
3130 2698 3286 2752 super
3313 2698 3474 2755 regna
3505 2682 3778 2737 erudirere
3809 2724 3828 2752 ,

2215 2785 2263 2830 et
2287 2773 2547 2844 su/fodere
2571 2777 2595 2829 ?
2634 2790 2797 2846 quam
2833 2755 3022 2829 habuit
3049 2785 3372 2844 potestatem
3398 2774 3464 2828 ad
3488 2773 3828 2844 disperden-

2215 2859 2368 2935 dum,
2399 2880 2455 2923 ut
2478 2868 2748 2924 audierit:
2776 2876 2823 2922 et
2846 2863 3182 2939 disperdere?
3201 2866 3348 2934 Quos
3376 2881 3512 2921 vero
3535 2874 3559 2912 ε
3581 2863 3802 2920 aedifica
3818 2897 3835 2906 -

2218 2963 2334 3028 vit,
2365 2971 2422 3018 ut
2461 2970 2864 3031 consequenter
2913 2960 3178 3027 addatur,
3224 2959 3524 3028 wdiﬁcare?
3549 2958 3836 3015 Jeremias

2217 3051 2354 3110 dixit
2383 3071 2395 3108 :
2431 3053 2553 3109 Non
2577 3055 2773 3125 profui,
2801 3071 2962 3122 neque
2975 3054 3175 3126 profuit
3199 3053 3326 3106 mihi
3351 3052 3542 3123 aliquis
3565 3068 3584 3106 :
3613 3062 3839 3120 etquo-

516 3151 865 3222 pmnitentiam
893 3165 1047 3223 agant
1073 3150 1136 3204 de
1169 3149 1403 3203 omnibus
1429 3151 1600 3218 malis,
1626 3166 1741 3220 qum
1770 3149 1971 3204 locutus
2001 3165 2117 3202 sum
2137 3132 2189 3196 Ὀ
2221 3150 2384 3206 modo
2424 3147 2549 3204 data
2584 3159 2671 3206 est
2700 3151 2748 3205 ei
2780 3147 3074 3204 ίιτάἱῐὶοέιιίο
3101 3157 3266 3217 atque
3297 3146 3609 3216 plantatin?
3639 3145 3776 3200 llaec
3814 3189 3830 3213 ,

519 3247 692 3315 facere
723 3244 792 3297 eis
824 3241 959 3314 (Jer.
991 3256 1120 3298 xvut
1153 3285 1166 3307 ,
1209 3239 1293 3313 ‘8).
1332 3243 1396 3297 Et
1417 3243 1533 3298 ili“)
1559 3241 1780 3314 quidem
1829 3243 1882 3297 in
1927 3240 2119 3297 Prore-

517 3339 707 3392 mium.
738 3335 1212 3408 POStprommium
1236 3345 1417 3392 autem
1441 3337 1514 3392 ita
1540 3337 1804 3409 scriptum
1836 3345 1921 3392 est
1943 3354 1958 3390 :
1981 3333 2119 3390 Fac-

519 3442 599 3486 tus
639 3439 714 3486 est
751 3431 961 3486 Domini
989 3447 1155 3487 sermo
1192 3433 1261 3485 ad
1287 3450 1403 3487 eum
1430 3449 1446 3485 :
1479 3441 1692 3487 certum
1744 3443 1830 3489 est
1875 3434 2000 3504 quia
2049 3431 2120 3487 ad

520 3523 832 3582 J'eremiam.
869 3523 1011 3593 Quid
1042 3524 1175 3580 dicit
1215 3539 1396 3580 sermo
1431 3525 1648 3580 Domini
1683 3525 1752 3580 ad
1781 3543 1903 3580 cum
1930 3525 1953 3581 ‘t
1985 3539 2122 3596 pra:-

522 3618 740 3689 cipuum
765 3616 835 3673 ab
861 3619 1116 3673 omnibus
1145 3633 1265 3688 qua:
1297 3615 1586 3688 prophetis
1613 3617 1759 3674 dicta
1785 3631 1917 3674 sunt
1957 3630 2120 3676 caele-

521 3715 622 3770 ris.
657 3714 771 3768 Hoc
795 3714 939 3770 enim
969 3725 1268 3784 numquam
1294 3714 1360 3768 ad
1394 3711 1563 3768 ullum
1593 3711 1979 3783 prophetarum
2011 3715 2124 3771 dic-

527 3817 639 3862 tum
687 3807 1022 3862 invenimus.
1076 3803 1352 3862 Abraham
1389 3805 1414 3843 ά
1457 3801 1722 3876 propheta
1782 3817 2124 3875 nuncupatus

526 3908 631 3964 est,
663 3899 716 3953 in
761 3913 828 3954 eo
869 3895 1010 3969 quod
1041 3898 1279 3953 dicitur:
1314 3897 1580 3969 Propheta
1607 3909 1684 3952 est
1707 3939 1721 3958 .
1758 3905 1806 3952 et
1835 3899 2001 3951 orabit
2030 3913 2124 3970 pro

526 4003 572 4047 te
596 3989 752 4062 ('Gen.
787 4006 879 4060 xx,
909 3991 1000 4061 7):
1035 3999 1092 4045 et
1137 3997 1318 4045 tamen
1367 4007 1474 4045 non
1506 3989 1644 4045 dixit
1671 3985 1737 4044 ad
1782 4006 1903 4045 cum
1941 3989 2123 4045 Deus:

533 4083 850 4152 Priusquam
876 4093 923 4136 te
961 4081 1278 4152 plasmarem
1320 4083 1371 4136 in
1399 4091 1578 4149 utero,
1611 4083 1730 4135 novi
1756 4093 1833 4137 te:
1867 4093 1914 4136 et
1946 4081 2127 4154 prius-

532 4191 684 4250 quam
712 4177 873 4232 etm'res
903 4175 964 4230 de
989 4179 1140 4228 vulva
1166 4218 1179 4243 ,
1217 4175 1540 4244 sanctiﬁcavi
1571 4183 1618 4229 te
1663 4173 1800 4243 (Jcr.
1835 4192 1880 4241 ι,
1912 4173 1988 4248 5).
2019 4177 2128 4234 Sed

533 4283 722 4346 postea
770 4272 821 4326 in
872 4277 1124 4326 extremo
1164 4269 1277 4339 jam
1331 4277 1574 4340 tempore
1629 4268 2003 4326 sanctificatus
2045 4280 2129 4328 est

535 4359 831 4431 Abraham,
861 4360 1079 4434 quando
1107 4371 1358 4431 egressus
1405 4368 1487 4415 est
1517 4360 1583 4415 de
1615 4372 1758 4416 terra
1797 4377 1894 4417 sua
1927 4404 1940 4428 ,
1980 4375 2030 4419 et
2061 4364 2129 4421 de

532 4459 858 4531 cognatione
901 4465 1024 4523 sua,
1051 4465 1111 4510 et
1135 4453 1209 4509 'de
1235 4452 1397 4509 dOmo
1420 4454 1594 4525 patris
1616 4455 1698 4510 sui
1727 4451 1883 4529 (Gen.
1912 4472 1984 4512 xn
2009 4500 2022 4524 ,
2052 4455 2125 4530 l).

610 4694 635 4721 ἰ
676 4682 822 4740 Idem
847 4697 975 4748 ms.,
1006 4682 1253 4752 quiddam
1281 4683 1644 4737 necessarium.

603 4755 632 4795 Ῑ)
677 4755 913 4811 Rursum
947 4754 1086 4808 idem
1114 4773 1247 4818 lilS.,
1278 4754 1498 4818 tradar;
1531 4756 1604 4812 ai.
1639 4755 1831 4808 tradat.

613 4841 634 4866 ε
679 4829 776 4882 Ms.
803 4828 866 4881 lt.
894 4825 986 4881 Dei
1012 4826 1380 4896 relinquentis;
1410 4825 1478 4879 al.
1506 4823 1614 4880 Deo
1643 4828 1977 4895 relinquente.

615 4896 642 4934 ἀ
679 4899 818 4964 Quin
843 4910 899 4954 et
916 4897 1430 4969 Adamolpsitocum
1457 4897 1598 4953 inter
1622 4901 1912 4968 prophetas
1935 4898 2125 4953 tribuit

543 4969 801 5040 Origenes
847 4967 1205 5026 commentor.
1255 4973 1308 5023 in
1361 4967 1803 5026 Cantic.:’lnter
1847 4970 2126 5041 prophetas

541 5053 710 5114 autem
760 5053 1054 5114 muneratur
1085 5055 1129 5094 et
1159 5043 1346 5105 Adam,
1380 5043 1498 5114 quia
1541 5059 1782 5114 magnum
1825 5043 2127 5114 mysterium

543 5113 865 5185 prophetarit
897 5113 950 5164 in
991 5110 1194 5167 Christo
1216 5156 1230 5178 ,
1265 5125 1310 5166 et
1347 5110 1400 5166 in
1439 5110 1670 5166 Ecclesia
1700 5157 1712 5178 ,
1749 5110 1960 5167 dicens:
1993 5111 2130 5168 Pro-

546 5183 656 5250 pter
673 5183 768 5238 hoc
797 5185 1042 5255 relinquet
1068 5189 1216 5237 homo
1245 5195 1438 5254 patrem
1467 5202 1617 5237 suum
1644 5197 1690 5239 et
1717 5195 1931 5238 matrem
1959 5201 2130 5250 suam,

540 5265 587 5309 et
609 5256 888 5310 adhwrebit
936 5258 1084 5310 uxori
1111 5271 1222 5309 sua:
1246 5300 1260 5324 ,
1291 5266 1337 5309 et
1365 5264 1513 5308 erunt
1553 5257 1700 5309 ambo
1731 5257 1784 5310 in
1813 5263 1968 5310 carne.
2000 5273 2126 5309 una.

543 5327 825 5382 Evidenter
855 5327 987 5398 enim
1013 5327 1077 5380 de
1099 5327 1179 5381 his
1205 5326 1353 5398 dictis
1366 5329 1477 5396 ejus
1503 5326 1626 5379 dicit
1653 5325 1929 5398 Apostolus
1957 5364 1983 5398 ,ν
2005 5329 2132 5397 quia

543 5393 957 5470 mysteriumhoc
991 5411 1239 5470 umquam
1261 5397 1346 5462 sit,
1378 5393 1468 5468 ego
1493 5405 1665 5452 autem
1694 5393 1811 5451 dico
1841 5400 1894 5452 in
1925 5393 2130 5454 Christo

541 5469 670 5525 etin
709 5469 963 5523 Ecclesia.
997 5469 1262 5524 Hunnus.

622 5551 643 5578 ε
687 5542 886 5597 Locum
917 5557 1017 5596 nos
1049 5541 1472 5596 emaculavimns
1494 5582 1506 5602 ,
1537 5549 1850 5612 cmn_antea
1869 5537 2128 5611 blasphe-

550 5628 636 5666 mo
665 5613 778 5668 fere
807 5627 966 5684 sensu
985 5622 1151 5678 esset,
1180 5613 1327 5676 quasi
1360 5613 1526 5684 major
1553 5612 1615 5667 sit
1641 5607 1889 5666 Ieremia.
1922 5607 2129 5668 Monuit

544 5696 697 5746 vero,
731 5684 833 5755 qui
879 5683 1001 5739 huic
1031 5685 1361 5739 monimenta
1395 5683 1446 5737 in
1483 5685 1806 5749 pervetustis
1852 5687 2129 5755 magisque

548 5754 850 5809 emendatis
887 5755 1046 5810 codd.
1080 5757 1210 5810 olim
1240 5755 1368 5824 legit
1403 5797 1415 5818 ,
1462 5756 1714 5812 [tabanus
1741 5798 1756 5824 ,
1793 5771 1857 5812 ac
1901 5754 2125 5813 totidem

547 5824 723 5881 verbis
741 5824 1058 5884 describens
1072 5825 1186 5883 suis
1213 5825 1266 5884 in
1289 5824 1580 5884 Jcrcmiam
1608 5827 2015 5889 commentariis
2043 5829 2128 5887 in-

2223 3251 2281 3297 ut
2307 3241 2575 3306 diximus,
2606 3243 2672 3296 atl
2716 3241 3058 3296 Salvatorem
3089 3239 3262 3294 relata
3292 3254 3401 3293 non
3430 3247 3708 3294 coarctant
3737 3237 3836 3292 in-

2227 3327 2642 3406 terpretantem.
2672 3334 2940 3390 Jercmias
2957 3334 3099 3388 enim
3133 3332 3187 3386 in
3219 3330 3338 3386 istis
3353 3330 3650 3386 Salvatoris
3685 3329 3838 3400 ligu-

2224 3447 2278 3484 ra
2311 3439 2415 3484 est.
2441 3427 2546 3484 Sed
2571 3439 2623 3484 et
2646 3445 2706 3484 ea
2734 3444 2856 3499 qua:
2897 3434 3230 3497 sequuntur,
3265 3433 3316 3478 et
3345 3422 3453 3496 [AL
3477 3421 3663 3496 etiam]
3694 3422 3842 3478 doc-

2225 3524 2436 3579 tissimo
2467 3522 2670 3577 homini
2702 3521 3079 3577 difficultatem
3104 3518 3469 3588 expositionis
3499 3519 3837 3588 important,

2224 3616 2501 3688 quomodo
2525 3607 3054 3687 possintcongruere
3077 3609 3344 3666 Domino:
3379 3609 3446 3664 Et
3471 3611 3584 3665 dixi
3606 3626 3624 3663 :
3649 3607 3674 3645 ι·
3694 3607 3840 3674 Quis

2225 3729 2300 3780 es,
2323 3713 2636 3778 dominator,
2667 3711 2908 3778 Domine,
2935 3727 3046 3765 ecce
3073 3714 3401 3784 neuioquui
3417 3706 3548 3783 (lor.
3570 3706 3840 3774 μϐ).ρυί

2227 3819 2312 3862 est
2360 3807 2629 3877 sapientia
2653 3847 2668 3872 ,
2703 3807 2792 3876 qui
2823 3816 2908 3860 est
2934 3809 3107 3862 virtus
3154 3808 3277 3874 Dei,
3306 3807 3361 3861 in
3399 3819 3506 3876 quo
3543 3799 3842 3874 plenitudo

2229 3897 2527 3953 divinitatis
2559 3899 2828 3954 inhabitat
2857 3899 3216 3967 corporaliter
3249 3898 3447 3970 (Catos.
3483 3910 3542 3958 ll,
3575 3891 3630 3964 9)
3650 3933 3664 3954 ,
3693 3905 3846 3961 quo-

2230 3993 2394 4049 modo
2417 3995 2540 4048 huic
2566 3994 2740 4063 aptari
2766 4002 2942 4062 potest
2969 4010 2981 4046 :
3011 3991 3204 4046 Nescio
3232 3990 3420 4064 loqui?
3452 3984 3560 4046 Sed
3585 3996 3636 4042 et
3661 3985 3842 4040 illud:

2236 4085 2370 4153 Quia
2389 4085 2598 4157 juvenis
2643 4100 2737 4156 ego
2788 4100 2940 4138 sum:
2969 4081 3319 4140 iuterciditur
3352 4081 3366 4120 ί
3406 4081 3498 4147 ei,
3532 4077 3684 4150 quasi
3717 4091 3842 4131 non

2235 4177 2372 4234 bene
2403 4176 2766 4246 responderit.
2795 4176 2852 4232 Si
2881 4177 3084 4233 etenim
3119 4177 3171 4232 ei
3203 4177 3340 4232 dicit
3359 4173 3663 4230 Dominus:
3696 4167 3849 4224 Noli

2234 4269 2441 4335 dicere,
2476 4272 2597 4342 quia
2628 4271 2838 4344 juvenis
2871 4287 2988 4325 sum
3009 4269 3405 4336 “manifestum
3428 4276 3513 4322 est
3537 4265 3688 4338 quasi
3721 4281 3846 4322 non

2235 4363 2376 4420 bene
2405 4363 2677 4420 dicentem
2707 4364 2876 4420 fuisse
2923 4361 3347 4433 reprehensum.
3379 4362 3506 4418 itare
3551 4367 3680 4415 sunt
3708 4376 3846 4429 qua:

2233 4453 2508 4514 Salvatori
2532 4458 2786 4514 videntur
2817 4473 2923 4514 non
2955 4459 3275 4516 convenire.
3308 4451 3600 4529 Superiora
3643 4459 3843 4510 autem

2148 4684 2199 4745 D
2225 4682 2428 4740 seruit:
2459 4696 2527 4738 ex
2571 4698 2682 4754 quo
2705 4691 2765 4738 et
2791 4695 2894 4739 nos
2929 4683 3299 4753 reposuimus,
3333 4682 3484 4752 quasi
3511 4683 3714 4754 majora
3740 4676 3849 4734 Je-

2231 4757 2414 4809 remia.
2441 4755 2548 4811 Sed
2579 4752 2634 4810 et
2655 4755 2878 4811 Graecus
2897 4752 3150 4824 Origenis
3171 4764 3350 4809 textus
3381 4755 3459 4808 sic
3484 4752 3738 4823 praiert:
3761 4757 3848 4816 uti;

2235 4831 2441 4902 μείζονα
2463 4829 2879 4902 Ἰερεμίτζυηηοη
2910 4830 2978 4888 ὡς
2999 4826 3471 4902 μείςῳγ-Ἰερεμίαᾳ

2311 4899 2328 4938 ί
2363 4893 2642 4954 ltitersern
2668 4893 2922 4953 [tabanus
2950 4893 3107 4968 quasi
3137 4893 3452 4968 Hieronymi
3472 4895 3633 4950 verba
3671 4912 3684 4948 :
3711 4893 3852 4949 Nisi

2237 4974 2370 5042 forte
2393 4972 2716 5045 accipiamus
2743 4971 3008 5045 comedo,
3041 4983 3154 5045 quo
3174 4984 3335 5041 supra
3365 4968 3625 5045 diritatis,
3658 4975 3714 5045 ut
3748 4981 3853 5019 ac-

2237 5043 2424 5115 ceperit
2448 5047 2498 5096 in
2526 5058 2686 5096 manu
2709 5042 3076 5115 calicem'meri
3099 5043 3330 5115 plenum,
3354 5051 3401 5094 et
3415 5042 3596 5110 jussus
3627 5042 3692 5091 sit
3715 5054 3854 5107 pro-

2238 5113 2420 5186 pinare
2447 5116 2640 5168 cunnis
2689 5116 2742 5168 in
2772 5113 2990 5169 circuitu
3022 5113 3342 5180 nationibus,
3370 5127 3491 5182 qua:
3521 5122 3700 5164 tamen
3734 5125 3851 5168 nec

2240 5189 2290 5237 in
2322 5186 2514 5241 Gra'co
2542 5196 2760 5240 Sonam.

2303 5266 2331 5303 ε
2371 5256 2599 5312 Ηιιθιίιιε
2623 5257 2877 5323 Quantam
2903 5273 3018 5311 vero
3048 5297 3063 5321 ,
3105 5269 3228 5312 cum
3269 5263 3326 5310 et
3356 5266 3459 5308 ms.
3499 5250 3636 5322 Reg.
3667 5264 3852 5321 penes

2235 5329 2508 5400 eumdem,
2538 5341 2592 5384 et
2619 5329 2899 5396 Rebeilus,
2921 5345 3059 5400 quos
3080 5343 3198 5383 uero
3225 5327 3410 5396 legant
3431 5341 3450 5378 :
3471 5324 3848 5400 quorundum-

2236 5399 2384 5460 dum,
2419 5409 2472 5454 et
2502 5400 2695 5456 Graeco
2720 5395 2896 5456 textu"
2919 5395 3416 5469 s'ulfragante,rnos
3469 5395 3847 5469 reposuimus.

2309 5469 2338 5507 ιι
2379 5472 2790 5537 ldemretinuit,
2815 5477 2928 5540 quis
2952 5487 3036 5526 es:
3065 5465 3279 5526 monuit
3301 5483 3431 5524 vero
3451 5465 3848 5539 reponendum

2233 5543 2420 5614 quies,
2451 5554 2509 5600 ut
2537 5556 2595 5600 et
2627 5544 2883 5600 [tabanus
2930 5543 3190 5614 restituit.

2313 5613 2327 5652 ί
2372 5617 2542 5672 Antea
2563 5629 2682 5672 erat
2711 5617 3039 5670 interdicitur
3065 5613 3202 5669 enim
3231 5613 3401 5684 otiosi,
3433 5619 3544 5667 etc.
3571 5609 3682 5684 [ius
3709 5623 3850 5664 cum

2234 5685 2367 5755 Reg.
2400 5704 2529 5743 mss.
2566 5699 2620 5743 et
2663 5688 2887 5743 Rabano
2919 5687 3145 5758 legimus
3162 5686 3208 5740 ei
3239 5681 3339 5758 pro
3368 5685 3554 5758 enim._
3573 5681 3854 5758 [tabanus

2232 5753 2493 5884 praeterea
2523 5761 2616 5831 qui
2641 5775 2743 5830 pro
2787 5759 2938 5831 quasi
2965 5753 3156 5823 liabet;
3185 5753 3282 5814 sed
3309 5756 3470 5813 estin
3511 5753 3738 5810 Graeco:
3775 5756 3857 5816 ὡς

2261 5850 2464 5884 ενθντα.

2261 5850 2464 5904 sponsu.
