4128 6346
343 298 453 352 589

911 294 1348 353 TRANSLATfO
1387 295 1822 358 IIOMILIARUM
1859 293 2188 354 ORIGENIS
2227 299 2292 354 IN
2334 301 2706 358 JEBEMIAM.
2748 302 2914 359 HOM.
2957 304 3000 359 Ι.

3531 307 3638 362 5ὐο

333 415 489 470 facili
515 413 796 472 intellectu
824 414 890 470 ad
919 430 1040 470 eum
1071 414 1404 471 referuntur.
1445 415 1634 470 Dicere
1675 431 1805 472 vero
1830 414 1930 469 alia
1959 417 2015 476 Δ
2038 414 2370 486 conjungere
2421 418 2734 474 Salvatori?
2763 420 2864 474 Det
2894 421 3028 476 mihi
3071 420 3444 476 testimonium
3487 429 3641 476 vetus

333 521 510 575 super
533 505 774 562 Ieremia
802 549 817 575 ,
862 507 964 562 alia
994 521 1157 575 super
1201 507 1485 562 Salvatore
1531 505 1938 576 interpretanda

334 597 511 670 748
533 613 802 664 esse,non
833 598 1127 670 pessimum
1152 607 1255 656 est.
1275 599 1381 656 Sed
1414 600 1504 667 qui
1528 599 1670 655 bene
1699 599 1943 668 Scriptu—

333 709 434 748 ras
460 708 625 750 nosse
650 701 903 758 conatur,
939 693 1293 750 vehementer
1315 695 1368 748 in
1390 694 1497 750 isto
1525 694 1749 750 instabit
1784 694 1904 750 loco
1925 733 1940 759 ,

331 787 535 842 videns
562 786 664 842 sub
691 802 800 844 uno
827 796 978 842 textu
1008 788 1280 844 sermonis
1297 787 1472 844 dividi
1494 786 1828 844 intellectum
1855 827 1865 849 .
1890 795 1945 842 et

333 882 476 943 dici.
509 884 625 938 haec
652 927 665 950 ,
705 886 960 952 quoniam
996 889 1208 940 minora
1245 894 1374 940 sunt
1399 926 1413 950 ,
1457 899 1563 942 non
1615 886 1945 942 conveniunt

331 974 644 1044 Salvatori,
672 979 768 1034 sed
799 978 1057 1034 let-emite
1085 998 1096 1032 :
1126 979 1216 1034 illa
1256 995 1410 1048 vero,
1439 982 1694 1047 quoniam
1737 980 1944 1050 majora

333 1081 494 1136 sunt,
531 1084 639 1125 non
664 1070 949 1138 Jercmite,
973 1071 1072 1128 sed
1099 1071 1339 1128 Christo.
1371 1073 1729 1129 Obidcnncta
1759 1090 1859 1128 nos
1879 1074 1944 1128 ad

329 1159 640 1218 Jeremiam
669 1164 874 1220 referre
896 1165 1258 1222 tentabimus:
1305 1165 1410 1222 hoc
1439 1175 1523 1223 est
1545 1209 1559 1230 ,
1601 1176 1658 1222 et
1681 1184 1742 1221 ea
1775 1210 1787 1232 ,
1825 1185 1944 1237 qua:

331 1269 470 1312 cum
521 1256 733 1325 majora
781 1260 922 1322 sint,
967 1260 1218 1316 videntur
1242 1259 1613 1316 conditionem
1641 1263 1758 1331 ejus
1787 1277 1950 1317 exce-

335 1347 502 1404 dere.
536 1346 878 1419 Quicumque
909 1365 935 1402 a
970 1351 1083 1406 Deo
1117 1351 1333 1420 accepit
1359 1352 1554 1418 verba,
1584 1369 1802 1408 sumens
1825 1368 1948 1422 gra-

339 1439 479 1497 tiam
525 1441 767 1500 caelestis
797 1442 1038 1512 eloquii,
1071 1442 1276 1500 idcirco
1306 1459 1368 1500 ea
1401 1445 1600 1516 accipit
1629 1490 1642 1512 ,
1683 1456 1738 1500 ut
1782 1461 1944 1512 regna

333 1544 652 1606 gentesque
675 1536 918 1594 eradicet
951 1547 1117 1607 atque
1153 1538 1457 1596 subvertet.
1487 1540 1590 1595 Sed
1619 1556 1741 1596 cum
1773 1541 1949 1595 nomi-

339 1639 552 1686 nentur
571 1640 786 1699 gentes,
806 1640 862 1686 ct
883 1645 1071 1704 regna,
1103 1630 1286 1688 omnis
1305 1634 1396 1702 qui
1426 1634 1608 1690 divina
1645 1635 1805 1690 verba
1833 1650 1950 1691 sus-

337 1722 518 1792 cipit,
551 1723 680 1780 nolo
712 1737 837 1782 eum
888 1726 1254 1795 corporaliter
1303 1727 1608 1798 intelligere
1655 1745 1820 1800 regna
1849 1771 1863 1795 ,
1894 1740 1949 1785 et

2044 507 2452 565 Testamentum
2477 529 2488 564 :
2533 510 2668 578 Quia
2695 515 2996 584 priusquam
3020 524 3268 586 agnoscat
3298 531 3424 586 puer
3451 516 3640 570 bonum

2043 610 2130 657 aut
2154 603 2345 658 malum
2369 601 2522 674 (Isai.
2547 603 2777 672 vn,16),
2804 613 2860 659 et
2879 616 3098 662 cit-tera.
3133 608 3228 662 Det
3249 608 3412 662 etiam
3438 607 3634 662 Isaias:

2045 694 2180 751 Ecce
2217 696 2374 770 Virgo
2405 697 2657 767 concipiet
2685 697 2739 752 in
2767 706 2910 752 utero
2930 740 2944 763 ,
2974 710 3020 752 et
3049 699 3214 765 pariet
3240 700 3407 769 ﬁlium
3429 739 3444 765 ,
3476 711 3524 753 et
3551 716 3639 754 υο-

2043 793 2242 848 cabitur
2269 808 2450 846 nomen
2476 795 2588 863 ejus
2622 789 2927 848 Emmanuel
2959 791 3112 864 (lsai.
3144 809 3236 862 vn,
3280 795 3406 865 il):
3455 795 3640 863 ibique

2045 885 2298 941 additur:
2343 884 2656 956 Priusquam
2689 894 2962 955 cognoscat
2996 902 3143 955 puer.
3199 887 3256 944 Si
3283 895 3460 944 autem
3491 896 3546 942 et
3569 887 3639 944 de

2048 979 2345 1049 Evangelio
2370 979 2622 1048 accipere
2649 987 2867 1047 oportet
2901 977 3296 1046 teStitnonium,
3327 979 3484 1036 Jesus
3511 996 3636 1036 uec-

2047 1073 2175 1128 dum
2219 1074 2332 1137 vir,
2396 1071 2493 1128 sed
2537 1071 2718 1130 adhuc
2755 1070 2956 1136 infans,
2999 1071 3128 1141 quia
3167 1086 3226 1128 se
3264 1072 3644 1129 exinanit'erat

2049 1164 2280 1222 formam
2330 1166 2473 1220 servi
2521 1165 2798 1236 accipiens
2823 1207 2837 1231 ,
2893 1164 3211 1233 proﬁciebat
3244 1163 3398 1234 (an.
3433 1181 3488 1230 tt,
3523 1165 3637 1236 5‘2).

2047 1258 2219 1316 Nemo
2270 1271 2450 1316 autem
2498 1259 2751 1328 prolicit,
2796 1259 2886 1328 qui
2928 1267 3015 1316 est
3053 1257 3362 1328 perfectus;
3412 1259 3506 1314 sed
3555 1257 3648 1314 ille

2049 1352 2282 1422 prolicit,
2325 1352 2414 1422 qui
2457 1350 2667 1420 indiget
2694 1350 2961 1422 profectu.
2995 1348 3139 1420 Ergo
3169 1349 3488 1418 proﬁciebat
3517 1357 3649 1404 teta-

2051 1455 2125 1512 te,
2169 1445 2489 1517 proﬁciebat
2515 1444 2814 1516 sapientia,
2847 1443 3166 1516 proﬁciebat
3191 1443 3388 1514 gratia,
3425 1453 3480 1498 et
3508 1443 3648 1512 apud

2053 1539 2256 1605 Dettm,
2299 1550 2352 1594 et
2395 1539 2536 1609 apud
2589 1538 2859 1596 homines.
2910 1535 3046 1594 Nam
3082 1536 3130 1592 si
3178 1543 3539 1592 evacuaverat
3589 1549 3650 1591 se

2053 1633 2224 1701 ipsum
2247 1631 2315 1686 ad
2343 1646 2442 1686 nos
2471 1630 2848 1696 descendens,
2893 1638 2952 1692 et
2982 1644 3250 1686 evacuans
3282 1630 3525 1698 scipsum
3558 1643 3648 1684 re-

2051 1727 2280 1794 sumpsit
2321 1728 2514 1782 iterum
2559 1740 2621 1779 ea
2668 1723 2736 1780 de
2769 1723 2966 1792 quibus
3003 1738 3061 1778 se
3089 1722 3239 1796 prius
3267 1730 3649 1786 evacuaverat,

339 1823 561 1884 gentes,
585 1815 684 1872 sed
709 1815 1070 1874 considerans
1093 1818 1302 1874 animas
1326 1819 1604 1875 hominum
1639 1832 1662 1860 ει
1697 1833 1946 1890 regnatas
1977 1813 2027 1876 B
2053 1821 2179 1889 quid
2229 1819 2510 1890 indignum
2538 1825 2621 1872 est
2649 1817 2947 1887 proiecisse
2978 1832 3103 1872 eum
3130 1817 3396 1884 sapientia
3423 1859 3437 1882 ,
3468 1815 3652 1885 profe-

339 1921 372 1958 a
403 1916 655 1975 peccato,
685 1908 838 1977 juxta
869 1910 918 1962 id
951 1909 1097 1977 quod
1131 1911 1180 1964 in
1211 1910 1474 1979 Apostolo
1519 1913 1778 1984 scriptum
1823 1925 1946 1969 est:

345 1998 476 2054 Non
505 2011 682 2070 regnet
726 2018 845 2072 ergo
884 2012 1150 2074 peccatum
1190 2004 1242 2057 in
1280 2013 1446 2060 restro
1493 2006 1700 2061 mortali
1737 2023 1950 2074 corpore

341 2093 528 2160 (Rom.
561 2108 636 2156 vr,
664 2095 785 2164 12):
813 2094 1000 2150 videns
1025 2111 1239 2165 quoque
1265 2097 1465 2152 multas
1489 2101 1702 2168 species
1723 2100 1952 2156 delicto-

343 2202 470 2240 rum
515 2189 828 2257 allegorizet
855 2203 1020 2259 regna
1051 2199 1317 2257 etgentes
1357 2191 1496 2260 perb
1524 2194 1673 2247 varia
1702 2194 1899 2248 delicta
1929 2237 1943 2260 ,

344 2295 473 2347 qua:
525 2280 790 2336 humanas
821 2284 1033 2338 animas
1083 2282 1481 2352 possederunt:
1521 2296 1578 2341 et
1624 2286 1740 2344 htec
1790 2298 1952 2344 erunt

347 2387 476 2442 quae
502 2375 807 2430 evelluntur
827 2387 994 2445 atque
1021 2376 1381 2434 sull'odientur
1408 2395 1436 2433 a
1459 2383 1803 2438 sermonibus
1826 2383 1948 2450 Dei,

341 2469 443 2536 qui
473 2467 587 2524 dati
607 2478 736 2524 sunt
766 2470 881 2526 sive
909 2472 1189 2538 Ieremia),
1219 2477 1335 2531 sive
1363 2479 1581 2531 ctrtcris
1611 2479 1838 2532 sanctis.
1873 2479 1948 2533 lta

342 2561 463 2628 ﬁet,
495 2571 550 2619 ut
581 2563 753 2631 prima
785 2578 906 2634 quae
939 2582 1043 2620 non
1077 2567 1399 2623 vidi-bantur
1427 2585 1730 2639 congruere
1763 2571 1953 2628 Salva-

343 2653 478 2720 tori,
507 2654 578 2709 ab
599 2656 888 2712 Jeremiatn
915 2657 1262 2715 referantur:
1291 2664 1609 2718 etsecunda
1657 2665 1725 2718 ab
1768 2679 1834 2719 eo
1861 2665 1953 2735 qui

343 2747 452 2802 scit
482 2759 504 2787 ε
535 2748 764 2818 ﬁgurate
795 2752 935 2808 dicta
961 2769 1084 2824 qua:
1111 2755 1258 2810 dicta
1283 2767 1413 2812 sunt
1440 2802 1454 2825 ,
1485 2757 1742 2815 .leremite
1780 2759 1952 2829 depu-

355 2847 568 2896 tentur.

424 2935 581 2994 Dicet
607 2937 742 2993 mihi
766 2938 965 3009 aliquis
1016 2941 1349 3013 auditorum,
1385 2946 1547 3000 etiam
1584 2947 1745 3002 alium
1778 2948 1953 3014 pande

347 3044 696 3098 sermoent,
757 3041 814 3088 et
851 3045 1044 3091 cuneta
1082 3053 1203 3108 qua!
1243 3039 1447 3108 scripta
1480 3053 1604 3096 sunt
1639 3057 1803 3111 super
1833 3042 1956 3097 Sal-

351 3132 542 3178 ratore
572 3167 587 3190 ,
647 3125 806 3195 quasi
841 3125 912 3182 de
940 3125 968 3165 ά
1019 3143 1087 3183 eo
1115 3127 1224 3184 sint
1269 3131 1502 3202 scripta,
1537 3134 1808 3187 constitue
1838 3152 1849 3187 :
1884 3133 1952 3189 tle

2055 1915 2197 1968 cisse
2226 1921 2386 1968 actate
2412 1953 2425 1977 ,
2460 1909 2754 1982 proiecisse
2785 1909 2961 1979 gratia
2989 1909 3134 1978 apud
3167 1908 3336 1966 Deum
3365 1948 3380 1972 ,
3427 1915 3483 1961 et
3509 1906 3653 1976 apud

2055 2007 2306 2064 homines
2333 2047 2347 2072 ,
2380 2015 2433 2060 et
2477 2019 2604 2062 vera
2651 2003 2722 2060 de
2767 2017 2834 2058 eo
2865 2016 2985 2058 esse
3019 2003 3120 2058 ista
3153 2018 3272 2071 qua:
3317 2001 3457 2056 dicta
3484 2012 3653 2057 sunt:

2058 2099 2370 2170 Priusquam
2414 2104 2688 2168 cognoscat
2727 2111 2854 2165 puer
2897 2095 3085 2148 bonum
3131 2102 3219 2146 aut
3261 2094 3453 2148 malum
3491 2092 3652 2165 (lsai.

2058 2210 2155 2260 vtt,
2192 2192 2315 2264 lli).
2360 2203 2412 2246 ct
2448 2206 2509 2245 ea
2551 2206 2674 2259 qua;
2708 2189 2776 2246 de
2815 2188 3008 2246 eodem
3048 2187 3513 2258 interposuimus?
3545 2186 3654 2254 Sed

2057 2287 2198 2342 dicet
2229 2285 2359 2340 ntihi
2391 2284 2622 2353 aliquis:
2653 2282 2878 2338 Etiamsi
2911 2279 2928 2318 ί
2961 2289 3140 2350 potest
3168 2280 3238 2336 de
3261 2281 3546 2338 Salvatore
3573 2282 3657 2334 itt-

2060 2377 2226 2447 telligi
2275 2377 2480 2432 dictum
2522 2389 2644 2430 esse
2693 2374 2818 2444 quia
2846 2375 3094 2438 nesciat,
3151 2383 3206 2428 et
3237 2381 3432 2436 ctrtera
3462 2372 3654 2442 hujus-

2057 2473 2202 2528 modi
2235 2487 2357 2542 qua:
2389 2471 2592 2539 majora
2624 2477 2783 2534 sunt,
2825 2477 2879 2523 et
2909 2467 2959 2522 si
2985 2482 3210 2538 puerum
3241 2483 3362 2522 eum
3397 2469 3656 2538 accipias,

2057 2581 2238 2622 nonne
2283 2563 2513 2620 oﬂ'endis
2563 2563 2664 2618 ista
2697 2559 2987 2628 sentiendo
3011 2560 3077 2616 de
3111 2560 3389 2631 unigenito
3411 2601 3425 2628 ,
3457 2568 3514 2616 et
3543 2560 3656 2630 pri-

2051 2659 2333 2730 tnogenito
2381 2657 2650 2712 universae
2693 2663 3003 2720 creaturae;
3047 2652 3114 2710 de
3151 2667 3216 2707 eo
3246 2653 3338 2721 qui
3365 2662 3657 2721 antequam

2056 2751 2469 2822 conciperetur,
2522 2747 2882 2804 annuntiatus
2916 2754 3032 2816 est,
3078 2746 3338 2818 loquente
3365 2744 3657 2800 Gabricle:

2057 2845 2289 2916 Spiritus
2333 2850 2545 2896 sanctus
2593 2838 2758 2892 veniet
2804 2855 2957 2909 super
3004 2847 3052 2890 te
3080 2880 3092 2902 ,
3141 2846 3187 2890 et
3213 2838 3371 2894 virtus
3406 2835 3661 2900 Altissinti

2058 2934 2405 2992 obrumbrabit
2439 2943 2487 2988 te
2519 2931 2730 3004 (Luat,
2752 2931 2842 3008 57)
2871 2948 2882 2984 :
2916 2939 2972 2986 et
3001 2929 3170 2986 audes
3198 2930 3380 2992 dicere
3410 2930 3538 3004 quia
3565 2944 3662 2984 ne-

2057 3032 2193 3088 sciat
2241 3029 2434 3102 loqui?
2487 3025 2858 3094 Quamobrem
2905 3024 3099 3080 ridebo
3149 3023 3193 3082 si
3233 3031 3424 3092 potero
3450 3021 3660 3092 aliquid

2057 3124 2277 3196 dignum
2315 3123 2383 3180 de
2423 3121 2707 3177 Salvatore
2749 3119 2804 3174 in
2841 3116 2942 3174 hoc
2975 3118 3099 3174 loco
3129 3116 3327 3174 atTerre
3364 3116 3509 3186 quod
3548 3114 3657 3192 [At].

347 3215 607 3272 secundis
639 3218 746 3276 noli
771 3234 892 3275 esse
916 3220 1203 3276 sollicitus.
1241 3226 1484 3294 Apparet
1507 3225 1650 3280 enim
1682 3227 1806 3296 quia
1831 3226 1949 3281 Sal-
1975 3209 2022 3274 C
2055 3217 2352 3290 quomodo]
2395 3214 2640 3286 quaedam
2672 3214 2920 3270 nesciens
2951 3212 3125 3286 major
3154 3211 3246 3278 sit,
3274 3211 3320 3266 si
3351 3227 3411 3266 ea
3441 3212 3661 3290 ignora-

347 3317 510 3363 vator
533 3308 896 3368 eradicaverit
931 3328 1094 3384 regna
1123 3315 1351 3384 diaboli,
1369 3326 1426 3372 et
1452 3320 1705 3373 nationes
1722 3320 1953 3376 subver-

353 3401 500 3468 terit,
525 3403 786 3470 gentilem
813 3404 1104 3462 dcstruens
1147 3407 1334 3463 vitam.
1373 3407 1429 3464 In
1459 3411 1576 3465 istis
1603 3414 1750 3482 quod
1793 3413 1954 3468 intel-

349 3491 550 3548 lectum
579 3493 858 3552 difﬁcilem
885 3497 1040 3567 facit,
1073 3500 1175 3555 hoc
1195 3512 1300 3564 est,
1325 3505 1599 3572 quomodo
1634 3511 1803 3573 possit
1826 3507 1941 3562 Sal-

348 3596 505 3642 vator
534 3586 749 3644 dicere:
783 3590 973 3646 Nescio
1003 3595 1180 3663 loqui,
1199 3596 1326 3664 quia
1346 3599 1557 3669 juvenis
1589 3615 1680 3669 ego
1712 3617 1847 3663 sum,
1895 3610 1948 3658 et

349 3687 568 3736 extera.
597 3681 656 3736 In
705 3683 806 3739 hoc
854 3699 1107 3742 sermone
1151 3688 1577 3758 interpretantes
1611 3701 1635 3728 ε
1681 3708 1950 3763 coangus-

347 3783 560 3830 tantur.
588 3776 772 3832 Iesum
814 3779 1094 3837 Christum
1147 3783 1352 3838 scimus
1405 3786 1606 3842 Deum:
1653 3789 1950 3856 quaerimus

349 3869 520 3926 verba
563 3886 684 3940 quae
722 3871 862 3928 dicta
905 3886 1032 3930 sunt
1059 3876 1211 3944 juxta
1256 3893 1505 3945 persona:
1544 3893 1823 3949 exponere
1859 3880 1946 3936 di-

351 3960 655 4030 gnitatem:
691 3980 1029 4036 quapropter
1081 3984 1304 4025 necesse
1348 3981 1432 4026 est
1483 3973 1640 4028 nobis
1700 3974 1946 4045 Scriptu—

354 4067 445 4108 ηε
470 4064 689 4111 sanctas
729 4060 783 4112 in
815 4059 1181 4116 teStiutouiutn
1223 4078 1418 4119 vocare
1453 4083 1466 4118 :
1508 4081 1701 4121 sensus
1747 4072 1947 4139 quippe

356 4145 522 4220 749
545 4152 716 4204 nostri
743 4161 796 4206 et
823 4155 1202 4212 cnarrationes
1223 4158 1344 4212 sine
1373 4157 1441 4213 iis
1475 4160 1698 4215 testibus
1727 4177 1834 4216 non
1852 4162 1948 4216 ha-

352 4241 484 4298 bent
514 4242 674 4302 fidem
703 4264 711 4300 :
747 4253 802 4302 et
829 4248 932 4304 hoc
955 4249 1096 4318 quati
1123 4250 1325 4306 dictum
1356 4261 1476 4308 est:
1507 4253 1575 4308 In
1606 4273 1694 4310 ore
1724 4255 1946 4312 duorum

349 4335 432 4389 uel
471 4338 628 4392 trium
653 4341 856 4394 testium
881 4331 1045 4396 stabit
1063 4360 1215 4398 omne
1238 4345 1445 4402 uerbum
1469 4347 1628 4421 (ﬂat.
1657 4367 1802 4413 ινιιι,
1827 4351 1943 4422 to),

349 4431 522 4501 magis
552 4435 806 4488 convenit.
825 4433 893 4490 ad
917 4435 1327 4506 interpretantis
1355 4443 1748 4510 probationem,
1781 4459 1944 4514 quan

349 4523 420 4578 ad
445 4541 910 4598 quorumcumque
933 4529 1219 4587 hominum
1261 4549 1547 4592 numerum
1575 4553 1589 4590 :
1635 4545 1695 4592 ut
1735 4539 1944 4594 lit-mem

353 4617 580 4674 verbum
631 4619 939 4678 intellectus
993 4624 1137 4690 mei,
1189 4627 1464 4696 accipiens
1513 4630 1649 4685 duos
1681 4640 1848 4686 testes
1876 4611 2025 4687 deD

347 4725 497 4764 novo
529 4722 585 4766 et
621 4714 790 4768 veteri
823 4712 1207 4780 Testamento,
1239 4719 1510 4789 accipiens
1543 4731 1654 4777 tres
1681 4730 1851 4780 testes
1878 4723 1945 4778 de

353 4801 673 4874 Evangelia,
701 4805 772 4870 de
803 4806 1080 4877 Propheta
1100 4850 1113 4874 .
1145 4811 1213 4870 de
1238 4812 1524 4881 Apostolo.
1553 4815 1646 4870 Sic
1663 4816 1809 4872 enim
1833 4827 1947 4871 sta-

353 4893 434 4951 bit
476 4911 641 4956 omne
685 4900 932 4958 verbum.
981 4903 1270 4969 Quomodo
1315 4907 1477 4977 igitur
1515 4910 1817 4967 valebimus
1844 4912 1944 4967 ista

427 5157 450 5183 ¹¹
493 5148 772 5232 Rabanus,
791 5157 1102 5232 gubernatas
1128 5175 1226 5232 pro
1253 5174 1527 5232 regnatas;
1555 5175 1741 5220 contra
1775 5176 1860 5220 est
1892 5166 1943 5220 in

351 5217 547 5306 graeco
576 5217 995 5306 ﬁaatkuojtéuac.
1021 5217 1279 5299 Quaedam
1307 5217 1527 5291 i’cvim‘is

347 5290 538 5365 furius,
552 5290 901 5365 castigamus.

423 5362 452 5402 ι’
491 5362 792 5443 ﬂincrecte
811 5382 996 5427 monet
1019 5372 1263 5443 lluetins,
1293 5378 1696 5434 emendandum
1725 5380 1776 5434 in
1799 5380 1948 5437 Grai-

347 5447 418 5524 eo
441 5439 576 5524 καεᾴ
589 5441 656 5495 τὰ
680 5442 1067 5524 pulchrarum
1095 5439 1454 5524 Hieronymus
1481 5451 1710 5523 legerat,
1742 5467 1842 5524 pro
1864 5454 1949 5510 καὶ

354 5511 420 5560 τὰ
446 5511 640 5582 patula,
667 5511 808 5578 quod
842 5511 1046 5572 librarii
1079 5527 1163 5573 est
1187 5511 1463 5578 men-dum.

425 5581 460 5667 f7
641 5583 775 5654 Βεε·
793 5587 938 5667 λιιιιᾷ
965 5589 1240 5667 "fictilium,
1266 5595 1486 5665 ﬁgurate
1509 5612 1626 5667 erute
1649 5595 1788 5650 dicta
1805 5606 1946 5652 sunt.

427 5648 452 5687 ά
495 5651 664 5727 [idem
693 5648 858 5727 εἶδες
899 5662 962 5714 dc
993 5661 1121 5716 Deo.

431 5732 452 5758 θ
495 5723 673 5781 Penes
718 5723 1008 5810 .Rabantltn
1032 5775 1045 5792 ,
1079 5751 1248 5791 sermo
1280 5742 1671 5810 interpretantis
1696 5756 1953 5810 coangus-

357 5798 801 5890 tatut-ﬁprcssius
831 5803 896 5890 ad
926 5805 1174 5888 Grgccutn
1206 5798 1428 5890 a__i_ay_o;_'
1448 5798 1875 5890 σςεγοχωρεῐταῖε

444 5865 461 5904 ί
495 5866 780 5944 Rabanus,
813 5876 1015 5934 etiamsi
1055 5889 1196 5948 potes
1219 5865 1738 5942 nua'ite'stiiéiiijié
1759 5865 1956 5938 intelli-

2060 3313 2195 3368 verit
2218 3352 2233 3380 ,
2265 3328 2425 3382 quam
2467 3311 2512 3364 si
2544 3308 2753 3364 scierit.
2803 3307 3028 3364 Utantur
3057 3320 3188 3362 voce
3219 3304 3360 3376 ejus,
3384 3304 3658 3374 quomodo

2055 3409 2166 3464 sint
2211 3406 2392 3476 aliqua
2441 3421 2560 3473 quae
2599 3401 2825 3458 nesciat.
2875 3399 3175 3468 lte5p0ndit
3213 3395 3380 3476 750
3405 3400 3484 3451 eis
3513 3439 3526 3462 ,
3568 3399 3660 3467 qui

2053 3503 2157 3558 sibi
2196 3501 2486 3554 dici-bant:
2533 3495 2725 3550 Nonne
2759 3497 2810 3548 in
2849 3494 3056 3550 nomine
3098 3503 3185 3546 tuo
3222 3492 3538 3548 comedimus
3562 3535 3574 3559 ,
3608 3502 3658 3558 et

2054 3597 2108 3648 in
2132 3595 2335 3648 nomine
2375 3600 2462 3644 tuo
2495 3589 2732 3652 bibimus,
2763 3598 2809 3642 et
2836 3591 2888 3640 in
2917 3587 3120 3644 nomine
3151 3596 3240 3642 tuo
3269 3585 3525 3642 daemonia
3555 3591 3658 3659 ejep

2055 3689 2236 3753 cintus,
2279 3695 2324 3740 et
2375 3686 2588 3738 virtutes
2633 3683 2822 3736 multas
2869 3677 3130 3750 fecimus?
3175 3675 3442 3734 Discedite
3483 3695 3513 3730 a
3550 3694 3651 3756 me,

2053 3800 2154 3839 non
2203 3782 2316 3834 nari
2367 3796 2453 3836 vos
2485 3777 2644 3851 (Mat.
2675 3793 2767 3842 vn,
2796 3775 2911 3850 2:2).
2943 3773 3182 3830 Putasne
3210 3772 3312 3829 hoc
3341 3773 3482 3844 quod
3535 3771 3648 3827 ait:

2056 3877 2178 3934 Non
2217 3876 2334 3930 novi
2378 3891 2490 3942 vos,
2539 3871 2807 3928 minorem
2835 3868 2952 3939 ejus
2977 3867 3234 3924 virtutem
3264 3866 3547 3938 approbat,
3583 3879 3652 3940 an

2056 3970 2316 4040 majorem
2349 3975 2511 4038 atque
2535 3963 2842 4024 mirabilem
2865 4006 2879 4032 ,
2910 3962 3035 4032 quia
3065 3960 3236 4016 malos
3269 3960 3651 4028 periturosque

2053 4063 2304 4122 nesciat?
2335 4061 2445 4122 Scit
2471 4061 2616 4116 enim
2663 4068 2686 4108 ς
2719 4058 2787 4114 ab
2815 4057 2900 4114 his
2931 4053 3292 4118 differentias,
3323 4051 3427 4106 scit
3459 4050 3652 4106 melio-

2054 4174 2133 4222 ra,
2164 4159 2263 4214 scit
2287 4157 2546 4214 Dominus
2569 4168 2666 4210 eos
2688 4151 2777 4222 qui
2799 4151 2918 4220 ejus
2944 4157 3091 4216 sunt,
3117 4157 3171 4203 et
3197 4148 3240 4204 si
3268 4149 3391 4220 quis
3415 4147 3650 4220 ignorat.

2057 4254 2356 4324 ignoratur.
2408 4251 2573 4322 Igitur
2613 4247 2698 4321 (ut
2733 4245 2972 4316 constat)
3015 4252 3268 4315 peccator
3310 4241 3589 4316 ignoratur
3619 4259 3650 4298 a

2054 4346 2186 4402 Deo.
2239 4347 2392 4400 Dicet
2437 4342 2565 4397 mihi
2605 4331 2800 4414 aliquis
2842 4337 2908 4393 de
2947 4335 3329 4392 auditoribus:
3362 4335 3652 4391 ostendisti

2053 4443 2177 4514 quia
2203 4442 2408 4498 nesciat
2439 4449 2757 4510 peccatores
2789 4435 2932 4488 Deus
2953 4474 2966 4498 ,
2999 4431 3290 4490 OSteudisti
3337 4431 3463 4504 quia
3496 4433 3651 4502 igno-

2053 4547 2136 4592 ret
2166 4551 2262 4592 eos
2289 4535 2380 4605 qui
2408 4543 2707 4604 operantur
2736 4529 3099 4600 iniquitatem,
3129 4541 3307 4592 neque
3330 4526 3475 4582 enim
3506 4526 3654 4598 digni

2053 4640 2178 4686 sunt
2205 4628 2482 4699 agnitione
2513 4627 2666 4698 ejus:
2712 4625 2988 4694 quomodo
3019 4621 3352 4694 approbabis
3397 4638 3652 4693 magnum

2055 4731 2109 4779 et
2138 4723 2434 4792 gloriosum
2482 4733 2603 4772 esse
2650 4717 2791 4786 quod
2844 4717 2912 4770 ah
2956 4731 3022 4771 eo
3067 4717 3273 4772 dictum
3307 4725 3428 4772 est:
3463 4714 3653 4769 Nescio

2055 4817 2238 4888 loqui?
2269 4815 2440 4883 Loqui
2473 4809 2498 4849 ιι
2521 4811 2819 4865 humanum
2848 4821 2952 4874 est,
2987 4821 3041 4864 et
3067 4809 3287 4884 eloquio
3310 4826 3527 4879 semper
3555 4811 3657 4863 uti-

2057 4929 2199 4978 mur,
2223 4911 2373 4968 verbi
2394 4924 2582 4978 causa,
2608 4907 2962 4963 Hebraeorum
2986 4922 3141 4977 voce,
3167 4908 3282 4964 sive
3305 4907 3644 4971 Graecorum,

2057 5183 2193 5239 gere,
2227 5175 2274 5220 e‘.
2308 5165 2466 5235 paulo
2497 5175 2618 5239 post
2645 5209 2658 5234 ,
2689 5180 2802 5239 qua:
2829 5163 3031 5239 minora
3059 5165 3224 5239 simtu"

2131 5249 2154 5285 8
2187 5241 2239 5312 in
2270 5234 2460 5294 Gra'co
2482 5246 2564 5312 est
2581 5235 2708 5312 ἔρδω
2732 5238 2827 5312 γὰρ
2849 5238 2916 5294 τὰ
2937 5234 3234 5312 διᾳφέροντᾳ
3255 5238 3643 5312 καὶ-κρείττφζα.

2057 5309 2154 5366 Hic
2197 5310 2380 5378 lapsus
2411 5317 2494 5362 est
2529 5305 2886 5386 lliérouyn'ius
2915 5305 3091 5386 :hsett
3127 5310 3261 5360 enim
3291 5307 3354 5364 ab
3387 5305 3650 5386 inedi/fe-

2056 5377 2269 5444 rcntias,
2317 5382 2408 5434 scit
2464 5379 2680 5433 meliora
2707 5377 2745 5441 ,⁷
2787 5383 2879 5436 scit
2931 5377 3186 5434 Dominus
3229 5394 3314 5432 eos
3341 5421 3355 5446 ,
3405 5377 3648 5450 (iuihejus

2056 5462 2194 5507 sunt.
2235 5451 2416 5508 Verte
2456 5470 2468 5507 :
2521 5451 2673 5506 Norit
2721 5453 2856 5505 enim
2902 5450 3263 5522 pra’stantiora
3314 5459 3362 5503 et
3409 5447 3644 5508 meliora.

2058 5525 2315 5580 llumtus.

2131 5595 2156 5632 tu
2189 5598 2292 5652 pro
2342 5595 2532 5666 Loqui,
2580 5593 2720 5665 quod
2772 5593 2923 5660 juxta
2973 5590 3223 5666 Graecum
3271 5592 3330 5650 τὸ
3362 5591 3542 5658 λαλεῖν,
3581 5608 3649 5652 ex

2061 5667 2282 5722 Rttitano
2311 5662 2672 5735 reposuimus.
2708 5676 2822 5724 erat
2854 5662 3009 5737 quod,
3060 5676 3114 5737 et
3139 5680 3273 5735 θηρί’
3305 5679 3401 5734 pro
3431 5681 3650 5737 semper.

2061 5740 2168 5795 Sed
2215 5751 2262 5792 et
2310 5738 2445 5794 illud
2497 5739 2654 5801 paulo
2695 5746 2812 5805 post
2844 5781 2856 5804 ,
2905 5736 3010 5787 sire
3040 5736 3358 5806 reliquorum
3401 5736 3658 5803 Stl‘tllOﬂe,

2063 5812 2273 5882 iOHgitts
2313 5827 2340 5863 a
2385 5809 2571 5864 Grzcco
2601 5809 2798 5876 distat,
2843 5824 2999 5886 quam
3033 5809 3174 5878 quod
3203 5807 3332 5886 legit
3363 5806 3661 5886 Rabanus,

2066 5879 2514 5951 Qnorttmcnmque
2542 5896 2660 5950 ergo
2689 5896 2924 5935 sermone
2955 5881 2998 5934 si
3023 5879 3337 5949 ascenderis,
3369 5888 3475 5936 etc.
