4128 6346
491 292 594 352 591

1738 295 1797 352 s.
1843 292 2119 354 suseun
2154 292 2545 367 unanonvnt

3690 296 3806 357 593

492 415 610 471 sive
633 412 964 484 reliquorum
987 424 1258 467 sermone.
1304 411 1447 481 Ergo
1467 410 1514 465 si
1539 410 1851 468 ascenderis
1879 412 1945 468 ad
1970 412 2088 469 Sal-
2115 420 2169 480 Α
2194 421 2247 468 et
2275 426 2381 467 non
2411 412 2561 476 dicit,
2580 412 2933 481 plasmemus.
2956 411 3184 480 Quando
3198 421 3374 470 autem
3400 412 3799 484 accepitlutum

489 516 774 572 vatorem,
822 514 879 562 et
928 505 1117 561 scieris
1165 521 1287 561 eum
1342 504 1395 561 in
1437 505 1705 576 principio
1749 506 1889 577 apud
1926 508 2089 560 Deum

491 599 758 668 Verbum,
802 599 1009 668 inspice
1046 599 1171 669 quia
1205 600 1405 654 nesciat
1442 599 1604 670 loqui.
1636 615 1755 654 cum
1793 600 2088 654 humanum

488 693 567 747 sit
607 694 708 746 hoc
738 691 881 761 quod
923 691 1119 747 dicitur
1148 693 1314 764 loqui.
1350 693 1395 748 si
1428 691 1535 766 [AL
1561 693 1681 765 sed]
1714 693 1836 749 ideo
1860 693 2088 758 nesciat,

487 784 613 854 quia
646 784 754 838 sint
782 784 987 851 majora
1029 801 1149 856 quae
1181 785 1412 841 noverit.
1464 786 1519 843 Si
1560 795 1738 840 autem
1771 795 1825 841 et
1855 785 2091 855 Angelo-

484 891 606 932 rum
629 875 841 948 linguas
866 876 1115 934 humanis
1144 881 1545 949 comparaveris
1566 880 1785 950 linguis,
1818 890 1870 935 et
1900 879 2090 935 scieris

486 970 615 1042 quia
642 972 745 1026 iste
770 973 946 1043 major
973 975 1043 1028 sit
1074 983 1097 1011 ⁸
1120 974 1343 1042 Angelis
1373 976 1538 1045 (sicut
1570 985 1798 1029 teslatus
1827 984 1911 1029 est
1931 975 2000 1028 de
2021 989 2089 1031 eo

480 1064 777 1133 Apostolus
805 1066 859 1120 in
901 1066 1148 1135 Epistola
1182 1081 1275 1121 sua
1306 1083 1467 1138 quam
1501 1066 1691 1122 scribit
1719 1066 1786 1122 ad
1825 1068 2088 1123 Hebraeos

484 1153 675 1228 {.Hebr.
698 1173 738 1220 ι.
753 1159 811 1224 4,
835 1157 913 1231 5],
935 1159 1247 1230 intelligens
1267 1160 1525 1230 majorem
1545 1176 1667 1216 eum
1684 1170 1738 1216 et
1756 1162 2087 1231 Angelorum

482 1249 687 1321 linguis
708 1252 895 1320 l'uiSse,
925 1254 1143 1323 quando
1166 1262 1376 1309 tantum
1402 1254 1544 1310 Deus
1583 1254 1670 1327 [Αι
1708 1253 1823 1325 Dei]
1854 1254 2084 1309 Verbum

476 1352 603 1399 erat
629 1344 769 1410 apttd
803 1344 1044 1401 Patrem.
1090 1348 1227 1403 Dicit
1257 1365 1387 1420 ergo
1411 1396 1423 1415 ,
1458 1360 1513 1406 et
1553 1350 1952 1420 quodammodo
1993 1366 2086 1407 ac-

475 1437 611 1508 cipit
640 1438 987 1512 discipliuam
1018 1459 1127 1498 non
1161 1459 1511 1515 magnorum,
1542 1446 1637 1501 sed
1668 1446 1989 1501 inferiorum
2020 1461 2085 1503 ac

474 1531 776 1588 minorum.
834 1535 986 1590 Sicut
1027 1546 1082 1591 et
1105 1553 1207 1606 ego
1238 1538 1509 1593 balbutire
1536 1539 1691 1594 disco
1715 1582 1729 1604 ,
1764 1541 2081 1595 violentiam

472 1626 832 1698 mihimetipsi
877 1630 1115 1697 faciens,
1161 1632 1380 1699 quando
1424 1648 1546 1686 cum
1580 1632 1817 1701 parvulis
1863 1634 2079 1703 loqttor,

475 1737 658 1791 neque
688 1723 829 1777 enim
862 1723 976 1778 scio
1014 1725 1095 1796 (ut
1126 1726 1201 1777 ita
1239 1724 1439 1795 dicam)
1467 1724 1790 1781 inl‘antiliter
1815 1726 1992 1795 loqui,
2026 1737 2082 1781 et

2194 505 2261 561 de
2276 516 2442 572 terra,
2462 520 2566 560 non
2583 513 2670 561 est
2685 506 2948 576 scriptum
2976 524 2988 560 :
3013 507 3171 563 Fecit
3191 507 3488 572 hominem,
3504 508 3598 563 sed
3625 526 3637 563 :
3663 506 3797 563 Pla-

2192 600 2377 654 smavit
2404 598 2665 653 hominem
2694 598 2849 667 (Gen.
2869 601 3020 672 11,7),
3043 608 3100 656 et
3124 601 3314 671 posuit
3338 601 3390 655 in
3413 601 3668 672 paradiso
3699 598 3819 656 ho?

2191 694 2392 748 minem
2421 709 2580 765 quem
2627 694 2951 762 plasmavit,
2993 696 3206 765 operari
3256 704 3313 751 et
3358 711 3581 752 servare
3637 711 3791 751 eum.

2191 786 2249 842 Si
2293 794 2447 856 potes
2476 786 2781 859 intelligere
2809 788 3176 843 differentiam
3209 790 3432 846 tacturas
3455 799 3510 846 et
3553 790 3795 859 plasma-

2189 878 2381 946 tionis,
2424 896 2548 935 cum
2593 880 2789 936 dicens
2815 882 2934 937 sive
2963 882 3028 937 ad
3058 882 3385 949 Jeremiam,
3418 882 3535 938 sive
3565 883 3630 936 ad
3665 882 3792 939 Sal-

2188 979 2459 1038 vatorem,
2486 987 2593 1027 non
2619 972 2823 1029 dixerit
2849 991 2859 1026 :
2887 971 3203 1046 Priusquam
3227 986 3274 1029 te
3299 978 3521 1043 facerem
3542 974 3596 1028 in
3620 984 3790 1029 utero.

2189 1064 2342 1130 Quod
2375 1063 2519 1120 enim
2556 1065 2644 1133 ﬁt,
2693 1080 2800 1120 non
2848 1066 2907 1120 ﬁt
2947 1066 3001 1121 in
3045 1076 3239 1131 utero,
3279 1065 3375 1122 sed
3402 1065 3545 1136 quod
3575 1075 3796 1122 creatur

2189 1158 2257 1214 de
2305 1169 2470 1214 terra:
2519 1160 2778 1229 pulvere,
2823 1160 2927 1215 hoc
2957 1162 3256 1231 plasmatur
3284 1163 3338 1217 in
3380 1171 3559 1217 utero.
3602 1159 3794 1215 Prius-

2187 1270 2345 1324 quam
2374 1261 2423 1308 te
2451 1252 2765 1325 plasmarem
2795 1254 2849 1307 in
2881 1262 3047 1321 utero,
3082 1256 3188 1310 scio
3215 1264 3280 1310 te.
3330 1254 3389 1312 Si
3418 1269 3607 1310 omnes
3635 1256 3792 1312 novit

2188 1346 2331 1401 Deus
2355 1388 2368 1412 ,
2411 1350 2683 1417 quomodo
2721 1349 2875 1418 quasi
2906 1348 3186 1420 praecipuo
3232 1347 3340 1421 [ΑΙ.
3373 1347 3727 1422 prazcipuum]
3759 1364 3792 1405 a

2184 1439 2401 1494 castoris
2427 1439 2677 1495 Jeremiae
2707 1440 2872 1495 dicit:
2916 1439 3053 1495 Noui
3086 1441 3175 1496 te?
3203 1440 3285 1496 An
3316 1455 3412 1497 eos
3443 1450 3652 1496 tantum
3687 1440 3793 1496 scit

2188 1531 2333 1587 Deus
2369 1533 2458 1603 qui
2503 1533 2729 1588 scientia
2763 1532 2883 1603 ejus
2913 1534 3061 1603 digni
3091 1544 3248 1603 sunt,
3294 1544 3349 1590 et
3376 1537 3662 1605 cognoscit
3691 1548 3790 1589 eos

2185 1627 2275 1697 qui
2293 1628 2415 1697 ejus
2437 1637 2563 1682 sunt
2580 1644 2610 1700 ;⁹
2622 1628 2870 1698 indignos
2886 1643 3021 1684 vero
3041 1629 3203 1701 752
3217 1628 3390 1684 nescit
3411 1644 3585 1697 neque
3601 1628 3785 1694 Pater,

2186 1737 2363 1789 neque
2388 1722 2558 1777 Filius
2580 1764 2595 1789 ,
2639 1723 2828 1780 dicens
2855 1742 2867 1778 :
2905 1724 3027 1778 Non
3058 1725 3173 1778 novi
3203 1740 3290 1778 vos
3321 1722 3503 1798 (Matt.
3523 1739 3619 1789 vn,
3647 1721 3787 1795 23)?

466 1812 721 1871 infractis
766 1817 948 1872 verbis
971 1817 1081 1887 jam
1105 1818 1431 1888 grandmvus
1457 1835 1579 1874 cum
1610 1820 1793 1888 pueris
1818 1819 2075 1875 sermoci-
2106 1813 2152 1875 B
2181 1814 2291 1870 Nos
2313 1830 2437 1870 cum
2470 1817 2642 1870 simus
2665 1815 2951 1883 homines,
2998 1816 3041 1870 si
3071 1816 3250 1886 alioua
3280 1815 3543 1871 fuerimus
3574 1815 3787 1885 praediti

470 1912 629 1965 nari:
682 1911 872 1965 eodem
922 1914 1086 1968 modo
1130 1916 1379 1969 Salvator
1427 1914 1480 1968 in
1531 1916 1931 1984 magniﬁcentia
1961 1916 2084 1985 qui-

470 2002 597 2059 dem
624 2003 814 2073 gloria:
845 2004 958 2067 Dei,
994 2013 1050 2059 et
1076 2006 1126 2059 in
1157 2006 1316 2061 Patre
1347 2008 1680 2073 consistens,
1709 2024 1815 2063 non
1845 2009 2081 2078 loquitur

470 2090 733 2159 humana,
770 2097 950 2152 nescit
974 2096 1124 2152 affari
1156 2114 1252 2155 cos
1279 2101 1368 2168 qui
1395 2100 1653 2155 deorsum
1684 2112 1828 2157 sunt.
1854 2101 2081 2167 Quando

474 2197 658 2244 autem
694 2190 845 2245 venit
878 2192 931 2246 in
973 2208 1171 2262 corpus
1200 2194 1523 2260 humanum,
1568 2195 1699 2249 dicit
1730 2196 1783 2250 in
1815 2195 2079 2251 exordio:

472 2277 673 2338 Nescio
703 2282 864 2354 loqui,
908 2285 1035 2355 quia
1072 2286 1282 2355 juvenis
1311 2303 1403 2357 ego
1444 2303 1559 2341 sum
1591 2285 1727 2355 (Col.
1756 2304 1794 2354 ι,
1830 2288 1919 2359 15)
1950 2307 1959 2342 :
1995 2289 2080 2359 ju-

471 2375 652 2445 venis,
675 2389 896 2447 propter
913 2380 1408 2450 dispensationem:
1432 2398 1623 2448 senex,
1645 2384 1795 2453 juxta
1818 2386 1919 2439 hoe
1936 2385 2080 2454 quod

468 2470 871 2540 primogenitus
891 2473 1070 2528 omnis
1093 2483 1357 2530 creatum
1381 2492 1394 2527 :
1426 2474 1641 2545 juvenis
1664 2518 1677 2540 ,
1710 2479 1830 2547 quia
1866 2477 1917 2531 in
1945 2494 2079 2532 con-

465 2569 842 2624 summatione
878 2568 990 2639 jam
1035 2571 1387 2635 saeculorum,
1419 2571 1553 2626 etin
1580 2581 1884 2627 extremum
1914 2572 2078 2642 hujus

465 2661 598 2716 vita?
645 2662 806 2736 751
862 2674 1076 2735 tempus
1116 2665 1355 2721 advenit.
1423 2666 1566 2722 Dicit
1612 2668 1831 2739 itaque:
1888 2668 2078 2723 Nescio

471 2754 659 2823 loqui;
688 2758 803 2810 scio
834 2756 980 2812 enim
1011 2758 1260 2827 quaedam
1305 2757 1513 2829 majora
1552 2759 1737 2830 loqui,
1784 2760 1898 2815 scio
1926 2777 2074 2831 quae-

470 2844 599 2901 dam
630 2843 660 2885 ι)
688 2846 894 2916 majora
941 2849 1047 2904 isto
1086 2865 1340 2905 sermone
1382 2851 1622 2906 mortali.
1670 2852 1763 2906 Vis
1801 2868 1890 2907 me
1932 2850 2079 2921 loqui

469 2939 874 2996 terrestribus?
912 2942 1143 2997 necdum
1172 2944 1441 3013 assumpsi
1496 2945 1785 2999 humanam
1815 2943 2079 3015 fragilita-

468 3036 582 3087 tem
612 3072 625 3094 .
671 3032 849 3089 habeo
890 3035 1169 3102 eloquium
1225 3046 1373 3091 tuum
1399 3079 1415 3106 ,
1475 3038 1709 3094 Verbum
1742 3047 1890 3094 tuum
1935 3055 2074 3107 sum,

462 3122 568 3178 tibi
593 3124 709 3179 scio
735 3124 905 3197 loqui,
937 3126 1252 3184 hominibus
1278 3129 1469 3185 nescio
1494 3131 1666 3201 loqui,
1689 3131 1909 3201 juvenis
1933 3147 2075 3189 sum.

2185 1909 2475 1979 dignitate,
2502 1911 2639 1965 alios
2667 1920 2851 1967 nostra
2878 1910 3068 1965 notitia
3092 1911 3307 1981 dignos,
3330 1909 3788 1979 aliosjudicamus

2185 2000 2293 2073 [Αι.
2330 2001 2716 2076 indicavimus]
2744 2002 2995 2073 indignos
3022 2019 3035 2067 ;
3081 2012 3137 2057 et
3161 2018 3303 2073 quos
3333 2002 3476 2058 scire
3504 2002 3780 2066 nolumus,

2186 2108 2362 2161 neque
2389 2093 2582 2150 audire
2612 2094 2885 2161 volumus,
2919 2109 3017 2149 eos
3048 2094 3344 2150 nescimus.
3384 2093 3521 2162 Quid
3555 2094 3791 2148 arbitra-

2185 2184 2260 2239 ris
2309 2185 2378 2239 de
2428 2185 2797 2241 universitatis
2842 2186 3002 2240 Deo?
3050 2185 3181 2241 Vult
3228 2184 3369 2241 scire
3420 2185 3785 2252 Pharaonem,

2183 2279 2297 2334 vult
2321 2277 2608 2350 ZEgyptio‘s
2640 2295 2825 2345 nosse,
2856 2280 2954 2335 sed
2984 2279 3192 2352 indigni
3224 2287 3350 2334 sunt
3382 2278 3574 2333 notitia
3623 2279 3785 2347 ejus;

2194 2371 2290 2426 sed
2323 2372 2423 2441 ipsi
2456 2372 2662 2427 faciunt
2711 2383 2769 2428 ut
2811 2373 3152 2443 ignorentur.
3185 2370 3301 2429 Scit
3326 2381 3509 2449 autem
3540 2370 3788 2441 Moysen,

2183 2466 2288 2521 scit
2317 2465 2634 2536 prophetas,
2664 2476 2719 2522 et
2741 2466 2789 2522 si
2817 2467 2940 2539 quis
2969 2467 3167 2523 similis
3189 2482 3379 2522 eorum
3410 2476 3515 2522 est.
3555 2465 3781 2521 Multum

2183 2564 2239 2613 te
2277 2568 2493 2629 Oportet
2539 2559 2792 2615 laborare
2814 2601 2829 2625 ,
2862 2568 2919 2613 ut
2964 2559 3117 2615 nosci
3162 2558 3438 2629 incipiaris
3467 2573 3495 2611 a
3524 2558 3779 2613 Domino.

2183 2652 2476 2708 Jeremiam
2502 2654 2744 2725 quidem,
2777 2654 3089 2725 priusquam
3119 2653 3469 2723 plasmaverit
3489 2655 3541 2707 in
3564 2661 3781 2719 ventre,

2182 2749 2475 2819 cognovit:
2527 2749 2694 2804 alium
2736 2763 2867 2804 vero
2909 2749 2977 2805 de
3022 2749 3306 2819 prophetis
3355 2748 3571 2819 triginta
3602 2764 3781 2803 anno-

2185 2857 2304 2896 rum
2335 2841 2500 2912 coepit
2524 2856 2707 2908 nosse,
2742 2841 2908 2896 alium
2930 2842 3307 2913 quadraginta.
3337 2841 3633 2913 Sermones
3655 2848 3783 2897 sunt

2182 2933 2488 2991 ineffabiles
2536 2934 2605 2989 de
2638 2934 2957 3001 Salvatore,
3010 2944 3066 2991 et
3109 2951 3217 2990 non
3260 2949 3592 3005 magnopere
3630 2951 3783 3006 qna:-

2182 3026 2376 3081 rendi:
2424 3026 2495 3081 de
2523 3028 2765 3082 Jeremia
2799 3042 2948 3095 vero,
2990 3043 3179 3083 eorum
3207 3028 3297 3097 qui
3331 3028 3617 3084 scientiam
3646 3027 3785 3082 Scri-

2182 3128 2464 3188 pturarum
2492 3120 2715 3185 habent,
2750 3119 2973 3174 auribus
3001 3129 3023 3156 ο
3047 3120 3378 3192 indigemus,
3407 3120 3684 3192 qumnodo
3704 3119 3789 3175 di-

468 3212 606 3275 Noli
634 3217 843 3274 dicere:
890 3218 1105 3275 Iuvenis
1136 3239 1230 3296 ego
1255 3239 1405 3289 sum,
1448 3225 1697 3294 quoniam
1738 3226 1805 3278 ad
1852 3236 1873 3263 ο
1904 3242 2076 3281 omnes

2185 3220 2308 3267 cat:
2359 3210 2675 3283 Priusquam
2719 3221 2767 3265 te
2806 3213 3115 3282 plasmarem
3145 3214 3199 3267 in
3228 3221 3406 3280 utero,
3454 3212 3575 3268 novi
3606 3224 3689 3267 te:
3739 3222 3787 3267 et

468 3323 820 3385 quoscumque
855 3317 1059 3370 mittam
1101 3326 1179 3383 te,
1225 3317 1343 3372 ibis.
1390 3318 1597 3374 Deinde
1626 3322 1922 3376 commovit
1968 3337 2082 3377 ma-

463 3416 601 3460 lrum
632 3406 699 3462 ad
735 3410 1067 3479 tangendum
1099 3426 1161 3466 os
1192 3412 1332 3482 ejus,
1377 3421 1437 3467 ut
1462 3415 1513 3470 ei
1547 3414 1641 3469 det
1661 3415 1851 3483 verba,
1883 3416 2079 3487 quibus

466 3499 718 3556 eradicet
762 3502 1019 3573 imperia.
1079 3504 1267 3575 Neque
1319 3522 1453 3562 vero
1504 3508 1779 3577 indigebat
1830 3511 2081 3567 Salvator

464 3593 678 3659 verbis,
722 3605 779 3649 ut
805 3611 869 3651 ea
900 3599 1200 3668 acciperet,
1253 3601 1473 3670 quando
1501 3613 1622 3656 erat
1654 3603 1707 3658 in
1736 3603 1917 3671 Patre,
1953 3605 2076 3660 nul-

464 3682 540 3743 lis
568 3687 623 3742 in
646 3688 785 3744 caelo
816 3690 1015 3762 dignis,
1048 3709 1167 3762 quae
1195 3704 1545 3751 mererentur
1574 3700 1770 3753 everti.
1798 3699 1903 3756 Sed
1937 3717 2080 3757 nunc

464 3782 670 3853 accipit
717 3800 877 3850 parva
902 3827 915 3851 ,
957 3784 983 3823 ά
1015 3787 1275 3845 ditl'erens
1311 3790 1517 3860 majora
1550 3793 1850 3863 paulisper.
1901 3794 2079 3866 Atque

464 3870 545 3931 ita
585 3889 651 3930 ex
683 3874 789 3932 hoc
817 3879 1172 3949 approbatur.
1216 3883 1376 3937 sicuti
1402 3883 1529 3939 alibi
1556 3885 1797 3955 gloriose
1827 3887 2038 3944 dixerat
2065 3908 2075 3943 :

469 3966 669 4025 Nescio
685 3986 795 4038 vos,
815 3974 939 4041 quia
958 3978 1184 4048 operarii
1207 3978 1325 4033 estis
1343 3979 1633 4051 iniquitatis
1649 3981 1802 4051 (Luc.
1828 3999 1943 4043 xm.
1958 3984 2074 4056 27),

473 4073 535 4120 et
564 4081 707 4122 nunc
740 4069 901 4123 verba
946 4070 1184 4139 gloriose
1211 4075 1511 4143 accepisse,
1546 4091 1669 4130 cum
1702 4077 1847 4133 Deus
1875 4078 1975 4146 sit,
2023 4091 2079 4135 et

465 4161 624 4232 juxta
654 4163 1111 4234 magniﬁcentiam
1143 4182 1257 4222 suae
1283 4166 1488 4225 dixisse
1515 4171 1704 4239 gloria:
1731 4191 1742 4226 :
1780 4172 1973 4228 Nescio
2002 4175 2079 4230 lo-

470 4257 585 4328 qui,
618 4256 672 4312 id
701 4266 815 4326 est,
858 4257 1091 4315 humana
1122 4277 1227 4315 non
1262 4264 1408 4319 novi.
1463 4265 1591 4321 Sive
1618 4277 1799 4324 autem
1830 4270 1895 4324 ad
1924 4270 2079 4327 Jere-

470 4349 639 4406 sniam
671 4391 688 4419 ,
739 4351 858 4406 sive
888 4352 956 4406 ad
999 4352 1335 4411 Salvatorem
1386 4356 1623 4412 dicitur:
1678 4360 1993 4432 Priusquam
2030 4373 2077 4419 te

468 4448 789 4519 plasmarem
826 4449 881 4503 in
924 4460 1106 4517 utero,
1153 4453 1269 4506 novi
1320 4464 1369 4507 te
1406 4452 1623 4523 (Jerem.
1666 4473 1703 4523 ι,
1738 4458 1835 4529 5);
1892 4460 2077 4531 legens

469 4546 732 4603 Genesim
788 4558 843 4603 et
889 4549 1188 4605 observans
1235 4567 1298 4607 ea
1362 4569 1481 4625 quin
1524 4556 1596 4610 ibi
1638 4557 1706 4613 de
1761 4560 2073 4617 conditione

469 4647 662 4702 mundi
695 4649 899 4721 scripta
931 4661 1079 4718 sunt,
1126 4652 1369 4710 invenies
1397 4657 1520 4727 quia
1552 4657 1832 4729 Scriptura
1862 4663 2067 4735 divina,

467 4748 699 4805 multum
718 4747 769 4803 in
788 4753 1135 4809 sermonibus
1156 4763 1335 4823 cauta,
1363 4774 1470 4813 non
1490 4758 1691 4817 dixerit
1712 4786 1724 4820 :
1753 4764 2069 4837 Priusquam

469 4852 522 4898 te
554 4845 776 4914 facerem
804 4846 856 4899 in
881 4856 1046 4916 utero,
1074 4852 1195 4904 novi
1223 4862 1304 4906 te:
1345 4856 1562 4923 quando
1587 4860 1729 4914 enim
1754 4862 1905 4931 juxta
1935 4866 2070 4921 ima-

466 4943 651 5015 ginem
682 4946 923 5003 conditio
954 4960 1041 5005 est
1064 4994 1079 5019 ,
1120 4952 1254 5008 dicit
1281 4954 1455 5012 Deus:
1503 4956 1784 5019 Faciamus
1810 4966 2069 5025 hominem

459 5048 534 5103 ad
570 5049 846 5121 imaginem
890 5060 936 5106 et
976 5055 1373 5112 similitudinem
1417 5070 1649 5117 nostram
1688 5063 1840 5138 (Gen.
1875 5084 1912 5136 ι,
1944 5070 2059 5143 26),

538 5183 564 5253 ξι
598 5174 873 5253 [lulianus
898 5178 1072 5253 major
1101 5178 1165 5253 sit
1193 5186 1242 5231 et
1270 5181 1343 5253 ab,
1362 5180 1590 5253 Angelis.

534 5244 564 5283 b
600 5246 772 5324 Penes
819 5244 997 5324 Halm,
1036 5248 1271 5324 meliora.
1333 5252 1391 5306 Et
1428 5244 1636 5321 pridem
1683 5259 1863 5317 luxata
1905 5266 2059 5324 valde

464 5329 583 5375 erat
613 5317 924 5395 Hieronymi
960 5320 1255 5395 scripturn,
1294 5324 1398 5377 scio
1429 5317 1664 5395 quwdum
1696 5333 1795 5387 isto
1827 5317 2059 5394 sermone

460 5392 692 5474 mortali
721 5391 808 5443 vix
845 5392 1014 5462 eloqui
1061 5395 1387 5449 terrestribus
1413 5391 1450 5465 ,’
1484 5410 1612 5467 etc.,
1664 5418 1783 5474 quin
1830 5391 2056 5466 ﬂuetius

458 5462 720 5518 restituit.

538 5545 560 5572 ε
596 5534 959 5604 Reposuimns
988 5535 1055 5589 ad
1091 5548 1883 5618 omnesquoscumquemittant,
1919 5561 2049 5618 etc.,

457 5616 561 5693 pro
726 5620 844 5660 erat
871 5617 1024 5693 antes:
1058 5611 1128 5693 att
1154 5613 1344 5678 omnia,
1373 5613 1442 5667 ad
1460 5611 1799 5693 quiscumque
1827 5611 2048 5693 mittam,

457 5686 564 5732 etc.
600 5677 853 5756 Babanus
875 5721 889 5741 .
946 5688 1056 5733 tum
1088 5683 1219 5756 lteg.
1258 5677 1422 5750 penes
1458 5677 1863 5756 lluetium'ms”
1896 5677 2051 5751 deni:

455 5760 562 5831 guc
593 5749 813 5831 ercus
851 5760 1026 5831 textus
1052 5794 1065 5818 ,
1111 5749 1242 5831 πρὸς
1262 5749 1479 5823 πάντας,
1512 5757 1600 5821 οὓς
1640 5764 1721 5816 ἐὰν
1748 5749 2048 5831 ἐξαίτοσὲεὶ-

456 5815 529 5873 Ic»
556 5841 635 5887 σε,
677 5831 734 5878 et
764 5822 985 5877 Latinus
1015 5815 1230 5894 quoque
1260 5842 1369 5883 non
1401 5815 2046 5903 semel'supra‘lﬂauda'tm

2184 3304 2490 3374 priusquam
2532 3304 2696 3359 exircs
2723 3304 2786 3358 de
2814 3305 2963 3359 uulua
2990 3305 3168 3359 matris
3193 3316 3316 3370 tuae,
3346 3306 3671 3377 sanctiﬁcavi
3700 3315 3789 3361 te:

2183 3395 2330 3451 Deus
2360 3396 2462 3450 sibi
2497 3396 2614 3466 ipse
2641 3398 2948 3452 sanctiﬁcat
2973 3398 3206 3469 aliquos.
3250 3397 3419 3454 Istum
3452 3414 3559 3454 non
3592 3414 3789 3469 exspe-

2183 3496 2327 3555 ctat,
2376 3501 2435 3543 ut
2486 3489 2788 3545 sanctiﬁcet
2819 3490 3093 3560 genitum,
3140 3491 3237 3546 sed
3282 3492 3438 3563 prius
3482 3492 3788 3547 sanctiﬁcat

2181 3598 2340 3653 quam
2388 3583 2458 3638 de
2497 3585 2662 3639 vulva
2709 3584 3035 3656 egrediatur.
3091 3582 3150 3640 Si
3203 3584 3269 3639 ad
3314 3584 3653 3641 Salvatorem
3704 3592 3787 3657 (ut

2180 3674 2317 3745 dixi)
2348 3676 2577 3743 referas,
2615 3692 2720 3732 non
2751 3687 2836 3733 est
2874 3678 3079 3733 malum
3106 3678 3291 3734 dicere
3322 3680 3474 3750 prius
3506 3696 3630 3736 eum
3652 3696 3782 3735 san-

2182 3771 2480 3826 ctiﬁcatum
2512 3786 2656 3837 esse,
2687 3787 2848 3842 quam
2883 3782 3088 3828 natum.
3136 3772 3227 3829 Sic
3264 3773 3332 3829 de
3365 3773 3596 3829 Domino
3623 3773 3784 3829 intel-

2181 3866 2319 3938 ligas
2352 3867 2395 3931 ί,
2428 3868 2522 3939 qui
2556 3877 2845 3939 antequam
2873 3868 2941 3925 de
2968 3869 3129 3924 vulva
3159 3868 3379 3939 exierit,
3410 3871 3785 3926 sanetiﬁmtus

2179 3970 2284 4027 est,
2319 3962 2414 4017 sed
2460 3962 2677 4018 inﬁnito
2715 3972 2841 4019 ante
2880 3971 3127 4034 tempore
3151 3980 3369 4035 semper
3397 3976 3618 4021 sanctus
3647 3964 3780 4020 fuit:

2180 4051 2269 4108 hic
2296 4069 2429 4131 vero
2460 4065 2747 4122 antequam
2775 4055 2843 4110 de
2869 4065 3025 4111 utero
3046 4056 3248 4124 exiret,
3282 4057 3653 4113 sanctilicatus
3673 4066 3777 4112 est.

2183 4146 2504 4219 PrOphetam
2551 4149 2606 4202 in
2656 4150 2891 4221 gentibus
2938 4152 3091 4223 posui
3137 4161 3204 4206 te.
3271 4152 3329 4207 Si
3372 4161 3398 4199 8
3438 4152 3506 4208 de
3543 4152 3781 4209 Jeremia

2179 4245 2413 4313 quieris,
2458 4245 2734 4313 quomodo
2762 4248 2834 4300 sit
2863 4245 3127 4317 propheta
3178 4245 3233 4301 in
3263 4245 3516 4313 gentibus
3548 4246 3777 4317 positus,

2178 4334 2408 4391 observa
2439 4336 2496 4390 in
2542 4338 3009 4408 consequentibus
3040 4322 3163 4394 eum
3198 4337 3422 4409 jubetur
3453 4337 3780 4409 prophetare

2179 4431 2246 4486 ad
2269 4446 2461 4488 omnes
2484 4441 2704 4502 gentes:
2737 4449 2859 4487 nam
2886 4434 3044 4488 istius
3065 4433 3210 4487 modi
3244 4433 3471 4496 scriptio
3492 4440 3599 4494 est.
3631 4430 3779 4503 quod

2181 4523 2287 4597 [ΑΙ.
2345 4527 2737 4599 superscriptio
2794 4536 2879 4583 est
2925 4526 3068 4599 quae]
3119 4526 3467 4597 prophetavit
3508 4525 3780 4582 Jeremias

2098 4624 2152 4685 D
2177 4633 2341 4688 super
2366 4636 2554 4676 omnes
2584 4630 2777 4690 gentes
2807 4620 2991 4684 Elam,
3029 4621 3308 4685 Damasci,
3346 4620 3535 4676 Moab:
3576 4631 3630 4675 et
3670 4619 3771 4673 ha-

2178 4711 2332 4767 bebis
2363 4714 2487 4784 quia
2523 4714 2931 4785 pr0phetaverit
2956 4714 3022 4768 ad
3053 4728 3246 4770 omnes
3272 4724 3492 4785 gentes,
3537 4713 3687 4784 juxta
3716 4712 3771 4768 id

2169 4806 2316 4877 quod
2364 4807 2566 4862 dictum
2605 4816 2717 4863 est:
2770 4808 3084 4880 Prophetam
3121 4811 3175 4863 in
3222 4807 3456 4879 gentibus
3503 4808 3655 4881 posui
3693 4816 3770 4875 te,

2168 4898 2212 4952 si
2266 4908 2447 4955 tamen
2494 4901 2739 4956 volueris
2792 4901 2909 4957 haec
2963 4902 3033 4957 de
3071 4901 3308 4958 Jeremia
3351 4901 3495 4957 dicta
3537 4901 3767 4957 sentire.

2169 4990 2228 5047 Si
2264 5002 2442 5048 autem
2494 4994 2906 5066 intelligentiam
2956 4995 3025 5051 ad
3069 4996 3236 5052 Deum
3272 4994 3571 5051 transferas
3598 5038 3612 5062 ,
3665 4995 3769 5051 iste

2170 5098 2299 5139 vere
2346 5083 2399 5139 in
2446 5087 2729 5142 universas
2758 5098 2950 5158 gentes
2988 5087 3325 5159 przcdicavit.
3366 5087 3463 5143 Est
3506 5087 3709 5159 quippe
3739 5082 3770 5123 δ

2168 5217 2519 5263 monuerunt.

2241 5276 2266 5314 ἀ
2303 5280 2573 5334 Laudatus
2594 5296 2696 5337 nis.
2723 5279 3076 5347 etRabanns,
3106 5281 3362 5349 deserens,
3395 5284 3466 5338 al.
3499 5281 3767 5350 (ti/ferens.

2243 5360 2265 5427 ξ
2293 5352 2452 5427 Aliud
2484 5351 2717 5427 Rebar“
2766 5357 3072 5427 indigentes,
3108 5357 3174 5410 ad
3205 5356 3384 5411 Graec.
3429 5355 3680 5427 δεόμενοι.

2241 5418 2262 5457 ί
2292 5420 2436 5500 ldetn
2464 5465 2478 5489 ,
2511 5426 2575 5500 _de
2602 5425 2827 5481 Domino
2868 5418 3129 5499 intelligas
3155 5446 3259 5483 non
3299 5429 3469 5483 solum
3492 5418 3775 5500 antequam

2166 5488 2229 5546 de
2258 5493 2408 5547 vulva
2439 5497 2622 5549 exiret.

2236 5574 2261 5642 ξε
2294 5570 2465 5642 Antea
2498 5576 2642 5623 erat:
2674 5569 2735 5624 Si
2762 5566 3018 5626 Jeremias
3044 5573 3255 5642 qua’ris.
3283 5571 3492 5628 Raban.
3517 5572 3768 5642 castigat.

2234 5632 2262 5671 Ι)
2424 5638 2584 5709 llcg.,
2618 5651 2754 5719 teste
2781 5641 2976 5719 Hltetio
2997 5684 3011 5706 ,
3041 5632 3352 5719 Εδιᾲᾳιᾷρρε
3377 5644 3515 5719 sicut
3532 5632 3770 5719 princeps

2159 5705 2582 5836 PrOphelttarnm,
2624 5714 2698 5768 sic
2730 5719 2777 5766 et
2807 5711 3096 5786 Propheta.
3140 5705 3354 5773 R'ab'an.
3383 5758 3399 5786 ,
3447 5705 3555 5771 alia
3575 5705 3768 5771 similia

2159 5794 2364 5836 momu
2413 5800 2461 5835 a.

2157 5794 2257 5849 pro
2280 5789 2461 5836 multa.
