4128 6346
296 231 403 290 393

898 222 1336 283 TRANSLATIO
1373 220 1807 281 HOMILIARUM
1845 216 2172 279 OlllGENlS
2210 220 2276 277 ΙΝ
2315 220 2691 280 JEREMIAM.
2734 222 2895 281 HOM.
2940 224 2983 281 l.

3479 228 3585 287 594

286 353 428 409 sicut
481 349 584 406 alia
643 347 811 405 multa
836 388 851 416 ,
916 347 995 402 sic
1056 356 1111 403 et
1156 342 1442 416 propheta.
1496 344 1565 402 Ut
1613 355 1697 401 est
1740 344 1886 414 prin-
1912 345 1965 406 Α
1992 340 2124 397 dicit
2150 340 2411 397 Dominus
2436 341 2504 398 ad
2532 342 2768 400 Judaeos.
2796 344 2862 399 Et
2893 358 3121 402 necesse
3144 353 3230 402 est
3261 359 3358 402 eos
3384 346 3477 419 qui
3502 348 3585 403 vi—
3658 410 3659 413 η

285 460 416 516 ceps
459 442 850 508 sacerdotum,
902 448 959 496 ut
1012 448 1097 497 est
1146 440 1416 505 Salvator,
1467 448 1527 494 ut
1577 447 1662 495 est
1716 436 1878 510 753

281 537 567 601 medicus;
616 534 873 591 similiter
902 542 958 590 et
988 532 1254 604 propheta
1292 542 1395 587 est.
1426 530 1641 603 Moyses
1672 546 1881 584 annuu-

284 632 427 686 tians
461 629 529 685 de
558 643 656 694 eo,
690 644 797 683 non
828 627 1002 682 solum
1045 626 1396 697 projihetam,
1444 624 1539 678 sed
1586 622 1880 678 admirabi-

278 725 389 781 lem
442 725 587 780 inter
641 729 868 778 cunctos
914 718 1213 775 nominavit
1253 717 1567 788 prophetam
1593 758 1606 782 ,
1650 716 1875 771 dicens:

279 816 606 886 Pr0phetam
627 832 690 870 ex
719 814 969 886 fratribus
996 814 1177 868 vestris
1218 812 1484 867 suscitabit
1513 810 1678 875 vobis,
1710 820 1733 846 ⁸
1762 809 1877 864 Do-

277 911 454 965 minus
499 909 661 975 Deus,
690 909 838 979 quasi
867 924 945 962 me
968 906 1143 961 audite
1170 922 1303 960 eum.
1355 903 1427 958 Et
1472 905 1566 959 erit
1589 944 1605 971 ,
1640 903 1879 974 quicum-

274 1024 376 1079 que
402 1022 507 1061 non
528 1004 754 1060 audierit
790 1003 1090 1075 prophetam
1120 999 1292 1066 illum,
1318 999 1548 1053 interibit
1597 1002 1661 1051 de
1685 996 1879 1067 papula

269 1117 367 1156 suo
398 1100 643 1166 (Denter.
667 1113 825 1163 xvtu,
857 1096 966 1164 15).
998 1096 1104 1151 Iste
1134 1094 1529 1164 estprophetes
1552 1093 1879 1148 constitutus

269 1196 325 1250 in
350 1193 630 1265 gentibus,
663 1200 721 1248 et
759 1192 970 1261 accepit
1014 1191 1242 1261 gratiam
1272 1205 1300 1242 a
1325 1188 1436 1244 Deo
1454 1186 1677 1245 ell'usam
1711 1188 1764 1242 in
1796 1186 1878 1240 la-

264 1286 373 1343 biis
404 1287 543 1353 suis,
576 1295 635 1340 ut
656 1299 762 1341 non
793 1285 968 1340 solum
992 1298 1116 1339 cum
1148 1297 1389 1354 praesens
1412 1281 1873 1351 aderatcorpore,

266 1381 366 1437 sed
400 1382 573 1435 etiam
602 1394 747 1434 nunc
765 1393 888 1434 cum
906 1378 1063 1434 adest
1087 1378 1309 1442 virtute,
1329 1384 1384 1431 et
1404 1375 1621 1446 spiritu,
1649 1374 1880 1445 prophe-

273 1474 441 1530 tetad
470 1489 663 1529 omnes
685 1480 897 1544 gentes,
922 1482 974 1527 et
1008 1470 1289 1543 prophetia
1308 1486 1407 1526 sua
1464 1486 1532 1526 ex
1584 1477 1697 1526 toto
1747 1470 1879 1525 orbe

263 1567 509 1621 attrahat
535 1566 785 1622 homines
810 1565 878 1619 ad
903 1566 1153 1620 salutem.
1185 1563 1255 1617 Et
1284 1562 1311 1601 ι)
1331 1564 1458 1617 dixit
1485 1579 1503 1617 :
1529 1562 1657 1630 Quis
1680 1570 1751 1616 est
1778 1563 1876 1615 do-

261 1663 513 1728 minator,
548 1658 814 1714 Domine?
842 1657 978 1714 Ecce
1004 1659 1176 1713 nescio
1200 1658 1366 1729 loqui,
1398 1657 1521 1729 quia
1534 1658 1749 1728 juvenis
1779 1673 1873 1730 ego

1982 452 2111 493 vere
2139 438 2391 509 religiose
2415 439 2465 493 in
2489 440 2708 495 Christo
2736 443 3143 513 cupiunt,omni
3164 460 3367 516 genere
3387 462 3419 501 a
3449 461 3585 502 con-

1985 534 2166 588 trariis
2189 534 2501 603 virtutibus,
2529 552 2627 604 per
2655 552 2719 590 ea
2747 553 2867 607 qua:
2901 542 3245 609 reperiuntur
3272 558 3423 604 vasa,
3456 558 3581 613 per-

1990 629 2323 686 secutionem
2351 632 2478 701 pati.
2510 632 2624 697 Qua
2650 631 2716 687 de
2741 648 2901 687 causa
2933 634 3066 689 nihil
3114 652 3311 692 novum
3358 648 3450 693 aut
3487 653 3585 711 pe-

1983 725 2256 794 regrinum
2286 726 2530 781 videatur
2579 727 2685 794 his,
2722 737 2744 764 θ
2774 728 2867 797 qui
2894 729 2946 783 in
2979 731 3421 787 tribulationibus
3446 733 3581 790 affli-

1981 829 2183 890 guntur
2214 837 2226 873 :
2260 825 2441 875 omnia
2467 838 2589 891 quae
2618 833 2889 893 praecepta
2920 834 3046 879 sunt
3092 824 3310 897 faciant,
3369 836 3579 884 tantum

1984 924 2139 969 orent
2165 924 2222 969 ut
2249 917 2648 984 persecutionis
2673 933 2835 972 causa
2860 918 3105 973 Christus
3133 920 3231 983 sit;
3265 936 3333 976 ne
3359 932 3584 993 propter

1985 1005 2327 1077 injustitiam,
2361 1025 2427 1064 ne
2453 1017 2672 1080 propter
2694 1011 2917 1079 delicta,
2946 1027 3017 1068 ne
3036 1024 3261 1083 propter
3290 1015 3577 1071 avaritiam

1984 1099 2375 1170 deprimantur.
2405 1101 2460 1157 Si
2488 1104 2707 1172 quando
2731 1116 2912 1159 autem
2946 1114 3169 1175 propter
3187 1106 3456 1176 justitiam
3473 1109 3583 1163 ali-

1982 1194 2104 1262 quis
2131 1194 2455 1263 exagitator,
2481 1195 2668 1249 audiat
2693 1213 2704 1249 :
2725 1194 2873 1250 Beati
2894 1198 3014 1251 estis
3028 1214 3141 1251 cum
3162 1198 3477 1269 exprobrant
3494 1215 3583 1253 uo-

1984 1284 2080 1347 bis,
2105 1294 2154 1339 et
2183 1296 2578 1357 persequuntur,
2611 1296 2659 1342 et
2681 1288 2858 1341 dicunt
2890 1305 3039 1344 omne
3063 1290 3260 1344 malum
3307 1291 3584 1347 aduersum

1981 1395 2089 1445 vos,
2113 1382 2209 1434 mei
2227 1397 2411 1435 causa:
2441 1381 2661 1452 gaudete
2685 1392 2731 1435 et
2762 1383 3035 1449 exsultate,
3061 1385 3183 1451 quia
3208 1401 3396 1439 merces
3420 1396 3588 1440 vestra

1986 1491 2171 1544 magna
2199 1483 2275 1528 est
2304 1475 2357 1528 in
2371 1474 2533 1528 ctelis.
2560 1476 2652 1529 Sic
2670 1477 2804 1529 enim
2832 1477 3087 1548 persecuti
3118 1486 3237 1531 sunt
3284 1475 3586 1547 prophetas,

1984 1568 2069 1637 qui
2101 1569 2440 1637 fuerantante
2460 1583 2546 1622 vos
2576 1566 2795 1637 (Matth.
2846 1586 2900 1633 v,
2952 1568 3069 1641 il).
3123 1569 3380 1637 Quoniam
3417 1580 3585 1624 tecum

1986 1678 2100 1715 sum
2145 1669 2200 1714 ut
2253 1677 2428 1714 eruam
2458 1672 2525 1727 te,
2566 1661 2694 1714 dicit
2750 1661 3042 1728 Dominus;
3096 1670 3144 1716 et
3194 1663 3420 1716 extendit
3468 1679 3589 1717 ma-

260 1772 401 1811 sum.
435 1754 505 1809 Et
533 1756 665 1810 dixit
688 1754 939 1809 Dominus
965 1754 1034 1808 ad
1058 1770 1171 1808 eum
1200 1769 1217 1807 :
1246 1751 1374 1807 Noli
1402 1755 1591 1820 dicere,
1615 1753 1735 1823 quia
1774 1756 1869 1825 ju—
1899 1756 1947 1817 Β
1975 1770 2098 1808 num
2140 1770 2290 1807 suam
2334 1754 2401 1806 ad
2454 1769 2533 1807 me
2581 1750 2862 1821 Dominus,
2915 1766 2962 1807 et
3014 1755 3175 1822 tetigit
3226 1770 3283 1808 os
3310 1770 3504 1821 meum,
3536 1764 3590 1807 et

262 1848 407 1902 cenis
457 1864 553 1919 ego
605 1865 741 1914 sum,
769 1846 1013 1919 quoniam
1034 1845 1104 1899 ad
1126 1861 1299 1900 omnes
1326 1845 1394 1898 ad
1423 1860 1776 1915 quoscumque
1825 1852 1873 1899 te

262 1944 492 2006 mittam,
522 1942 617 1997 ibis
635 1940 768 2012 (Jer.
796 1956 835 2001 t.
866 1940 944 2012 6).
980 1940 1136 2010 Saepe
1160 1940 1400 1995 diximus
1428 1941 1608 1995 solere
1638 1954 1759 1994 esse
1782 1939 1876 1994 ali-

264 2052 431 2107 quem
456 2050 707 2104 puermn,
731 2034 885 2104 juxta
908 2049 1031 2090 eum
1062 2034 1153 2105 qui
1177 2033 1323 2088 intus
1353 2040 1437 2088 est
1466 2032 1767 2098 hominem,
1811 2032 1874 2086 li-

264 2139 354 2185 cet
386 2131 556 2187 etiam
583 2129 739 2185 senili
766 2129 1013 2198 corporis
1036 2127 1107 2182 sit
1135 2137 1297 2182 astate
1322 2144 1335 2181 :
1363 2135 1418 2181 et
1445 2128 1753 2181 econtrario
1772 2125 1878 2181 fre-

267 2236 510 2294 quenter
532 2221 765 2278 inveniri
794 2222 1078 2292 parvulum
1110 2219 1413 2276 secundum
1443 2236 1565 2276 eum
1600 2219 1877 2275 hominem

270 2317 363 2387 qui
389 2317 735 2372 estrinsecus
760 2324 867 2390 est,
887 2324 942 2371 et
966 2330 1087 2370 esse
1111 2314 1340 2370 interius
1358 2312 1655 2385 perfectum
1678 2314 1875 2368 virum.

273 2408 429 2465 Talis
470 2418 590 2464 erat
640 2408 904 2465 Jeremias
947 2408 1151 2464 habens
1190 2410 1302 2479 jam
1345 2407 1449 2463 sibi
1495 2422 1817 2463 concessam
1849 2422 1879 2462 a

278 2501 397 2558 Deo
422 2504 651 2574 gratiam
674 2503 727 2557 in
756 2512 914 2557 mtate
945 2504 1192 2567 corporis
1215 2502 1393 2558 adhuc
1418 2503 1637 2572 puerili,
1665 2512 1883 2572 propter

276 2595 424 2666 quod
454 2598 528 2650 ait
555 2597 607 2651 ei
639 2596 897 2652 Dominus
926 2615 939 2650 :
970 2594 1101 2650 Noli
1121 2596 1311 2663 dicere,
1336 2596 1463 2667 quia
1514 2596 1715 2664 juvenis
1746 2612 1880 2650 sum.

277 2688 620 2760 Signumque
668 2689 827 2760 hujus
857 2689 956 2757 rei,
1011 2690 1135 2761 quia
1184 2705 1294 2744 non
1320 2689 1390 2743 sit
1413 2689 1649 2759 juvenis,
1679 2688 1773 2744 sed
1805 2688 1886 2743 vir

280 2793 722 2852 consummatus,
759 2795 781 2823 ο
810 2783 1049 2839 ostendit
1074 2784 1263 2840 dicens
1294 2801 1308 2837 :
1345 2784 1602 2851 Quoniam
1624 2784 1692 2836 ad
1714 2798 1887 2837 omnes

284 2876 354 2932 ad
404 2894 750 2949 quoscumque
786 2879 987 2935 mittant
1009 2889 1078 2946 te,
1104 2881 1200 2934 ibis
1234 2895 1253 2934 :
1280 2887 1329 2934 et
1345 2882 1506 2952 juxta
1556 2894 1886 2949 quwcumque

284 2974 482 3023 mando
508 2971 621 3039 tibi,
656 2972 878 3042 loqueris
911 2988 928 3025 :
958 2989 1051 3026 nec
1081 2973 1263 3026 timeas
1291 2990 1322 3026 α
1348 2971 1482 3042 facie
1530 2988 1726 3025 eorum.
1776 2969 1891 3025 Scit

287 3065 436 3119 enim
460 3078 559 3119 eos
586 3078 766 3119 sermo
791 3064 907 3130 Dei,
938 3066 1029 3135 qui
1056 3065 1207 3121 verbi
1241 3065 1513 3136 legatione
1562 3062 1885 3134 funguntur,

1979 1849 2108 1902 dixit
2134 1847 2384 1901 Dominus
2405 1848 2471 1899 ad
2498 1864 2577 1900 me
2602 1844 2676 1919 (Ι
2682 1864 2753 1901 er.
2782 1863 2822 1914 ι,
2853 1850 2907 1911 8,
2936 1846 3032 1918 9).
3062 1847 3303 1902 Observa
3332 1846 3590 1903 differen-

1978 1942 2081 1995 tias
2130 1939 2383 1995 Jeremia:
2424 1948 2479 1994 et
2512 1940 2689 1995 Isaize.
2741 1940 2911 1995 Isaias
2954 1943 3069 1995 ait:
3119 1939 3401 1995 Immunda
3447 1942 3588 1997 labia

1979 2032 2191 2101 habens,
2223 2034 2277 2087 in
2316 2034 2489 2087 medio
2520 2033 2703 2106 populi
2740 2034 3008 2088 immunda
3051 2035 3188 2088 labia
3228 2034 3460 2090 habentis
3495 2052 3587 2107 ego

1980 2123 2177 2194 habito,
2222 2136 2270 2179 et
2316 2143 2486 2197 regem
2524 2124 2807 2179 Dominum
2852 2125 3066 2180 sabaoth
3111 2126 3216 2181 vidi
3257 2127 3423 2182 oculis
3461 2128 3589 2181 meis

1985 2218 2138 2291 (Isa.
2168 2235 2242 2283 vt,
2275 2221 2307 2274 5
2330 2219 2373 2290 ).
2410 2220 2478 2275 Ει
2507 2221 2763 2288 quoniam
2798 2204 3093 2274 cenfessns
3124 2228 3208 2274 est
3234 2234 3342 2274 non
3386 2218 3591 2274 habere

1984 2311 2129 2368 facta
2177 2312 2476 2379 immunda,
2529 2312 2626 2367 sed
2657 2312 2823 2367 verba
2854 2322 3075 2368 tantum
3105 2313 3322 2383 (usque
3352 2312 3416 2366 ad
3447 2311 3591 2367 hunc

1984 2408 2130 2463 enim
2161 2408 2323 2463 linem
2352 2415 2575 2478 peccata
2594 2405 2991 2477 commiserat),
3016 2421 3125 2461 non
3144 2406 3386 2461 extendit
3418 2404 3594 2460 Domi‘

1987 2515 2088 2556 nns
2118 2515 2336 2555 manum
2364 2514 2542 2567 suam,
2574 2514 2754 2570 neque
2786 2498 2805 2537 ί
2838 2514 3006 2553 unum
3057 2513 3125 2555 ex
3157 2497 3446 2568 Seraphim
3480 2512 3596 2552 ma-

1989 2612 2060 2651 nu
2104 2611 2199 2651 sua
2232 2595 2372 2651 labia
2404 2595 2521 2665 ejus
2553 2595 2751 2665 tetigit,
2784 2594 2880 2650 sed
2922 2592 3128 2664 forcipe
3158 2593 3336 2649 solum
3369 2602 3595 2664 tangens

1988 2688 2102 2746 ait:
2153 2688 2285 2743 Ecce
2336 2689 2525 2743 abstuli
2564 2689 2861 2760 iniquitates
2905 2696 3043 2742 tuas.
3089 2687 3341 2743 Ieremia:
3388 2699 3593 2755 autem,

1989 2783 2118 2853 quia
2149 2780 2522 2836 sanctificatus
2545 2780 2725 2835 fuerat
2756 2782 2808 2833 in
2832 2781 3011 2847 vulva,
3048 2795 3156 2834 non
3181 2779 3396 2850 forceps
3427 2778 3598 2833 mitti-

1991 2886 2102 2939 tur,
2134 2890 2310 2945 neque
2341 2876 2409 2929 de
2449 2874 2609 2928 altari
2656 2874 2820 2928 carbo
2851 2888 3188 2939 succensus;
3224 2872 3356 2927 nihil
3398 2872 3598 2943 quippe

1992 2968 2227 3023 habebat
2252 2969 2373 3037 igne
2410 2968 2658 3037 dignum,
2681 2967 2778 3022 sed
2802 2965 2919 3036 ipsa
2962 2980 3154 3020 manus
3182 2966 3391 3020 Domini
3422 2963 3600 3034 tetigit

1993 3061 2156 3134 755
2210 3076 2358 3127 eum,
2402 3069 2623 3131 prapter
2652 3060 2795 3130 quod
2827 3058 2962 3114 dicit
2998 3076 3011 3112 :
3067 3057 3315 3113 Extendit
3348 3057 3602 3113 Dominus

287 3158 575 3214 ineorrere
600 3158 756 3214 abiis
786 3158 1088 3229 periculum
1128 3158 1221 3229 qui
1257 3158 1451 3213 audire
1501 3165 1883 3212 contemnunt.
1912 3156 1957 3219 C
1992 3172 2200 3210 manum
2227 3172 2375 3210 suam
2396 3154 2463 3208 ad
2490 3172 2588 3215 me,
2621 3164 2669 3209 et
2698 3155 2863 3224 tetigit
2884 3169 2939 3207 os
2956 3170 3141 3207 meum.
3171 3151 3237 3206 Et
3264 3152 3397 3207 dixit
3419 3152 3599 3206 Domi-

288 3252 569 3322 lncrepati
600 3253 748 3308 enim
771 3253 1007 3308 oderunt
1034 3253 1460 3323 increpationes,
1484 3252 1728 3322 conrguti
1746 3252 1891 3307 inse-

287 3356 532 3417 quuntur
561 3357 868 3417 arguentes.
901 3347 1073 3402 Omne
1095 3347 1477 3418 quodcumque
1532 3346 1735 3401 malum
1784 3354 1887 3413 est,

288 3455 509 3509 semper
538 3441 814 3510 patiuntur
852 3441 1137 3513 propheta:
1171 3460 1184 3495 :
1215 3439 1338 3495 Non
1364 3452 1440 3497 est
1486 3442 1737 3511 prapheta
1782 3442 1892 3496 sine

290 3533 509 3605 honore,
546 3537 648 3589 nisi
678 3537 728 3590 in
761 3537 930 3606 patria
955 3554 1048 3591 sua
1069 3545 1117 3591 et
1143 3537 1294 3591 domo
1316 3553 1412 3592 sua
1451 3535 1643 3608 (Marc.
1700 3552 1781 3606 vr,
1809 3537 1889 3605 4).

291 3625 459 3697 Cujus
483 3628 564 3684 rei
592 3625 618 3666 ά
650 3643 820 3701 nuper
848 3645 1064 3701 quoque
1106 3629 1331 3685 fecimus
1361 3630 1717 3685 mentionem.
1781 3629 1897 3685 Scit

291 3738 429 3793 ergo
452 3724 549 3795 (ut
576 3723 760 3779 dicere
788 3725 1095 3795 cmpimus)
1128 3726 1268 3781 Deus
1300 3725 1523 3781 mittens
1548 3725 1890 3796 proiihetam,

291 3831 499 3890 quanta
550 3818 865 3874 discrimina
918 3833 1280 3889 perpessurus
1319 3819 1420 3886 sit,
1455 3818 1620 3891 754
1649 3818 1771 3875 idco
1802 3834 1897 3875 ex-

295 3913 549 3968 hOrtatur
570 3927 695 3967 eum
719 3912 940 3968 dicens:
972 3911 1057 3967 Ne
1093 3913 1277 3967 timeas
1300 3928 1331 3965 a
1352 3913 1485 3982 [acie
1521 3930 1719 3979 eorum,
1772 3915 1897 3984 quia

294 4026 389 4080 ego
416 4021 587 4063 tecum
623 4026 761 4079 sum,
794 4017 849 4063 ut
871 4025 1048 4063 eruunt
1084 4018 1149 4073 te,
1176 4008 1302 4062 dicit
1322 4006 1575 4062 Dominus
1598 4006 1732 4081 (Jer.
1760 4023 1799 4073 ι,
1818 4006 1895 4078 8).

295 4104 951 4173 Ουτεειιηιιιυθιθτεωίτιε
968 4120 1158 4175 passus
1177 4112 1287 4167 est,
1329 4106 1527 4174 scripta
1554 4113 1681 4158 sunt
1708 4121 1720 4156 :
1756 4104 1807 4157 in
1829 4103 1900 4157 la-

296 4212 420 4252 cum
448 4199 648 4252 missus
671 4209 754 4253 est
781 4199 900 4263 luti,
927 4199 1127 4252 mansit
1148 4197 1217 4252 ibi
1239 4198 1535 4252 comedens
1559 4213 1751 4266 panem
1765 4197 1895 4265 diei,

296 4302 352 4347 et
380 4308 574 4362 aquam
608 4301 816 4348 tantum
844 4280 1073 4358 bibens,
1104 4292 1320 4363 aliaque
1351 4292 1517 4346 multa
1548 4307 1668 4361 quas
1714 4300 1899 4361 pertu-

299 4385 382 4451 lit,
412 4387 467 4439 in
498 4386 638 4441 libro
658 4386 775 4455 ejus
799 4388 1162 4441 continentur.
1201 4384 1363 4452 Quem
1400 4396 1572 4438 autem
1620 4383 1901 4455 prapheta-

300 4497 417 4535 rum
469 4498 573 4535 non
630 4483 885 4553 persecuti
932 4490 1051 4536 sunt
1098 4488 1268 4551 patres
1296 4481 1452 4535 vestri
1490 4480 1748 4551 (Act.vn,
1777 4478 1900 4549 5‘2)?

374 4628 401 4655 ει
436 4618 803 4683 Expttnximus
844 4618 929 4672 hic
972 4617 1196 4670 verbum
1226 4616 1382 4682 dixit,
1432 4626 1540 4669 tum
1572 4624 1746 4668 noster
1774 4622 1896 4680 post

300 4689 447 4744 Deus
469 4706 488 4744 :
510 4689 820 4745 snﬂ‘ecimus
843 4705 994 4753 vero,
1019 4688 1087 4741 Et
1110 4691 1225 4754 erit,
1248 4689 1558 4759 quicumque
1574 4688 1725 4757 juxta
1748 4685 1897 4741 Grie-

301 4777 424 4816 cum
453 4770 658 4815 textum
684 4772 739 4816 et
760 4762 967 4816 Rabani
993 4759 1302 4816 lectionem.

373 4832 401 4871 ι’
434 4832 859 4889 Βθειτὼμηιίυιιι
898 4835 1112 4888 videtur
1141 4832 1292 4902 juxta
1323 4832 1597 4893 Graecum,
1628 4834 1713 4886 καὶ
1756 4826 1893 4898 εἶπα,

301 4904 358 4960 ⁸ο
376 4904 462 4960 ὢν.
493 4904 558 4958 Et
586 4906 695 4959 dixi
722 4921 740 4959 :
771 4906 870 4972 Qui
892 4920 965 4959 es.
986 4904 1238 4959 Hebraic.
1267 4905 1449 4973 habet,
1470 4902 1533 4955 Et
1555 4902 1741 4969 dixiA,
1762 4918 1815 4967 α,
1842 4919 1896 4969 a,

302 4976 529 5033 Domine
552 4975 716 5043 Deus,
745 4988 855 5034 etc.

377 5061 401 5089 ο
447 5048 575 5103 Mss.
625 5048 758 5119 Reg.
813 5063 977 5118 penes
1019 5047 1311 5114 Huetinm,
1363 5046 1649 5101 ostenditur
1691 5061 1709 5099 :

305 5137 466 5177 mam.

375 5192 409 5277 du
440 5192 497 5247 In
529 5191 721 5280 Cra-:90
766 5200 973 5248 tantum
1021 5201 1105 5280 est
1147 5194 1230 5280 κοεί
1255 5194 1430 5280 πρῴην
1458 5191 1859 5280 ἐμνημονεύρμεν
1887 5206 1900 5242 :

306 5264 445 5339 legit
472 5280 604 5320 vero
634 5265 1003 5339 Hieronymus
1026 5261 1085 5318 οὗ
1130 5267 1210 5339 nat
1254 5260 1430 5339 πλοῴην
1470 5260 1901 5339 impensam»,

303 5334 450 5403 quod
475 5352 661 5392 verum
686 5345 789 5390 est.
818 5334 933 5391 Non
956 5336 1189 5390 absurde
1216 5334 1511 5389 crediderit
1540 5336 1735 5399 aliquis
1756 5349 1905 5387 com—

307 5410 572 5464 mentaria
613 5408 865 5477 Origenis
897 5410 949 5461 in
984 5406 1290 5462 Matth-.eum
1342 5404 1430 5459 hic
1480 5406 1772 5477 significari
1802 5446 1817 5468 ,
1852 5405 1903 5458 in

307 5494 537 5550 quorum
590 5479 683 5535 XL
718 5475 880 5535 'tonto
929 5480 1082 5532 locus
1136 5478 1378 5550 hic,7qni
1430 5477 1662 5550 habetur
1692 5475 1901 5550 Matth.

309 5548 429 5615 sint,
458 5551 553 5619 57,
599 5553 812 5619 prolixe
840 5552 1178 5620 explanatur.
1233 5549 1490 5616 Quamvis
1514 5549 1659 5603 enim
1690 5548 1742 5600 in
1775 5548 1907 5601 Mat-

309 5624 516 5679 thaaum
570 5634 744 5677 tomos
801 5623 1122 5677 elucubrare
1172 5620 1283 5689 jam
1331 5622 1689 5691 sexagenario
1733 5620 1908 5684 major

310 5696 563 5765 Origines
611 5695 879 5759 inceperit
912 5710 925 5747 :
975 5707 1083 5747 non
1116 5692 1267 5761 prius
1298 5691 1762 5765 tamenghomilias
1792 5692 1909 5744 illas

312 5768 379 5822 ad
412 5763 670 5838 pOpnIum
716 5766 942 5829 habuit;
980 5779 1103 5818 nam
1134 5780 1201 5838 es
1233 5779 1298 5838 eo
1336 5763 1677 5818 homiliarum
1711 5775 1910 5838 genere

314 5833 464 5908 sunt,
487 5833 627 5910 quas
648 5852 771 5894 cum
800 5851 865 5894 ex
894 5845 1138 5906 tempore
1166 5835 1438 5904 funderet,
1486 5844 1611 5907 post
1640 5833 1912 5905 sexagesi-

1759 5044 1903 5111 Quo-

1993 3266 2087 3305 nus
2128 3250 2196 3303 ad
2226 3266 2304 3304 me
2327 3266 2346 3304 :
2367 3248 2500 3303 Ecce
2520 3248 2639 3302 dedi
2664 3264 2925 3301 sermones
2958 3263 3095 3300 meos
3126 3246 3181 3299 in
3204 3263 3259 3299 os
3284 3254 3450 3309 tuum,
3476 3259 3593 3298 ecce

1995 3347 2243 3401 constitui
2282 3355 2329 3399 te
2359 3355 2384 3392 8
2417 3344 2570 3398 hodie
2619 3359 2775 3415 super
2817 3350 3011 3412 gentes,
3062 3350 3108 3394 et
3135 3356 3296 3410 regna
3332 3338 3598 3392 eradicare

1993 3440 2139 3513 (.Ier.
2172 3457 2210 3507 1,
2242 3440 2297 3505 9,
2331 3439 2462 3507 10).
2497 3437 2597 3505 Qui
2647 3439 2725 3492 sic
2754 3436 2945 3491 beatus
2976 3444 3080 3501 est,
3122 3444 3181 3489 ut
3228 3449 3396 3503 regna
3430 3434 3599 3487 multa

1992 3551 2115 3607 quae
2161 3534 2381 3590 Christo
2426 3532 2679 3587 diabolus
2725 3530 2988 3597 ostendit,
3050 3544 3213 3599 regna
3262 3526 3599 3589 daunonum,

1995 3647 2156 3702 regna
2190 3628 2402 3700 peccati
2449 3626 2713 3692 eradicet,
2744 3622 2775 3661 h
2805 3640 2942 3693 opus
2990 3623 3151 3679 habet
3182 3623 3248 3678 iis
3271 3622 3361 3693 qni
3389 3622 3439 3677 ei
3487 3619 3603 3675 dati

1993 3735 2120 3782 sunt
2149 3740 2178 3779 a
2212 3725 2318 3777 Deo
2346 3721 2710 3777 sermonibm.
2732 3717 3004 3789 Scriptum
3037 3717 3273 3774 estenim
3302 3734 3313 3770 :
3342 3716 3473 3770 Ecce
3499 3715 3596 3769 de-

1998 3820 2053 3872 di
2080 3832 2338 3872 sermones
2364 3831 2501 3869 meos
2539 3814 2593 3867 in
2623 3828 2679 3865 os
2724 3821 2888 3865 tuum.
2929 3811 3063 3865 Ecce
3090 3809 3327 3865 constitui
3376 3818 3424 3862 te
3453 3807 3607 3861 hodie

1998 3928 2153 3984 super
2174 3918 2370 3982 gentes,
2400 3916 2447 3962 et
2469 3924 2627 3980 regna
2656 3906 2921 3960 eradicare
2947 3902 3080 3975 (Jer.
3114 3920 3154 3969 I,
3204 3903 3273 3959 10
3292 3902 3337 3974 ).
3368 3901 3608 3970 Quomo-
3664 3972 3673 3982 ἱ

2000 4007 2071 4063 do
2122 4017 2304 4059 autem
2352 4017 2519 4072 regna
2569 4010 2699 4054 sunt
2739 3999 2996 4069 plurima,
3030 3998 3211 4067 plures
3255 3994 3511 4049 similiter
3550 4003 3608 4051 et.

2000 4111 2211 4173 gentes.
2258 4097 2367 4152 Nec
2399 4102 2578 4165 potest
2608 4091 2829 4162 aliquod
2874 4106 3099 4161 regnum
3152 4087 3283 4154 dici,
3331 4088 3432 4141 nisi
3462 4085 3609 4158 quod

2002 4193 2106 4251 sub
2151 4208 2211 4249 se
2242 4190 2485 4246 continet
2531 4188 2804 4241 nationes.
2854 4182 3011 4238 Verbi
3042 4182 3213 4252 gratia
3243 4180 3447 4235 dictum
3495 4180 3609 4235 sit:

2001 4296 2194 4358 regnat
2226 4284 2512 4341 fornicatio
2542 4282 2636 4353 (in
2668 4280 2889 4335 homine
2921 4276 3249 4348 peccatore),
3273 4290 3498 4333 necesse
3526 4282 3615 4331 est

2004 4391 2063 4435 ttt
2103 4394 2332 4448 regnum
2374 4375 2754 4431 fornicationis
2784 4371 2983 4425 habeat
3010 4378 3197 4440 gentes
3244 4383 3388 4423 suas.
3430 4367 3613 4437 Ipsum

2006 4475 2140 4534 illud
2172 4473 2435 4546 generale
2462 4470 2725 4526 delictum
2751 4466 2997 4521 avaritia:
3027 4474 3081 4519 et
3107 4463 3331 4532 fraudis,
3364 4476 3475 4534 quo
3523 4462 3616 4517 vix

2003 4625 2152 4665 mmn
2184 4622 2383 4663 annum
2414 4621 2443 4660 a
2477 4604 2703 4659 notariis
2748 4603 2803 4655 in
2844 4601 3061 4654 litteras
3106 4596 3296 4653 referri
3337 4596 3612 4668 permisit,
3678 4634 3683 4635 ν

2002 4682 2143 4752 quod
2169 4691 2294 4735 ante
2321 4684 2825 4752 semper-vetuerat.
2868 4672 2999 4752 Vide
3022 4670 3343 4752 Eusebium,
3398 4670 3535 4752 libr‘o
3560 4684 3616 4752 vi

2002 4740 2139 4809 llist.
2183 4768 2305 4821 cap.
2342 4740 2653 4805 56.'Eidem
2684 4759 2897 4821 quoque
2941 4742 3070 4796 huic
3114 4743 3443 4821 conjectura:
3488 4740 3617 4821 facit.

2001 4826 2215 4895 Vocula,
2246 4810 2446 4901 ipsis.
2477 4835 2596 4889 quae
2627 4810 2732 4899 non
2764 4810 2996 4901 prident,
3037 4822 3103 4901 Ri.
3142 4828 3170 4865 a
3199 4812 3481 4881 Corderio,
3505 4810 3615 4901 sed

2003 4914 2167 4970 nuper
2199 4886 2453 4952 ver'tenda
2482 4886 2585 4953 est,
2637 4890 2706 4970 ita
2734 4886 2813 4970 λιι
2844 4888 3004 4970 vertit
3037 4886 3396 4970 llieronyntus
3421 4886 3615 4970 :ncirc'a

2005 4954 2149 5026 idem
2181 4972 2380 5039 quippe
2412 4973 2625 5030 tempus
2649 4961 2700 5014 in
2734 4959 3043 5039 hlatthaenm
3088 4956 3331 5037 scripsit,
3357 4969 3407 5009 et
3440 4954 3616 5039 homi-

2010 5042 2111 5097 lias
2169 5028 2408 5095 snas'ex
2464 5028 2561 5091 ore
2620 5032 2998 5089 concionantis
3044 5028 3219 5095 excipi
3257 5040 3452 5097 passus
3509 5032 3615 5080 est.

2012 5114 2277 5167 Hunnus.

2061 5128 2451 5253 υξῗίῖῗσῐὶοςη
2480 5178 2617 5252 quod
2638 5176 2718 5232 his
2740 5174 3160 5234 tribulationibus
3183 5186 3202 5226 :
3229 5168 3387 5239 alter,
3401 5168 3489 5239 qui
3509 5166 3611 5235 his,

2012 5264 2121 5312 etc.
2151 5256 2319 5311 litem.

2088 5326 2107 5364 ί
2152 5310 2327 5383 Graec.
2350 5327 2408 5384 τὸ
2429 5324 2482 5382 δέ
2503 5322 2552 5379 ἓν
2570 5324 2937 5400 τῶνςεραφμίμ.
2967 5319 3122 5390 Legit
3143 5316 3367 5400 Hieron.
3391 5310 3519 5400 μηδᾷ
3544 5310 3617 5400 ειν2

2014 5408 2151 5467 etc.,
2188 5416 2349 5467 neque
2376 5415 2538 5452 unum
2578 5413 2638 5451 ea:
2670 5388 2993 5467 Ser'ap'him;
3040 5388 3185 5461 quod
3213 5401 3398 5442 verum
3428 5394 3535 5451 est,
3566 5393 3623 5439 et

2016 5487 2082 5528 ex
2116 5464 2273 5527 lsaiaé
2299 5487 2375 5534 vt,
2405 5471 2460 5535 6,
2492 5469 2624 5522 satis
2654 5474 2853 5521 exsmt.
2880 5464 3047 5536 Idem.
3264 5529 3294 5536 _
3621 5532 3625 5536 _

2092 5552 2117 5590 8
2159 5529 2489 5598 Deerat'vos
2518 5539 2693 5607 hodie,
2724 5554 2886 5610 quam
2930 5534 3139 5591 Raban.
3171 5538 3227 5588 et
3255 5529 3431 5587 Graec.
3457 5532 3626 5605 σήμεέ

2018 5636 2105 5692 ρον
2132 5616 2407 5683 supplent.
3050 5677 3062 5689 ο

2043 5758 2049 5760 _
2092 5686 2117 5724 ιλ
2158 5686 2335 5743 Verba
2390 5704 2516 5757 opus
2543 5683 2689 5738 habet
2733 5682 2993 5760 Babanus
3051 5684 3521 5760 igttorat,_'neque.
3567 5676 3625 5730 in

2020 5758 2212 5815 Grzeco
2238 5769 2366 5813 sunt
2389 5749 2559 5821 texta,
2591 5772 2689 5810 nec
2716 5753 2967 5823 denique,
2997 5749 3139 5823 quod
3182 5749 3405 5823 lluetins
3434 5749 3627 5822 Opina-

2019 5840 2131 5899 tur,
2156 5840 2273 5887 erat
2295 5846 2391 5885 cur
2420 5820 2780 5897 Hieronymus
2807 5820 3089 5897 suppleret
3112 5822 3165 5877 in
3196 5820 3411 5879 Graeco.
