4104 6336
502 314 606 368 593
1770 303 1824 360 S.
1871 295 2144 358 EUSEBII
2185 292 2570 355 HIERONYMI
3703 293 3812 355 596

493 426 691 496 aliquis
724 425 979 479 immunis
1003 431 1106 486 est,
1138 423 1302 479 habet
1331 435 1554 493 regnum
1586 433 1767 485 suum,
1799 427 1856 474 et
1881 419 1982 474 sub
2003 416 2090 474 're-
2119 423 2172 483 Α
2199 415 2460 484 nigultate
2506 413 2626 478 Dei,
2661 421 2719 468 ut
2762 413 3059 468 eradicatio
3115 415 3228 484 ipsa
3279 423 3332 470 et
3374 413 3664 469 subversio
3699 423 3812 470 tuta

494 537 602 592 gno
645 534 753 574 uno
780 521 974 574 multas
1009 516 1246 587 possidet
1293 526 1501 587 gentes.
1537 531 1632 584 per
1661 513 1920 584 plurimas
1947 511 2093 566 scili-

495 623 586 668 cet
615 612 829 681 species
859 612 1126 675 avaritiae,
1158 621 1215 664 et
1267 609 1337 662 ob
1388 608 1439 663 id
1471 621 1608 678 opus
1639 615 1722 661 est
1752 603 2098 660 sermonibus

496 707 620 771 Dei,
651 716 709 760 ut
737 706 1044 761 istiusmodi
1077 719 1242 774 regna
1273 720 1399 759 cum
1430 704 1543 757 suis
1572 701 1825 771 gentibus
1851 699 2094 754 evellan-

491 807 600 853 tur.
649 798 901 854 Salvator
949 799 1002 852 in
1035 796 1334 865 Evangelia
1380 795 1620 851 ostendit
1657 792 1880 847 dicens:
1917 789 2100 844 Omnis

494 894 752 964 pluntatio
783 907 939 961 quant
966 905 1069 942 non
1099 888 1349 961 plantavit
1379 886 1537 941 Pater
1557 902 1698 940 meus
1729 881 1964 948 ccclesiis,
1987 897 2103 935 era-

494 988 758 1041 dicabitur
789 988 807 1056 (
839 983 1025 1039 Matth.
1057 999 1147 1050 xv,
1179 983 1247 1038 15
1271 982 1308 1052 ).
1342 983 1479 1038 Sunt
1500 981 1744 1050 quaedam
1775 979 2103 1032 intrinsecus

495 1080 552 1134 in
584 1079 872 1136 animabus
901 1079 1101 1133 vestris
1133 1075 1260 1149 [ΑΙ.
1294 1075 1490 1131 animis
1520 1071 1958 1144 no~tris]insita,
1984 1083 2104 1139 quas

500 1193 610 1233 non
646 1174 911 1245 plantavit
941 1172 1183 1229 cmlestis
1210 1172 1390 1228 Pater.
1422 1170 1623 1224 Omnes
1675 1169 1875 1237 quippe
1902 1165 2104 1233 cogita-

493 1273 675 1326 tiones
729 1268 1003 1338 pessimte,
1056 1265 1388 1328 homicidia,
1442 1261 1727 1326 adulteria,
1791 1258 2105 1314 fornicatio-

493 1383 616 1432 nes,
651 1367 812 1430 l'urta,
846 1364 978 1417 ialsa
1006 1361 1339 1424 testimonia,
1391 1355 1763 1426 blasphemiae,
1811 1350 2107 1421 plantatio-

493 1474 593 1516 nes
624 1468 774 1526 sunt,
821 1472 956 1528 quas
987 1472 1096 1510 non
1144 1454 1409 1524 plantavit
1443 1451 1682 1508 cmlestis
1717 1449 1894 1502 Pater.
1927 1445 1980 1501 Si
2012 1460 2107 1498 au-

490 1562 603 1609 tem
632 1553 712 1606 vis
736 1552 883 1607 scire
909 1549 1063 1618 cujus
1089 1548 1162 1605 sit
1191 1546 1461 1618 plantatio
1480 1542 1786 1599 istiusmodi
1819 1539 2106 1611 cogitatus,

495 1647 623 1702 audi
655 1647 779 1716 quia
809 1646 1050 1698 inimicus
1073 1643 1225 1697 homo
1256 1643 1352 1695 hoc
1388 1642 1529 1711 fecit,
1559 1639 1648 1709 qui
1689 1635 2112 1706 supcraeminavit

497 1739 704 1792 zizania
737 1739 786 1790 in
812 1737 982 1790 medio
1013 1737 1168 1789 tritici
1195 1736 1214 1805 (
1249 1734 1437 1788 Matth.
1475 1747 1589 1796 ιιιι,
1617 1731 1689 1785 25
1714 1727 1752 1798 ).
1783 1729 1952 1782 instat
1982 1741 2112 1780 ecce

2195 507 2494 578 dispereat.
2547 507 2871 575 Diligentius
2918 507 3036 575 lege
3066 508 3342 577 quomodo
3371 507 3641 563 eradicata
3689 523 3814 576 per-

2197 601 2395 658 dantur
2427 617 2440 656 :
2477 610 2500 639 ο
2541 599 2730 654 Paleas
2757 610 2928 653 autent
2970 601 3226 654 comburet
3248 597 3357 672 igni
3381 599 3813 670 inezstinguibili.

2200 697 2268 752 Et
2296 713 2308 749 :
2347 694 2530 766 Ligate
2571 695 2864 763 manipulos
2902 695 3242 759 zizaniorum,
3274 703 3321 747 et
3351 695 3541 748 tradite
3583 709 3673 747 eos
3704 693 3818 767 igni

2199 788 2435 859 (Matth.
2463 805 2539 856 Ill,
2576 789 2666 854 12,
2690 790 2757 842 30
2784 791 2826 858 ).
2859 788 2948 843 Sic
2968 803 3029 843 ea
3053 803 3173 858 qua:
3195 797 3321 842 sunt
3350 788 3624 843 eradicata
3659 785 3821 844 ldis-

2203 883 2524 952 perduntur.
2553 884 2609 940 Si
2641 893 2819 937 autem
2856 884 2940 938 vis
2968 884 3112 938 scire
3133 883 3406 953 quomodo
3430 883 3701 953 dispersio
3729 895 3822 938 re—

2203 976 2419 1047 digatnr
2443 977 2497 1031 in
2541 976 2794 1040 nihilum,
2843 977 3120 1046 quomodo
3169 975 3544 1031 aedillcatlonis
3579 977 3822 1046 pessima

2205 1069 2331 1143 [ΑΙ.
2371 1067 2658 1141 pessimae]
2694 1068 2919 1124 materia
2970 1069 3022 1122 in
3061 1068 3344 1138 pulverem
3384 1069 3818 1136 comminuatur,

2207 1167 2402 1222 domus
2430 1181 2490 1223 ea
2523 1181 2643 1236 qua:
2675 1174 2899 1236 propter
2937 1166 3143 1236 lepram
3187 1165 3399 1222 destrui
3424 1166 3646 1237 jubetur
3669 1169 3688 1238 (
3715 1167 3820 1220 Le-

2209 1262 2308 1316 vit..
2335 1273 2420 1315 xtv
2448 1259 2501 1330 ),
2533 1275 2656 1314 cum
2689 1259 2850 1314 luerit
2894 1261 3071 1330 pulvis
3095 1258 3310 1326 eﬁ‘ecta,
3345 1267 3498 1315 extra
3543 1259 3820 1316 civitatem

2213 1357 2516 1426 projicitur,
2552 1364 2608 1409 ut
2653 1371 2720 1409 ne
2777 1355 2914 1424 lapis
2969 1354 3188 1421 quidem
3237 1369 3304 1408 ex
3334 1367 3397 1410 ea
3444 1355 3693 1408 residuus
3723 1354 3819 1419 sit,

2207 1447 2360 1516 juxta
2392 1448 2537 1516 quod
2567 1446 2828 1514 scriptum
2863 1454 2983 1500 est:
3015 1443 3266 1499 Similiter
3299 1453 3324 1492 ε
3350 1453 3407 1498 ut
3434 1444 3597 1498 lutum
3626 1443 3827 1517 platea-

2215 1555 2326 1591 rum
2356 1538 2532 1593 delebo
2565 1553 2650 1591 eos
2688 1539 2706 1607 (
2735 1538 2824 1592 Ps.
2855 1553 2984 1604 xvii,
3014 1538 3086 1592 45
3109 1536 3150 1608 ).
3175 1537 3403 1608 Oportet
3427 1537 3628 1609 quippe
3670 1537 3828 1607 peni-

2213 1641 2300 1686 tus
2329 1631 2552 1686 interire
2579 1631 2863 1686 malitiam.
2892 1629 3224 1686 Subversum
3254 1630 3585 1701 estaliquid,
3611 1630 3826 1699 lapides

2215 1739 2431 1795 quoque
2465 1725 2566 1795 ipsi
2602 1723 2694 1793 qui
2726 1721 2990 1778 destructi
3036 1733 3183 1789 sunt,
3217 1732 3591 1789 conterantur,
3643 1737 3713 1779 ne
3752 1723 3824 1779 ad

491 1833 666 1899 Deus,
704 1832 869 1885 instat
900 1839 955 1886 et
986 1830 1220 1884 Zabulus
1253 1827 1514 1882 habentes
1547 1825 1751 1878 semina
1782 1837 1900 1876 sua.
1929 1820 1985 1875 Si
2015 1819 2114 1874 de-
2147 1823 2194 1882 B
2221 1819 2452 1886 aliquam
2498 1815 2625 1888 [AL
2661 1816 2820 1870 aliam
2849 1815 2870 1888 ]
2901 1815 3336 1882 aediﬁcationem,
3384 1831 3546 1887 quam
3575 1816 3827 1872 diabolus

497 1924 743 1980 derimus
776 1925 952 1976 locum
1008 1920 1236 1987 Zabulo,
1299 1918 1548 1973 inimicus
1595 1915 1756 1969 homo
1804 1911 2110 1980 superserit

496 2018 918 2087 plautatiunem,
968 2029 1130 2084 quam
1183 2010 1310 2084 [Αἰ.
1358 2007 1658 2080 quoniam]
1690 2024 1795 2062 non
1849 2004 2110 2075 plantavit

499 2110 744 2164 caelestis
772 2107 956 2172 Pater,
990 2107 1179 2175 utique
1223 2101 1631 2158 eradicandam.
1665 2101 1758 2154 Siti
1807 2106 1986 2152 autem
2019 2113 2110 2151 re-

498 2204 661 2275 pulso
695 2201 923 2263 Zabulo,
963 2201 1141 2254 locum
1166 2197 1482 2252 dederimus
1529 2194 1664 2258 Deo,
1695 2191 1938 2261 gaudens
1971 2191 2115 2244 Deus

503 2305 668 2362 super
701 2291 999 2361 principale
1047 2288 1067 2361 [
1090 2290 1174 2343 Al.
1208 2289 1312 2343 sub
1340 2282 1663 2356 principali]
1711 2284 1893 2337 cordis
1937 2283 2112 2336 nostri

504 2391 728 2455 Sparget
769 2399 954 2438 semen
997 2397 1177 2438 suum.
1223 2379 1335 2434 Nec
1365 2377 1560 2447 aliquis
1593 2375 1872 2431 existimet
1913 2383 1938 2411 ³
1964 2373 2119 2428 triste

503 2480 760 2550 quiddam
788 2477 954 2549 753
980 2475 1272 2531 Jeremiam
1316 2472 1613 2542 recepisse,
1642 2471 1765 2540 quia
1789 2469 2120 2524 constitutus

506 2575 575 2628 sit
605 2573 669 2626 ad
703 2572 1128 2626 eradicstionem
1162 2581 1453 2638 regnorum
1484 2566 1819 2634 etgeutium.
1855 2563 2121 2617 Bonitatis

506 2665 604 2719 Dei
634 2664 777 2720 istud
810 2671 894 2718 est
923 2660 1206 2728 indicium,
1236 2657 1517 2714 eradicare
1541 2657 1666 2710 vitia
1695 2671 1788 2724 per
1813 2669 2118 2721 sermones,

511 2758 730 2814 inimica
764 2756 1004 2811 caelestis
1041 2755 1191 2824 regni
1247 2767 1407 2822 regna
1439 2750 1742 2812 destruere,
1777 2759 1832 2802 et
1862 2747 2125 2802 bellantes

513 2868 637 2906 cum
676 2867 771 2905 sua
805 2857 969 2919 gente
998 2857 1252 2903 evertere
1284 2846 1556 2904 nationes.
1591 2843 1874 2899 eradicare
1907 2853 1960 2895 et
1991 2841 2125 2897 sub-

511 2945 755 2999 vertere.
790 2942 886 2997 Est
914 2940 1157 3011 quasdam
1190 2938 1478 2994 :rdilicatio
1509 2936 1724 3003 Zabuli,
1775 2946 1828 2991 et
1864 2945 1948 2991 est
1976 2950 2126 3005 qutu-

515 3039 640 3092 datn
686 3036 973 3092 mdilicatio
1002 3035 1096 3090 Dei
1130 3053 1141 3087 :
1187 3034 1329 3103 quod
1361 3048 1524 3102 super
1552 3047 1774 3088 arenam
1805 3031 2126 3092 exstruitur,

516 3133 620 3186 hoc
647 3132 835 3186 Zabuli
867 3141 969 3200 est,
1018 3145 1183 3200 super
1214 3131 1364 3184 nullo
1406 3129 1551 3184 enim
1584 3128 1788 3192 stabili,
1823 3127 1848 3165 δ
1883 3131 2133 3182 robusto-

2214 1912 2545 1966 concinnare
2593 1919 2790 1980 potest,
2836 1909 3037 1965 assumi
3069 1910 3302 1964 valeant.
3357 1909 3699 1964 Eradicatum
3740 1917 3828 1965 est

2217 2007 2522 2077 quippiam,
2577 2006 2787 2060 invenit
2818 2003 3160 2059 adversarius
3208 2006 3368 2059 etiam
3414 2004 3557 2058 inter
3585 2018 3671 2068 ea,
3704 2019 3829 2073 qua:

2217 2103 2486 2158 eradicata
2563 2110 2728 2164 sunt,
2783 2100 3020 2168 aliquam
3093 2109 3433 2164 sementem,
3499 2111 3659 2166 quam
3719 2098 3829 2152 ite-

2220 2211 2339 2252 rum
2391 2195 2643 2250 seminet.
2684 2194 2912 2262 l’r0pter
2957 2191 3098 2260 quod
3140 2190 3291 2259 jubet
3341 2191 3629 2245 Dominus:
3662 2189 3835 2244 Colli-

2221 2292 2344 2364 gite,
2396 2290 2607 2354 dicens,
2662 2297 2710 2341 et
2756 2286 3037 2341 comburite
3060 2301 3120 2337 ea
3167 2283 3309 2356 igni,
3359 2284 3566 2339 scilicet
3604 2291 3660 2338 ut
3704 2297 3836 2340 era-

2223 2383 2422 2438 dicatio
2483 2396 2698 2453 quoque
2765 2380 2991 2447 Zabuli,
3063 2389 3116 2434 et
3181 2378 3294 2448 ipsa
3361 2378 3643 2434 subversio
3691 2393 3834 2434 con-

2225 2489 2486 2534 sumatur.
2517 2476 2677 2549 757
2715 2473 2919 2529 Verum
2955 2489 3064 2528 non
3097 2481 3305 2527 tantum
3357 2473 3410 2527 in
3443 2472 3547 2527 hoc
3578 2479 3682 2528 stet
3711 2491 3838 2529 ser-

2233 2591 2323 2628 11ιο
2353 2573 2592 2636 divinus,
2649 2579 2708 2625 ut
2737 2569 3000 2632 eradicet,
3033 2577 3088 2622 et
3115 2568 3385 2632 destruat,
3420 2580 3472 2622 et
3513 2567 3832 2638 disperdat:

2229 2680 2347 2724 esto
2377 2669 2551 2730 enim,
2595 2667 2867 2721 eradicata
2907 2665 3016 2719 sint
3041 2665 3222 2718 omnia
3276 2665 3328 2719 in
3377 2679 3464 2718 me
3503 2665 3675 2730 mala,
3729 2665 3838 2720 de-

2231 2769 2436 2816 structa
2462 2769 2515 2815 et
2537 2759 2784 2827 dispersa
2818 2759 2926 2812 sint
2956 2759 3191 2828 pessima
3214 2798 3227 2820 ,
3261 2757 3386 2822 quid
3419 2756 3550 2812 mihi
3583 2757 3836 2827 prodest,

2233 2859 2276 2910 sl
2298 2871 2401 2910 non
2431 2869 2525 2925 pro
2547 2855 2758 2922 cisqute
2788 2852 3062 2906 eradicata
3090 2859 3144 2906 et
3167 2850 3394 2904 suffossa
3424 2857 3571 2912 sunt,
3603 2852 3844 2907 meliora

2233 2950 2286 3003 in
2335 2963 2418 3001 me
2451 2947 2762 3016 plantentur
2789 2953 2952 3014 atque
2985 2933 3358 2998 mdilicenlur?
3402 2943 3700 3013 Propterea
3733 2945 3844 2999 Dei

2237 3039 2402 3094 verba
2436 3038 2669 3108 primum
2704 3037 2928 3100 iaciunt,
2953 3035 3094 3104 quod
3128 3049 3354 3090 necesse
3379 3045 3482 3099 est,
3534 3035 3840 3103 eradicent,

2240 3133 2547 3196 destruunt,
2565 3130 2887 3200 perdunt,et
2913 3139 3030 3196 p03t
3056 3129 3656 3200 haeeaédilicantmtquc
3680 3129 3848 3198 plan-

517 3243 624 3293 que
651 3227 934 3282 solidatur.
967 3225 1123 3292 Quod
1154 3234 1336 3279 autem
1367 3237 1531 3291 super
1561 3232 1770 3292 petram
1803 3221 2124 3283 aediﬁcatur.
2155 3219 2198 3279 C
2235 3234 2368 3281 tant.
2427 3225 2848 3280 Observavimus
2896 3233 3110 3292 semper
3145 3223 3197 3276 in
3245 3223 3546 3292 Scripturis
3605 3224 3843 3292 sanctis,

518 3320 622 3374 hoc
652 3322 746 3374 Dei
781 3330 885 3374 est.
939 3317 1090 3374 Unde
1115 3327 1171 3371 et
1203 3317 1286 3370 his
1319 3317 1409 3385 qui
1438 3316 1558 3383 ejus
1587 3325 1737 3381 sunt,
1769 3314 1969 3369 dicitur
1995 3312 2129 3368 :Dei

522 3412 865 3484 agricultura,
902 3409 998 3464 Dei
1029 3409 1307 3478 ludiﬁcatio
1335 3408 1456 3462 estis
1489 3409 1509 3476 (
1543 3410 1554 3459 l
1586 3406 1705 3460 Car.
1743 3405 1868 3475 ιιι).
1905 3417 1926 3444 ε
1961 3406 2130 3476 Sapor

519 3519 693 3577 gentes
718 3517 765 3560 et
787 3523 946 3577 regna
976 3505 1274 3571 cradicare,
1302 3511 1350 3556 et
1377 3502 1664 3555 subvertere
1682 3540 1695 3564 ,
1725 3513 1772 3554 et
1813 3500 2126 3568 disperdere.

524 3601 581 3658 Si
611 3600 923 3656 eradicatur
952 3596 1178 3667 aliquid,
1205 3606 1260 3651 et
1291 3594 1588 3649 eradicatio
1617 3593 1730 3663 ipsa
1764 3591 1789 3629 ιι
1813 3609 1918 3646 non
1947 3593 2129 3661 dispe-

521 3694 616 3749 riit
642 3717 655 3748 :
683 3693 861 3748 adhuc
890 3701 1178 3762 permanet
1201 3689 1352 3758 quod
1403 3688 1650 3744 evulsum
1683 3697 1786 3741 est.
1824 3689 1878 3741 Si
1903 3687 2128 3742 subrui-

515 3799 606 3843 tur
636 3789 852 3852 domus,
883 3793 940 3841 et
969 3784 1178 3853 lapides
1197 3783 1252 3838 in
1285 3784 1438 3838 ruina
1469 3791 1599 3837 sunt
1621 3782 1814 3850 integri
1838 3799 1849 3834 :
1872 3781 2134 3848 dissipata

521 3892 605 3938 est
653 3881 870 3948 domus,
917 3894 1024 3935 non
1057 3887 1239 3933 tamen
1293 3876 1524 3946 perdita.
1569 3876 1717 3944 Opus
1742 3886 1826 3930 est
1859 3875 2019 3944 igitur
2046 3875 2139 3929 be-

599 4009 624 4036 ἰ
667 3995 945 4062 Rabanus,
971 3995 1219 4049 existimet
1253 3993 1417 4047 Deum
1448 3994 1590 4047 triste
1615 3991 1864 4061 quiddam
1893 3989 2134 4046 Ieremia

526 4070 846 4144 praecepisse,
888 4067 978 4136 qui
1019 4067 1344 4130 constitutus,
1373 4077 1504 4130 etc.,
1551 4066 1740 4119 Graeco
1770 4073 1918 4117 textu
1959 4067 2132 4119 rel'ra-

528 4154 880 4265 “meum
925 4217 1084 4263 antea
1121 4217 1262 4270 erat,
1310 4224 1464 4279 super
1506 4205 1649 4279 nullo
1683 4207 1818 4258 enim
1852 4205 2134 4279 stabilitur.

528 4287 864 4351 abortuntque
895 4295 996 4334 non
1021 4279 1308 4351 solidatur:
1333 4277 1388 4332 ct
1420 4280 1470 4332 in
1505 4277 1568 4332 ἢ.
1603 4291 1734 4332 mss.
1785 4291 1952 4351 penes
1993 4277 2138 4351 liue-

529 4359 686 4420 tium,
718 4348 789 4408 ab
807 4354 1009 4422 istoque
1052 4350 1328 4415 solidatur,
1371 4352 1456 4403 vel
1485 4352 1551 4422 ab
1576 4351 1673 4402 ista
1701 4349 1838 4418 quod
1868 4348 2134 4422 solidetur.
2173 4350 2188 4422 _'

2241 3323 2470 3391 primum
2521 3335 2582 3374 ea
2615 3335 2734 3390 quae
2763 3321 3015 3374 videntur
3057 3319 3230 3372 tristia
3264 3319 3570 3385 nominari,
3632 3319 3847 3378 deinde

2238 3429 2299 3470 ea
2331 3431 2453 3484 qua‘.
2483 3415 2738 3468 hilariora
2780 3423 2928 3477 sunt,
2962 3412 3203 3468 secundo
3229 3412 3366 3468 dici:
3421 3412 3530 3483 Ego
3579 3413 3843 3481 occidam,

2241 3518 2285 3560 et
2303 3523 2392 3578 ego
2417 3507 2690 3572 viriﬁcabo
2716 3504 3140 3576 (Denter-.xxxn,
3163 3503 3278 3574 59).
3306 3503 3467 3559 hNon
3495 3505 3633 3558 dixit
3657 3507 3842 3574 prius,

2239 3600 2356 3670 Ego
2389 3599 2702 3664 vivilicabo,
2760 3609 2814 3652 et
2857 3608 3068 3669 postea,
3113 3597 3378 3653 occidam.
3433 3598 3779 3668 llnpOSsillile
3820 3601 3838 3638 ι

2244 3703 2325 3746 est
2357 3693 2525 3758 enim,
2583 3691 2727 3762 quod
2756 3691 2925 3746 semel
2981 3691 3274 3746 viviﬁcavit
3309 3692 3447 3747 Deus
3475 3735 3488 3757 ,
3543 3702 3633 3746 attt
3667 3693 3732 3746 ab
3765 3709 3846 3749 eo

2246 3785 2384 3852 ipso,
2411 3793 2505 3838 aut
2532 3784 2598 3836 ab
2625 3783 2732 3837 alio
2762 3782 2958 3837 occidi.
2994 3782 3132 3841 Sed:
3165 3781 3277 3853 Ego
3303 3785 3635 3852 inter/icium,
3666 3795 3710 3837 et
3735 3801 3846 3856 ego

2246 3877 2532 3947 viriﬁcabo.
2565 3877 2578 3927 t'
2620 3877 2796 3945 Quem
2822 3877 3186 3932 interliciami
3217 3877 3436 3947 Paulum
3471 3876 3844 3947 proditorem,

2245 3995 2456 4062 faciam,
2485 4005 2538 4049 ut
2565 3995 2654 4063 ﬁat
2684 3995 2886 4049 Paulus
2903 3992 3193 4066 apostolus,
3219 3997 3408 4066 etaim
3435 3991 3599 4062 plane
3623 3991 3840 4059 videas,

2246 4081 2352 4121 non
2370 4067 2582 4136 longius
2611 4069 2865 4122 recedere
2885 4065 3146 4121 arbitratu
3171 4080 3270 4119 suo
3291 4065 3710 4135 Hieronymum;
3734 4067 3843 4121 sed

2245 4137 2313 4191 ab
2342 4154 2430 4204 eo,
2465 4139 2554 4208 qui
2603 4153 2744 4192 nunc
2773 4149 3013 4205 superat,
3046 4136 3238 4194 Grtccu
3270 4145 3452 4202 textu,
3513 4136 3843 4208 earumdem

2248 4207 2534 4287 verborum
2565 4213 2647 4287 noti
2678 4215 2763 4287 ζῇν
2796 4215 2998 4268 ποιήσω
3037 4224 3286 4287 occursu,
3336 4207 3679 4274 intcrmcdia,
3711 4224 3843 4277 qua:

2249 4279 2304 4335 S.
2341 4279 2538 4335 Doctor
2569 4279 2951 4348 interpretatus
2983 4291 3084 4344 est,
3115 4280 3400 4334 excidisse.

2328 4352 2533 4420 iQuod
2581 4352 2670 4406 hic
2719 4353 2881 4406 habet
2931 4353 3316 4421 Hieronymus:
3357 4350 3676 4418 impossibile
3723 4365 3846 4405 esse

531 4415 1026 4497 Optime_Rabahus
1057 4423 1349 4497 lectionem
1373 4415 2029 4497 monuitrestitueudam,
2051 4436 2141 4497 ⁵ιιιι-
2167 4415 2218 4476 D
2243 4424 2380 4494 quod
2391 4415 2580 4497 factitet
2597 4423 2879 4497 _viviﬁcavit
2900 4423 3058 4487 Deus,
3085 4415 3172 4476 aut
3196 4424 3257 4497 ab
3279 4415 3492 4497 eoips‘o,
3517 4433 3604 4474 aut
3633 4421 3696 4474 ab
3724 4422 3842 4478 alia

534 4489 799 4572 perinullo
828 4497 969 4572 enini
985 4491 1159 4572 stabili
1187 4494 1492 4572 robustaque
1533 4489 1806 4572 solidatur.
1856 4491 2140 4572 Si_c_hab_et

537 4561 593 4626 et
619 4571 863 4642 Grtecus,
890 4561 969 4622 ἔπ’
991 4564 1153 4621 οὐδενὶ
1182 4566 1278 4642 γὰρ
1309 4561 1600 4641 ἐστήρικται
1627 4561 1810 4640 ἐδραὶῳ
1838 4567 1920 4618 καὶ
1946 4563 2140 4636 βεϐαίῳ

534 4647 620 4698 καὶ
649 4640 878 4711 ἡνωμένῳ
888 4678 898 4691 .

608 4726 627 4753 ο
655 4705 1200 4793 ,Ιιιίονεὲείιϐτωοιις
1220 4707 1268 4762 οἵ
1290 4707 1428 4793 λογοι
1449 4712 1618 4766 τοίνυν
1653 4713 1743 4763 τοῦ
1768 4713 2138 4789 ΘεοῦρβϐιἪιοο

531 4803 620 4840 nes
651 4785 822 4852 itaque
867 4777 983 4845 Dei,
1027 4794 1147 4849 quae
1191 4777 1668 4852 autllieronymus
1695 4779 1976 4849 praeteriit,
2023 4788 2135 4852 aut,

577 4857 677 4910 und
713 4851 934 4908 lluetius
963 4861 1134 4920 putat,
1164 4866 1231 4905 ex
1252 4851 1371 4920 ejus
1403 4851 1852 4920 interpretatione
1878 4851 2140 4920 temporis

533 4875 860 4983 ﬂiuturuitas
893 4924 1080 4980 erasit.
1108 4922 1228 4976 Mox
1259 4938 1420 4978 voces
1459 4931 1505 4976 et
1537 4940 1696 4983 reana
1724 4917 2040 4977 suilecimus
2068 4935 2137 4976 ex

578 4926 860 4982 iuturnitas
881 4917 1080 4995 erasit.
1108 4922 1228 4976 Mox
1259 4917 1420 4978 voces
1459 4931 1505 4976 et
1537 4917 1696 4995 regna
1724 4917 2040 4977 suilecimus
2068 4935 2137 4976 ex

537 5000 762 5056 Rabano
791 5006 843 5050 et
867 4991 1057 5066 Grieco
1079 4995 1162 5050 καὶ
1186 4995 1469 5066 βασιλείας.

613 5068 638 5106 ἀ
681 5067 889 5124 Placuit
921 5065 1025 5135 legi
1072 5061 1195 5122 cum
1227 5066 1452 5137 Rabano
1499 5061 1758 5137 disperiit,
1793 5063 1856 5118 ad
1891 5061 2140 5137 criticum

540 5143 826 5206 ἁπὸληται;
861 5148 914 5192 et
955 5133 1086 5208 Reg.
1141 5151 1242 5191 ms.
1276 5135 1509 5209 disperii!
1543 5133 1638 5206 pro
1679 5138 1772 5191 illo
1803 5133 1944 5205 quod
1984 5145 2143 5192 antea

540 5213 816 5282 obtinebat
844 5212 1173 5282 dispergitur.

618 5281 639 5323 έ³
683 5284 896 5338 Vitiose
922 5279 1062 5347 eral,
1090 5279 1289 5349 plateas
1317 5293 1414 5349 pro
1446 5279 1644 5348 paleas.

615 5356 633 5394 ί
681 5356 854 5410 Penes
898 5352 1204 5424 Rabanum,
1259 5351 1573 5424 dispereunt,
1623 5359 1676 5406 et
1707 5364 1852 5424 mox,
1885 5350 2142 5424 quomodo

537 5436 586 5486 et
607 5425 865 5492 subvertit)
888 5423 1174 5496 redigatur,
1198 5421 1645 5494 etc.,‘utrol)ique
1673 5421 1876 5476 rectius
1898 5421 1963 5476 ad
1993 5421 2143 5478 Grac-

541 5515 686 5556 CUI“.

615 5581 639 5618 κ
681 5568 816 5625 Illud
854 5567 1093 5624 similiter
1139 5559 1456 5622 suliecimus
1485 5579 1554 5619 ex
1607 5563 1830 5619 Rabano
1860 5571 1916 5620 et
1946 5563 2142 5621 Graeco

538 5642 745 5716 ὁμοίως.

617 5712 644 5749 h
677 5713 900 5766 Graicus
930 5707 1111 5763 subdit
1140 5709 1424 5776 coiitintto,
1455 5711 1566 5766 τίνα
1599 5710 1897 5774 ἀποκτενῶ;
1949 5709 2140 5766 Παῦλον

543 5785 626 5860 τὸν
650 5782 916 5860 προδότην,
950 5779 1140 5860 [lctulos
1169 5783 1252 5860 τὸν
1289 5779 1524 5860 διὼκτηψ
1557 5785 1639 5836 καί
1669 5784 1756 5857 ζῇν
1794 5785 2015 5860 ποιήσῃ,
2055 5783 2136 5860 ἷκε

539 5849 743 5924 γένητὶιι
769 5853 958 5914 Παῦλος
983 5849 1280 5922 ἀπόστολος,
1306 5863 1432 5920 etc.;
1460 5853 1508 5907 id
1541 5862 1642 5920 est,
1676 5849 1824 5924 q'uem
1855 5851 2130 5906 occidam?

491 5989 497 5995 .
533 5924 762 5986 Paulum
790 5924 1121 5997 proditorem,
1172 5924 1392 5979 Paulum
1426 5934 1796 5995 persecutorem
1824 5940 1841 5978 .·
1893 5935 1937 5978 ct
1963 5925 2127 5980 vivere

2245 4495 2432 4562 occidi,
2483 4495 2560 4549 Sit:
2596 4495 2928 4563 interpretor
2957 4536 2969 4556 ,
3004 4510 3124 4548 eum
3161 4495 3250 4562 qui
3297 4496 3418 4547 vitze
3457 4504 3677 4547 tulerit-.1:
3709 4507 3841 4563 par-

2244 4561 2468 4635 ticeps’a
2503 4569 2609 4621 Deo
2641 4561 2813 4620 lact—us
2835 4576 2935 4629 est,
2959 4574 3066 4619 tam
3097 4566 3260 4618 lirniis
3292 4583 3316 4616 a
3344 4563 3452 4617 Deo
3477 4565 3644 4617 l'overi
3674 4561 3838 4618 auxi-

2243 4637 2550 4704 liis,uteam
2580 4653 2916 4708 nequaquam
2948 4637 3399 4707 pOSsttamittere.
3427 4635 3838 4708 interpretatio—

2246 4725 2368 4763 nem
2401 4722 2643 4764 nestratn
2669 4706 2955 4780 sequentia
2980 4709 3327 4780 conﬁrmant,
3351 4709 3402 4762 in
3433 4707 3627 4780 quibus
3653 4706 3719 4761 ad
3746 4722 3838 4780 r9—

2244 4780 2638 4836 surrectionem
2671 4777 3005 4835 tnn'rtuormn
3031 4781 3129 4836 ista
3157 4778 3491 4835 referuntur.
3549 4777 3839 4846 Quomodo

2244 4863 2424 4906 autem
2470 4854 2518 4905 in
2545 4851 2720 4906 futura
2753 4853 2857 4905 vita
2893 4851 3038 4906 Beati
3071 4869 3099 4906 ιι
3126 4851 3278 4921 lapsu
3307 4849 3726 4921 contineantur,
3754 4851 3840 4904 sic

2247 4921 2408 4976 tradit
2433 4923 2544 4992 ipse
2571 4924 2833 4992 Origenes
2874 4923 2964 4977 lib.
2993 4937 3025 4976 v
3054 4923 3104 4976 in
3137 4919 3307 4988 Epist.
3351 4922 3417 4980 ad
3458 4919 3618 4974 Rern.
3650 4938 3660 4973 :
3693 4919 3843 4987 Quid

2244 5007 2414 5049 autem
2445 4997 2508 5048 sit
2528 4997 2663 5065 quod
2693 4997 2741 5048 in
2767 4994 2957 5065 futuris
2985 4993 3186 5048 swculis
3223 5004 3384 5065 teneat
3407 4992 3606 5046 arbitrii
3628 4992 3845 5048 liberta—

2243 5077 2364 5132 tem,
2392 5084 2454 5122 ne
2473 5063 2673 5122 rursum
2697 5063 2903 5120 corruat
2932 5067 2984 5119 in
3015 5076 3297 5133 peccatum,
3326 5063 3464 5120 brevi
3487 5080 3578 5119 nos
3603 5079 3844 5133 sermone

2245 5131 2521 5206 Apostolus
2544 5139 2686 5191 docet
2709 5137 2916 5191 dicens:
2963 5131 3203 5190 Charitas
3250 5131 3524 5204 numquam
3545 5134 3703 5188 cadit.
3741 5131 3844 5188 Id-

2244 5212 2381 5282 circo
2413 5212 2544 5282 enint
2571 5220 2616 5262 ct
2648 5209 2772 5280 ﬁde,
2826 5220 2871 5261 et
2898 5224 2987 5282 spe
3027 5210 3196 5282 major
3223 5208 3448 5262 charilus
3476 5207 3686 5282 dicitur,
3712 5206 3842 5282 quia

2242 5281 2354 5352 sola
2381 5281 2498 5352 erit,
2528 5276 2797 5352 perquam
2823 5276 3053 5352 deli'nqui
3075 5276 3212 5333 ultra
3239 5296 3337 5333 non
3370 5279 3574 5348 poterit.
3610 5276 3669 5332 Si
3699 5278 3842 5352 enim

2242 5352 2296 5405 in
2337 5351 2392 5405 id
2431 5349 2607 5406 attima
2653 5349 2986 5424 perfectionis
3016 5352 3338 5414 ascenderit,
3388 5358 3657 5424 ut_e:t:toto
3681 5349 3845 5424 corde

2243 5439 2360 5486 suo,
2393 5434 2438 5476 ct
2469 5441 2529 5476 ex
2558 5417 2664 5477 tata
2695 5417 2868 5476 anima
2894 5439 3010 5488 sua,
3037 5433 3082 5476 et
3110 5439 3174 5477 ea:
3203 5423 3322 5476 totis
3351 5421 3542 5476 viribus
3572 5421 3678 5473 suis
3710 5417 3836 5472 dili-

2243 5505 2328 5567 gat
2360 5495 2545 5559 Deum,
2577 5505 2625 5549 et
2652 5495 2946 5567 proximum
2974 5511 3128 5547 suum
3158 5505 3417 5567 tamq_nani
3449 5495 3693 5567 seipsam,
3749 5489 3844 5567 ubi

2244 5561 2340 5620 crit
2374 5569 2567 5634 peccati
2597 5561 2781 5621 locus?
2814 5567 2875 5620 Et
2899 5567 3056 5634 paulo
3081 5575 3240 5634 post:
3272 5561 3340 5619 Et
3365 5563 3479 5618 ideo
3507 5561 3689 5616 Merito
3711 5561 3842 5613 cha-

2243 5639 2392 5704 ritas,
2412 5655 2527 5709 qua:
2549 5638 2659 5693 sola
2687 5639 2917 5692 omnium
2938 5637 3164 5690 maxima
3189 5645 3282 5709 cst,
3311 5651 3512 5709 omnem
3543 5644 3839 5709 creaturam

2244 5704 2519 5764 continebit
2540 5728 2570 5764 a
2594 5711 2760 5779 lapsu,
2789 5719 2907 5762 tunc
2936 5725 3052 5761 cum.
3079 5709 3174 5762 crit
3207 5705 3346 5762 Deus
3375 5707 3546 5760 omnia
3585 5705 3636 5758 in
3662 5704 3837 5760 omni-

2244 5781 2352 5836 bus.
2391 5783 2647 5838 llUETIUS.

2318 5853 2330 5903 i
2365 5853 2498 5908 Tota
2548 5855 2732 5922 isthmc
2759 5851 3032 5922 pericope,
3060 5867 3206 5922 quem
3229 5846 3573 5922 interﬁciant?
3594 5843 3838 5922 Paulum

2232 5926 2575 5994 proditorem,
2607 5917 2836 5981 Paulum
2866 5917 3260 5994 persecutorem,
3311 5929 3358 5977 et
3385 5917 3672 5990 vivificabo,
3705 5931 3837 5976 cum
