4128 6346
372 251 512 306 597

1004 250 1440 310 TRANSLATIO
1480 247 1919 310 HOMILIARUM
1959 250 2288 310 ORIGENiS
2328 253 2394 310 IN
2433 256 2803 315 .IIQREMIAM.
2849 259 3016 316 ΝΟΜ.
3059 261 3124 316 ll.

3593 262 3699 318 598

373 365 634 424 Paulum
666 379 1120 440 persecutorem;
1181 379 1237 424 et
1260 367 1569 434 vivificabo,
1612 377 1669 422 ut
1691 369 1782 422 list
1813 368 2006 431 Paulus
2033 374 2196 434 Aest
2233 367 2483 423 sutl'ossa.
2537 369 2706 425 Sicuti
2750 371 2958 427 idolum
3014 373 3068 426 in
3116 373 3283 430 corde
3330 383 3702 432 cotistructum

371 464 684 530 apostolus
731 462 938 520 Christi
968 465 1121 520 Jesu.
1155 463 1282 519 limo
1313 463 1360 518 si
1395 461 1760 533 intelligerent
1811 460 2005 518 miser—

373 553 532 608 rimi
560 565 586 591 σι
615 555 884 622 haeretici,
920 571 1213 626 numquam
1245 554 1312 610 ad
1345 570 1442 609 nos
1468 554 1774 618 deferrent,
1803 557 2004 610 crebro

371 647 501 702 ista
535 649 814 706 dicentes:
847 651 1075 707 Videsne
1103 649 1266 707 Deum
1298 651 1456 722 Legis
1486 660 1543 706 et
1573 649 2000 718 Prophetarum,

369 745 680 812 quomodo
711 747 860 801 ferus
886 755 971 801 est
1021 755 1076 801 et
1119 744 1486 801 inhumanus?
1515 743 1794 815 quomodo
1832 743 2000 798 dicit:

371 833 516 907 Ego
547 837 805 905 occidam,
858 847 904 891 et
950 853 1044 908 ego
1073 837 1376 906 vioiﬁcabo?
1404 853 1511 890 non
1544 835 1898 892 advertentes
1945 835 2000 890 in

371 929 705 999 Scripturis
735 931 1208 986 snnuntiatienem
1232 930 1608 986 suseitationis
1632 938 2000 996 mortuorum,

373 1039 509 1078 non
541 1024 960 1081 considerantes
987 1026 1450 1082 resurrectionem
1499 1026 1609 1096 jam
1639 1025 1879 1095 coepisse
1905 1038 2003 1094 per

371 1117 677 1188 singulos:
703 1118 1094 1191 Consepelimur
1120 1120 1258 1174 enim
1289 1117 1496 1173 Christo
1544 1135 1633 1189 per
1664 1118 1999 1190 baptismum,

372 1220 440 1266 et
462 1227 838 1284 censui-gemas
887 1228 1001 1268 cum
1030 1228 1090 1267 eo
1115 1211 1293 1284 (Rom.
1327 1228 1415 1281 γι,
1443 1213 1508 1278 4;
1563 1211 1765 1266 Coloss.
1799 1227 1861 1276 ιι,
1887 1210 1998 1282 η).

373 1302 436 1358 Α
472 1305 725 1361 trisribus
773 1321 1012 1376 semper,
1065 1305 1160 1360 sed
1197 1306 1525 1362 necessariis
1560 1305 1779 1361 inchoat
1818 1306 1997 1370 Deus,

375 1397 598 1450 veluti:
629 1396 742 1467 Ego
765 1397 1021 1464 occidam,
1045 1407 1093 1453 et
1117 1413 1212 1470 ego
1238 1398 1542 1468 viviﬁcabo:
1571 1414 1666 1472 ego
1690 1401 1995 1470 percutiam,

373 1501 438 1543 et
465 1508 562 1564 ego
589 1493 802 1548 sonabo.
829 1493 994 1568 758
1025 1492 1190 1559 Quem
1213 1495 1346 1548 enim
1375 1494 1547 1566 diligit
1572 1493 1852 1561 Dominus,
1887 1509 2002 1547 cor-

374 1584 554 1654 ripit;
581 1585 818 1654 flagellat
834 1595 1008 1640 autem
1033 1577 1238 1640 omnem
1255 1587 1426 1655 ﬁlium
1450 1603 1602 1658 quem
1630 1587 1816 1657 recipit
1837 1585 1996 1657 (Heli.

375 1692 493 1744 xu,
519 1678 607 1748 6);
640 1687 699 1734 et
724 1689 848 1750 post
876 1679 991 1734 hmc
1021 1689 1194 1736 curat.
1223 1679 1347 1752 Ipse
1374 1681 1624 1737 dolorem
1648 1682 1796 1750 iacit,
1819 1690 1875 1736 et
1895 1681 2001 1737 ite-

2109 470 2211 530 est,
2237 461 2332 516 illo
2367 461 2641 533 deposito,
2675 464 2972 520 aediﬁcetur
3002 467 3266 537 templum
3293 468 3428 534 Dei,
3459 479 3515 524 et
3547 469 3700 526 inve-

2108 555 2292 610 niatur
2317 555 2490 626 gloria
2535 557 2654 628 ejus
2685 558 2738 612 in
2760 573 2846 626 eo,
2880 569 2935 614 et
2975 560 3068 613 ﬂat
3098 576 3205 617 non
3251 564 3530 629 infertilis,
3585 564 3702 620 sive

2107 651 2261 708 locus
2276 667 2596 722 exsurgens,
2623 654 2722 708 sed
2749 653 3012 723 plantatio
3041 657 3299 726 paradisi,
3319 658 3410 714 ubi
3437 660 3699 730 templum

2102 743 2198 800 Dei
2231 745 2302 799 sit
2326 744 2380 800 in
2431 745 2655 800 Christo
2679 746 2831 811 Jesu,
2879 747 2963 801 cui
2998 750 3275 819 estgioria
3304 759 3360 806 et
3401 753 3696 823 imperium

2107 838 2161 893 in
2185 838 2382 894 smcula
2416 839 2764 896 smculorum.
2797 842 2995 896 Amen.

2573 931 2861 987 HOMILIA
2901 932 3243 990 SECUNDA.

2105 1024 2184 1082 De
2211 1040 2279 1081 eo
2309 1025 2455 1096 quod
2481 1027 2745 1097 scriptum
2778 1035 2894 1082 est:
2927 1027 3119 1100 Fugite
3145 1029 3208 1083 de
3226 1030 3396 1086 medio
3415 1029 3698 1104 Babylonis

2610 1119 2838 1191 (Jerem.
2873 1137 2946 1186 Li,
2973 1119 3052 1192 6).

2175 1212 2338 1284 759
2361 1212 2653 1282 Quomodo
2683 1228 2885 1284 corpus
2931 1223 3179 1270 nostrum
3213 1215 3267 1271 in
3307 1217 3492 1288 aliquo
3541 1227 3701 1276 terra:

2102 1305 2222 1361 loco
2252 1305 2526 1374 consistit,
2557 1306 2750 1361 eodem
2782 1306 2945 1362 modo
2970 1316 3028 1364 et
3056 1308 3238 1363 anima
3269 1311 3568 1367 secundum
3592 1323 3703 1368 sta-

2102 1406 2215 1453 tum
2259 1412 2414 1452 suum
2441 1397 2492 1451 in
2525 1397 2706 1468 aliquo
2742 1396 2769 1436 ἀ
2817 1401 3186 1471 nuncupativo
3219 1409 3381 1457 terrae
3423 1402 3546 1458 loco
3593 1412 3699 1460 est.

2100 1490 2256 1558 Quod
2281 1491 2425 1558 dico,
2451 1493 2532 1547 sic
2559 1490 2654 1547 ﬁet
2683 1492 3047 1548 manifestius.
3083 1491 3297 1564 Corpus
3329 1503 3577 1552 nostrum
3611 1506 3704 1554 aut

2101 1585 2153 1638 in
2179 1584 2419 1658 IEgypto
2443 1592 2549 1652 est,
2607 1596 2700 1640 aut
2723 1586 2778 1640 in
2809 1586 3115 1658 Babylone,
3161 1598 3257 1642 aut
3297 1589 3352 1644 in
3381 1588 3699 1656 Palaestina,

2101 1687 2194 1732 aut
2212 1679 2263 1732 in
2287 1677 2464 1750 Syria,
2489 1686 2583 1733 aut
2599 1687 2750 1734 certe
2769 1678 3116 1750 ubicumque.
3143 1680 3412 1737 Similiter
3443 1693 3499 1738 et
3521 1684 3701 1739 anima

379 1787 516 1826 rum
545 1774 786 1830 restituit
822 1773 1091 1829 laetitiam.
1143 1773 1418 1832 Similiter
1444 1785 1498 1830 et
1527 1776 1579 1830 in
1609 1775 1867 1846 praesenti
1891 1776 1996 1830 Do-
2024 1773 2072 1833 B
2098 1771 2154 1826 in
2185 1773 2368 1841 aliquo
2382 1761 2642 1842 ejusdem
2675 1782 2699 1812 ε
2725 1781 2886 1828 terra:
2918 1775 3158 1830 nominis
3189 1775 3312 1831 loeo
3345 1784 3448 1844 est,
3507 1777 3610 1832 alia
3640 1777 3698 1834 in

379 1867 579 1921 minus
609 1868 724 1923 ait:
784 1868 1044 1924 Constitui
1067 1878 1116 1923 te
1141 1871 1295 1924 hodie
1321 1887 1476 1943 super
1515 1881 1711 1943 gentes,
1743 1879 1795 1926 et
1834 1888 1997 1943 regna

383 1958 693 2028 eradicare,
723 1971 771 2015 et
793 1963 1074 2030 suffodere,
1123 1973 1170 2018 et
1195 1964 1518 2034 disperdere,
1552 1973 1598 2017 et
1621 1965 1917 2034 wdiﬁcare,
1949 1974 1998 2018 et

381 2053 651 2122 planiore.
715 2053 1109 2110 Verumtamen
1145 2054 1379 2124 primum
1410 2063 1493 2110 est
1514 2097 1529 2122 ,
1585 2065 1639 2110 ut
1671 2056 1812 2111 mala
1844 2055 1998 2112 aufe-

381 2155 586 2200 rantur
633 2160 664 2200 a
713 2146 895 2201 nobis.
947 2147 1062 2202 Non
1119 2157 1300 2216 potert
1342 2147 1556 2202 inloco
1616 2146 1995 2204 sedilicationis

389 2237 558 2292 malm
597 2236 873 2293 aediﬁcare
903 2239 1075 2296 Deus:
1136 2240 1268 2304 Quae
1289 2238 1428 2296 enim
1473 2240 1804 2312 participatio
1830 2241 1996 2313 justi-

384 2332 484 2385 tice
513 2341 562 2386 et
593 2331 884 2402 iniquitatis
909 2332 935 2386 .’
979 2341 1068 2386 aut
1108 2349 1224 2404 quis
1249 2336 1646 2390 communicatio
1678 2332 1784 2388 luci
1823 2334 1892 2388 ad
1919 2344 1997 2388 te-

380 2424 576 2478 nebras
612 2423 826 2496 (llCor.
865 2441 947 2490 vi,
992 2425 1128 2497 is)?
1173 2426 1403 2496 Oportet
1456 2426 1720 2482 malitiam
1750 2442 1817 2481 ex
1869 2427 1996 2484 imis

377 2516 612 2570 sedibus
660 2515 964 2572 eradicari:
1021 2527 1243 2586 oportet
1283 2527 1339 2572 et
1369 2517 1793 2575 mdilieationem
1820 2518 1994 2588 pessi-

389 2625 543 2664 mam
576 2609 646 2665 ab
670 2611 960 2667 animabus
990 2611 1096 2684 [AL
1122 2611 1344 2686 animis]
1395 2612 1600 2667 nostris
1633 2612 1852 2682 penitus
1891 2627 1991 2667 au-

385 2703 554 2770 l’erri,
619 2712 679 2760 ut
708 2716 899 2774 postea
955 2721 1243 2761 sermones
1291 2703 1320 2742 ι’
1353 2706 1448 2760 Dei
1495 2705 1773 2760 aadilicent
1827 2717 1992 2775 atque

385 2798 664 2868 plantent.
718 2798 1016 2856 Possumus
1070 2800 1340 2870 siquidem
1386 2810 1444 2856 et
1489 2801 1652 2856 aliter
1681 2800 1990 2871 intelligere

381 2905 514 2960 quae
544 2891 746 2960 scripta
798 2903 959 2946 sunt:
1015 2890 1154 2946 Ecce
1187 2893 1307 2946 dedi
1360 2907 1618 2948 sermones
1665 2909 1804 2948 meos
1838 2894 1893 2948 in
1935 2909 1992 2950 os

381 2992 554 3037 tuum.
589 2983 658 3039 Et
680 2984 809 3054 quid
838 2983 1041 3040 faciant
1069 2998 1357 3042 sermones
1387 2984 1549 3041 dicit:
1601 2982 1914 3052 Eradicare,
1942 2993 1992 3040 et

382 3074 689 3144 suﬂ'odere,
713 3086 762 3131 et
790 3078 1114 3146 disperdere.
1167 3079 1463 3134 Sermones
1494 3076 1782 3134 eradicent
1814 3079 1988 3136 natio-

2098 1864 2397 1936 Babylone,
2433 1865 2541 1920 alia
2563 1865 2619 1920 in
2647 1864 2907 1938 Egypto,
2933 1868 3037 1922 alia
3068 1867 3123 1922 in
3152 1867 3590 1926 Ammanitarum
3611 1887 3696 1926 re-

2097 1957 2290 2029 gione:
2342 1966 2396 2012 et
2439 1959 2518 2013 sic
2570 1960 2901 2030 segregatim
2959 1957 3068 2031 [AL
3114 1960 3350 2034 sacrata]
3391 1963 3695 2019 secundum

2096 2053 2421 2106 sententiam
2437 2051 2864 2122 Scripturarum,
2891 2068 2992 2124 pro
3014 2053 3276 2123 qualitate
3300 2053 3425 2109 vitae
3443 2055 3691 2110 locorum

2098 2143 2423 2199 diversitate
2457 2142 2476 2183 ί
2513 2145 2892 2215 distinguitur.
2946 2145 3005 2201 ln
3036 2146 3317 2217 Babylone
3348 2155 3452 2215 est,
3477 2149 3699 2219 quando

2096 2236 2472 2302 contunditur,
2498 2236 2716 2306 quando
2743 2238 3014 2304 turbatur,
3040 2237 3277 2309 quando,
3298 2254 3431 2308 pace
3454 2239 3695 2309 deserta,

2099 2328 2242 2383 bella
2272 2328 2510 2384 sustinet
2539 2328 2647 2400 [ΑΙ.
2671 2329 2965 2401 sustinent]
2991 2334 3332 2400 passionum,
3365 2333 3586 2401 quando
3616 2343 3700 2388 tu-

2098 2421 2302 2476 multus
2339 2421 2558 2476 malitiaa
2597 2421 2742 2476 circa
2773 2437 2892 2477 eam
2921 2421 3140 2489 fremit,
3195 2430 3326 2478 tunc
3353 2431 3411 2478 ut
3439 2424 3698 2494 diximus,

2095 2517 2150 2572 in
2183 2518 2464 2590 Babylone
2507 2525 2610 2574 est.
2673 2519 2740 2573 Et
2784 2518 2850 2574 ad
2881 2519 3040 2574 istam
3086 2521 3322 2576 animam
3357 2522 3697 2593 prophetalis

2096 2624 2282 2666 sermo
2313 2611 2588 2682 dirigitur,
2615 2611 2837 2667 dicens:
2872 2610 3066 2684 Fugite
3093 2614 3158 2667 de
3193 2615 3363 2670 medio
3386 2614 3698 2696 Babylonis,
3791 2693 3798 2696 ἤ

2093 2712 2141 2757 et
2174 2704 2432 2758 resaluate
2479 2705 2830 2776 unusquisque
2857 2706 3086 2759 animam
3108 2722 3278 2762 suam.
3335 2706 3518 2764 Donec
3543 2709 3697 2766 enim

2095 2799 2216 2868 quis
2247 2798 2300 2852 in
2325 2797 2604 2869 Babylone
2624 2808 2728 2866 est,
2759 2799 2956 2853 salvari
2982 2813 3090 2854 non
3121 2807 3322 2870 potest.
3344 2800 3502 2868 Quod
3532 2811 3558 2850 ε
3589 2803 3690 2858 etsi

2094 2889 2415 2946 recordatus
2445 2889 2520 2944 ibi
2546 2889 2710 2945 fuerit
2735 2889 3062 2956 Jerusalem,
3096 2891 3407 2962 ingemiscit
3438 2901 3494 2948 et
3519 2893 3689 2949 dicit:

2098 2983 2370 3051 Quomodo
2393 2984 2714 3039 cantabimus
2741 2987 3000 3040 canticum
3039 2983 3256 3040 Domini
3282 2987 3335 3040 in
3360 2997 3494 3042 terra
3519 2987 3693 3058 aliena

2094 3074 2269 3148 (Psal.
2303 3074 2572 3145 cxxxvr)?
2597 3076 2664 3132 Et
2685 3078 2812 3147 quia
2845 3077 3185 3149 impossibile
3215 3088 3298 3134 est
3329 3079 3382 3133 in
3411 3080 3696 3152 Babylone

386 3189 508 3240 nes,
538 3189 829 3230 sermones
864 3190 1030 3246 regna
1060 3173 1390 3240 suliodiunt;
1423 3175 1517 3230 sed
1549 3191 1656 3229 non
1685 3190 1851 3246 regna
1882 3175 1988 3230 ista
2019 3164 2064 3228 C
2097 3168 2425 3224 Constitutos
2476 3169 2586 3225 Deo
2633 3169 2854 3239 organis
2895 3184 3128 3235 canere.
3184 3169 3361 3226 OliOSa
3390 3172 3590 3242 quippe
3621 3172 3696 3227 ibi

385 3268 575 3327 carnis
614 3277 670 3322 et
708 3267 919 3335 steculi,
969 3279 992 3310 ε
1027 3267 1194 3340 digna
1220 3268 1651 3335 destruentibus,
1685 3269 1845 3338 digna
1868 3283 1989 3324 era-

391 3358 703 3416 dicantibus
753 3361 954 3418 verbis.
1008 3361 1084 3415 Ea
1128 3378 1247 3430 qua:
1293 3361 1572 3418 eradicata
1621 3369 1678 3416 et
1721 3363 1984 3418 subversa

387 3461 518 3508 sunt
545 3453 710 3518 senti,
736 3461 914 3524 putas,
947 3455 1000 3509 in
1025 3453 1111 3510 his
1133 3470 1258 3525 quae
1289 3454 1519 3510 dicimus
1558 3453 1721 3508 modo
1767 3467 1874 3510 non
1904 3459 1988 3508 est

386 3547 566 3602 virtus
592 3561 757 3619 quam
774 3547 1044 3604 Dominus
1076 3548 1286 3616 tribuit,
1311 3547 1612 3604 secundum
1645 3547 1788 3618 quod
1822 3548 1991 3618 scrip-

390 3649 507 3696 tum
533 3649 656 3696 est:
717 3637 974 3694 Dominus
1021 3641 1162 3695 dabit
1215 3641 1366 3696 verba
1403 3640 1774 3713 euangelizanti
1799 3641 1990 3694 virtute

387 3735 555 3790 multa
583 3733 758 3807 (Psal.
791 3750 956 3804 mit,
992 3733 1128 3804 ων
1157 3734 1330 3790 virtus
1361 3734 1651 3790 eradicans
1681 3743 1846 3803 atque
1873 3731 1988 3788 suf-

391 3827 645 3897 iodiens,
687 3827 735 3884 sl
761 3843 868 3898 qua
899 3827 1222 3895 inﬁdelitas,
1279 3827 1326 3883 si
1351 3827 1493 3898 quod
1525 3826 1896 3892 mendacium,
1940 3825 1989 3883 si

391 3939 501 3995 qua
527 3923 771 3993 malitia,
819 3926 864 3980 si
897 3939 1001 3994 qua
1028 3924 1244 3982 luxuria
1272 3965 1286 3992 ,
1327 3925 1372 3980 si
1398 3938 1504 3994 qua
1551 3922 1830 3979 discordia
1877 3937 1985 3977 non

395 4106 593 4163 magno
621 4105 814 4150 sensus
843 4091 1130 4162 dispendio
1176 4090 1386 4154 deerat.
1422 4104 1630 4160 nosque
1657 4089 1894 4163 primum
1918 4104 1988 4163 es

395 4160 628 4217 Rabano
677 4160 1010 4222 suiiecimus.
1067 4163 1416 4222 Ostendimus
1465 4171 1646 4220 autem
1714 4160 1989 4228 superiori

399 4245 528 4289 nota
551 4233 586 4286 h
618 4237 841 4290 totidem
873 4235 1059 4290 haberi
1082 4236 1133 4289 in
1167 4235 1363 4290 Grzeeo
1394 4235 1598 4298 verbis,
1631 4236 1742 4289 τίνα
1767 4234 1989 4289 ἀποκτε-

396 4314 496 4371 uti;
547 4308 738 4363 Παῦλον
761 4310 846 4363 τὸν
873 4307 1152 4384 πρφδόςτην,
1183 4307 1377 4384 peritior
1406 4308 1492 4362 τὸν
1532 4305 1883 4384 dicitur-qutun!
1901 4309 1992 4381 ζῇν

399 4384 602 4439 ποιήσω
621 4400 630 4434 :
663 4395 786 4450 quae
807 4376 932 4436 eum
959 4383 1008 4436 in
1025 4379 1230 4436 Latinis
1245 4379 1559 4448 Hieronymi
1583 4376 1990 4450 coddallueuus

404 4465 509 4506 non
564 4447 878 4548 invenisset,
930 4452 1358 4548 abprjgleniano
1393 4447 1692 4521 esetnplari
1723 4447 1992 4518 llierony.
2022 4488 2075 4548 Β

402 4537 557 4594 mum
585 4523 797 4594 longius
819 4523 1111 4594 exsiiatiari
1137 4522 1295 4577 dixit.

477 4601 504 4629 ι
533 4588 1377 4660 Βεεὶῑῖόίωιοείνειθηιὶιιὶίιιιοε,
1409 4588 1817 4655 Cerdonianos,
1851 4589 1997 4644 Mar»

402 4665 671 4736 cionistas
693 4707 708 4736 ,
761 4667 1008 4736 aliosque
1039 4666 1155 4735 ejus
1187 4665 1377 4720 farinae
1401 4663 1690 4736 ha-ruticos
1718 4662 1995 4736 suggillat.

403 4735 667 4820 Origenes
689 4735 744 4794 in
773 4733 970 4820 Matth.
993 4733 1082 4820 xii
1116 4755 1129 4796 ;
1153 4743 1388 4820 ζητήσεις
1413 4733 1468 4792 δὲ
1496 4742 1608 4820 ιγὼς
1635 4742 1727 4820 τῇς
1748 4733 1998 4820 ἀγςιθρτη-

407 4828 520 4884 τος*
542 4811 696 4866 αὑτοῦ
727 4817 846 4866 πνεῖ
885 4813 974 4866 καὶ
999 4810 1063 4884 τὰ
1106 4817 1174 4884 μὴ
1214 4808 1601 4884 venditem-131:6
1628 4812 1749 4884 τῷν,
1777 4808 1836 4884 ro
1876 4808 1998 4866 ὅσον

406 4880 475 4954 ἐφ’
499 4879 721 4956 ἑαυτοῖς,
741 4877 1187 4956 συκοφᾳντᾳρνιὲων
1210 4883 1294 4956 τὸγν
1318 4877 1409 4956 rei)
1426 4877 1579 4950 νόμον
1595 4878 1720 4956 Θεὸν
1733 4879 1820 4956 fieri
1843 4898 2001 4956 κατη-

404 4949 689 5030 γῆρρύνςτων
709 4949 891 5030 αὐτῷ,
913 4953 948 5009 ἃ
969 4952 1086 5030 οὐδὲ
1111 4957 1231 5030 περὶ
1252 4949 1516 5030 ἀγθρῲςπου
1556 4951 1704 5019 τάχα
1722 4949 1892 5030 *λέγειν
1921 4949 2000 5030 ᾤ-

407 4973 689 5078 γοςουντων
709 4973 888 5019 αυτ-ου,
913 4973 948 5009 α
969 4973 1086 5009 ουῠε
1111 4975 1231 5030 περι
1252 4973 1516 5027 ανσρωπου
1556 4973 1704 5019 ταχα
1736 4973 1892 5022 Αιγειν
1921 4973 1996 5034 υτ·

407 5045 462 5116 ἒξ
489 5025 700 5116 ἦν’ἐστι·
724 5028 966 5116 «sianum
979 5029 1098 5116 ,γὰρ
1122 5024 1583 5116 (insequere;
1621 5027 1782 5116 πιθεῖν.
1801 5023 1885 5108 τεαὶ
1917 5035 1996 5110 :re’

406 5093 530 5172 Ἐγὼ
550 5099 831 5172 attentavit,
859 5091 946 5153 ὁύκ
973 5091 1180 5172 animo
1203 5105 1295 5172 τῷ,
1317 5091 1419 5172 iisti.
1448 5091 2001 5172 ποιήσω·Αὸμοίως

409 5163 476 5222 δὲ’
492 5172 575 5225 καὶ
592 5170 651 5225 τὸ
672 5171 906 5247 Πατάξω,
937 5172 1024 5226 οὐκ
1045 5163 1290 5247 ἧττον-τῷν
1307 5211 1320 5235 ,
1341 5163 1715 5247 Kcin/diiungas.
1741 5180 1754 5216 :
1788 5163 2000 5247 Quwres

409 5248 579 5293 autent
607 5243 862 5310 quomodo
887 5245 1160 5296 bonitatem
1193 5243 1336 5300 illius
1368 5256 1427 5310 ea
1455 5243 1610 5310 etiam
1635 5243 1828 5310 spirent
1845 5275 1860 5301 ,
1887 5247 2003 5302 qua?

411 5313 472 5385 ab
503 5312 566 5364 iis
589 5305 795 5385 minime
824 5312 1206 5385 intelliguntur,
1235 5313 1320 5381 qui
1353 5309 1520 5385 Deum
1547 5305 1722 5385 Legis,
1747 5313 2000 5380 quantum

413 5383 544 5456 inse
567 5392 659 5448 est,
707 5380 1113 5456 calumniantur,
1144 5380 1495 5456 curaque/ioc
1522 5380 1864 5436 criminantur
1908 5392 2002 5432 uo-

412 5455 567 5530 mine,
591 5472 690 5530 quo
719 5471 781 5508 ne
801 5454 1060 5530 hominem
1080 5454 1288 5528 quidem
1312 5455 1684 5530 reprehendere
1708 5457 2002 5530 prompluut

414 5524 566 5594 foret.
601 5517 706 5580 'Sic
735 5528 870 5584 enim
915 5517 1145 5582 animuin
1172 5543 1337 5581 meum
1367 5517 1576 5587 induco,
1610 5517 1718 5576 non'
1752 5517 1924 5594 minus
1947 5517 2002 5594 id

415 5591 508 5672 Dei
543 5596 819 5672 bonitatem
833 5598 1174 5672 signiﬁcare:
1205 5596 1318 5668 Ego
1347 5597 1589 5672 occidam
1611 5609 1628 5658 ;
1652 5603 1803 5672 atque
1827 5591 1960 5672 illud
1983 5606 2002 5672 ς

415 5664 482 5719 Et
510 5683 602 5736 ego
629 5668 788 5722 vivere
818 5660 1009 5738 faciam
1033 5685 1049 5721 :
1098 5671 1219 5722 item
1249 5660 1297 5720 Et
1338 5667 1432 5720 hoc
1459 5683 1476 5720 :
1505 5660 1799 5738 Percutiam
1823 5708 1849 5738 ,_
1864 5660 2003 5718 haud

415 5733 559 5812 secus
588 5755 684 5812 ac;
715 5733 904 5812 Etego
950 5741 1164 5812 sonabo.
1196 5739 1341 5812 Idem
1377 5738 1570 5812 bpmil.
1605 5738 1693 5812 l7,
1728 5735 1811 5812 in-
1829 5733 1960 5812 Luc.
1984 5748 2003 5786 :
2047 5745 2050 5748 '

419 5809 579 5865 Aiunt
606 5811 738 5866 enim
760 5805 1169 5885 (Viletttiniatii)
1193 5830 1203 5867 :
1238 5808 1371 5864 Ecce
1394 5808 1531 5867 Deus
1555 5809 1677 5879 legis
1699 5817 1744 5863 et
1771 5805 2001 5870 PrOphe-

2096 3271 2222 3317 sunt
2260 3277 2462 3334 organa
2495 3261 2823 3332 hymnorum
2859 3263 2973 3329 Dei,
3003 3273 3295 3334 propterea
3336 3261 3445 3336 [ΑΙ.
3470 3273 3693 3334 propter

2096 3355 2250 3427 eam]~
2271 3356 2470 3412 dicitur
2500 3371 2596 3426 per
2618 3357 2946 3426 Prophetam
2973 3374 2987 3411 :
3024 3357 3196 3428 Super
3223 3357 3444 3427 [lumina
3465 3355 3694 3428 Babylo.

2096 3453 2176 3506 nis
2203 3451 2312 3505 illic
2343 3451 2452 3524 [ΑΙ.
2479 3450 2575 3524 ibi]
2622 3452 2868 3518 sedimus,
2893 3461 2940 3505 et
2963 3451 3223 3522 ﬂeuimus,
3247 3453 3370 3506 dum
3393 3452 3694 3507 recordare-

2095 3561 2212 3598 mur
2236 3545 2332 3612 tui,
2366 3544 2498 3599 Sion
2517 3561 2537 3600 :
2567 3545 2621 3600 in
2648 3543 2890 3599 salicibus
2918 3547 2973 3599 in
2998 3546 3166 3598 medio
3193 3545 3304 3617 ejus
3323 3546 3693 3615 suspendimus

2098 3655 2295 3709 organa
2314 3649 2512 3694 nostra.
2567 3639 2851 3708 Susiiensa
2873 3649 2999 3694 sunt
3031 3654 3229 3710 organa
3264 3649 3471 3710 nostra,
3499 3654 3692 3710 quam-

2097 3735 2187 3789 diu
2217 3735 2275 3788 in
2301 3734 2578 3804 Babylone
2600 3749 2790 3790 sumus
2819 3737 2873 3790 in
2901 3735 3157 3790 salicibus
3199 3734 3484 3789 ﬂuminum
3517 3734 3696 3806 Baby-

2097 3809 2301 3882 lonum.
2331 3827 2388 3883 Si
2420 3835 2601 3882 autem
2635 3827 2949 3883 venerimus
2979 3827 3032 3884 in
3061 3826 3390 3893 Jerusalem,
3422 3826 3476 3880 in
3507 3825 3687 3880 locum

2097 3922 2325 3979 visionis
2342 3932 2395 3978 et
2423 3923 2592 3994 pacis,
2612 3937 2835 3994 organa,
2859 3935 2980 3993 quae
3007 3929 3134 3977 ante
3159 3921 3334 3976 otiosa
3354 3919 3687 3991 pendebant,

2097 4097 2288 4154 tarum,
2320 4088 2483 4143 videte
2528 4087 2699 4158 qualis
2725 4087 2813 4145 sit.
2843 4083 2980 4157 Ego,
3011 4085 3201 4152 inquit,
3229 4083 3482 4148 occidam,
3519 4084 3694 4158 uiuere

2098 4162 2330 4232 faciam;
2362 4157 2667 4232 percutiam,
2691 4168 2856 4232 etego
2877 4158 3112 4232 satiabo;
3139 4167 3314 4212 etnon
3339 4165 3412 4212 est
3439 4157 3694 4232 quierunt

2099 4200 2162 4285 ile
2187 4200 2422 4286 manibiis
2448 4232 2594 4286 meis.
2614 4200 2853 4285 'Iiudiuiit
2879 4245 2894 4280 :
2927 4200 3174 4282 Occiditur
3197 4269 3209 4292 ,
3237 4237 3283 4280 et
3307 4245 3407 4280 non
3436 4200 3692 4282 iiudiunt:

2112 4302 2406 4373 Viviﬁcabo.
2435 4303 2698 4358 Audiunt:
2727 4301 3047 4366 Perculiam,
3065 4308 3112 4373 et
3135 4299 3690 4373 audirecontemnunt:

2100 4374 2167 4428 Et
2193 4371 2288 4444 ego
2319 4375 2535 4430 sonabo.
2569 4373 2875 4428 Istiusmodi
2903 4371 3259 4426 occasionibus
3288 4371 3577 4424 Creatorem
3604 4385 3696 4422 cas

2102 4447 2442 4502 lunmiautur.
2479 4446 2738 4504 “UETIUS.

2171 4516 2199 4556 ι)
2247 4518 2450 4572 Vitiose
2481 4519 2673 4572 aberat
2707 4529 2807 4568 vox
2837 4509 2959 4578 Dei,
2989 4526 3152 4581 quam
3189 4527 3255 4566 ex
3285 4509 3510 4575 Rabano
3539 4512 3692 4578 (ira:-

2101 4605 2271 4671 coqttc
2303 4599 2476 4655 textu,
2510 4588 2556 4643 oi
2592 4588 2733 4662 λόγοι
2756 4591 2846 4642 τοῦ
2896 4589 3022 4640 Θεοῦ
3052 4582 3474 4656 οἰκοδομηθῶσιν,
3533 4583 3696 4640 sutis-

2099 4675 2296 4714 CIIIHIS.

2177 4743 2198 4770 ο
2222 4731 2378 4802 Regii
2411 4746 2544 4786 mss.
2586 4744 2771 4802 penes
2803 4727 3077 4794 Huetium,
3107 4727 3263 4797 digne
3285 4726 3693 4795 destruentibus,

2102 4801 2690 4881 digneeradicantibits.
2875 4873 2888 4881 _
3190 4871 3200 4881 ι

2174 4867 2198 4910 λι
2233 4875 2346 4930 Hoc
2385 4874 2648 4928 vocabulo
2673 4883 2724 4927 et
2770 4873 2927 4940 paulo
2961 4881 3080 4944 pest
3113 4871 3315 4944 initur.
3341 4869 3523 4944 Quare
3550 4867 3696 4938 quod

2102 4946 2335 5001 diximus
2361 4947 2416 5001 in
2449 4944 2760 5016 prail'atione
2785 4949 2912 4998 tomi
2947 4941 3149 5016 quarti,
3178 4941 3270 5016 ubi
3299 4946 3366 5016 de
3390 4942 3695 5016 interprete

2104 5012 2461 5080 ltomiliaruni
2491 5019 2542 5072 in
2577 5017 2769 5073 Isaiam
2791 5057 2804 5078 .
2840 5012 3104 5088 nusquam
3139 5013 3358 5088 illudill
3389 5012 3701 5088 liierottytpi

2103 5091 2322 5173 scriptis
2351 5090 2606 5160 inveniri,
2634 5088 2867 5148 reSCiltdl
2901 5083 3010 5148 uno
3041 5099 3206 5162 atque
3246 5085 3420 5148 altera
3449 5083 3700 5162 exemplo

2103 5176 2371 5216 CUIllllllls.

2165 5181 2547 5318 ⁸ζῖἓξίὲιέεηηίιιε
2579 5247 2749 5304 penes
2773 5231 3011 5298 Raban.,
3039 5229 3268 5304 eiusde,"
3305 5243 3422 5290 cum
3443 5235 3581 5290 Mra
3605 5243 3698 5284 ηο-

2104 5323 2276 5361 ηιιηιε.
3655 5353 3658 5355 ·

2183 5378 2200 5416 ῖ
2231 5385 2403 5436 Antea
2455 5385 2594 5444 erat,
2641 5377 2872 5448 locorum
2921 5373 3242 5448 diversitates
3282 5370 3689 5448 distinguuntur.

2105 5449 2295 5505 Melior
2317 5465 2476 5521 quam
2511 5439 2822 5519 reponimus
2851 5444 3057 5521 liabani
3081 5453 3165 5498 est.
3193 5443 3376 5508 lectio,
3398 5439 3695 5521 diversitate

2107 5512 2472 5593 distinguitur:
2522 5512 2588 5574 Μ’
2604 5529 2686 5576 est
2715 5522 2888 5572 anima
2909 5560 2924 5585 ,
2968 5517 3034 5576 ad
3062 5529 3222 5586 quam
3250 5527 3469 5570 sensum
3497 5512 3692 5574 referri

2107 5593 2294 5648 Ιίίιυρι.

2127 5603 2391 5734 '(‘tlsuitipud
2417 5663 2647 5728 liabam,
2680 5661 2780 5727 Qui
2811 5660 2964 5734 etiam
2987 5657 3289 5713 recordatus
3313 5654 3398 5710 ubi
3432 5656 3581 5726 fuerit
3606 5649 3695 5712 Je-

2107 5729 2355 5790 rusalem.
2818 5729 2862 5749 ’⁸
2883 5740 2898 5750 “
