4104 6336
419 282 526 338 599

1667 274 1727 332 S.
1768 272 2040 332 EUSEBII
2074 270 2455 332 HIERONYMI

3604 275 3713 333 600

419 409 551 457 tunc
580 404 932 455 assumuntur
959 396 1009 451 in
1034 395 1310 461 manibus,
1357 403 1488 451 tunc
1509 394 1713 466 jugiter
1738 402 1765 431 ει
1793 393 2017 448 cithari-
2039 394 2095 456 Α
2123 392 2413 465 Babylonis
2459 390 2783 460 consistere,
2818 399 2877 447 ut
2904 404 2972 447 ex
3010 391 3160 446 omni
3194 400 3345 461 parte
3386 391 3596 461 aequale
3638 393 3713 448 sit

423 509 637 562 zamus,
678 501 735 551 et
761 506 869 547 non
898 500 983 547 est
1008 499 1247 560 tempus,
1277 489 1492 558 quando
1517 488 1681 561 760
1700 502 1805 543 non
1833 487 2017 542 laude-

427 606 549 646 mus
582 589 749 644 Deum
801 602 903 655 per
933 600 1160 654 organa,
1215 601 1341 656 qua:
1370 584 1635 639 habemus
1667 585 1718 638 in
1749 582 2017 637 manibus.

422 680 595 752 Igitur
615 694 671 735 ut
696 680 878 735 dicere
907 693 1271 748 coeperamus,
1308 692 1527 747 semper
1553 677 1731 731 anima
1756 677 1807 730 in
1835 676 2020 745 aliquo

416 770 791 844 {nuncupativo
829 780 994 827 terrae
1023 772 1141 826 loco
1171 781 1286 825 est:
1343 783 1396 827 et
1440 771 1583 826 sicut
1613 781 1935 840 peccatores
1965 770 2021 825 in

426 868 740 939 Babylone,
777 867 857 921 sic
887 865 1197 921 econtrario
1221 865 1351 934 justi
1385 867 1439 919 in
1467 865 1674 920 Judma.
1730 865 2018 919 Verumta-

423 977 546 1016 men
572 960 725 1030 juxta
754 958 1069 1029 qualitatem
1112 959 1236 1012 vita:
1262 968 1316 1013 et
1339 958 1494 1025 ﬁdei,
1525 960 1653 1013 etin
1690 958 1801 1029 ipSa
1834 958 2020 1013 Judzea

422 1054 560 1110 locis
610 1053 753 1108 inter
782 1067 841 1108 se
869 1053 1036 1108 variis
1081 1062 1429 1121 separantur.
1484 1051 1613 1108 Sive
1654 1052 1798 1107 enim
1825 1052 1876 1105 in
1906 1051 2020 1105 Dan

424 1159 529 1214 est,
566 1161 684 1216 quae
709 1160 965 1201 eXtremae
987 1144 1191 1200 Judaaae
1221 1154 1403 1214 partes
1429 1153 1573 1207 sunt,
1626 1144 1738 1199 sive
1778 1144 1829 1197 in
1859 1157 2021 1212 supe-

423 1241 665 1299 rioribus
714 1241 992 1309 paululum
1031 1241 1187 1303 locis,
1220 1239 1649 1307 melioribusque
1689 1253 1850 1308 quam
1884 1238 2019 1301 Dan,

422 1337 542 1392 sive
577 1337 627 1390 in
659 1335 849 1389 mediis
876 1334 1074 1388 finibus
1099 1332 1319 1398 Iudaeae,
1364 1333 1478 1389 sive
1504 1333 1647 1387 circa
1677 1330 2018 1386 Jcl‘USulem:

424 1439 481 1486 et
502 1438 585 1484 est
612 1428 857 1483 omnium
910 1426 1250 1491 beatissima,
1279 1442 1398 1495 quae
1428 1426 1480 1479 in
1507 1424 1685 1479 media
1714 1423 2019 1480 Jerusalem

423 1523 559 1577 urbe
587 1522 860 1577 consistit.
915 1520 1015 1588 Qui
1049 1534 1178 1575 vero
1206 1528 1459 1587 peccator
1484 1528 1591 1585 est,
1624 1527 1678 1572 et
1702 1517 1882 1571 nimiis
1909 1516 2017 1587 [AL

423 1614 612 1687 nimis]
672 1614 975 1669 sceleribus
1023 1627 1341 1682 oppressus,
1398 1612 1487 1666 hic
1532 1612 1581 1665 in
1613 1610 1887 1681 Babylone
1913 1618 2017 1665 est.

424 1709 536 1763 lloc
560 1717 739 1762 autem
773 1706 987 1760 modico
1018 1707 1217 1768 minor,
1241 1714 1297 1760 et
1324 1702 1551 1758 necdum
1576 1719 1749 1773 usque
1770 1703 1837 1755 ad
1867 1716 2019 1756 sum-

2123 488 2377 557 spatium,
2410 495 2466 542 et
2495 486 2565 540 ita
2590 486 2645 539 in
2673 485 2932 540 umbilico
2955 484 3097 555 ejus,
3129 486 3280 555 quasi
3314 485 3368 540 in
3391 484 3570 541 medio
3590 500 3715 542 cor-

2124 581 2205 637 dis
2236 581 2503 643 animalis,
2536 579 2757 635 habitet.
2790 580 2958 635 Sicuti
2990 578 3135 634 enim
3167 579 3418 634 animalis
3448 580 3716 634 medietas

2122 690 2218 730 cor
2245 685 2361 741 est,
2395 684 2448 728 et
2468 673 2519 727 in
2554 672 2843 744 Evangelio
2872 671 3165 727 secundum
3199 671 3420 738 Lucam,
3451 688 3538 725 cor
3564 682 3717 726 teme

2124 767 2279 841 (Luc.
2308 770 2441 834 xvtt)
2475 767 2739 822 medietas
2780 775 2939 821 terrte
2989 766 3337 821 nominatur:
3371 767 3449 820 sic
3475 765 3607 820 mihi
3634 765 3719 820 vi-

2122 862 2298 927 detur,
2329 870 2384 916 et
2416 862 2467 915 in
2521 860 2805 915 Ezechiele
2834 860 3062 925 dictum,
3114 859 3168 914 in
3196 874 3293 914 cor
3335 859 3498 914 maris
3541 861 3720 929 posita

2124 955 2300 1027 Tyrus
2332 952 2546 1026 (Ezech.
2596 954 2765 1025 xxvi),
2817 960 2872 1008 et
2898 968 3039 1008 nunc
3084 962 3402 1024 peccatores
3437 952 3504 1009 de
3535 952 3723 1008 medio

2124 1047 2432 1120 Babylonis,
2466 1049 2565 1103 hoc
2595 1057 2680 1103 est
2708 1048 2775 1103 tle
2802 1048 2966 1103 corde
2989 1047 3105 1117 ejus
3138 1046 3324 1118 fugere
3351 1047 3571 1103 debere.
3603 1046 3721 1102 Fu-

2123 1142 2232 1212 gite
2263 1130 2391 1212 ergo
2429 1140 2497 1196 de
2533 1140 2711 1195 medio
2741 1140 3054 1212 Babylonis,
3092 1149 3149 1194 ut
3182 1150 3204 1178 ο
3239 1139 3585 1195 medietatem
3615 1140 3725 1195 Ba-

2123 1235 2337 1305 bylonis
2378 1234 2712 1302 deserentes,
2772 1234 2823 1287 in
2856 1233 3053 1289 finibus
3101 1233 3219 1303 ejus
3250 1231 3522 1303 incipiatis
3570 1248 3723 1301 esse,

2125 1343 2233 1382 non
2265 1327 2316 1381 in
2341 1326 2537 1381 medio.
2568 1327 2720 1392 Quod
2744 1326 2789 1380 si
2821 1327 2907 1380 cui
2932 1326 3146 1381 videtur
3172 1326 3490 1395 obscurum,
3521 1327 3599 1381 sic
3630 1328 3728 1383 fiet

2125 1419 2495 1475 manifestius:
2544 1420 2667 1490 quia
2707 1418 2798 1489 qui
2835 1419 2995 1473 valde
3025 1418 3311 1473 demersus
3341 1429 3425 1474 est
3456 1419 3507 1473 in
3548 1419 3723 1485 vitiis,

2126 1509 2213 1566 hic
2247 1510 2455 1566 medius
2484 1509 2502 1548 τ
2537 1511 2806 1566 habitator
2833 1518 2938 1565 est.
2968 1509 3068 1578 Qui
3101 1526 3233 1566 vero
3257 1512 3511 1581 paulatim
3554 1511 3729 1567 relin-

2125 1619 2299 1674 quens
2332 1604 2553 1669 malum,
2593 1613 2646 1658 et
2690 1604 2933 1658 naturam
2967 1619 3117 1659 suam
3149 1604 3214 1658 ad
3246 1604 3472 1659 meliora
3494 1620 3729 1661 conver-

2128 1706 2267 1764 tens,
2295 1713 2399 1751 non
2421 1708 2527 1752 tam
2550 1699 2777 1768 coeperit
2796 1698 3021 1753 virtutes
3043 1698 3343 1767 poSsidere,
3366 1714 3525 1769 quam
3555 1714 3732 1769 cupe—

421 1816 569 1855 mum
602 1808 956 1870 peccatorum
989 1798 1203 1852 culmen
1247 1795 1582 1860 ascendens,
1617 1795 1672 1848 in
1697 1793 1936 1867 [Egypto
1966 1802 2021 1849 et
2050 1802 2098 1863 Β
2124 1807 2214 1852 re,
2237 1792 2337 1848 iste
2363 1791 2493 1846 licet
2516 1806 2583 1846 ex
2611 1791 2789 1846 medio
2818 1791 3013 1859 fugerit
3040 1792 3355 1863 Babylonis,
3381 1802 3556 1847 tamen
3586 1807 3728 1848 nec-

423 1892 479 1947 in
511 1891 753 1961 partibus
784 1890 1007 1961 ngypti
1043 1898 1441 1943 commoratur.
1475 1887 1539 1941 Et
1572 1886 1715 1941 sicut
1736 1887 1825 1955 qui
1853 1887 1907 1940 in
1931 1885 2024 1940 Ju-

426 1985 544 2053 da'a
594 1991 723 2038 sunt
771 2000 877 2036 non
908 1981 1133 2052 :cqualia
1167 1981 1347 2035 cuncti
1393 1979 1671 2049 possident
1702 1979 1818 2034 loca
1846 1997 1859 2033 :
1887 1979 2023 2035 alius

425 2054 627 2148 quippe
678 2078 731 2130 in
760 2075 1064 2131 Jerusalem
1093 2083 1206 2140 est,
1258 2083 1313 2129 et
1357 2074 1493 2128 alius
1522 2073 1575 2126 in
1609 2074 1743 2138 Dan,
1800 2073 1938 2127 alius
1971 2074 2023 2127 in

426 2168 761 2238 Nephtalim,
801 2167 939 2222 alius
970 2169 1019 2220 in
1045 2166 1242 2221 ﬁnibus
1268 2165 1418 2222 Gad:
1451 2166 1529 2220 sic
1554 2164 1581 2202 δ
1608 2180 1820 2232 omnes,
1854 2165 2024 2236 quiin

430 2260 668 2334 Egypto
692 2269 843 2328 sunt,
877 2276 982 2315 non
1008 2262 1245 2330 aequales
1271 2258 1491 2330 [Egypli
1523 2267 1701 2329 partes
1744 2259 2019 2325 incolunt;

425 2356 564 2411 alius
606 2356 659 2408 in
687 2353 923 2423 Tapltni,
972 2353 1112 2406 alius
1142 2353 1195 2406 in
1246 2349 1505 2421 Memphi,
1559 2350 1698 2403 alius
1729 2350 1781 2403 in
1824 2351 2022 2420 Syene,

427 2451 568 2505 alius
619 2450 673 2503 in
705 2446 929 2502 Bubasti
959 2446 1187 2502 habitat.
1245 2446 1378 2513 Quae
1419 2445 1538 2499 loca
1595 2442 1855 2514 propheta
1892 2443 2028 2499 Ezeo

428 2542 572 2599 chiel
602 2541 760 2612 plena
791 2541 1068 2612 mysteriis
1097 2554 1231 2595 voce
1274 2547 1530 2599 testatur,
1561 2538 1783 2592 nomina
1809 2553 2027 2607 quoque

425 2637 660 2715 partium
692 2634 912 2705 [Egypti
964 2648 1274 2703 exponens,
1310 2632 1377 2688 de
1409 2632 1603 2701 quibus
1633 2633 1677 2686 si
1704 2633 1828 2703 quis
1856 2633 2029 2688 lector

427 2729 608 2785 fuerat
635 2729 933 2798 spiritualis
955 2727 1261 2799 dijudicans
1292 2727 1498 2791 omnia,
1527 2735 1583 2782 et
1603 2727 1719 2795 ipse
1749 2742 1778 2781 a
1808 2727 2027 2781 nemine

430 2824 762 2894 dijudicatus
783 2865 796 2887 ,
829 2839 934 2876 non
960 2822 1132 2875 solum
1163 2820 1402 2890 majores
1430 2820 1678 2891 regiones
1709 2819 2031 2891 allegoriza-

436 2922 538 2984 bit,
577 2919 741 2974 veluti
782 2916 1045 2978 Judrcam,
1086 2925 1141 2971 et
1180 2915 1472 2987 {Egyptum
1492 2923 1546 2968 et
1566 2913 1913 2985 Babylonem,
1935 2914 2029 2969 sed

433 3014 733 3084 particulas
756 3027 970 3082 quoque
991 3020 1172 3067 terrae.
1200 3007 1555 3076 thuomodo
1586 3007 1639 3061 in
1669 3006 1852 3063 Judrea
1883 3006 2032 3062 Jeru—

434 3107 625 3174 salem,
652 3116 707 3160 et
744 3104 1094 3171 Bcthlehem,
1143 3112 1477 3171 caeterasque
1499 3100 1752 3157 civitates
1788 3117 1801 3153 :
1856 3099 1927 3154 ita
1976 3101 2029 3154 in

2128 1884 2255 1939 dum
2305 1885 2373 1939 de
2407 1885 2680 1956 Babylone
2712 1884 2985 1941 discessit.
3027 1885 3339 1942 Secundum
3376 1886 3530 1941 istius
3576 1886 3731 1943 modi

2129 1979 2494 2048 expositiones
2538 1979 2691 2034 decet
2724 1977 2831 2051 [AL
2874 1979 3055 2051 docet]
3087 1994 3273 2036 sacras
3325 1982 3558 2035 Litteras
3599 1995 3731 2037 cre-

2128 2070 2280 2136 dere,
2311 2086 2379 2126 ne
2408 2087 2570 2125 unum
2615 2070 2833 2142 quidem
2866 2071 3076 2140 apicem
3124 2072 3327 2127 habere
3361 2087 3589 2127 vacuum
3633 2087 3734 2128 sa-

2128 2164 2330 2233 pientia
2381 2165 2494 2220 Dei.
2546 2163 2648 2232 Qui
2698 2166 2841 2219 enim
2891 2165 3020 2220 mihi
3066 2165 3275 2221 homini
3326 2167 3565 2238 praecipit
3610 2166 3731 2240 [AL

2131 2257 2434 2330 praecepit].
2465 2259 2681 2314 dicens:
2711 2259 2872 2332 762
2898 2259 3021 2315 Non
3044 2262 3314 2333 apparebis
3342 2272 3459 2317 ante
3484 2278 3735 2330 conspec-

2132 2363 2239 2408 tum
2278 2370 2449 2408 meum
2484 2371 2676 2409 vacuus
2707 2354 2899 2426 (Deut.
2949 2371 3064 2423 xu,
3116 2354 3287 2410 Exod.
3323 2372 3455 2411 χχιιι
3479 2357 3520 2428 ),
3554 2355 3733 2411 multo

2130 2447 2253 2518 plus
2280 2447 2384 2502 hoc
2415 2448 2531 2517 ipse
2558 2447 2689 2518 agit,
2723 2465 2790 2503 ne
2818 2448 3024 2519 aliquid
3070 2465 3300 2505 vacuum
3331 2450 3601 2522 loquatur.
3648 2453 3735 2507 Ex

2131 2541 2470 2612 plenitudine
2494 2542 2611 2611 ejus
2640 2542 2970 2612 accipientes
3002 2543 3279 2613 prophetae
3309 2559 3396 2609 ea,
3427 2560 3548 2613 quae
3569 2554 3735 2601 erant

2132 2632 2199 2688 de
2230 2633 2564 2704 plenitudine
2606 2646 2843 2705 sumpta,
2877 2638 3216 2703 cecinerunt,
3250 2646 3304 2691 et
3346 2636 3550 2693 idcirco
3582 2648 3607 2687 Β
3641 2654 3735 2695 sa—

2132 2741 2224 2782 cra
2265 2726 2539 2783 volumina
2570 2727 2791 2796 Spiritus
2838 2728 3183 2798 plenitudine
3210 2729 3441 2800 spirant,
3486 2722 3735 2803 nihilque

2132 2830 2234 2884 est,
2270 2820 2384 2875 sive
2430 2821 2481 2874 in
2515 2820 2826 2889 Prophetis,
2876 2823 2992 2878 sive
3020 2824 3072 2877 in
3105 2822 3271 2891 Lege,
3302 2824 3418 2879 sive
3450 2824 3501 2879 in
3534 2823 3736 2880 Evan—

2132 2914 2299 2986 gelio,
2341 2916 2454 2971 sive
2483 2916 2535 2969 in
2567 2916 2850 2985 Apostolo,
2893 2916 3034 2984 quod
3079 2933 3185 2971 non
3216 2932 3243 2971 a
3275 2917 3609 2986 plenitudine
3648 2918 3737 2973 di-

2137 3010 2279 3063 vina:
2305 3008 2604 3078 majestatis
2631 3009 2945 3065 descendat.
2978 3010 3343 3078 Quamobrem
3376 3009 3404 3047 ιι
3429 3012 3644 3081 spirant
3673 3013 3733 3067 in

2134 3102 2431 3174 Scripturis
2458 3103 2660 3158 sanctis
2692 3104 2962 3174 hodieque
2992 3104 3346 3173 plenitudinis
3375 3105 3562 3170 verba,
3608 3105 3737 3175 Spi-

433 3199 668 3271 Algyptu
690 3199 873 3268 legens
895 3197 1213 3265 DioSpolim.
1236 3194 2028 3264 Bubastim,Taplmim,Mem-
2058 3200 2102 3262 C
2136 3205 2259 3251 rant
2279 3206 2457 3250 autem
2487 3194 2596 3261 his,
2625 3195 2714 3265 qui
2744 3195 2947 3250 habent
2968 3205 3022 3252 et
3052 3197 3239 3251 oculos
3270 3198 3336 3251 ad
3362 3197 3591 3253 videnda
3621 3214 3740 3256 cte-

428 3293 596 3362 phim,
633 3292 891 3363 Syenem,
924 3306 1023 3361 pro
1053 3289 1331 3344 intellectu
1363 3303 1546 3342 rerum
1592 3288 1863 3357 ligurabit.
1896 3288 2032 3355 Quis

429 3386 590 3459 761
623 3385 839 3453 sapiens
866 3391 922 3437 et
966 3382 1219 3453 intelligit
1250 3382 1393 3436 ista?
1424 3393 1516 3437 aut
1558 3383 1680 3452 quis
1723 3381 2034 3451 intelligens

428 3491 483 3533 et
536 3477 814 3547 cognoscit
869 3476 987 3531 ea?
1041 3476 1173 3543 Quis
1232 3474 1426 3530 saltem
1480 3475 1534 3528 iu
1588 3474 1819 3529 tenuiori
1872 3490 2033 3530 sensu

430 3572 759 3629 constitutus
783 3585 1119 3640 c0guoscere
1144 3569 1346 3641 poterit
1373 3569 1710 3624 voluntatem
1734 3585 1894 3638 quam
1916 3569 2035 3639 Spi-

428 3668 566 3721 ritus
598 3674 821 3721 sanctus
849 3664 1012 3719 habet
1046 3663 1281 3717 littera}?
1310 3662 1508 3717 Verum
1541 3676 1687 3715 nunc
1717 3661 1862 3716 aliud
1907 3678 2034 3730 pro-

431 3759 670 3830 p0situm
701 3767 805 3825 est,
854 3756 982 3827 quid
1035 3757 1141 3823 his,
1171 3758 1264 3826 qui
1314 3759 1368 3811 in
1413 3755 1691 3827 Babylone
1748 3765 1896 3819 sunt,
1940 3755 2036 3810 Dei

430 3869 689 3910 sermone
736 3853 1083 3923 praecipiatur
1112 3850 1220 3924 [Al.
1252 3866 1435 3907 sermo
1465 3848 1799 3923 praecipiat]:
1852 3848 2038 3920 Fugite

432 3946 498 4000 de
522 3947 689 3999 medio
720 3943 1025 4016 Babylonis.
1060 3944 1171 3998 Nec
1217 3944 1504 4015 gradatim,
1538 3959 1644 3999 non
1682 3942 2034 4012 pedetentim,

432 4039 528 4094 sed
556 4054 680 4092 cum
708 4038 1026 4101 velocitate,
1060 4051 1181 4091 cum
1209 4052 1372 4096 cursu
1403 4036 1568 4106 fugite
1594 4052 1608 4101 ;
1650 4035 1753 4091 hoc
1778 4045 1863 4090 est
1893 4036 2037 4091 enim

432 4129 623 4199 fugere
651 4147 663 4182 :
700 4128 885 4200 Fugite
913 4131 976 4182 de
996 4130 1164 4183 medio
1200 4127 1504 4199 Babylonis.
1541 4127 1877 4199 Quicumque
1907 4142 2039 4182 cou-

432 4220 606 4276 fusam
659 4221 873 4276 habetis
914 4222 1149 4275 animam
1180 4237 1209 4274 a
1260 4222 1542 4275 variorum
1594 4222 1853 4291 passione
1885 4222 2041 4276 vitio-

432 4330 578 4379 rum,
601 4315 667 4369 ad
696 4330 792 4370 vos
812 4315 1064 4385 dirigitur
1086 4328 1298 4369 sermo:
1331 4322 1387 4368 et
1414 4314 1775 4385 mihiquoque
1804 4315 2037 4387 idipsum

430 4408 675 4480 jubetur,
723 4407 989 4479 siquidem
1023 4407 1200 4464 adhuc
1228 4422 1348 4463 sum
1380 4406 1433 4461 in
1480 4407 1803 4463 confusione
1835 4420 1855 4447 ο
1891 4409 2041 4465 inve-

437 4511 665 4571 teratus,
711 4513 765 4559 et
796 4504 917 4558 ideo
948 4505 999 4558 in
1032 4502 1311 4575 Babylone
1340 4518 1481 4558 sum.
1515 4503 1656 4571 Quid
1690 4518 1821 4575 ergo
1853 4506 2035 4572 prreci-

2138 3290 2315 3354 lestia,
2350 3297 2405 3344 et
2430 3303 2589 3343 aures
2634 3288 2702 3343 ad
2732 3288 3001 3344 audienda
3032 3288 3232 3356 divina,
3262 3298 3314 3345 et
3357 3305 3517 3345 nares
3548 3290 3613 3345 ad
3668 3306 3735 3346 ea

2138 3397 2259 3453 qua:
2284 3393 2410 3437 sunt
2438 3381 2792 3451 plenitudinis
2813 3383 3121 3438 sentiendo.
3152 3383 3278 3438 Ilaec
3307 3383 3441 3449 dixi,
3469 3384 3594 3455 quia
3621 3398 3735 3440 non

2138 3476 2206 3531 sit
2248 3475 2567 3545 simpliciter
2613 3476 2882 3545 positum:
2940 3476 3127 3545 Fugite
3170 3477 3237 3533 de
3287 3477 3583 3548 Babylone,
3634 3476 3735 3533 sed

2138 3585 2261 3625 cum
2290 3570 2658 3625 additamento
2688 3571 3031 3626 necessario:
3060 3568 3251 3641 Fugite
3280 3573 3342 3625 de
3369 3572 3537 3626 medio
3563 3570 3738 3643 Baby-

2139 3663 2293 3730 lonis,
2326 3674 2372 3719 et
2402 3665 2649 3719 resalvate
2669 3666 3015 3735 unusquisque
3034 3667 3263 3719 animam
3292 3683 3459 3720 suam.
3492 3666 3732 3721 Primum

2140 3766 2357 3826 oportet
2386 3758 2571 3827 fugere
2600 3758 2667 3813 de
2697 3757 2878 3812 medio
2921 3758 3236 3830 Babylonis,
3267 3758 3466 3815 deinde
3490 3760 3736 3830 singulos

2140 3849 2351 3904 animas
2393 3864 2518 3904 suas
2571 3850 2868 3915 resalvare,
2909 3866 3030 3906 cum
3087 3852 3341 3922 fugerint.
3390 3852 3571 3924 Neque
3602 3868 3735 3909 vero

2141 3942 2277 3995 dixit
2305 3944 2531 4008 salvate,
2562 3944 2657 3999 sed
2689 3944 2975 4000 resalvate.
3008 3944 3295 4017 Appositio
3320 3947 3540 4020 syllabae
3570 3949 3736 4019 signi-

2141 4033 2266 4088 ﬁcat
2307 4045 2739 4091 sacramentum:
2772 4037 2908 4105 Quia
2954 4038 3227 4107 quondam
3271 4050 3551 4109 gustantes
3578 4042 3734 4095 salu-

2144 4136 2275 4191 tem,
2307 4137 2363 4183 et
2401 4128 2470 4184 de
2500 4145 2563 4183 ea
2609 4137 2834 4199 propter
2886 4140 3105 4197 peccata
3155 4137 3344 4197 postea
3388 4141 3732 4196 carmentes,

2141 4228 2411 4276 venerunt
2438 4221 2503 4275 ad
2537 4219 2648 4293 [AL
2681 4222 2928 4278 venimus
2959 4222 3037 4294 in]
3072 4222 3422 4295 BabyIOuem.
3461 4222 3623 4295 Cujus
3655 4224 3734 4279 ι·ρί

2141 4327 2303 4369 causa
2339 4322 2554 4383 oportet
2588 4312 2605 4349 ί
2643 4315 2916 4370 resalvare
2941 4316 3177 4369 animam
3217 4332 3391 4382 suam,
3425 4328 3481 4371 ut
3513 4317 3739 4385 incipiat

2142 4420 2468 4476 recuperare
2495 4406 2638 4473 quod
2680 4405 2939 4475 perdidit,
2972 4408 3269 4463 secundum
3302 4409 3603 4476 apostolum
3636 4411 3737 4466 Pe-

2143 4506 2289 4553 trum
2321 4498 2589 4554 dicentem
2617 4499 2692 4553 ita
2718 4516 2730 4553 :
2762 4498 2776 4549 ἱ
2818 4500 3216 4570 Reportabimus
3246 4501 3401 4570 ﬁnem
3444 4502 3567 4570 ﬁdei
3590 4503 3738 4558 salu-

436 4598 519 4667 pit
548 4595 690 4650 Deus
713 4596 736 4649 γ
758 4595 877 4650 Νοη
904 4596 1061 4665 dixit,
1088 4601 1234 4652 exite
1266 4595 1334 4651 de
1365 4596 1547 4652 medio
1572 4597 1901 4670 Babylonis;
1938 4600 2039 4655 hoc
2069 4604 2117 4663 υ
2144 4602 2264 4660 tem,
2320 4592 2382 4645 de
2407 4608 2508 4661 qua
2547 4593 2714 4646 salute
2753 4593 3101 4662 exquisierttnt
3132 4603 3178 4646 et
3207 4595 3423 4648 scrutati
3467 4604 3585 4649 sunt
3615 4612 3737 4665 pror

437 4691 583 4749 enim
612 4700 785 4760 potest
814 4690 931 4744 fieri
964 4699 1019 4745 et
1044 4690 1343 4761 gradatim;
1397 4690 1529 4745 sed:
1563 4688 1755 4761 Fugite
1783 4692 1845 4745 de
1872 4691 2037 4746 medio

440 4781 741 4853 Babylonis.
789 4779 949 4850 Egod
982 4781 1193 4850 quidem
1226 4792 1279 4836 et
1325 4783 1378 4836 in
1422 4797 1508 4847 eo,
1550 4783 1692 4851 quod
1740 4783 1938 4838 dicitur
1974 4784 2035 4838 de

438 4875 645 4942 medio;
663 4874 928 4929 rationem
956 4889 1141 4943 qumro
1168 4874 1455 4930 sermonis.
1489 4875 1889 4947 Potestquippe
1906 4892 2031 4932 eve-

439 4970 581 5034 nire,
614 4976 677 5021 ut
700 4966 894 5036 aliquis
913 4967 966 5020 in
992 4966 1269 5036 Babylone
1289 4968 1397 5031 sit;
1428 4968 1522 5023 sed
1549 4983 1671 5023 cum
1698 4970 1751 5023 in
1776 4970 2036 5025 extremis

438 5061 558 5131 ejus
586 5060 782 5114 finibus
815 5070 1206 5125 commoretur,
1238 5059 1637 5131 quodammodo
1681 5072 1832 5116 extra
1863 5061 2036 5133 Baby-

436 5156 624 5230 lonem
649 5168 769 5211 esse
808 5152 1079 5208 videatur.
1114 5152 1277 5208 Aliud
1307 5161 1486 5209 autem
1533 5161 1618 5209 est
1646 5154 1697 5209 in
1749 5156 2037 5211 medietate

510 5303 537 5332 ι
564 5293 735 5354 Idem,
797 5295 915 5341 tunc
935 5288 1133 5359 jugiter
1166 5287 1466 5357 psallimus,
1523 5297 1642 5342 tunc
1692 5288 2028 5343 continuatim

439 5366 824 5421 citharizamus.

513 5435 542 5474 ι)
570 5434 736 5500 Ideni,
761 5436 836 5487 sic
866 5448 984 5486 cum
1004 5432 1058 5484 in
1086 5429 1320 5504 zEgypto
1347 5446 1521 5486 omnes
1548 5431 1673 5504 sint,
1716 5448 1840 5500 non,
1863 5439 1969 5488 etc.

519 5517 542 5545 ε
574 5506 806 5569 Raban.,
840 5506 895 5558 in
923 5503 1368 5573 confusione'sum
1399 5503 1603 5557 mentis.

515 5574 543 5614 ά
571 5575 741 5641 Idem,
776 5576 912 5646 Ergo
938 5585 984 5628 et
1013 5577 1064 5628 in
1097 5590 1175 5641 eo,
1211 5583 1318 5630 etc.

519 5656 543 5684 ο
575 5647 807 5713 llaban.,
833 5657 889 5701 ut
922 5647 978 5700 in
1022 5646 1291 5701 medietate
1316 5646 1620 5719 Babylonis,
1652 5658 1787 5719 etc.,
1828 5651 2036 5708 scilicet

440 5737 572 5776 €886.

518 5790 540 5830 ι
568 5790 848 5848 lnterserit
872 5791 1126 5849 Rabanus
1149 5791 1431 5864 Babylonis
1458 5809 1676 5862 nomen,
1710 5796 1932 5854 rectius.

2145 4685 2329 4757 pheta',
2364 4687 2452 4755 qui
2475 4694 2682 4754 propter
2712 4694 2944 4739 nostram
2972 4688 3405 4757 prapltetaverunt
3443 4690 3660 4760 gratiam
3684 4689 3739 4761 (I

2148 4778 2293 4834 Petr.
2326 4780 2387 4848 ι).
2417 4777 2805 4834 Verumtamen
2859 4781 2912 4832 in
2950 4780 3107 4834 nobis
3138 4791 3219 4836 est
3244 4781 3427 4851 Ingere
3454 4782 3521 4838 de
3551 4782 3735 4856 Baby-

2144 4873 2289 4942 lone,
2321 4881 2377 4927 et
2403 4890 2455 4927 Ilt
2496 4881 2679 4927 nostra
2709 4875 2948 4943 positum
2988 4883 3069 4928 cst
3102 4882 3394 4942 potestate,
3427 4876 3471 4931 si
3505 4878 3739 4934 velimus

2141 4967 2471 5023 resuscitare
2491 4966 2634 5038 quod
2662 4970 2887 5022 corruit.
2911 4966 3155 5023 Tertium
3184 4968 3495 5024 mandatum
3524 4981 3636 5026 est:
3666 4971 3739 5026 Et

2143 5077 2302 5131 neque
2323 5060 2667 5132 projiciamini
2689 5060 2744 5113 in
2771 5061 3090 5130 iniquitatem
3117 5065 3249 5133 ejus.
3279 5060 3416 5117 Cum
3445 5067 3565 5134 quis
3595 5062 3622 5103 ¹ί
3655 5065 3741 5121 fu-

2142 5156 2278 5228 gerit
2310 5155 2629 5225 injustitiam
2672 5153 2987 5225 Babylonis,
3020 5165 3075 5209 et
3110 5171 3219 5210 non
3251 5157 3425 5227 egerit
3466 5159 3739 5229 poeniten-

2210 5301 2235 5338 ε
2265 5289 2450 5369 Idem,
2500 5288 2695 5369 idcirco
2728 5304 2935 5369 semper
2984 5290 3447 5348 sacra'volumina
3492 5298 3737 5369 spiritum

2138 5361 2501 5435 plenitudinis1
2533 5362 2755 5435 spirant.

2211 5432 2239 5471 II
2269 5432 2431 5495 Idem,
2466 5432 2811 5507 Quamobrem
2846 5432 3059 5507 spirant
3087 5431 3270 5507 hodie,
3309 5452 3426 5507 quae
3448 5440 3499 5494 in
3545 5449 3739 5504 sancti;

2140 5506 2429 5574 Scripturis
2453 5513 2591 5565 sunt,
2623 5503 2961 5574 plenitudinis
2990 5504 3162 5557 verba.

2217 5579 2231 5618 ξ
2258 5577 2426 5641 Idem,
2462 5584 2660 5642 oportet
2685 5591 3097 5645 unumquemque
3118 5579 3340 5643 salvarc,
3368 5591 3477 5640 etc.

2214 5650 2228 5703 i
2271 5651 2473 5706 Vitiose
2503 5657 2639 5714 erat,
2686 5647 2959 5702 dicentem.

2138 5733 2246 5781 etc.

2211 5795 2237 5834 ¹ι
2263 5795 2494 5861 Raban.,
2525 5792 2651 5848 Cum
2672 5792 2789 5862 quia
2810 5792 2964 5863 fuerit
2989 5792 3246 5865 injustitia
3271 5793 3578 5871 Babylonii,
3619 5818 3732 5865 etc.

3038 5658 3119 5702 sta
3165 5656 3532 5715 reoortavimus
3552 5661 3729 5734 ﬁnem,
