4128 6346
284 285 387 345 eot
878 273 1318 337 TRANSLATIO
1356 272 1797 333 somnumnon
1835 271 2162 334 omcnuts
2204 275 2269 334 IN
2310 276 2683 335 JEREMIAM.
2723 278 2888 338 non.
2930 280 2997 337 ιι.
3466 284 3572 341 sua

275 404 434 470 tiam,
465 409 594 458 tunc
644 411 985 469 consequens
1032 402 1116 451 est
1160 400 1220 449 ut
1260 392 1601 464 projiciatur.
1635 392 1876 448 Observa
1900 394 2163 460 Amenta
2209 405 2574 463 monstratur;
2628 398 2718 468 qui
2768 408 2948 455 autem
2996 413 3228 471 peccans
3258 401 3577 474 corripitur,

276 515 414 556 vero
444 498 803 569 Scripturam,
844 489 1121 564 quomodo
1152 488 1281 544 licet
1308 502 1375 544 ex
1410 487 1635 543 Hebraea
1666 487 1872 558 lingua,

277 594 338 650 in
364 593 609 650 Graacam
632 592 705 646 sit
725 586 1010 649 translata,
1042 582 1421 647 nihilominus,
1448 589 1711 652 quantum
1738 580 1878 635 reci-

279 703 415 759 pere
454 694 633 758 potest
660 679 997 739 differentias
1023 677 1343 745 verborum,
1389 674 1756 747 signiﬁcanter
1785 689 1879 729 ex-

275 781 559 853 presserit.
609 777 749 832 Dicit
779 774 979 847 quippe
1012 772 1067 827 in
1112 771 1219 825 alio
1261 770 1421 825 loco:
1468 768 1617 842 Elegi
1649 768 1878 840 abjectus

277 889 390 929 esse
422 872 477 926 in
506 871 658 925 domo
687 867 900 923 Domini
928 863 1101 937 (Psal.
1138 862 1394 934 LXXXIII),
1424 869 1481 918 et
1522 877 1627 918 non
1654 862 1725 917 ait
1754 876 1881 932 pro-

271 968 480 1039 jectus.
513 965 569 1020 In
597 963 856 1035 presenti
887 971 1069 1016 autem
1100 974 1209 1013 non
1240 959 1447 1029 posuit,
1480 967 1535 1012 et
1563 972 1631 1014 ne
1657 956 1880 1027 abjicia-

279 1060 417 1115 mini
458 1060 510 1113 in
538 1056 856 1127 iniustitiam
889 1053 1030 1123 ejus,
1066 1050 1181 1117 sed,
1214 1050 1299 1105 Ne
1324 1049 1678 1123 projiciamini
1708 1051 1761 1103 in
1794 1050 1880 1104 irt-

263 1154 537 1227 justitiam
582 1152 718 1220 ejus.
751 1147 910 1205 Aliud
942 1146 1105 1218 763
1146 1154 1233 1201 est
1277 1147 1422 1199 enim
1477 1143 1693 1214 projici,
1737 1141 1882 1198 aliud

274 1247 467 1315 abjici.
501 1244 655 1312 Quod
682 1242 826 1298 enim
869 1245 923 1296 in
953 1239 1309 1309 desiiectione
1338 1245 1444 1303 est,
1500 1247 1557 1295 et
1609 1238 1882 1309 neglectu,

278 1338 388 1395 hoc
438 1353 546 1394 non
589 1335 891 1408 projicitur,
935 1333 1031 1390 sed
1084 1332 1358 1403 abjicitur.
1386 1331 1541 1400 Quod
1584 1346 1713 1387 vero
1751 1331 1886 1386 foris

285 1441 314 1469 ι
341 1442 433 1487 est
479 1448 511 1484 a
559 1429 757 1490 salute,
787 1435 844 1483 et
867 1424 1198 1481 beatitudine
1223 1424 1492 1486 alienum.
1527 1424 1629 1479 hoc
1658 1424 1882 1494 projici-

275 1534 391 1581 tur.
426 1521 580 1592 Quod
621 1522 759 1576 etin
790 1518 901 1575 alio
943 1518 1063 1574 loco
1091 1518 1336 1573 declarat
1377 1516 1660 1588 Scriptura
1702 1517 1886 1573 divina

275 1617 512 1673 dicens:
545 1614 718 1670 Duces
748 1613 928 1686 populi
960 1612 1059 1666 mei
1088 1612 1434 1684 projicientur
1460 1627 1525 1665 ea:
1551 1614 1580 1655 δ
1610 1610 1765 1664 domo
1796 1609 1887 1666 de-

275 1710 525 1763 liciarum
570 1724 804 1775 suarum,
854 1714 1065 1779 prapter
1113 1705 1361 1778 pessimos
1409 1705 1691 1760 voluntates
1735 1722 1882 1760 suas.

1976 489 2165 545 nescio
2197 488 2325 561 quid
2359 488 2408 545 ei
2437 501 2691 545 excurrat
2718 504 2819 561 pro
2849 490 2957 565 [ΑΙ.
2978 491 3068 566 ex]
3096 509 3275 565 poma.
3311 495 3437 551 llmc
3455 512 3581 566 pro-

1978 591 2102 654 pter
2149 582 2255 639 ltoc
2300 582 2446 654 quod
2504 582 2708 638 dictum
2747 594 2861 654 est,
2914 585 3049 651 Quia
3099 596 3304 660 tempus
3339 589 3582 646 vindich

1980 678 2091 749 ejus
2122 692 2152 730 a
2177 675 2401 730 Domino
2440 685 2534 730 est.
2577 676 2839 746 Sequitur
2866 696 2879 731 :
2915 678 3327 736 Retributionem
3354 684 3464 755 ipse
3492 700 3580 739 re-

1982 772 2166 826 tribuet
2185 773 2254 827 ei.
2277 771 2394 828 Non
2419 787 2514 842 per
2536 771 2814 828 miniStros
2834 775 3106 831 retribuet
3126 776 3387 850 Babyloni
3410 778 3577 847 Deus,

1980 864 2075 919 sed
2102 866 2219 935 ipse
2246 865 2529 931 retribuet,
2562 865 2708 935 quod
2743 878 3005 923 meretur.
3041 868 3177 925 Volo
3218 871 3473 941 quiddam
3496 873 3580 929 di-

1981 972 2112 1014 cere
2144 960 2197 1014 in
2226 958 2599 1017 additamento
2638 962 2979 1030 pronominis
3011 962 3061 1017 in
3092 944 3181 1029 eo,
3214 964 3355 1034 quod
3388 965 3580 1021 scribi~

1985 1063 2091 1117 tur,
2116 1055 2266 1124 ipse;
2294 1056 2371 1108 ait
2398 1053 2581 1110 enim:
2632 1055 3042 1111 Retributionem
3071 1056 3180 1126 ipse
3222 1056 3464 1112 retribuet
3507 1059 3575 1115 ei.

1983 1146 2100 1204 Non
2146 1148 2402 1203 omnibus
2433 1148 2576 1205 Deus
2624 1149 2739 1218 ipse
2787 1150 3053 1205 retribuet
3079 1150 3222 1221 quod
3275 1160 3579 1221 merentur,

1986 1239 2084 1296 sed
2110 1249 2236 1294 sunt
2265 1238 2508 1310 quidam,
2542 1241 2739 1311 quibus
2763 1256 2859 1312 per
2887 1241 3022 1296 alios
3049 1241 3314 1308 restituit,
3345 1244 3460 1299 sive
3487 1259 3586 1314 pu-

1987 1332 2165 1401 niens,
2214 1332 2330 1388 sive
2361 1333 2643 1389 medicans
2689 1348 2783 1403 per
2829 1334 3100 1403 dolorem,
3149 1343 3207 1390 ut
3256 1335 3309 1390 in
3356 1335 3586 1393 Psalmis

1987 1428 2336 1486 continetur:
2368 1427 2515 1483 Misit
2547 1430 2601 1483 in
2630 1446 2715 1484 eos
2738 1431 2868 1483 iram
2892 1429 3269 1501 indignationis
3290 1446 3416 1498 sum,
3444 1432 3590 1502 furo-

1986 1537 2116 1588 rem,
2145 1531 2191 1575 et
2218 1522 2373 1588 iram,
2400 1531 2447 1575 et
2486 1522 2802 1593 angustiam,
2836 1522 3205 1577 immissionem
3245 1539 3337 1592 per
3377 1522 3588 1594 angelos

1987 1615 2232 1686 pessimos
2262 1614 2437 1687 (Psal.
2472 1613 2701 1685 Lxxvn).
2736 1615 2829 1669 llis
2860 1616 3004 1670 enim
3035 1631 3141 1669 non
3173 1618 3185 1669 i
3198 1630 3293 1686 pse
3324 1616 3586 1685 restituit,

1989 1707 2087 1763 sed
2114 1708 2181 1762 ad
2208 1706 2626 1763 retributionem
2659 1706 2878 1763 illorum
2904 1706 3166 1763 ministris
3209 1722 3342 1763 usus
3383 1718 3467 1764 est
3496 1723 3594 1763 an-

276 1800 424 1860 Cleri
452 1802 589 1856 enim
614 1817 789 1856 eorum
814 1816 917 1854 non
948 1798 1234 1866 proderunt
1257 1800 1333 1854 eis
1362 1799 1551 1868 (Miclt.
1588 1815 1645 1867 ιι,
1678 1798 1757 1871 9).
1776 1799 1884 1856 Sed
1917 1808 1965 1869 Β
1988 1805 2122 1876 gelis
2151 1805 2429 1875 pessimis:
2465 1813 2521 1860 et
2542 1804 2665 1859 aliis
2692 1804 2923 1860 forsitan
2948 1818 3055 1859 non
3079 1819 3175 1875 per
3199 1805 3368 1858 malos
3390 1802 3589 1870 reddit,

275 1903 335 1951 et
369 1905 425 1949 tu
458 1895 575 1964 ipse
623 1891 831 1965 poteris
877 1906 1234 1963 congregare,
1278 1890 1455 1947 sicubi
1500 1892 1554 1947 in
1584 1892 1888 1963 Scriptnris

275 1990 659 2061 projectionis,
704 1998 758 2043 et
784 1986 1115 2057 abjectionis
1146 2001 1350 2041 nomen
1398 1987 1695 2053 inveneris,
1729 1997 1789 2041 ut
1820 2002 1885 2043 ex

274 2082 695 2154 comparatione
716 2081 1029 2150 verborum,
1052 2080 1221 2151 magis
1243 2079 1421 2149 possis
1438 2078 1719 2136 conlidens
1742 2080 1890 2137 ferre

276 2175 634 2232 sententiam.
680 2174 815 2242 Quia
865 2173 1208 2244 dispensatio
1254 2172 1639 2242 providentiae,
1672 2174 1889 2228 etiamsi

279 2282 397 2323 non
440 2280 771 2337 magnopere
812 2265 1047 2331 curavit,
1082 2272 1141 2318 ut
1167 2265 1632 2330 disertitudiuem,
1682 2280 1806 2335 quae
1834 2265 1890 2320 in

280 2363 477 2420 Graeco
521 2374 776 2417 sermone
803 2361 1079 2428 laudatur,
1113 2358 1303 2416 Grcece
1352 2359 1768 2430 interpretando
1799 2374 1890 2416 se-

280 2467 582 2525 queretur:
629 2454 837 2512 curavit
868 2463 1047 2511 tameu
1077 2469 1141 2509 ea
1186 2469 1307 2525 qua:
1358 2454 1721 2525 signiﬁcantia
1767 2463 1893 2510 sunt

282 2548 572 2616 exhibere,
600 2558 655 2605 et
695 2548 1060 2605 diﬂ'erentiam
1088 2564 1280 2603 eorum
1330 2548 1629 2619 explanare
1655 2548 1892 2604 dilucide

286 2642 376 2698 liis
405 2643 499 2713 qui
530 2643 842 2714 Scripturas
871 2642 1288 2715 diligentissime
1331 2654 1773 2713 perscrutantur.
1809 2642 1896 2699 Ne

286 2740 647 2811 projiciamini
668 2740 722 2793 in
747 2740 1072 2810 iniquitatem
1089 2736 1392 2811 Babylonis,
1415 2739 1539 2811 quia
1566 2748 1764 2809 tempus
1780 2739 1896 2793 vitt-

287 2832 445 2886 dictas
469 2835 584 2905 ejus
603 2838 678 2885 est
704 2848 735 2886 a
753 2830 997 2887 Domino.
1028 2832 1165 2888 Miro
1188 2847 1353 2889 sensu
1371 2833 1641 2903 supplicia
1660 2832 1789 2888 dicit
1817 2832 1892 2887 ir-

288 2926 476 2996 rogari
510 2935 737 2996 propter
767 2926 886 2997 ejus
915 2928 1008 2997 qui
1038 2941 1100 2982 ea
1128 2926 1328 2997 patitur
1350 2926 1638 2981 ultionem.
1666 2924 1897 2994 Quando

292 3019 448 3075 enim
482 3018 605 3088 quis
630 3035 740 3073 non
771 3018 1101 3084 vindicatur,
1133 3030 1188 3073 et
1217 3020 1542 3089 relinquitur
1568 3018 1892 3089 impunitus,

289 3111 613 3181 lrequenter
654 3127 740 3167 me
779 3111 982 3168 dixisse
1022 3112 1243 3169 memini
1279 3112 1329 3168 id
1352 3113 1497 3183 quod
1523 3114 1572 3168 in
1598 3112 1885 3168 duodecim

1989 1901 2084 1955 sed
2119 1915 2214 1970 per
2242 1901 2436 1971 bonos,
2468 1909 2526 1956 ut
2551 1900 2604 1956 in
2633 1900 2736 1967 eis,
2762 1899 2854 1971 qui
2888 1916 2985 1971 pro
3027 1899 3327 1956 sceleribus
3350 1900 3591 1969 puniun-

1990 2002 2096 2050 tur.
2126 1993 2399 2064 Multaque
2442 2004 2463 2033 ε
2498 1994 2825 2061 istiusmodi,
2858 1993 2905 2048 si
2942 1991 3256 2063 Scripturas
3304 1992 3589 2059 scruteris,

1991 2089 2263 2145 invenies.
2294 2088 2394 2144 Est
2420 2096 2602 2143 autem
2648 2088 2882 2159 quando,
2934 2087 3311 2144 ministrorum
3342 2083 3370 2124 '1
3412 2085 3594 2142 ofﬁcio

1992 2182 2250 2248 relutato,
2293 2182 2709 2238 retributionem
2743 2183 2882 2238 Deus
2915 2183 3031 2253 ipse
3070 2181 3331 2249 restituit,
3363 2190 3422 2237 ut
3450 2195 3595 2236 nunc

1993 2282 2276 2354 Babyloni.
2309 2282 2498 2339 Timeo
2525 2282 2784 2354 quiddam
2813 2283 3036 2339 obscuri
3068 2286 3119 2338 in
3153 2283 3274 2340 loco
3307 2282 3596 2339 manifesto

1994 2378 2367 2447 interponere,
2412 2376 2556 2446 quod
2608 2375 2741 2431 mihi
2794 2376 3009 2432 videtur
3054 2377 3226 2432 latere
3256 2377 3301 2432 si
3359 2386 3590 2432 taceam.

1994 2468 2383 2525 Verumtamen
2431 2468 2740 2525 audendum
2771 2478 2855 2526 est
2883 2470 3074 2525 saltem
3106 2485 3276 2541 pauca
3330 2470 3595 2542 perstrin-

1995 2577 2144 2635 gere.
2179 2561 2408 2631 Quando
2433 2571 2560 2618 sunt
2589 2562 2813 2618 vulnera
2845 2563 3049 2631 facilia,
3083 2572 3137 2619 et
3161 2572 3414 2636 prompta
3441 2577 3571 2618 cura

1996 2656 2074 2712 tio
2120 2656 2236 2730 [ΑΙ.
2269 2655 2593 2729 curationi].
2657 2659 2904 2713 medicus
2959 2659 3123 2713 mittit
3149 2673 3364 2714 servum
3415 2673 3592 2726 suum,

1997 2750 2160 2805 mittit
2189 2748 2538 2819 discipulum,
2573 2757 2631 2803 ut
2675 2748 2784 2823 [Αι.
2830 2749 2905 2823 et]
2952 2763 3047 2820 per
3076 2766 3198 2806 eum
3246 2749 3599 2820 languentem

1998 2844 2300 2901 medicatur
2333 2843 2440 2918 [ΑΙ.
2472 2844 2802 2917 medicatur]
2829 2863 2843 2900 :
2878 2861 3052 2917 neque
3079 2845 3223 2901 enim
3253 2860 3443 2917 magna
3475 2852 3603 2900 sunt

1998 2938 2245 2992 vulnera.
2289 2936 2484 2993 Evenit
2526 2953 2740 3009 quoque
2785 2939 3109 3010 aliquones,
3145 2947 3204 2993 ut
3246 2938 3509 2994 sectionis
3549 2944 3603 2993 et

2000 3034 2127 3090 ferri
2159 3033 2399 3103 indigeat
2424 3076 2438 3099 ,
2489 3035 2581 3104 qui
2613 3043 2874 3088 sanatur:
2911 3042 3152 3089 attamen
3185 3048 3289 3087 non
3326 3034 3441 3105 ipse
3485 3048 3601 3088 me~

2000 3128 2154 3184 dicus
2188 3129 2359 3198 pergit
2388 3127 2454 3183 ad
2488 3142 2646 3195 eum;
2701 3130 2795 3183 sed
2830 3127 3037 3195 eligens
3067 3143 3232 3181 unum
3264 3142 3331 3182 ex
3360 3127 3599 3195 discipu-

291 3204 589 3276 Propltetis
632 3208 897 3277 scriptum
944 3215 1064 3263 est:
1095 3205 1164 3261 Et
1198 3224 1299 3261 non
1324 3208 1541 3262 visitabo
1572 3224 1725 3277 super
1754 3208 1892 3278 ﬁlias

1999 3224 2087 3291 lis,
2122 3223 2211 3293 qui
2262 3238 2454 3277 curare
2486 3222 2684 3289 valeat,
2715 3238 2781 3277 eo
2829 3222 3003 3276 utitur
3046 3221 3318 3276 ministro.
3371 3219 3599 3287 Quando

292 3309 516 3365 vestras,
560 3300 770 3370 quando
809 3301 1157 3371 fornicamur,
1188 3309 1235 3355 et
1286 3318 1441 3373 super
1491 3317 1652 3355 nurus
1676 3312 1893 3363 vestras,

290 3393 509 3465 quando
554 3394 909 3449 adulterantur
950 3394 1067 3466 [ΑΙ.
1094 3394 1437 3467 adulteram]
1475 3393 1744 3467 (Oseetv).
1771 3394 1890 3450 Non

292 3509 458 3565 ergo.
483 3505 543 3551 ut
569 3496 787 3567 quidam
833 3497 1168 3561 existimant,
1204 3496 1346 3552 Deus
1389 3505 1708 3565 peccatores
1745 3495 1898 3565 punit

296 3596 471 3652 iratus
494 3614 509 3665 ;
536 3598 656 3665 sed,
682 3599 729 3653 si
751 3599 830 3655 sic
855 3600 1073 3669 expedit
1093 3598 1263 3669 loqui,
1285 3615 1477 3678 magna
1502 3600 1579 3655 ira
1606 3609 1711 3667 est,
1739 3616 1768 3654 a
1787 3600 1898 3656 Deo

297 3698 574 3746 tormenta
604 3708 711 3747 non
738 3692 973 3763 perpeti.
1006 3693 1108 3761 Qui
1135 3694 1278 3747 enim
1315 3693 1554 3764 punitur,
1582 3693 1799 3749 etiamsi
1829 3693 1898 3749 ab

299 3799 365 3840 ea
387 3801 509 3853 qua:
538 3796 762 3842 vocatur
805 3786 889 3841 ira
920 3786 1016 3841 Dei
1046 3786 1364 3857 corripitur,
1409 3786 1477 3842 ad
1520 3787 1621 3842 hoc
1650 3791 1896 3858 punitur,

297 3890 363 3934 ut
386 3880 726 3935 emendetur.
752 3880 996 3947 Domine,
1022 3882 1096 3936 ait
1125 3881 1315 3951 David,
1337 3899 1400 3936 ne
1421 3883 1472 3936 in
1497 3883 1577 3936 ira
1603 3892 1689 3935 tua
1711 3899 1901 3953 arguas

299 3989 405 4040 me,
440 3990 600 4043 neque
638 3973 693 4027 in
732 3978 906 4045 furore
934 3984 1023 4028 tuo
1049 3975 1304 4043 corripias
1336 3992 1416 4028 me
1459 3973 1630 4043 (Psal.
1661 3974 1761 4047 ιι).
1792 3974 1901 4031 Sed

300 4069 518 4124 etiamsi
551 4083 771 4138 argues,
806 4084 973 4140 argue
1019 4084 1119 4124 nos
1151 4070 1205 4124 in
1230 4069 1461 4139 judicio,
1515 4080 1571 4125 et
1598 4085 1705 4125 non
1740 4070 1791 4125 in
1822 4069 1905 4125 fu-

301 4177 451 4227 rore,
484 4160 621 4216 dixit
639 4161 923 4218 Jeremias.
949 4162 1203 4219 Invenies
1225 4175 1407 4219 autem
1433 4165 1597 4219 etiam
1623 4180 1687 4220 ex
1713 4179 1904 4235 repro-

302 4254 566 4309 missione
612 4254 707 4309 Dei
756 4255 808 4309 in
840 4253 1109 4326 quosdam
1155 4256 1557 4325 correptionem
1591 4257 1732 4312 dari.
1776 4255 1905 4312 Ideo

301 4361 424 4402 cum
450 4346 558 4420 [ΑΙ.
592 4347 725 4403 Cum
753 4348 805 4402 in
835 4346 925 4419 eo]
958 4348 1310 4417 peccantibus
1339 4348 1543 4403 Clu-isti
1568 4347 1716 4417 liliis,
1747 4363 1905 4419 paena

302 4442 662 4511 promittitur,
696 4442 1070 4497 misericordia
1104 4458 1212 4497 non
1244 4444 1543 4513 denegatur
1566 4441 1675 4515 [ΑΙ.
1712 4458 1779 4497 ne
1807 4444 1909 4499 mi-

302 4536 602 4591 sericordia
635 4536 979 4611 deuegetur],
1012 4546 1068 4592 ut
1098 4538 1359 4608 scriptum
1386 4546 1503 4593 est:
1537 4538 1598 4593 Si
1626 4537 1911 4607 derelique-

2002 3332 2137 3374 vero
2168 3315 2500 3371 insanabiles
2528 3316 2697 3386 plaga:
2726 3325 2877 3381 sunt,
2911 3323 2989 3381 ut,
3014 3324 3071 3370 et
3096 3324 3118 3353 ε
3142 3324 3387 3369 emortua
3409 3327 3596 3383 carne,

2001 3413 2228 3486 putredo
2283 3412 2634 3467 contabuerit
2664 3454 2679 3478 ,
2729 3420 2784 3467 et
2838 3411 3106 3465 intantum
3158 3409 3295 3463 mala
3344 3406 3599 3462 valetudo

2001 3519 2105 3573 est,
2131 3516 2190 3564 ut
2213 3523 2321 3561 non
2348 3507 2515 3571 servi,
2556 3506 2639 3561 vel
2680 3505 2954 3573 discipuli,
2998 3504 3103 3575 equi
3130 3503 3241 3573 jam
3274 3516 3443 3573 prope
3472 3514 3597 3555 eum

2002 3620 2102 3676 per
2127 3603 2411 3659 scientiam
2456 3601 2590 3656 artis
2636 3608 2989 3656 accesserunt
3026 3598 3133 3673 [ΑΙ.
3179 3594 3467 3667 accessit],
3505 3593 3601 3648 sed

2001 3701 2172 3770 ipsius
2196 3699 2435 3768 magistri
2459 3696 2708 3751 manibus
2731 3695 2991 3765 indigeat,
3022 3702 3153 3749 tunc
3175 3692 3291 3763 ipse
3323 3688 3341 3728 ί
3374 3701 3601 3760 magnus

2003 3794 2165 3869 765
2197 3794 2437 3849 medicus
2459 3792 2785 3864 praet-iactus
2815 3791 3049 3855 lumbos,
3074 3787 3144 3840 ad
3172 3785 3476 3842 sectionem
3518 3790 3603 3837 te-

2006 3888 2213 3945 lerrimi
2243 3886 2480 3942 vulneris
2504 3886 2831 3941 concitatur.
2860 3883 3128 3939 Similiter
3156 3880 3341 3950 itaque
3379 3874 3601 3946 quando

2005 3991 2135 4039 sunt
2153 3983 2362 4037 minora
2387 3992 2634 4052 peccata,
2662 3995 2771 4033 non
2798 3975 3038 4033 restituit
3069 3975 3208 4029 Deus
3233 3973 3353 4043 ipse
3379 3983 3607 4041 peccan-

2006 4080 2174 4149 tibus,
2222 4079 2319 4133 setl
2369 4076 2494 4131 aliis
2540 4077 2706 4129 utitur
2738 4072 3029 4128 ministris.
3081 4067 3312 4138 Quando
3341 4079 3479 4121 vero
3511 4078 3607 4133 per

2007 4177 2200 4231 merita
2222 4189 2317 4229 sua
2347 4174 2539 4241 ingens
2567 4169 2842 4225 hominem
2872 4165 3134 4237 agritudo
3166 4158 3606 4231 comprehendit,

2009 4275 2068 4321 ιιι
2095 4282 2240 4321 nunc
2280 4264 2636 4336 Babylonem,
2665 4276 2784 4329 qua:
2812 4259 3068 4329 gravibus
3099 4255 3339 4326 propria:
3383 4249 3605 4305 malitia:

2010 4370 2095 4418 est
2136 4369 2160 4407 κ
2199 4357 2453 4414 confossa
2495 4352 2816 4409 vulneribus
2860 4371 2873 4405 :
2917 4361 3045 4406 tunc
3084 4348 3151 4403 ad
3192 4346 3607 4402 retributionem

2012 4456 2158 4511 Deus
2194 4455 2311 4523 ipse
2340 4451 2579 4506 festinat.
2615 4446 2827 4504 Similia
2858 4444 3106 4516 quaedam
3139 4442 3263 4495 Ituic
3294 4440 3339 4493 si
3371 4436 3610 4507 requiris

2013 4548 2259 4606 invenies
2289 4556 2345 4602 et
2390 4546 2460 4601 de
2500 4543 2829 4606 Jerusalem,
2883 4554 3004 4608 qua:
3035 4537 3084 4593 ei
3115 4535 3437 4592 acciderunt
3486 4540 3611 4602 post

304 4631 409 4683 rint
432 4631 534 4701 ﬁlii
556 4634 670 4704 ejus
692 4632 854 4702 legem
890 4648 1078 4697 meam,
1108 4640 1154 4686 et
1182 4632 1235 4685 in
1256 4632 1473 4705 judiciis
1504 4631 1631 4685 meis
1669 4649 1771 4686 non
1799 4648 1893 4685 am-

2016 4641 2338 4715 prophetas,
2371 4639 2442 4692 ob
2475 4638 2548 4703 id,
2580 4637 2703 4707 quia
2745 4633 2999 4689 insidiata
3040 4631 3111 4686 sit
3149 4628 3398 4685 Christo.
3430 4626 3520 4683 Sic
3550 4626 3612 4680 li-

306 4721 635 4788 bulaverint;
660 4724 705 4777 si
720 4723 959 4796 justitias
981 4740 1118 4777 meas
1148 4724 1561 4795 profanaverint,
1587 4732 1632 4778 et
1660 4723 1908 4777 mandata

306 4832 421 4869 mea
440 4832 543 4869 non
573 4815 931 4883 custodierint,
956 4814 1173 4869 visitabo
1196 4816 1250 4869 in
1273 4816 1417 4889 virga
1439 4817 1679 4888 facinora
1704 4831 1904 4883 eorum,

303 4916 353 4964 et
390 4910 443 4961 in
474 4908 698 4979 flagellis
742 4908 1047 4979 iniquitates
1074 4906 1238 4980 764
1263 4926 1458 4974 eorum,
1503 4910 1908 4964 misericordiam

306 5010 477 5055 autem
504 5017 671 5054 meam
691 5018 796 5056 non
821 5001 1113 5071 dispergam
1134 5003 1199 5055 ab
1228 5002 1297 5055 eis
1330 5000 1451 5071 (Ps.
1484 5001 1766 5073 Lxxxvtu).
1801 5004 1905 5058 Ista

305 5103 696 5172 considerans,
752 5103 875 5160 vide
917 5104 1196 5174 quomodo
1242 5104 1475 5159 necdum
1524 5118 1683 5175 paena
1716 5105 1910 5174 dignus

304 5196 398 5263 sit,
425 5196 517 5268 qui
539 5211 713 5269 usque
739 5197 806 5253 ad
833 5212 1078 5268 praesens
1101 5207 1317 5266 tempus
1345 5198 1641 5253 committit
1676 5201 1906 5272 scelera,

310 5315 415 5357 nec
455 5301 697 5371 punitur.
731 5299 983 5357 Visitatio
1032 5300 1233 5373 quippe
1266 5300 1363 5358 Dei
1410 5316 1508 5374 per
1545 5301 1749 5358 visitati
1796 5311 1909 5359 tor-

384 5472 412 5535 fl
446 5463 680 5531 Dabam,
704 5464 833 5535 foris
860 5466 1064 5535 penitus
1087 5482 1120 5520 a
1139 5464 1328 5519 salute.

382 5532 413 5572 ι)
436 5536 526 5589 Sic
547 5552 611 5590 ex
644 5532 836 5592 eodem
861 5532 1209 5591 'restituimus
1248 5547 1303 5592 et
1334 5535 1522 5591 Graeco
1552 5543 1699 5590 textu
1728 5537 1781 5591 ἐκ
1810 5543 1911 5593 τῶν

308 5608 481 5685 eis;th
504 5617 698 5685 τρυφῆς
725 5611 904 5665 αὐτῶν.
938 5610 1112 5666 Antea
1134 5617 1388 5680 corrupte
1424 5608 1705 5680 legebatur
1733 5625 1796 5663 ex
1821 5609 1913 5663 do-

310 5677 511 5735 micilio
536 5677 715 5733 rerum
744 5697 981 5738 suarum.

390 5761 414 5788 ι’
444 5752 649 5826 Antea,
686 5752 953 5821 Multaque
991 5753 1187 5811 similia
1220 5752 1513 5811 istiusmodi
1542 5769 1634 5826 per
1671 5754 1917 5811 Scriptu-

310 5838 423 5895 ras,
460 5824 510 5895 si
535 5826 799 5895 scruteris,
833 5835 939 5882 etc.

389 5892 416 5930 ἀ
447 5894 600 5963 Erat,
628 5892 862 5967 ofﬁcium
885 5899 1160 5968 refutatur.

2016 4738 2127 4793 nita
2154 4745 2239 4791 est
2260 4733 2421 4806 primi
2450 4731 2674 4804 capituli
2697 4729 3057 4785 continentia.
3084 4725 3386 4780 Videamus
3424 4733 3480 4778 et
3501 4737 3611 4777 ca:-

2018 4843 2129 4889 tera
2157 4852 2169 4886 :
2198 4829 2353 4887 Calix
2374 4845 2563 4883 aureus
2590 4825 2823 4895 Babylon
2846 4824 2897 4876 in
2925 4838 3080 4876 manu
3104 4818 3203 4873 Dei
3225 4818 3243 4892 [
3265 4818 3352 4872 Al.
3381 4814 3612 4886 Domini]

2013 4926 2278 4980 inebrians
2309 4936 2510 4976 onmem
2535 4930 2745 4972 terram.
2784 4914 2858 4969 De
2889 4914 3005 4968 vino
3031 4916 3144 4986 ejus
3176 4910 3411 4965 biberunt
3439 4917 3612 4978 gentes

2013 5018 2134 5091 [AL
2168 5033 2342 5070 omnes
2363 5022 2535 5085 gentes
2555 5010 2576 5083 ἶ
2597 5053 2611 5076 ,
2638 5019 2848 5083 prapter
2866 5006 2963 5061 hoc
2980 5015 3247 5060 commota:
3267 5010 3387 5056 sunt
3415 5008 3612 5091 gentes,

2012 5090 2059 5169 et
2088 5113 2256 5167 subito
2284 5110 2465 5165 cecidit
2496 5106 2755 5178 Babylon,
2787 5114 2833 5159 et
2864 5102 3088 5157 contrita
3127 5108 3222 5154 est.
3252 5090 3618 5151 Nabuchodo-

2015 5221 2183 5264 nosor
2209 5204 2401 5259 volens
2431 5202 2689 5272 decipere
2726 5198 2998 5263 homines,
3036 5209 3133 5264 per
3170 5190 3400 5247 calicem
3438 5183 3618 5255 Baby-

2015 5302 2163 5359 lonis
2193 5299 2473 5368 dolosnm,
2524 5312 2631 5352 non
2664 5293 2883 5350 miscuit
2932 5292 2987 5345 in
3018 5303 3149 5344 vase
3180 5283 3335 5341 ﬁctili
3356 5323 3371 5348 ,
3417 5277 3446 5317 ιι
3475 5277 3621 5351 quod

2095 5472 2117 5501 °
2146 5462 2382 5531 Raban.,
2434 5468 2481 5514 et
2510 5458 2565 5512 in
2594 5463 2827 5511 emortua
2863 5466 3016 5505 carne
3056 5448 3165 5501 alta
3191 5441 3411 5517 putredo
3432 5447 3614 5495 conta-

2022 5535 2319 5671 bm‘loldem,
2351 5621 2459 5679 tpse
2479 5603 2710 5679 manibus
2736 5596 2985 5679 medicus.

2096 5690 2121 5729 Β
2161 5665 2431 5748 Οοιτίιρίθ
2461 5689 2618 5729 antea
2652 5671 2941 5748 legebatur
2978 5665 3217 5748 confusa.

2093 5749 2123 5788 Ῑι
2163 5740 2351 5814 Ral)...
2372 5764 2525 5821 quam
2543 5818 2552 5821 _
2570 5742 2800 5821 parabat
2829 5740 3095 5821 potio‘nem
3123 5751 3143 5789 :
3173 5741 3291 5821 tum
3319 5740 3621 5821 rectiuset

2026 5825 2261 5896 plenius,
2292 5807 2346 5877 in
2371 5807 2643 5893 paululum
2682 5807 2916 5881 meliore,
2958 5813 3127 5883 ferreo
3158 5807 3357 5864 scilicet
3399 5813 3446 5862 et
3481 5818 3613 5858 terea

2020 5912 2161 5961 vase,
2210 5902 2325 5949 etc.
