4128 6346
524 298 631 355 (03

1779 295 1839 352 S.
1882 289 2151 353 EUSEBiI
2185 289 2573 351 HlEllONVMl

3715 298 3824 356 604

520 421 746 494 parabat
775 419 971 490 potari,
1007 419 1105 474 sed
1137 431 1315 488 neque
1349 418 1400 472 in
1426 419 1587 488 paulo
1613 419 1860 485 meliore,
1885 425 1941 473 et
1965 429 2110 471 tereo
2145 417 2189 478 ι
2215 421 2296 470 est
2318 413 2582 471 audenter
2612 415 2778 486 loqui,
2804 415 2934 472 dicit
2953 416 3101 486 justo
3127 417 3268 473 Deus
3293 416 3470 474 adhuc
3495 419 3824 478 consistenti

521 529 676 581 vase,
712 513 794 566 vel
819 524 1072 576 stanneo,
1114 518 1171 566 et
1201 510 1345 581 quod
1384 512 1484 566 ista
1516 509 1785 574 ιιιιιιουΙΙιι
1811 519 2111 580 argenteo:

524 621 711 661 verum
744 605 952 675 eligens
980 618 1073 657 vas
1105 619 1365 670 aureum,
1406 603 1458 656 in
1500 618 1567 657 eo
1612 604 1868 673 poculum
1904 610 2111 671 tempe-

524 700 681 764 ravit,
719 709 775 752 ut
804 698 926 767 quis
969 698 1158 752 videns
1201 698 1460 752 decorem
1504 698 1645 764 auri,
1679 697 1808 752 dum
1848 696 2115 754 radiantis

524 793 727 849 tnetalli
756 793 1171 863 pulchritudine
1195 793 1523 858 delectatur,
1549 801 1606 847 et
1625 802 1770 846 totus
1793 792 1968 847 oculis
1997 793 2113 846 has-

520 898 605 944 ret
629 888 680 942 in
703 887 906 957 specie,
931 901 1038 941 non
1063 885 1376 942 consideret
1399 885 1528 957 quid
1557 887 1886 941 intrinsecus
1917 885 2112 953 latitet,

516 989 570 1036 et
602 980 882 1050 accipiens
916 980 1165 1046 calicem,
1213 978 1361 1033 bibat
1394 977 1646 1033 nesciens
1677 977 1903 1032 calicem
1935 977 2119 1032 Nabu-

517 1072 885 1132 chodonosor.
932 1082 957 1109 α
990 1070 1270 1142 lntelliges
1301 1081 1483 1127 autem
1513 1073 1743 1127 calicem
1790 1087 2016 1128 aureum
2061 1074 2113 1128 in

519 1167 778 1238 prmscnti
821 1166 1185 1232 nominatum,
1229 1165 1275 1220 si
1314 1163 1718 1220 animadvertas
1749 1165 2115 1234 pessimorum

517 1262 830 1334 dogmatum
857 1264 1025 1318 verba
1056 1262 1339 1318 mortifera
1369 1263 1586 1334 qualem
1620 1263 1859 1318 habeant
1888 1275 2110 1334 compo-

517 1358 772 1412 sitionem
807 1372 1149 1428 sermonum,
1192 1358 1411 1429 qualem
1461 1357 1719 1412 decorem
1763 1357 2112 1427 eloquentiae,

495 1453 735 1522 ‘qualem
771 1467 950 1508 rerum
997 1452 1325 1508 divisionem
1362 1470 1375 1506 :
1408 1462 1462 1507 et
1495 1467 1796 1522 cognosces
1840 1453 2117 1520 quomodo

518 1545 895 1616 unusquisque
926 1554 1229 1614 poetarum,
1260 1547 1348 1616 qui
1372 1553 1633 1615 putantur
1659 1545 1800 1616 apud
1825 1562 1922 1600 vos
1946 1546 2116 1601 diser-

517 1638 732 1703 tissimi,
767 1640 996 1694 calicem
1022 1655 1245 1695 aureum
1281 1640 1698 1708 temperaverit,
1734 1648 1789 1696 et
1817 1641 1866 1694 in
1892 1640 2114 1695 calicem

516 1748 738 1789 aureum
773 1749 1045 1789 venenum
1094 1734 1342 1804 injecerit
1374 1734 1719 1800 idololatriae,
1753 1742 1809 1788 et
1841 1747 2112 1788 venenum

2216 525 2381 580 super
2414 519 2616 565 terram
2652 512 2897 568 :L‘mlum
2930 528 3011 575 es,
3061 522 3116 568 et
3154 513 3206 568 in
3238 515 3436 570 malum
3478 515 3602 571 ibis.
3636 516 3825 574 Porlat

2215 605 2359 658 enim
2385 605 2681 674 imaginem
2711 607 2976 661 cmlestis.
3016 607 3186 676 igitur
3214 615 3270 662 ut
3303 608 3647 676 concludam,
3680 611 3823 670 calix

2216 711 2411 751 aureus
2442 698 2678 753 inebriat
2725 713 2944 753 omnem
2976 709 3197 768 terram,
3234 701 3285 755 id
3308 709 3412 766 est,
3446 717 3638 759 omnes
3659 704 3730 758 ab
3755 718 3824 760 eo

2217 789 2555 846 inebriatnur
2600 793 2857 860 quamdiu
2903 803 3050 849 terra
3093 808 3306 850 sumus.
3343 795 3420 852 De
3447 796 3572 870 [AL
3607 797 3674 871 a]
3701 798 3823 853 vino

2219 883 2332 951 ejus
2364 884 2596 938 biberunt
2623 896 2819 958 gentes.
2848 897 3065 957 promer
3091 886 3188 942 hoc
3209 899 3482 946 commota?
3500 903 3639 946 sunt.
3669 891 3826 948 Sicut

2218 976 2271 1030 in
2304 976 2387 1031 his
2420 1018 2433 1039 ,
2465 980 2554 1048 qui
2587 978 2776 1034 bibunt
2809 981 3000 1044 istum,
3033 982 3202 1050 quiin
3243 997 3344 1036 usu
3374 995 3477 1051 est,
3510 985 3618 1040 vini
3648 985 3827 1056 liquo-

2217 1083 2356 1135 rem,
2388 1071 2434 1124 si
2461 1084 2626 1140 super
2667 1073 2850 1137 sitim,
2896 1082 2952 1128 et
2981 1087 3145 1142 super
3191 1089 3499 1131 mensuram
3541 1077 3818 1143 biberint,

2219 1161 2462 1216 videmus
2499 1163 2639 1218 ebrii
2669 1161 2698 1200 ιλ
2720 1166 2968 1233 corporis
2998 1175 3228 1233 motum,
3272 1169 3594 1225 vacillantes
3623 1169 3820 1240 pedes,

2217 1265 2380 1326 caput
2404 1272 2466 1312 ac
2496 1268 2740 1328 tempora
2771 1259 2933 1330 767
2963 1272 3320 1330 praegravata,
3361 1277 3424 1317 os
3465 1263 3814 1329 dissolutum,

2219 1351 2456 1421 linguam
2488 1353 2885 1422 significantem
2917 1369 3203 1411 sermones
3224 1356 3384 1424 ebrii,
3408 1365 3462 1413 et
3491 1358 3822 1416 luerentibus

2223 1445 2382 1500 labiis
2431 1447 2596 1501 verba
2633 1451 2898 1518 praecisa:
2932 1449 3188 1506 similiter
3238 1463 3323 1508 est
3352 1453 3536 1510 videre
3575 1469 3694 1522 eos,
3726 1454 3819 1527 qui

2219 1536 2288 1591 de
2317 1538 2492 1593 calice
2531 1551 2701 1595 aureo
2745 1540 2986 1595 biberint
3031 1542 3347 1615 Babylonis,
3389 1546 3663 1614 quomodo
3705 1560 3822 1604 mo—

2194 1640 2475 1698 'veantur,
2519 1633 2792 1702 quomodo
2837 1635 3127 1691 instabiles
3165 1652 3355 1708 gressu
3385 1639 3514 1705 sint,
3547 1640 3822 1710 quomodo

2222 1724 2501 1780 debilitata
2532 1735 2734 1794 mente,
2765 1739 2818 1781 et
2847 1728 3148 1785 fluctuante
3178 1730 3415 1802 cogitatu
3437 1731 3553 1804 [ΑΙ.
3584 1731 3822 1808 conatu]

519 1830 861 1901 mrpnnquii.
887 1845 1160 1886 venenum
1186 1845 1400 1898 earum,
1446 1845 1564 1898 qua,
1595 1831 1831 1885 animam
1877 1828 2114 1884 hominis
2142 1807 2191 1870 Β
2220 1818 2355 1873 nihil
2396 1820 2554 1874 firme
2578 1819 2702 1892 [ΑΙ.
2728 1821 2908 1894 firmi]
2934 1829 3178 1890 teneant,
3207 1824 3303 1880 sed
3325 1840 3541 1896 semper
3561 1826 3615 1881 in
3639 1807 3822 1881 turba?

518 1921 838 1977 interimunt
861 1921 1201 1993 dogmatum,
1230 1937 1501 1976 venenum
1527 1921 1649 1976 falsi
1677 1922 1914 1976 nominis
1934 1923 2115 1977 scien-

519 2012 623 2068 tias.
662 2013 766 2070 Sed
795 2029 950 2070 meus
974 2014 1131 2069 Jesus
1163 2026 1348 2069 contra
1381 2014 1530 2082 fecit,
1558 2016 1741 2069 sciens
1766 2029 1993 2069 aureum
2022 2027 2114 2070 ca-

519 2106 674 2162 licem
705 2106 918 2168 Zabuli,
943 2117 997 2162 et
1019 2122 1337 2180 praecavens
1360 2125 1428 2163 ne
1448 2110 1646 2180 aliquis
1677 2109 1744 2162 ad
1774 2110 1936 2164 fidem
1960 2123 2111 2163 suam

518 2202 766 2268 veniens,
800 2202 1174 2271 suspicaretur
1205 2201 1368 2255 etiam
1399 2201 1602 2256 Christi
1639 2201 1804 2256 talem
1835 2217 1956 2256 esse
1983 2200 2116 2256 cali-

520 2309 665 2359 cem,
707 2295 924 2364 qualem
970 2311 1094 2349 esse
1121 2293 1148 2333 δ
1172 2297 1437 2366 requirat,
1483 2307 1536 2352 et
1571 2311 1666 2365 per
1696 2295 2113 2350 similitudinem

523 2388 764 2444 materia!
791 2387 1116 2444 formidaret
1141 2404 1389 2444 errorem
1418 2407 1431 2443 :
1459 2389 1585 2445 ideo
1613 2395 1824 2445 curavit
1849 2391 2032 2464 733,
2059 2398 2116 2444 ut

524 2483 849 2539 haberemus
876 2483 1192 2539 thesaurum
1217 2485 1380 2539 istum
1410 2487 1460 2539 in
1485 2483 1633 2539 vasis
1658 2484 1931 2540 fictilibus.
1959 2487 2116 2556 Saepe

521 2574 628 2629 vidi
657 2592 884 2632 aureum
916 2577 1140 2633 calicem
1171 2579 1224 2632 in
1258 2578 1488 2648 pulchro
1511 2581 1784 2636 sermonis
1813 2591 2027 2646 ornatu,
2061 2589 2118 2638 et

522 2667 839 2738 dogmatum
871 2685 1077 2725 venena
1108 2670 1490 2741 considerans,
1525 2671 1860 2742 deprehendi
1887 2673 2116 2729 calicem

523 2760 838 2833 Babylonis.
883 2761 1038 2818 Catia:
1067 2780 1258 2819 aureus
1299 2763 1536 2836 Babylon
1565 2768 1619 2819 in
1647 2781 1806 2820 manu
1836 2764 1956 2821 Dei.
1995 2766 2115 2822 Non

521 2869 738 2928 semper
766 2857 906 2912 (-alix
935 2874 1132 2914 aureus
1185 2859 1452 2932 Babylon.
1498 2859 1635 2916 Cum
1684 2870 1866 2915 autem
1906 2861 2118 2917 venerit

519 2949 587 3004 ad
620 2948 937 3014 vindictam,
986 2959 1044 3006 et
1084 2953 1136 3006 iu
1185 2969 1345 3008 manu
1396 2955 1485 3009 Dei
1538 2954 1713 3023 posita
1756 2953 1939 3025 fuerit,
1987 2966 2119 3011 tunc

520 3041 754 3097 efficitur
795 3051 961 3110 terra,
1008 3060 1130 3116 qua:
1171 3045 1446 3117 quondam
1495 3055 1634 3101 tacta
1666 3057 1752 3102 est
1791 3050 1846 3104 in
1887 3047 2114 3104 Jubath.

523 3133 638 3206 [AL
672 3133 830 3208 Joh].
862 3136 1044 3206 Neque
1069 3139 1424 3210 verojugiter
1456 3140 1507 3194 in
1543 3155 1706 3196 manu
1737 3141 1833 3196 Dei
1861 3143 2116 3198 contine-

522 3234 631 3290 tur,
663 3227 758 3284 sed
795 3229 1016 3286 ultionis
1047 3240 1256 3286 tantum
1291 3241 1562 3304 tempore,
1596 3249 1716 3290 cum
1751 3236 1980 3306 coeperit
2009 3236 2113 3291 Do-

523 3321 703 3378 minus
731 3323 778 3378 ei
824 3324 1113 3380 restituere
1159 3326 1304 3396 quod
1349 3338 1636 3384 meretur:
1686 3337 1813 3383 tunc
1849 3331 1902 3384 in
1952 3345 2114 3385 manu

522 3415 642 3483 ejus
685 3426 706 3456 ο
753 3417 1034 3474 inebrians
1079 3434 1298 3476 omnem
1347 3431 1554 3476 terram
1586 3424 1686 3479 iste
1733 3423 1872 3479 calix
1918 3440 2118 3483 aureus

525 3507 763 3580 Babylon
801 3510 1122 3568 inebriabit:
1145 3514 1427 3582 Quomodo
1451 3525 1630 3571 autem
1660 3518 1974 3574 universam
2008 3529 2118 3574 ter-

524 3617 640 3656 ram
684 3603 974 3659 inebriabit
1027 3604 1145 3677 [ΑΙ.
1188 3608 1610 3681 inebriaverit];
1647 3610 1808 3666 facile
1856 3611 2020 3677 scies,
2069 3611 2116 3672 si

523 3695 960 3752 consideraveris
1004 3713 1196 3754 omnes
1224 3700 1481 3758 homines
1508 3703 1716 3760 ebrios.
1771 3703 2118 3762 Inebriamur

523 3789 623 3854 ira,
658 3790 990 3847 inehriamur
1027 3793 1270 3863 tristitia,
1307 3796 1917 3869 inebriamurdmeute,
1950 3813 2118 3858 exce—

522 3880 700 3938 dimus
721 3899 929 3954 amore,
953 3889 1415 3960 concupiscentiis
1453 3901 1508 3949 et
1531 3910 1664 3949 vana
1691 3895 1884 3966 gloria.
1907 3897 2117 3964 Quanta

526 3978 715 4046 pocula
761 3983 1164 4051 temperaverit,
1211 3995 1346 4054 quot
1384 3997 1406 4025 υ
1436 3987 1774 4044 inebriantes
1806 3993 2118 4060 porrexerit

520 4071 720 4128 calices
747 4074 884 4129 ealix
920 4075 1041 4144 iste,
1077 4077 1201 4144 quid
1233 4093 1462 4136 necesse
1485 4090 1570 4136 est
1598 4081 1816 4138 dicere?
1837 4083 1990 4139 Catia:
2018 4100 2116 4138 αιι-

522 4182 661 4232 reus,
688 4165 940 4244 Babylon,
975 4170 1234 4226 inebrians
1258 4188 1462 4227 omnem
1488 4182 1699 4232 terram.
1731 4175 2119 4233 Animadverte

523 4275 743 4316 omnem
777 4270 976 4318 terram
1001 4264 1214 4335 plenam
1239 4281 1360 4323 esse
1392 4269 1652 4338 peccatis,
1683 4278 1737 4326 et
1769 4287 1873 4326 non
1905 4287 2120 4344 quieres

523 4354 798 4422 quomodo
827 4355 1067 4428 Babylon
1099 4375 1314 4416 omnem
1350 4370 1550 4418 terram
1584 4363 1958 4422 inebriaverit.
2007 4367 2118 4424 Sed

522 4447 568 4502 si
600 4447 739 4506 forte
773 4448 790 4487 τ
829 4451 1030 4508 videris
1055 4453 1284 4524 justum,
1309 4455 1517 4513 ebrium
1548 4473 1656 4513 non
1686 4475 1806 4516 esse
1851 4461 1920 4517 de
1951 4463 2119 4520 calice

2218 1913 2458 1968 tionibus
2480 1924 2708 1984 agatitur
2723 1915 2936 1971 incerti.
2952 1917 3317 1983 Quamobrem
3336 1918 3611 1989 Scriptura
3633 1918 3818 1974 divina

2219 2007 2287 2061 de
2328 2007 2484 2061 istius
2515 2008 2662 2061 modi
2694 2009 3006 2065 hominibus
3037 2010 3089 2064 in
3132 2010 3240 2066 alio
3287 2011 3410 2067 loco
3443 2012 3513 2066 ita
3536 2013 3610 2067 ait
3637 2030 3651 2068 :
3675 2010 3818 2068 Pro-

2217 2107 2392 2169 pterea
2424 2101 2667 2153 commoti
2695 2111 2835 2154 sunt.
2861 2100 3284 2173 interponamus
3306 2105 3511 2174 aliquid
3545 2107 3814 2177 mysterii,

2217 2191 2350 2260 quid
2381 2191 2448 2246 de
2474 2205 2759 2260 peccatore
2791 2194 3003 2249 dicatur
3024 2195 3181 2251 Cain.
3216 2194 3351 2251 Cum
3386 2213 3642 2268 egressus
3671 2209 3752 2254 est
3785 2213 3815 2254 a

2215 2284 2362 2338 facie
2415 2284 2530 2350 Dei,
2585 2285 2853 2341 habitavit
2899 2287 2953 2342 in
3005 2296 3147 2344 terra
3199 2289 3358 2358 Naid,
3410 2301 3596 2347 contra
3641 2293 3812 2348 Edem

2218 2374 2383 2446 (Gen.
2418 2375 2531 2448 tv).
2566 2377 2698 2432 Naid
2729 2379 2782 2433 in
2813 2379 3002 2435 Grmca
3036 2382 3217 2452 lingua
3249 2385 3648 2454 interpretatur
3674 2402 3815 2440 com-

2219 2473 2399 2526 motio.
2429 2473 2530 2540 Qui
2553 2477 2698 2529 enim
2728 2475 3056 2547 derelinquit
3089 2477 3287 2548 Deum,
3320 2478 3413 2550 qui
3440 2478 3647 2536 deserit
3691 2496 3819 2536 sen-

2218 2581 2336 2621 sum
2378 2567 2447 2622 de
2477 2581 2544 2622 eo
2570 2568 2769 2638 jugiter
2802 2570 3099 2640 cogitandi,
3135 2572 3240 2627 istc
3271 2573 3324 2626 in
3345 2553 3500 2628 terra
3548 2572 3685 2629 Naid
3717 2573 3818 2630 bo-

2217 2661 2412 2732 dieque
2440 2663 2668 2728 habitat,
2697 2663 2752 2717 id
2781 2672 2884 2729 est,
2917 2661 2972 2718 in
3005 2664 3357 2720 tribulatione
3380 2665 3510 2721 mali
3531 2665 3735 2734 cordis,
3759 2675 3818 2723 et

2219 2757 2416 2808 mentis
2465 2757 2833 2810 commotione
2876 2758 3148 2812 consistit.
3183 2755 3432 2813 Biberunt
3460 2769 3653 2832 gentes,
3686 2776 3815 2831 pro-

2218 2855 2395 2917 pterea
2441 2857 2711 2904 commota:
2752 2859 2892 2915 sunt,
2939 2859 2985 2903 et
3035 2850 3207 2905 subito
3250 2851 3431 2905 cecidit
3473 2850 3731 2923 Babylon,
3764 2859 3817 2906 et

2218 2939 2440 2993 contrita
2461 2951 2536 2992 est
2565 2939 2722 3008 (Luc.
2763 2955 2873 2996 xvtt
2888 2946 2927 3012 ).
2959 2942 3188 3010 Quando
3213 2943 3343 2998 dicit
3374 2953 3598 3014 repente
3617 2943 3818 3000 cecidit

2219 3032 2482 3106 Babylon,
2525 3033 2750 3090 videtur
2794 3035 2924 3090 mihi
2974 3035 3353 3106 propltetizare
3390 3038 3818 3094 consummatio-

2220 3140 2343 3181 nem
2377 3127 2562 3181 mundi
2586 3128 2768 3182 subito
2799 3128 3059 3184 futuram.
3088 3128 3372 3197 Quomodo
3401 3127 3521 3203 [ΑΙ.
3549 3127 3810 3208 quando]

2222 3223 2365 3276 enim
2404 3220 2594 3276 diebus
2625 3221 2814 3277 diluvii
2859 3224 3239 3291 comedebant,
3263 3232 3319 3280 et
3345 3224 3633 3294 bibebant,
3666 3209 3813 3282 eme?

2219 3315 2373 3380 bant,
2402 3321 2456 3369 et
2486 3315 2813 3384 vendebant,
2854 3318 3189 3387 plantabant,
3224 3329 3280 3374 et
3311 3319 3676 3387 aedificabant,
3711 3320 3813 3376 do-

2219 3423 2318 3464 nec
2348 3408 2499 3466 venit
2529 3408 2547 3482 [
2572 3409 2654 3464 At.
2689 3411 2938 3484 veniret]
2963 3413 3253 3480 diluvium,
3279 3425 3332 3470 et
3371 3415 3491 3470 tulit
3514 3429 3728 3482 onmes,
3761 3423 3818 3471 et

2221 3503 2404 3558 subito
2441 3507 2588 3559 venit
2619 3506 2907 3562 inundatio
2940 3526 2952 3561 :
2997 3508 3255 3565 similiter
3285 3517 3493 3576 autem,
3529 3521 3586 3566 et
3618 3511 3668 3564 in
3699 3511 3819 3565 die-

2223 3595 2322 3654 bus
2354 3596 2513 3663 Lotb,
2546 3598 2624 3652 sic
2646 3608 2702 3654 et
2727 3601 3128 3656 consummatio
3151 3603 3339 3658 mundi
3371 3618 3479 3660 non
3513 3619 3608 3673 per
3635 3613 3818 3674 partes

2220 3689 2336 3758 flet,
2360 3691 2457 3744 sed
2489 3701 2736 3760 repente.
2773 3693 2908 3748 Huic
2929 3695 3321 3750 conferendqu
3354 3697 3671 3752 existimato
3695 3694 3814 3768 [ΑΙ.
3883 3697 3896 3710 ‘

2223 3781 2506 3856 aestimo],
2541 3783 2590 3838 id
2617 3785 2760 3853 quod
2787 3787 3054 3856 scriptum
3083 3796 3169 3841 est
3212 3786 3264 3841 in
3291 3785 3420 3842 Jesu
3461 3787 3608 3843 Nave
3631 3785 3820 3858 (Iosue

2223 3876 2356 3948 vn),
2390 3877 2612 3948 quando
2642 3893 2672 3932 a
2705 3893 2839 3934 voce
2871 3881 2985 3934 sola
3037 3880 3201 3947 tubae,
3233 3878 3411 3935 Jerico
3454 3881 3646 3936 civitas
3690 3895 3817 3936 cor-

2222 3988 2388 4030 ruens
2414 3974 2599 4030 subito
2628 3973 2883 4043 disperiit
2917 3992 2930 4029 :
2958 3985 3013 4030 et
3037 3974 3192 4043 juxta
3225 3975 3365 4029 hanc
3391 3973 3814 4031 similitudinem

2223 4067 2557 4139 Babylonem
2599 4082 2818 4138 quoque
2854 4068 2908 4124 in
2937 4069 3412 4124 consummatione
3449 4067 3635 4126 saaculi
3661 4082 3822 4124 casu-

2222 4176 2337 4218 ram
2367 4176 2510 4227 esse,
2535 4173 2589 4218 et
2617 4163 2798 4218 subito
2819 4162 3234 4230 conterendam,
3267 4171 3326 4219 et
3359 4161 3476 4218 bare
3503 4162 3724 4233 quidem
3749 4160 3820 4217 de

2221 4256 2694 4314 consummatione
2735 4256 2881 4311 dicta
2926 4266 3074 4311 sunt.
3123 4256 3182 4312 Si
3225 4271 3356 4312 vero
3383 4256 3600 4312 veneris
3631 4253 3698 4309 ad
3723 4253 3821 4310 ad-

2223 4359 2444 4408 ventum
2499 4350 2715 4406 Domini
2761 4352 2865 4405 mei
2892 4350 3020 4407 Jesu
3069 4351 3296 4418 Christi,
3349 4360 3404 4405 et
3447 4350 3648 4405 videris
3694 4349 3820 4418 ejus

2223 4459 2476 4514 magnum
2505 4457 2666 4515 opus,
2697 4442 2973 4515 quomodo
3001 4442 3329 4498 subvenerit
3357 4442 3535 4496 omnia
3564 4443 3814 4512 gentium

523 4552 895 4611 peccatorum,
922 4547 1034 4601 noli
1067 4558 1257 4618 putare
1288 4550 1624 4622 Scripturam
1651 4569 1775 4610 esse
1802 4555 2111 4624 mentitam,
2140 4573 2198 4638 Ι)
2222 4539 2290 4596 de
2313 4539 2478 4596 ίάοιίδ
2507 4539 2793 4638 “(dimittat
2813 4549 2869 4592 υι
2900 4537 3192 4594 “ﬁdentes
3221 4537 3292 4592 de
3319 4537 3532 4638 εῑξοτξε
3554 4537 3822 4638 εξίηιεξξθι

522 4648 645 4702 qua:
668 4632 868 4690 dixerit
892 4654 905 4693 :
931 4635 1208 4698 inebrians
1230 4655 1447 4698 omnem
1477 4655 1698 4711 terram,
1727 4661 1852 4703 cum
1879 4648 1982 4704 iste
2004 4664 2112 4706 non

523 4725 822 4784 inebrietur
850 4745 878 4785 a
920 4730 1218 4805 Babylone,
1261 4746 1316 4793 et
1345 4745 1525 4794 tamen
1555 4743 1822 4798 consistat
1852 4742 1905 4800 in
1943 4754 2108 4799 terra.

524 4818 661 4878 Audi
693 4821 1017 4891 quiajustus
1059 4843 1164 4884 non
1201 4831 1272 4885 sit
1303 4840 1445 4886 terra
1475 4833 1600 4906 [AL
1632 4835 1684 4890 in
1722 4835 1906 4910 terra]
1934 4856 1944 4891 :
1983 4837 2114 4894 Orno

523 4926 645 4970 nem
689 4923 885 4972 terram
920 4917 1155 4977 inebriat
1192 4924 1335 4978 calix
1376 4925 1478 4980 iste
1509 4943 1730 4984 aureus.
1763 4929 1949 4987 Justus
1978 4949 2110 4988 vero

519 5021 643 5061 cum
677 5007 933 5080 sitsuper
967 5021 1190 5078 terram,
1224 5020 1697 5078 conversationem
1728 5025 1781 5079 in
1816 5027 1970 5082 caelis
2011 5028 2110 5086 ba-

519 5097 627 5155 bct.
662 5099 727 5156 Et
749 5114 973 5174 propter
999 5104 1102 5163 hoc
1130 5124 1234 5163 non
1263 5115 1511 5170 convenit
1544 5116 1772 5174 ulterius
1795 5119 1943 5190 justo
1966 5122 2103 5178 dici:

519 5191 680 5251 Terra
705 5212 781 5263 es,
809 5206 856 5251 et
877 5201 928 5254 in
953 5209 1140 5256 terram
1163 5202 1257 5258 ibis
1289 5204 1452 5277 (Gen.
1484 5211 1589 5280 ιιι).
1613 5211 1719 5269 Sed
1751 5222 1779 5264 ι
1807 5217 1850 5270 si
1875 5233 2098 5276 necesse

593 5409 629 5488 fi
658 5401 1094 5488 Subsequentem
1147 5411 1428 5488 periodum
1471 5417 1717 5488 pluribus
1749 5419 1886 5475 locis
1918 5422 2120 5478 misere

515 5471 906 5552 deformatam,
963 5471 1241 5552 sensuque
1275 5471 2119 5550 laborantem.

519 5541 816 5622 lectionem
845 5541 1164 5622 exegimus;
1183 5571 1245 5609 ac
1269 5541 1630 5622 restitttim‘us.

544 5685 555 5704 2
580 5613 614 5704 νδ
635 5615 830 5704 Bene-‘3
859 5613 1098 5704 italiam,
1123 5613 1325 5697 qualem
1354 5613 1643 5704 reliquerit,
1677 5633 1772 5689 sed
1804 5643 1997 5690 neutra
2030 5650 2119 5692 sa-

520 5691 587 5738 tis
628 5691 836 5744 arridet
869 5693 1048 5750 lcetio.
1135 5691 1144 5697 ’
1465 5691 1475 5704 ’
1629 5691 1644 5715 ⁵

595 5766 634 5849 ἱ
653 5757 878 5849 Plenius
907 5768 1308 5849 apud_Bahan.,
1340 5775 1393 5830 iu
1426 5792 1584 5832 manu
1605 5779 1716 5849 eius
1739 5777 1826 5848 ﬁet
1850 5779 2118 5842 inebrians

749 5841 979 5924 girl-lin.
1032 5839 1137 5895 Istc
1178 5843 1316 5898 calix
1360 5863 1547 5902 aureus
1626 5839 1810 5924 nbyl'on
1844 5839 2116 5908 inebrioeit

511 5909 955 5979 omnemjerram.

2217 4634 2370 4704 jugo,
2407 4632 2678 4702 intelliges
2705 4631 2834 4701 quia
2876 4632 2927 4685 in
2963 4643 3208 4700 tempore
3254 4630 3526 4700 passionis
3557 4630 3676 4698 ejus
3713 4629 3818 4682 Ba-

2224 4729 2388 4800 bylon
2421 4729 2700 4798 extemplo
2741 4729 2951 4781 corruit
2993 4737 3049 4781 et
3074 4728 3310 4781 contrita
3353 4733 3456 4780 est.
3523 4723 3821 4792 Unusquis-

2223 4840 2326 4895 que
2375 4833 2630 4877 nostrum
2675 4821 2991 4877 consideret
3036 4821 3297 4888 seipsum,
3333 4827 3387 4873 et
3418 4816 3823 4872 animadvertat

2225 4917 2555 4989 Babylonem
2599 4916 2655 4970 in
2684 4930 2787 4970 suo
2838 4925 3060 4986 pectore
3108 4913 3410 4969 corruisse.
3449 4910 3507 4967 Si
3556 4919 3736 4968 autem
3767 4918 3822 4965 et

2217 5014 2271 5066 in
2292 5012 2523 5080 alicujus
2537 5011 2702 5066 corde
2722 5025 2826 5064 non
2848 5008 3046 5064 cecidit
3071 5008 3262 5064 civitas
3293 5003 3652 5068 confusionis,
3697 5001 3822 5055 huic

2215 5106 2464 5162 Christus
2482 5105 2712 5162 necdum
2730 5103 2963 5158 advenit.
2987 5100 3246 5160 Veniente
3263 5101 3464 5170 quippe
3480 5113 3567 5162 eo,
3582 5095 3822 5168 Babylon

2216 5215 2378 5258 ruere
2399 5200 2708 5257 consuevit.
2740 5197 2969 5268 Propter
2992 5197 3094 5252 hoc
3124 5194 3191 5250 ad
3218 5191 3527 5250 orationum
3571 5189 3822 5260 prmsidia

2299 5422 2324 5460 ἀ
2369 5424 2523 5493 Apud
2569 5423 2843 5482 eumdem,
2876 5421 3210 5488 inebriamur,
3238 5409 3306 5472 ‘et
3345 5426 3510 5472 mente
3537 5413 3823 5470 excidimus

2227 5513 2421 5564 amore,
2455 5495 2905 5564 concupisrentiis,
2949 5503 3056 5548 etc.

2300 5579 2324 5640 ἐ
2370 5559 2519 5626 Item.
2550 5559 2673 5640 quot
2702 5559 2964 5640 ebrietatis
2991 5560 3272 5640 porrexerit
3295 5559 3505 5613 calices.

2303 5639 2324 5678 ί
2369 5635 2658 5709 Perperam
2704 5637 2913 5711 vulgati
2947 5635 3248 5711 additn‘t‘te.
3323 5703 3353 5711 ﬂ
3704 5699 3716 5711 I

2299 5722 2324 5759 8
2367 5713 2426 5767 Si
2459 5703 2705 5766 voculam
2751 5703 3004 5762 [tabanus
3049 5705 3268 5760 sufficit.
3321 5703 3461 5758 Sunt
3505 5712 3637 5756 vero
3667 5703 3819 5766 ejus-

2227 5783 2373 5841 modi
2398 5787 2584 5848 multa,
2610 5796 2753 5851 quae,
2776 5780 2980 5832 lectore
3009 5793 3112 5831 non
3138 5775 3437 5846 admonito,
3463 5771 3821 5829 restituimus.

2301 5855 2326 5894 ¹ι
2368 5855 2588 5910 Lectum
2625 5859 2808 5920 antea,
2838 5867 3029 5920 corpus
3070 5859 3284 5904 motum.
