4128 6346
335 235 463 288 603

946 236 1385 296 TRANSLATIO
1425 234 1857 295 lltllllLlAllUM
1899 233 2225 295 ORIGENIS
2263 237 2332 293 IN
2370 238 2741 298 JEREMIAM.
2786 241 2955 300 ΗΟΜ.
2998 242 3088 298 lll.

3563 245 3671 302 606

333 354 770 425 confugientes,
795 352 962 424 petite
983 364 1038 408 ut
1056 353 1412 411 veniatlesus
1433 355 1487 410 in
1501 355 1666 412 corda
1692 362 1890 417 vestra,
1916 364 1971 409 et
1997 359 2044 417 Α
2076 363 2182 415 est,
2214 352 2419 409 credita
2453 354 2611 410 nobis
2631 365 2715 411 est
2743 371 2774 411 ιι
2820 357 2933 413 Deo
2989 358 3285 423 medicina,
3319 366 3380 414 ut
3427 359 3667 419 animam

333 454 619 500 conterat
647 445 1000 516 Babylonem,
1021 456 1075 501 et
1099 445 1439 503 faciatruere
1461 462 1678 503 omnem
1700 448 1965 503 malitiam

331 537 504 604 ejus,
527 536 691 609 768
718 550 771 593 et
797 537 1092 593 reasdilicet
1122 555 1219 610 pro
1247 541 1352 607 his,
1386 556 1508 610 qua:
1537 542 1798 599 subversa
1813 550 1960 608 sunt,

333 642 400 687 et
430 648 548 701 pro
580 633 872 705 Babylone,
902 649 1021 703 qua:
1044 632 1219 689 fuerat
1245 648 1369 690 ante
1398 645 1730 704 constructa,
1762 636 1815 691 in
1846 638 1965 708 ipso

330 725 651 795 principali
667 724 844 781 cordis
860 726 1023 781 vestri
1038 725 1345 801 [ALnostri]
1364 727 1655 787 Ierusalem
1681 734 1765 788 civ
1782 742 1961 790 .tatem

332 828 611 875 Sanctam
647 821 764 875 Dei.
799 820 1042 893 Plangite
1062 839 1195 891 eant,
1227 832 1271 877 et
1298 826 1515 896 accipite
1538 829 1759 883 resinam
1790 846 1961 886 corre-

330 913 560 981 ptionis
591 913 726 982 ejus,
760 915 805 967 si
831 916 1088 983 quomodo
1115 917 1402 973 sanabitur.
1437 919 1700 991 Plangite,
1735 926 1828 988 ait,
1863 926 1964 980 Ba-

332 1004 648 1075 bylonem.
681 1005 891 1063 Deinde
918 1009 1041 1079 quia
1089 1011 1267 1065 omnis
1298 1012 1480 1068 anima
1511 1017 1755 1085 recipere
1784 1028 1963 1089 potest

330 1100 625 1165 salutem,
660 1112 714 1155 et
745 1116 925 1173 neque
955 1119 1059 1157 una
1110 1106 1253 1175 apud
1294 1108 1457 1163 Deum
1506 1118 1589 1164 est
1620 1111 1956 1183 insanabilis,

332 1193 569 1249 idcirco
598 1197 885 1251 consilium
918 1197 1009 1252 dat
1046 1199 1151 1264 his,
1195 1202 1285 1271 qui
1322 1214 1545 1270 possunt
1576 1209 1960 1279 transmigrarc

336 1287 463 1359 [AL
516 1293 1038 1369 transmigrationis]
1064 1296 1444 1370 inplerusalem
1490 1302 1557 1356 ad
1589 1305 1958 1363 testimonium

337 1379 463 1454 [AL
513 1394 570 1439 et
605 1388 926 1461 testimonii]
961 1389 1422 1459 habereresinam
1456 1396 1523 1450 ad
1556 1399 1847 1467 emplastra
1877 1400 1957 1455 fa-

334 1478 579 1549 cienda,
614 1492 676 1537 ut
721 1494 1005 1540 assumant
1035 1488 1415 1559 medicamina,
1454 1503 1509 1548 et
1549 1506 1749 1565 quanto
1777 1498 1960 1553 valent

336 1574 570 1643 studio,
599 1578 816 1633 sanitati
848 1581 1137 1636 restituant
1165 1583 1518 1655 Babylonem.
1552 1587 1664 1643 lloc
1704 1591 1957 1659 cXperia—

340 1681 484 1720 mur
516 1675 576 1722 et
603 1682 704 1722 nos
737 1668 939 1738 facere,
968 1671 1327 1742 deprecantes
1358 1676 1552 1744 Deum,
1580 1690 1633 1732 ut
1680 1681 1747 1735 de
1801 1682 1956 1737 nobis

2069 459 2391 502 curaremus
2411 446 2702 505 humanam
2730 470 2741 502 :
2777 450 3125 511 adhibuimus
3150 452 3513 524 adjutorium,
3546 469 3666 511 me~

2066 539 2303 595 dicinam
2348 540 2898 617 [Al..medieamina]
2947 546 3312 618 imposuimus
3356 566 3371 603 :
3432 550 3667 609 multum

2066 641 2357 687 contumax
2385 641 2489 701 est,
2552 650 2655 690 non
2707 636 2820 693 \ult
2862 638 3179 707 observare,
3207 640 3352 711 quod
3407 641 3662 717 dicimus,

2065 725 2305 782 studium
2339 740 2582 783 nostrum
2615 744 2723 784 non
2745 732 2988 800 sequitur
3011 732 3260 789 ellectus.
3290 733 3667 807 lielinquamus

2064 832 2200 885 eam,
2234 828 2279 872 et
2309 818 2552 874 abeamus
2583 822 2939 893 unusquisque
2964 823 3016 877 in
3047 831 3235 879 terram
3258 842 3430 895 suam,
3464 827 3515 881 id
3537 836 3661 896 est,

2068 920 2092 948 α
2122 912 2484 969 domesticum
2515 914 2716 983 locum,
2749 927 2804 971 et
2832 918 3135 985 preprinm.
3166 916 3332 987 Cave,
3358 919 3545 987 homo,
3565 937 3664 977 ne-

2065 1008 2285 1077 quando
2317 1008 2587 1078 reliuquat
2623 1021 2672 1063 te
2701 1009 2968 1076 medicus,
2992 1012 3107 1065 sive
3136 1010 3375 1082 Angelus
3401 1014 3518 1081 Dei,
3541 1014 3664 1073 sive

2064 1102 2389 1172 quicumque
2417 1103 2720 1173 hominum,
2755 1105 2842 1160 cui
2865 1105 3071 1161 credita
3094 1114 3179 1160 est
3197 1123 3325 1163 cura
3346 1121 3659 1168 sermonum

2062 1194 2128 1249 ad
2156 1196 2343 1251 salutis
2387 1197 2707 1252 medicinam
2749 1198 3102 1255 deferendam
3152 1198 3259 1270 [AL
3304 1201 3661 1259 medicamina

2062 1287 2401 1362 deferenda].
2437 1290 2496 1346 Si
2535 1292 2678 1346 enim
2734 1299 2789 1347 te
2846 1292 3240 1362 dereliquerint
3288 1300 3343 1348 et
3374 1293 3614 1351 dixerint
3647 1310 3664 1350 :

2064 1386 2316 1439 Abeamus
2338 1389 2689 1457 ultusquis.,tte
2716 1391 2769 1444 in
2792 1398 2987 1444 terram
3014 1406 3182 1455 suam,
3214 1391 3336 1459 quia
3372 1389 3660 1461 appr0pin-

2060 1480 2234 1547 quavit
2259 1480 2311 1533 in
2342 1481 2526 1535 caelum
2546 1483 2810 1555 judicium
2838 1484 2974 1553 ejus,
3027 1482 3377 1539 manifesmm
3408 1489 3492 1537 est
3535 1481 3663 1552 quia

2061 1572 2341 1629 abscessio
2366 1589 2554 1630 eorum
2585 1574 2973 1631 condemnatio
3007 1587 3097 1631 tua
3125 1576 3218 1643 sit,
3244 1583 3301 1629 ut
3340 1574 3661 1631 irremedia-

2061 1670 2208 1739 bilis,
2245 1671 2592 1741 nolemisque
2622 1671 2824 1727 curari.
2858 1671 2991 1726 Cum
3017 1680 3199 1727 autem
3237 1681 3285 1725 te
3316 1669 3664 1727 deseruerint

341 1760 604 1815 resinam
645 1765 1021 1820 rationabilem
1054 1765 1161 1839 [AL
1194 1769 1559 1840 rationalem],
1609 1782 1662 1828 et
1691 1774 1758 1829 de
1786 1778 1953 1831 ratio-
1986 1766 2035 1827 B
2064 1764 2171 1838 [ΑΙ.
2202 1763 2759 1837 ἀθεει“ιιθΐυηῑ]νί1υί(ί
2789 1767 2883 1821 ubi
2916 1765 3062 1821 “Md
3093 1774 3417 1821 "animum
3446 1774 3526 1818 θθι
3558 1764 3661 1819 "mi

344 1851 532 1908 nabili
585 1857 763 1911 resina
818 1857 1093 1916 discamus
1139 1862 1189 1917 ei
1241 1864 1503 1935 malagma
1550 1868 1849 1941 imponere,
1900 1880 1956 1927 et

340 1947 569 2011 oleum,
603 1960 657 2005 et
689 1951 1019 2022 alligaturas,
1047 1964 1101 2010 et
1130 1958 1472 2027 imponentcs
1522 1962 1808 2033 alligemus
1838 1967 1957 2020 vnl-

341 2057 487 2096 nera
526 2044 843 2118 Babylonis,
871 2049 1145 2106 imitantes
1176 2052 1598 2124 Samaritanum,
1647 2068 1699 2114 et
1731 2058 1840 2133 [AL
1874 2062 1955 2136 ut]

342 2144 585 2192 Sanetur
613 2141 807 2195 misera
841 2141 1053 2212 civitas,
1075 2159 1127 2202 et
1154 2158 1338 2204 curata
1384 2151 1599 2207 desinat
1653 2169 1773 2210 esse
1809 2158 1954 2228 quod

346 2225 560 2284 fuerat.
593 2230 740 2286 Istud
768 2244 873 2299 est,
901 2238 1041 2305 quod
1072 2239 1148 2293 ait
1171 2239 1550 2315 accipere:[AL
1584 2246 1792 2321 accipe]
1818 2225 1957 2305 resi-

349 2338 488 2377 nam
537 2330 899 2397 correptionis
930 2332 1048 2400 ejus
1098 2334 1142 2387 si
1197 2337 1473 2405 quomodo
1517 2342 1817 2398 sanabitur.
1854 2344 1954 2399 Ubi

350 2427 491 2471 sunt
515 2418 755 2476 haeretici
779 2422 802 2476 ?
826 2424 914 2478 ubi
948 2436 1094 2489 sunt,
1123 2427 1214 2497 qui
1248 2440 1465 2486 naturas
1494 2435 1753 2504 quasdam
1786 2437 1958 2493 intro-

347 2510 645 2579 duceutcs,
672 2527 924 2573 asserunt
947 2534 1071 2574 esse
1100 2533 1343 2577 naturam
1387 2525 1492 2597 [AL
1528 2531 1835 2605 materiam]
1860 2532 1957 2589 de-

350 2606 715 2675 Sperabilem,
742 2626 861 2680 quia
918 2614 1133 2683 penitus
1183 2632 1288 2671 non
1345 2621 1569 2691 recipiat
1604 2625 1883 2680 salutem?
1912 2631 1954 2683 si

350 2708 435 2752 est
468 2708 684 2769 natura,
719 2719 838 2774 qua:
873 2721 1077 2777 pereat,
1110 2727 1229 2780 quae
1256 2714 1359 2767 alia
1396 2716 1517 2769 talis
1551 2721 1656 2771 crit
1688 2728 1742 2773 nt
1788 2719 1959 2794 Baby-

354 2794 772 2853 lon?Attamcn
826 2817 997 2872 neque
1029 2805 1183 2858 istam
1218 2808 1450 2878 deSpit-it
1491 2811 1652 2866 Dens.
1704 2812 1958 2886 Praecipit

353 2888 507 2940 enim
529 2891 754 2945 medicis
780 2892 919 2947 Detts
949 2906 1005 2950 ιιι
1035 2899 1302 2968 recipiant
1329 2902 1564 2957 resinam
1596 2921 1759 2974 super
1784 2907 1959 2979 Baby-

358 2982 570 3053 lonem,
604 2988 647 3039 si
668 2986 940 3057 quomodo
988 3002 1233 3048 sanetur.
1277 2995 1505 3061 Quidam
1552 2999 1713 3067 igitur
1742 3016 1954 3069 eorum,

356 3079 451 3145 qui
482 3079 796 3135 mandatum
826 3095 1174 3153 acceperant,
1210 3088 1537 3157 accipientes
1567 3092 1804 3148 resinam
1832 3111 1952 3150 cor-

2059 1858 2203 1930 quod
2228 1859 2366 1916 solet
2390 1858 2476 1914 his
2502 1858 2772 1925 accidere,
2800 1859 2891 1930 qui
2919 1874 2946 1913 a
2988 1858 3213 1914 medicis
3254 1858 3614 1927 deSperantur
3633 1897 3649 1922 ,

2059 1963 2272 2010 utentes
2289 1954 2571 2010 voluntate
2587 1955 2760 2010 morbi
2775 1953 3020 2019 sui,utad
3043 1954 3230 2024 pejora
3240 1950 3658 2023 demerguntur?

2059 2046 2085 2087 δ
2100 2048 2262 2103 Fiunt
2280 2047 2364 2102 bis
2379 2047 2575 2103 similia
2593 2058 2648 2102 et
2672 2046 2727 2103 in
2746 2046 3144 2103 consuetudine
3158 2047 3314 2101 istius
3330 2044 3455 2102 vitae
3478 2059 3506 2098 a
3532 2059 3659 2114 pru-

2058 2141 2314 2198 dentibus
2340 2141 2585 2196 medicis.
2611 2139 2840 2196 Accedit
2860 2140 3063 2210 aliquis
3083 2153 3273 2196 eorum
3301 2137 3369 2193 ad
3396 2138 3659 2205 languen-

2060 2245 2192 2301 tem,
2223 2237 2387 2309 770
2411 2243 2672 2306 quantum
2697 2250 2788 2290 ars
2841 2236 3061 2304 patitur,
3094 2244 3147 2287 et
3180 2230 3450 2288 industria
3484 2241 3505 2269 ο
3541 2244 3659 2285 me-

2060 2329 2258 2385 dicinae
2291 2343 2399 2384 non
2427 2336 2646 2384 cessat:
2678 2328 2774 2383 sed
2805 2328 2851 2382 si
2882 2337 2976 2383 aut
3004 2326 3275 2396 agritudo
3304 2331 3451 2379 tanta
3482 2323 3573 2387 sit,
3599 2330 3659 2379 ut

2061 2429 2331 2490 repugnet
2355 2423 2652 2489 curationi,
2687 2431 2782 2476 aut
2801 2421 2919 2490 ipse
2944 2419 3214 2475 invalidus
3238 2434 3336 2488 per
3359 2417 3655 2488 impatien-

2062 2514 2193 2568 tiam
2219 2513 2434 2568 doloris
2462 2522 2657 2569 contra
2690 2512 2852 2567 faciat
2879 2526 3043 2579 quam
3102 2511 3348 2580 jubetttr,
3399 2508 3662 2579 relinquit

2064 2609 2329 2671 medicus,
2365 2611 2669 2676 desperans
2697 2606 2806 2678 [AL
2833 2603 3113 2676 deSpcrat]
3150 2602 3663 2673 hujusmodihoini-

2063 2716 2209 2767 nent,
2237 2712 2292 2758 et
2312 2701 2521 2758 recedit
2553 2717 2622 2757 ne
2654 2702 2795 2756 inter
2818 2715 3010 2756 manus
3038 2715 3166 2755 suas
3196 2698 3503 2769 exspirans,
3532 2712 3661 2753 cau-

2061 2810 2179 2852 sam
2206 2798 2457 2852 interitus
2487 2797 2606 2866 ejus
2634 2795 2701 2851 ad
2726 2810 2785 2851 se
2813 2805 3155 2864 retorqueat.
3196 2794 3254 2849 Si
3286 2808 3421 2863 ergo
3452 2800 3507 2848 et
3527 2807 3646 2859 nos,

2065 2904 2133 2943 ne
2158 2891 2207 2942 in
2240 2902 2552 2944 sanctorum
2584 2887 2901 2958 angelorum
2936 2887 3209 2949 manibus,
3242 2886 3332 2956 qui
3363 2884 3428 2941 ad
3450 2898 3654 2939 noscu-

2063 2982 2263 3037 raudos
2285 2997 2313 3036 a
2330 2982 2569 3036 Domino
2583 2979 2837 3036 destinati
2865 2978 3662 3047 sunt,moriamur,relinqnunt

2065 3093 2162 3131 tuo.
2194 3076 2551 3145 deSperantes
2602 3075 2840 3129 animam
2892 3085 3163 3139 uestram,
3195 3082 3248 3128 et
3276 3071 3429 3127 aiunt
3465 3090 3477 3125 :
3534 3068 3659 3125 Non

359 3169 600 3237 rrptioni
629 3171 737 3243 [ΑΙ.
770 3178 1130 3251 corruptioni]
1163 3179 1480 3253 Babylonis,
1506 3184 1551 3238 si
1578 3188 1855 3253 quomodo
1872 3203 1959 3242 εδ,
1984 3162 2028 3224 C
2064 3181 2137 3223 est
2178 3171 2440 3240 malagma
2463 3170 2747 3240 imponere,
2790 3185 2951 3236 neque
2990 3170 3185 3229 oleum.
3228 3182 3389 3235 neque
3409 3165 3660 3236 alligatu-

360 3270 549 3330 netur,
584 3266 829 3321 fecerunt
860 3269 1001 3338 quod
1043 3272 1215 3326 fuerat
1262 3276 1603 3344 imperatum,
1636 3292 1960 3348 repererunt

364 3353 475 3425 [AL
506 3361 859 3434 acceperunt]
903 3364 1135 3419 resinam
1180 3367 1243 3422 ad
1275 3372 1670 3438 correptionem
1706 3372 1811 3446 [ΑΙ.
1838 3390 1960 3430 cor-

365 3449 703 3524 ruptinnem]
744 3454 882 3522 ejus,
916 3458 1201 3513 audientes
1246 3477 1404 3531 posse
1440 3464 1575 3529 lieri,
1614 3478 1666 3518 ut
1714 3467 1958 3540 Babylon

366 3545 636 3613 reciperet
666 3549 975 3605 sanitatem.
1012 3551 1077 3607 Et
1128 3555 1250 3624 quia
1299 3558 1441 3628 quod
1498 3570 1817 3628 putaverunt
1850 3568 1959 3623 non

365 3634 670 3691 ell'ecerunt
699 3637 805 3712 [ΑΙ.
838 3644 1201 3719 repererunt],
1256 3648 1494 3721 Babylon
1524 3655 1724 3725 quippe
1757 3657 1807 3709 in
1842 3658 1957 3727 pri-

366 3731 511 3785 stina
536 3730 646 3803 [AL
682 3738 981 3812 proposita]
1009 3741 1214 3795 malitia
1265 3758 1649 3812 perseverans,
1690 3750 1864 3805 noluit
1900 3766 1959 3806 se

365 3831 567 3894 curari,
602 3831 938 3887 Satisfaciunt
960 3835 1084 3890 boni
1135 3837 1351 3903 medici,
1384 3848 1437 3894 et
1483 3841 1712 3908 dicunt;
1747 3843 1962 3899 Curavi-

366 3936 480 3973 tnus
515 3919 853 3993 Babylonem,
881 3936 929 3981 et
960 3931 1162 3999 nongest
1195 3943 1397 3987 sanata.
1427 3933 1800 4006 Relinqnamus
1822 3956 1953 3993 eam.

369 4012 506 4068 \‘ide
562 4025 765 4088 autem,
799 4020 961 4076 homo
987 4063 1000 4087 ,
1040 4038 1107 4078 ne
1149 4026 1363 4093 quando
1420 4032 1627 4099 angelis
1682 4033 1960 4101 praecipiat

365 4102 531 4171 Deus,
559 4115 618 4161 ut
666 4109 731 4162 ad
765 4110 1078 4181 languorem
1133 4117 1481 4185 animantum
1535 4122 1960 4180 medicaminum

364 4198 665 4266 emplastra
697 4203 1010 4275 conficiant,
1047 4207 1090 4262 si
1122 4211 1400 4279 quomodo
1426 4213 1603 4282 possis
1636 4215 1705 4269 ab
1729 4228 1962 4286 mgrota-

366 4292 516 4347 tione
539 4294 745 4363 sanari,
796 4303 852 4352 et
876 4301 1245 4369 respondeant
1266 4305 1440 4374 angeli
1470 4324 1480 4359 :
1514 4306 1834 4364 Curavimus
1860 4311 1962 4367 Ba-

368 4383 644 4457 bylonem,
678 4390 833 4446 istam
857 4396 1209 4452 osmndentes
1238 4413 1267 4452 a
1292 4401 1639 4470 passionibns
1670 4404 1956 4460 confusam

368 4481 603 4535 animam
647 4497 797 4539 suam
849 4484 954 4559 [ΑΙ.
990 4490 1183 4563 tuam],
1234 4500 1424 4548 etnon
1456 4506 1537 4550 est
1588 4506 1795 4552 sanata.
1842 4497 1960 4554 Non

368 4573 649 4629 scientiam
674 4578 805 4632 artis
836 4592 971 4646 suae,
1004 4597 1178 4653 neque
1201 4585 1394 4640 resinae
1421 4586 1526 4642 vim
1546 4588 1911 4645 criminantur
1940 4608 1954 4657 ;

370 4665 463 4719 sed
498 4674 573 4734 te,
614 4669 704 4738 qui
746 4675 1029 4742 perceptis
1081 4690 1270 4733 eorum
1311 4680 1533 4750 obsequi
1580 4682 1825 4751 noluisti,
1877 4684 1960 4739 (ιι.

370 4769 556 4813 centes
603 4775 617 4813 ε
670 4761 973 4819 Curavimus
1019 4766 1354 4841 Babylonem,
1410 4782 1459 4826 et
1511 4790 1613 4828 non
1668 4784 1742 4828 est
1798 4793 1956 4831 sana-

370 4860 441 4904 ta.
484 4853 858 4923 Relinquamus
900 4875 1028 4913 eam.
1063 4861 1343 4918 Steterunt
1395 4865 1589 4920 medici
1643 4866 1747 4921 sub
1797 4869 1961 4943 769

371 4959 568 5015 magno
616 4947 827 5003 medico
862 4951 1034 5021 angeli
1081 4953 1192 5019 Dei,
1258 4956 1501 5012 volentes
1547 4972 1738 5015 curare
1791 4962 1961 5018 imbe-

370 5040 625 5097 cillitates
669 5054 907 5115 nostras,
956 5048 1203 5104 volentes
1235 5051 1470 5106 animam
1514 5053 1749 5110 liberare
1772 5056 1841 5112 de
1878 5059 1958 5113 vi-

373 5133 479 5199 tiis,
510 5136 605 5189 sed
639 5150 740 5191 nos
771 5138 873 5208 ipsi
907 5140 1223 5209 repellimus
1263 5157 1380 5207 eos,
1418 5144 1543 5197 dum
1584 5148 1830 5204 consiliis
1861 5164 1956 5204 eo-

372 5238 487 5280 rum
513 5241 620 5282 non
652 5229 1066 5300 acquiescimus.
1110 5233 1309 5290 Vident
1351 5249 1411 5290 se
1443 5251 1662 5306 operam
1698 5240 1953 5312 perdere,

369 5333 491 5374 cum
532 5320 827 5391 loquuntur
863 5323 1126 5391 invicem,
1175 5335 1230 5381 et
1272 5327 1462 5382 dicunt
1514 5346 1525 5380 :
1586 5329 1960 5402 Relinquantur

371 5428 503 5478 eam,
534 5421 581 5467 et
632 5413 874 5471 abeamus
915 5420 1262 5490 unusquisque
1307 5422 1362 5476 in
1419 5429 1609 5476 tetram
1638 5440 1805 5478 suam.
1845 5425 1961 5484 Hoc

374 5602 410 5656 ς
445 5539 469 5567 ⁸
495 5532 667 5590 Penes
682 5534 917 5606 Raban.,
950 5539 1284 5595 domesticum
1312 5550 1359 5595 et
1387 5544 1649 5614 praprium
1672 5547 1955 5617 negotium.

412 5619 515 5656 ave.

412 5619 515 5659 are.

443 5673 469 5715 ι)
496 5680 664 5754 Antea
697 5690 836 5746 erat,
872 5681 962 5737 Sic
984 5692 1033 5737 et
1055 5685 1133 5738 liis
1162 5686 1400 5742 similiter
1428 5688 1502 5754 in,
1537 5696 1643 5741 etc.

447 5759 467 5788 ο
496 5752 795 5820 Legebatur
816 5766 975 5810 antea
1000 5759 1341 5812 medicamina
1360 5776 1461 5815 non
1484 5752 1703 5814 cessant.

446 5822 469 5859 ἀ
504 5825 655 5895 Apud
680 5824 723 5880 Β
745 5828 887 5885 than.
908 5874 921 5899 ,
954 5831 1007 5885 in
1058 5830 1410 5889 humiliatione
1439 5834 1550 5903 ejus
1572 5833 1792 5904 judicii,
1823 5836 1960 5906 quod

2064 3282 2171 3327 ras,
2203 3264 2324 3331 quia
2355 3262 2788 3333 appropinquavit
2821 3263 2874 3316 in
2913 3260 3097 3315 ccelum
3112 3259 3384 3333 judicium
3412 3262 3547 3330 ejus.
3586 3255 3658 3311 Et

2064 3356 2318 3410 eleuatum
2348 3362 2418 3407 cst
2444 3370 2608 3423 usque
2637 3358 2703 3408 ad
2733 3364 2897 3408 astra.
2930 3352 3030 3420 Qui
3077 3366 3302 3421 parvum
3337 3349 3499 3406 habet
3534 3363 3659 3417 pec-

2062 3459 2266 3516 catum,
2293 3464 2396 3503 non
2430 3463 2600 3517 usque
2619 3447 2967 3503 adcaalumet
2994 3445 3172 3503 sidera
3197 3444 3462 3516 judicium
3498 3457 3656 3498 suum

2062 3543 2222 3601 ell‘ert
2249 3542 2356 3615 [AL
2392 3543 2509 3611 ejus
2552 3540 2828 3613 aliertur].
2863 3540 3126 3595 Pusillum
3160 3540 3329 3608 enim,
3364 3547 3418 3594 et
3449 3536 3659 3593 humile

2062 3646 2165 3692 est.
2198 3636 2298 3704 Qui
2332 3651 2462 3689 vero
2484 3633 2688 3690 crescit
2714 3635 2766 3688 in
2789 3634 3021 3699 scelere,
3043 3633 3248 3689 crescit
3270 3639 3325 3686 et
3347 3632 3402 3685 in
3423 3630 3657 3699 judicio,

2064 3731 2340 3799 simulque
2366 3745 2491 3786 eum
2527 3728 2671 3785 vitiis
2698 3738 2925 3798 augetur
2953 3738 3007 3783 et
3028 3742 3184 3797 poena
3211 3745 3223 3780 :
3259 3738 3313 3782 et
3335 3726 3457 3796 quia
3482 3725 3657 3783 inlan-

2065 3832 2176 3876 tum
2201 3818 2596 3892 delinquit[Al.
2632 3818 2912 3892 deliquit],
2938 3830 2997 3875 ut
3029 3818 3295 3889 judicium
3330 3818 3450 3888 ejus
3482 3833 3654 3887 usque

2062 3913 2130 3968 ad
2155 3914 2401 3971 coelestia
2433 3913 2773 3978 sublevetur,
2806 3923 2863 3967 et
2893 3927 2989 3983 per
3012 3911 3353 3982 impietatem
3390 3927 3543 3967 suam
3568 3926 3658 3968 re-

2063 4007 2265 4061 sistens
2290 4006 2401 4060 Dco
2430 4004 2498 4060 ad
2531 4005 2815 4074 superiora
2862 4003 3222 4074 conscendat,
3275 4002 3484 4075 profert
3511 4002 3658 4059 Deus

2060 4099 2325 4169 judicium
2351 4115 2510 4155 suum
2538 4099 2592 4154 in
2616 4096 2643 4145 ἀ
2674 4098 3109 4155 bumiliationem
3133 4098 3484 4170 ejusjudicii,
3511 4095 3657 4168 quod

2026 4198 2035 4207 ‘
2063 4193 2297 4247 celatum
2318 4200 2441 4247 esta
2461 4200 2773 4262 peccatore,
2800 4201 2850 4249 et
2873 4194 3159 4263 proferens
3176 4191 3445 4263 judicium
3468 4206 3657 4258 suum,

2064 4283 2317 4339 humiliat
2342 4283 2561 4356 quidem
2594 4294 2969 4355 peccatorem,
3006 4285 3263 4342 retribuit
3289 4294 3469 4341 autem
3511 4284 3661 4354 justo

2062 4378 2225 4448 digna
2257 4377 2384 4433 vita:
2405 4378 2524 4451 ejus
2548 4378 2600 4434 in
2626 4376 2850 4435 Christo
2876 4377 3007 4436 Jesu
3043 4377 3274 4435 Domino
3326 4385 3539 4442 nostro,
3569 4376 3661 4437 cui

2066 4481 2149 4527 est
2204 4469 2379 4539 gloria
2437 4479 2492 4525 et
2558 4470 2847 4541 imperium
2916 4470 2970 4527 in
3036 4468 3237 4527 saecula
3304 4468 3661 4527 szeculorum.

1988 4554 2042 4615 D
2072 4566 2267 4619 Amen.

2569 4631 2850 4690 HOMILIA
2890 4633 3166 4691 TERTIA.

2068 4750 2142 4806 De
2167 4763 2235 4806 eo
2265 4746 2407 4820 quod
2453 4748 2712 4819 scriptum
2744 4758 2827 4806 est
2860 4767 2874 4806 :
2906 4749 2974 4805 Et
2996 4749 3245 4806 contritus
3288 4748 3510 4807 malleus
3538 4750 3663 4807 uni-

2436 4862 2592 4904 rersa:
2622 4856 2772 4905 terrw
2816 4848 2839 4919 (
2859 4847 3061 4905 Jetem.
3095 4862 3148 4915 ι,
3182 4845 3298 4921 25).

2136 4964 2301 5038 769
2322 4965 2612 5031 Quomodo,
2637 4966 2735 5032 ait,
2763 4968 3080 5037 confractus,
3100 4975 3149 5020 et
3172 4966 3422 5020 contritus
3444 4974 3515 5019 est
3538 4961 3670 5017 mal-

2062 5058 2173 5113 leus
2202 5060 2451 5114 universa:
2471 5059 2664 5115 terra?
2692 5060 2952 5130 quomodo
2979 5060 3116 5129 facta
3138 5067 3208 5114 est
3226 5060 3277 5113 in
3306 5055 3664 5113 extenninium

2064 5150 2336 5222 Babylon?
2364 5151 2732 5221 Quzerendum
2767 5165 2790 5191 υ
2823 5154 2966 5209 inter
2998 5153 3111 5208 base
3142 5153 3264 5223 quis
3313 5150 3385 5205 sit
3436 5148 3670 5204 malleus

2068 5244 2340 5300 universae
2391 5255 2577 5313 terrae,
2635 5261 2828 5315 quaeve
2888 5245 3005 5315 ejus
3053 5243 3310 5301 contritio
3354 5241 3544 5296 :unde
3590 5240 3669 5295 ait

2067 5339 2357 5407 prepbeta,
2393 5338 2517 5408 quia
2547 5347 2673 5395 ante
2712 5338 3025 5394 confractus
3054 5345 3138 5391 est
3165 5350 3327 5405 quam
3360 5333 3666 5401 contritus,

2068 5440 2129 5486 ut
2155 5442 2556 5501 congregantes
2578 5448 2667 5498 ea,
2700 5448 2823 5503 quae
2850 5430 3049 5486 alicubi
3096 5429 3166 5485 de
3216 5427 3417 5485 malleo
3460 5427 3667 5501 scripta

2066 5550 2350 5629 exaltatum
2374 5559 2509 5629 est‘a
2539 5560 2767 5623 peccato,
2800 5558 2848 5603 et
2875 5550 3142 5629 perferens
3185 5545 3442 5629 judicium
3489 5562 3663 5629 suum,

2067 5620 2307 5675 ltumiliat
2336 5617 2842 5693 quidcm'peccatum,
2876 5617 3109 5672 retribuit
3137 5629 3307 5673 autem
3332 5621 3479 5690 justo
3511 5619 3670 5690 digno

2063 5694 2169 5746 vita
2195 5693 2329 5763 ejus,
2360 5702 2467 5749 etc.

2138 5774 2162 5803 θ
2197 5762 2371 5819 Penes
2403 5764 2563 5831 Rab.,
2583 5763 2937 5830 Quaerendum
2954 5762 3115 5835 igitur
3135 5762 3251 5835 quis
3273 5762 3339 5816 sit
3362 5762 3666 5835 spiritaliter

2062 5836 2283 5893 malleus
2297 5839 2725 5907 universwterrte,
2740 5851 2909 5909 quare
2921 5834 3034 5909 ejus
3061 5835 3302 5895 contritio
3324 5834 3656 5908 prophetam.
