4128 6346
442 292 547 350 607

1700 281 1759 339 8.
1801 273 2078 336 EUSEBII
2117 270 2506 331 HIERONYMI

3631 273 3739 331 608

440 394 601 477 sunt,
630 421 752 472 eum
791 406 1163 463 invenerimus
1210 416 1414 461 nomen
1453 400 1594 472 ejus,
1646 396 2037 467 investigemus
2065 394 2116 458 Α
2141 407 2250 456 ras,
2274 378 2333 446 et
2356 402 2591 460 quazres,
2617 388 2667 444 si
2686 387 2832 461 quod
2851 398 3012 461 potes
3034 388 3280 447 invenire
3306 390 3616 464 vestigium,
3646 391 3742 450 be-

449 502 616 561 etiain
647 500 881 557 nominis
923 499 1260 556 voluntatem
1304 513 1374 555 ex
1420 496 1531 561 his,
1587 509 1707 566 qum
1758 492 2042 548 afferimus

450 596 736 663 exemplis.
795 594 1001 649 Domus
1068 591 1347 662 quondam
1414 587 1853 659 componebatur
1905 584 2038 651 Dei,

450 689 614 761 77o
634 687 786 757 juxta
817 689 1035 743 tertium
1060 686 1372 759 Regnorum
1405 685 1601 740 librum
1647 684 1738 755 (ιιι
1772 680 1903 752 Reg.
1938 679 2039 749 vt),

455 790 513 838 et
534 782 795 837 Salomon
820 790 939 837 erat
966 791 1320 845 construens,
1348 787 1402 834 et
1430 776 1714 834 aedificans
1742 790 1885 830 eam.
1914 772 2048 829 Ubi-

455 890 565 946 que
590 874 744 945 quasi
771 875 825 929 in
859 874 1021 930 laude
1043 873 1245 929 dicitur
1274 874 1342 929 de
1393 872 1559 927 domo
1588 869 1710 933 Dei,
1743 869 1875 939 quia
1908 867 2047 922 mal-

453 967 572 1024 leus
602 976 658 1023 et
689 969 897 1024 securis
923 984 1033 1023 non
1077 975 1208 1022 sunt
1238 966 1426 1021 audita
1456 966 1509 1020 in
1541 964 1708 1019 domo
1733 963 1852 1018 Dei.
1897 962 2042 1031 Ergo

456 1060 732 1133 quomodo
773 1062 1004 1117 malleus
1032 1076 1140 1117 non
1192 1061 1410 1116 auditur
1462 1059 1519 1115 in
1552 1059 1716 1114 domo
1774 1058 1914 1111 Dei:
1965 1055 2044 1112 sic

462 1156 589 1227 quia
613 1154 807 1210 domus
849 1156 945 1211 Dei
980 1156 1226 1211 Ecclesia
1256 1163 1362 1222 est,
1416 1154 1645 1209 malleus
1689 1152 1743 1207 in
1798 1150 2046 1207 Ecclesia

454 1263 563 1303 non
596 1249 839 1304 auditur.
864 1248 995 1317 Quis
1017 1258 1098 1302 est
1122 1249 1222 1303 iste
1263 1247 1501 1302 malleus
1536 1245 1730 1301 volens
1782 1252 2044 1315 quantum

457 1343 510 1397 in
545 1353 709 1398 seest
737 1341 998 1412 impedire
1047 1341 1259 1411 lapides
1307 1338 1695 1395 azdilicationis
1742 1337 1954 1407 templi,
1991 1342 2050 1390 ut

451 1434 670 1488 contriti
721 1450 829 1488 non
894 1433 1218 1489 conveniant
1264 1432 1630 1487 fundamentis
1684 1430 1855 1501 ejus?
1912 1428 2046 1483 Vide

454 1537 482 1567 ι
505 1544 647 1584 nunc
671 1530 829 1602 771
863 1528 1154 1593 Zabulum,
1180 1529 1225 1583 si
1254 1544 1361 1583 non
1398 1528 1515 1596 ipse
1542 1534 1630 1582 est
1654 1526 1882 1580 malleus
1924 1524 2048 1577 uni-

457 1638 633 1679 versae
666 1635 846 1679 terrae.
886 1625 995 1694 Ego
1019 1633 1201 1679 autem
1228 1623 1595 1693 pronuntiabo
1621 1621 1928 1687 confidens,
1954 1634 2045 1675 es-

460 1732 520 1773 se
551 1718 815 1788 aliquem,
845 1719 935 1788 qui
974 1733 1083 1773 non
1138 1733 1471 1789 magnopere
1521 1726 1680 1772 curet
1725 1716 1796 1771 de
1847 1714 2046 1770 malleo

2146 500 2215 542 ne
2239 500 2267 537 a
2300 484 2410 540 Deo
2440 483 2781 554 promitti,ut
2806 484 3043 540 malleus
3061 483 3411 554 percutienda
3444 487 3737 556 percutiat.

2145 581 2309 640 Verbi
2337 580 2509 651 gratia
2539 578 2745 634 dictum
2777 580 2852 634 sit
2873 579 2965 651 (ad
2998 580 3411 649 intelligentiam
3434 582 3578 636 enim
3610 582 3739 639 obs-

2147 676 2423 733 curiorum
2455 683 2745 729 sumuntur
2772 671 3077 743 exempla),
3106 672 3150 727 si
3181 673 3412 728 malleus
3434 689 3541 730 non
3565 686 3734 746 esset,

2148 783 2255 823 non
2287 778 2436 822 esset
2467 766 2593 821 tuba
2622 764 2965 836 productilis,
2998 782 3118 834 qua:
3139 766 3292 835 juxta
3319 765 3517 837 Legem
3547 770 3613 824 ad
3645 784 3741 825 so-

2150 862 2461 918 lemnitates
2510 859 2606 915 Dei
2661 861 2921 925 excutiat,
2965 876 3085 931 quae
3138 861 3475 917 audientium
3530 866 3746 919 animos

2148 958 2409 1027 clangore
2438 971 2541 1010 suo
2591 954 2841 1011 accendit
2891 956 2958 1011 ad
3012 955 3235 1012 bellum.
3266 956 3619 1013 Necessarius
3658 966 3746 1014 est

2151 1050 2404 1113 malleus,
2436 1058 2490 1102 ut
2520 1047 2646 1102 tuba
2680 1046 2998 1116 productilis
3052 1048 3164 1103 fiat.
3212 1048 3374 1104 Multa
3421 1061 3750 1120 cooperatus

2150 1151 2234 1197 est
2263 1140 2363 1196 iste
2396 1139 2629 1194 malleus
2652 1138 2799 1194 tubae
2845 1138 3132 1209 productili
3184 1139 3375 1207 Paulo,
3405 1151 3464 1195 ut
3493 1157 3618 1197 eum
3648 1158 3750 1213 per

2150 1238 2295 1292 varia
2332 1245 2663 1292 tentamenta
2726 1234 3073 1303 produceret,
3124 1244 3178 1289 et
3221 1237 3577 1306 approbaret,
3616 1236 3750 1307 quia

2152 1330 2361 1386 illmsus
2413 1337 2600 1401 posset
2641 1327 2864 1395 excudi,
2894 1328 3229 1399 figuramque
3273 1344 3556 1384 assumere
3605 1330 3751 1385 tubas

2153 1422 2489 1493 magnisonte
2509 1465 2524 1489 ,
2555 1435 2663 1476 non
2697 1421 2959 1476 incertam
2987 1421 3123 1475 dans
3154 1434 3340 1476 vocem
3360 1422 3415 1476 in
3437 1422 3748 1491 audientes,

2151 1527 2209 1570 ut
2241 1522 2615 1585 przrparentur
2645 1512 2714 1568 ad
2744 1512 2957 1567 militia:
2986 1512 3210 1568 bellum.
3231 1512 3297 1568 Et
3321 1515 3576 1584 quoniam
3607 1514 3749 1569 mal-

2155 1608 2274 1663 leus
2329 1607 2604 1662 invenitur
2651 1605 2924 1660 contraria
2979 1603 3261 1671 fortitudo,
3291 1615 3347 1661 et
3390 1606 3557 1661 draco
3588 1607 3748 1664 incus

2153 1700 2543 1771 producibilis,
2576 1699 2732 1753 istius
2764 1697 2912 1752 modi
2965 1713 3180 1769 semper
3207 1698 3259 1752 in
3285 1698 3586 1769 Scripturis
3610 1701 3750 1757 mal-

454 1813 728 1867 universaa
756 1822 934 1867 terrm.
961 1812 1027 1867 Et
1073 1813 1334 1883 quoniam
1375 1812 1694 1882 exemplum
1734 1810 1762 1851 ιι
1793 1826 2043 1881 assump-

2152 1797 2260 1863 leo,
2281 1794 2368 1849 vel
2389 1809 2728 1864 quarumque
2744 1793 2850 1848 alia
2880 1794 3103 1848 materia
3134 1795 3493 1863 compositum
3544 1810 3748 1852 nomen

464 1915 571 1961 tum
602 1915 688 1961 est
708 1906 776 1962 de
804 1907 1052 1962 sensibili
1075 1907 1300 1975 malleo,
1319 1923 1506 1979 qumro
1525 1908 1808 1964 materiam
1843 1907 2047 1963 malleo

456 1998 763 2065 fortiorem,
796 2016 915 2070 qutc
943 2000 1079 2055 nihil
1108 2002 1175 2055 ab
1203 2017 1271 2056 eo
1301 2018 1557 2071 percussa
1584 2004 1840 2072 patiatur.
1872 2003 2043 2071 Quam

455 2093 670 2162 quidem
726 2109 979 2164 qumrens
1028 2095 1206 2164 reperi
1260 2094 1369 2168 [AL
1403 2094 1660 2167 reperiri]
1711 2097 1764 2150 in
1795 2110 1861 2150 eo
1901 2095 2045 2165 quod

451 2189 715 2257 scriptum
747 2200 866 2245 est:
899 2188 1035 2244 Ecce
1053 2192 1131 2244 vir
1162 2201 1305 2245 stans
1339 2207 1496 2263 super
1543 2207 1719 2244 muros
1754 2190 2049 2245 adamanti-

447 2298 562 2346 nos,
588 2290 635 2334 et
660 2285 714 2336 in
748 2300 901 2337 manu
924 2288 1038 2355 ejus
1088 2286 1330 2341 adamas.
1381 2284 1573 2340 Refert
1602 2294 1783 2340 autent
1815 2285 1884 2341 de
1913 2285 2048 2340 ada-

454 2385 640 2431 mante
665 2377 915 2440 liistoria,
943 2379 1068 2449 quia
1085 2379 1282 2434 fortior
1310 2380 1383 2435 sit
1402 2382 1549 2436 omni
1574 2381 1807 2436 czedenti
1826 2394 1885 2435 sc
1908 2381 2046 2436 mal-

451 2467 559 2529 leo.
607 2469 932 2527 incOntritus
984 2480 1040 2528 et
1088 2473 1532 2530 incouvincibilis
1573 2489 1905 2545 permanens
1933 2474 2041 2547 [ΑΙ.

450 2562 856 2637 perseverans].
909 2563 1063 2621 Licet
1085 2580 1250 2636 supra
1296 2574 1407 2623 stet
1437 2567 1665 2621 malleus
1694 2567 1956 2633 Zabulus,
1991 2578 2047 2623 et

460 2656 776 2725 suppositus
808 2657 878 2711 sit
908 2657 1097 2725 draco,
1125 2660 1215 2729 qui
1249 2668 1335 2715 est
1364 2661 1518 2730 quasi
1551 2660 1709 2715 incus
1740 2660 2046 2716 indomabi-

462 2746 551 2813 lis,
578 2748 715 2804 nihil
770 2759 952 2806 tamen
987 2752 1039 2806 in
1065 2767 1224 2807 manu
1259 2752 1381 2818 Dei,
1405 2763 1459 2807 et
1488 2754 1540 2808 in
1587 2762 1882 2823 conSpectu
1924 2755 2044 2822 ejus

453 2841 760 2897 consistens
791 2843 1011 2899 adamas
1048 2845 1369 2916 perpetitur.
1406 2846 1518 2900 Duo
1560 2846 1742 2916 itaque
1772 2845 2043 2900 contraria

451 2943 577 3009 sunt
598 2932 873 2989 adamanti
908 2936 1018 3002 isti,
1050 2938 1298 3003 malleus,
1318 2947 1370 2992 ct
1400 2938 1554 2993 incus
1584 2939 2040 3008 improducibilis.

453 3025 572 3082 Jam
607 3028 879 3097 quoddam
912 3039 995 3085 est
1018 3038 1073 3085 et
1093 3030 1234 3099 apud
1268 3032 1520 3087 nationes
1549 3033 1736 3086 tritum
1762 3031 1906 3104 vulgi
1926 3047 2042 3086 ser-

454 3137 617 3179 mone
650 3125 1017 3195 proverbium,
1053 3138 1108 3180 ut
1138 3127 1205 3182 de
1252 3126 1372 3194 his,
1432 3128 1524 3198 qui
1568 3127 1942 3182 anxietatibus
1991 3134 2044 3181 et

2154 1902 2464 1952 assumens,
2502 1886 2715 1940 iustabo
2745 1900 3000 1941 sermone
3034 1904 3046 1939 :
3079 1884 3213 1941 Cain
3258 1890 3537 1957 generavit
3568 1888 3749 1955 filios,

2154 1990 2208 2036 et
2231 1980 2299 2035 de
2322 1978 2456 2034 Cain
2490 1988 2642 2033 ortus
2673 1988 2760 2034 est
2789 1977 2941 2033 faber
2972 1979 3100 2033 xeris
3128 1989 3182 2035 et
3211 1978 3362 2035 ferri.
3396 1981 3536 2051 Ergo
3562 1992 3619 2036 ut
3649 1981 3753 2036 Za-

2153 2073 2336 2139 bulus,
2366 2071 2459 2142 qui
2485 2072 2729 2126 omnium
2761 2072 3120 2126 tentationum
3167 2082 3423 2143 operator
3469 2084 3576 2140 est,
3611 2073 3752 2130 mal-

2152 2168 2269 2221 leus
2294 2166 2489 2220 dicitur
2525 2183 2536 2219 :
2569 2167 2641 2218 ita
2674 2165 2764 2235 qui
2813 2164 3105 2230 ministrat,
3142 2166 3424 2221 malleator
3471 2175 3557 2222 est
3596 2168 3746 2223 filius

2150 2261 2308 2317 Cain.
2338 2260 2800 2329 Quotiescumque
2831 2260 2973 2315 enim
3006 2261 3056 2314 in
3105 2262 3408 2317 tentatiOue
3456 2262 3738 2333 incideris,

2151 2355 2292 2410 scito
2324 2355 2577 2409 malleum
2607 2352 2868 2408 Zahulum
2898 2367 3043 2418 esse,
3073 2362 3129 2408 et
3165 2355 3540 2411 malleatorem
3572 2372 3698 2412 eum
3729 2397 3745 2423 ,

2155 2464 2252 2517 per
2283 2462 2446 2518 quem
2485 2459 2536 2502 te
2563 2446 2801 2501 Zabulus
2833 2447 3156 2518 insequitur.
3184 2446 3414 2503 Velutin
3442 2448 3750 2517 proditione

2150 2542 2450 2599 Salvatoris
2483 2541 2709 2595 malleus
2742 2539 3003 2604 Zabnlus,
3029 2540 3311 2596 malleator
3335 2539 3502 2597 Judas
3525 2543 3647 2598 fuit.
3682 2544 3750 2598 Et

2151 2637 2307 2692 multi
2333 2644 2486 2692 erant
2518 2635 2863 2690 malleatores
2905 2636 2955 2688 in
3001 2642 3247 2703 tempore
3275 2634 3386 2702 illo,
3412 2650 3522 2706 quo
3555 2634 3746 2691 Domi-

2153 2748 2254 2787 nus
2287 2746 2473 2801 passus
2506 2738 2610 2794 est,
2643 2729 2947 2784 clamantes
2980 2744 2994 2781 :
3030 2727 3156 2782 tolle
3197 2726 3264 2781 de
3323 2737 3465 2783 terra
3523 2727 3686 2784 talem
3724 2745 3740 2784 :

2148 2823 2427 2892 crucifige,
2459 2822 2715 2891 crncilige
2741 2837 2886 2875 eum.
2917 2820 3104 2874 Omnia
3135 2820 3542 2876 malleatoribus
3581 2821 3743 2891 plena

2154 2926 2301 2974 sunt.
2321 2920 2601 2987 Quotquot
2625 2915 2766 2971 enim
2796 2915 2848 2968 in
2869 2926 2989 2970 aetu
3013 2929 3113 2970 suo
3137 2914 3398 2969 Zahulum
3418 2916 3739 2985 suspiciunt,

2148 3023 2203 3068 et
2233 3012 2544 3066 ministrant
2567 3010 2614 3065 ei
2643 3008 2713 3064 ad
2743 3008 3086 3079 probandum
3118 3008 3347 3080 justum,
3381 3020 3435 3064 et
3475 3008 3739 3079 injustum

2148 3104 2577 3175 conrguendum,
2617 3118 2814 3158 omnes
2861 3103 3210 3185 malleatores
3252 3111 3401 3158 sunt.
3451 3102 3656 3159 lilcirco
3695 3105 3742 3159 si

457 3217 770 3287 ingentibus
800 3220 957 3275 malis
979 3230 1323 3291 premuntur,
1353 3197 1568 3275 dicant:
1609 3220 2040 3276 Intermalleum

2150 3199 2265 3255 heri
2297 3199 2584 3254 malleator
2605 3213 2748 3261 eras,
2771 3207 2827 3253 et
2858 3199 2911 3251 in
2943 3213 3101 3251 manu
3127 3197 3380 3252 malleum
3401 3198 3743 3266 c0ntinebas,

454 3321 584 3367 sunt
609 3324 661 3366 et
687 3313 965 3369 incudem.
1000 3314 1077 3369 Tu
1114 3325 1297 3369 autem
1334 3316 1436 3368 hoc
1466 3315 1641 3370 refers
1672 3319 1738 3369 ad
1770 3314 2041 3369 Zabulnm

452 3417 505 3463 et
547 3408 863 3476 draconem,
914 3410 1006 3480 qui
1058 3410 1696 3481 istiusmodisemperin
1741 3411 2043 3482 Seripturis

450 3517 555 3574 pro
582 3506 853 3562 varietate
877 3521 1165 3562 causarum
1194 3506 1509 3562 nominibus
1539 3506 1909 3577 insigniuutur
1944 3524 1956 3561 :
1990 3517 2044 3562 et

451 3595 589 3652 dicis
619 3598 746 3667 quia
791 3609 1009 3655 sanctus
1054 3600 1143 3673 qui
1192 3601 1348 3670 quasi
1399 3616 1585 3655 murus
1632 3600 2040 3665 adamantinus,

450 3689 536 3744 vel
560 3690 611 3743 in
639 3707 797 3744 manu
830 3693 1043 3747 Domini
1072 3692 1296 3748 adamas
1318 3701 1426 3757 est,
1459 3707 1567 3747 non
1592 3702 1747 3748 curet
1770 3707 1945 3763 neque
1973 3692 2044 3748 de

459 3781 682 3850 malleo,
722 3800 896 3854 neque
926 3783 994 3839 de
1050 3786 1277 3852 incude;
1319 3787 1415 3841 sed
1456 3796 1660 3856 quanto
1712 3787 1833 3855 plus
1873 3799 2045 3839 caesus

451 3871 635 3939 fuerit,
669 3883 821 3930 tanto
852 3877 974 3945 plus
998 3879 1116 3948 ejus
1144 3879 1407 3934 virtutem
1442 3879 1855 3949 splendescere.
1875 3878 2043 3933 Aiunt

451 3980 569 4028 eos,
596 3967 685 4036 qui
715 3970 1069 4026 mercimonia
1095 3972 1336 4042 lapidum
1384 3981 1661 4037 exercent,
1691 3987 1812 4027 cum
1844 3972 2039 4026 volue-

452 4058 559 4112 rint
584 4060 819 4129 probare
840 4060 1211 4129 adamantem,
1250 4065 1561 4135 ignorantes
1598 4072 1778 4119 utrum
1807 4063 1877 4118 sit
1910 4063 2042 4119 ada-

453 4167 593 4221 mas,
618 4170 684 4210 an
713 4173 817 4211 non
841 4156 932 4224 sit,
966 4158 1219 4228 quamdiu
1245 4159 1501 4214 malleum
1546 4168 1601 4215 et
1650 4159 1899 4215 incudem
1935 4176 2041 4213 non

452 4245 763 4305 invenerint
793 4269 806 4304 :
835 4263 963 4308 tunc
983 4261 1162 4309 autem
1194 4254 1512 4320 persuaderi
1545 4269 1668 4310 esse
1691 4254 2042 4309 verissimum

450 4343 817 4408 adamantem,
873 4345 919 4400 si
971 4346 1266 4402 indomitus
1319 4348 1475 4416 lapis,
1526 4346 1571 4403 si
1623 4345 1775 4420 [Dele
1806 4348 1937 4400 alter
1976 4345 2043 4419 si]

451 4438 592 4496 inter
622 4441 872 4497 incudem
899 4453 952 4497 et
980 4443 1233 4497 malleum
1265 4452 1603 4514 perseverat,
1633 4442 1678 4497 si
1732 4441 2045 4512 percutien-

454 4543 505 4588 te
528 4534 766 4605 desuper
797 4536 1013 4604 malleo,
1040 4548 1097 4593 et
1121 4537 1318 4593 incude
1348 4537 1658 4608 supposita,
1685 4537 1874 4592 durior
1906 4537 2044 4608 lapi-

450 4624 576 4681 dum
602 4639 790 4684 natura
816 4631 1139 4702 compingit.
1180 4644 1200 4669 ο
1228 4632 1379 4687 Talis
1403 4632 1488 4686 vir
1512 4640 1594 4687 cst
1625 4642 1750 4686 ante.
1781 4632 2039 4687 tentatio-

2150 4606 2282 4661 cutit
2306 4622 2321 4671 ;
2357 4605 2400 4659 si
2430 4619 2644 4673 peccas,

453 4735 574 4787 nes,
618 4721 685 4775 ab
734 4724 819 4776 liis
866 4724 1100 4793 probare
1157 4726 1365 4791 lapides
1411 4727 1686 4793 nesciunt,
1740 4728 2038 4798 ignoratur.

448 4813 766 4871 Certissime
794 4826 975 4872 autem
1009 4820 1160 4874 novit
1184 4820 1657 4876 adamantinorum
1684 4821 1921 4891 lapidum
1949 4838 2046 4877 ua-

455 4917 629 4965 turam
657 4911 808 4966 solus
841 4912 986 4968 Deus
1020 4914 1267 4991 plurimis
1300 4916 1631 4987 ignoratam.
1661 4915 1775 4987 Ego
1805 4918 1921 4988 ipse
1946 4916 2043 4969 ad-

450 5002 556 5059 huc
610 5006 799 5061 nescio
856 5016 1068 5071 utrum,
1124 5011 1381 5064 veniente
1446 5010 1646 5065 malleo
1678 5052 1693 5075 ,
1740 5020 1796 5065 et
1852 5025 2044 5081 percu-

453 5097 627 5153 tiente
660 5113 768 5167 me,
799 5097 1112 5171 confringar
1154 5110 1208 5156 et
1247 5112 1529 5170 eonterar,
1565 5102 1877 5169 convictus,
1922 5103 2048 5171 quia

450 5204 559 5245 non
584 5205 701 5244 sum
727 5191 968 5255 adamas,
1004 5207 1072 5246 an
1100 5202 1253 5248 certe
1304 5208 1467 5247 verus
1510 5192 1731 5247 adamas
1763 5193 2040 5259 ostendar,

450 5282 498 5337 si
548 5283 927 5353 ingruentibus
976 5286 1479 5354 persecutionibus,
1535 5286 1812 5356 periculis,
1874 5296 2052 5342 tenta-

452 5375 883 5442 tionibus,-tam
942 5381 1214 5433 contritus
1284 5377 1438 5434 fuero
1502 5378 1567 5433 ad
1627 5379 1770 5434 ictus
1821 5379 2041 5444 mallei,

448 5470 610 5545 772
635 5485 797 5543 quam
826 5471 1110 5543 probatus.
1144 5475 1209 5530 Et
1242 5482 1297 5529 tu
1324 5474 1442 5540 ipse
1484 5489 1747 5545 percurre
1796 5473 2044 5543 Scriptu-

512 5587 949 5712 Emendamus
992 5604 1058 5645 ex
1113 5588 1340 5645 Rabano
1387 5605 1558 5657 nunc,
1609 5603 1708 5659 pro
1764 5602 1875 5659 quo
1925 5594 2046 5643 erat

512 5676 522 5712 l
563 5677 599 5712 ι.

450 5674 686 5805 ,11³2ιῆτο
710 5744 1056 5805 assumptum,
1097 5736 1240 5805 quod
1268 5734 1474 5789 Rabani
1518 5712 1693 5789 leCtio'
1720 5732 1999 5787 substituit
2026 5771 2042 5799 ,

450 5803 741 5876 manifesto
765 5803 1058 5876 antiquarii
1075 5803 1214 5861 male
1224 5820 1440 5862 veteres
1461 5814 1618 5862 notas
1635 5807 1871 5861 assecuti
1891 5819 2045 5876 erroe

452 5889 545 5943 re,
577 5874 750 5931 tribus
776 5874 960 5931 verbis
982 5887 1103 5932 erat
1150 5876 1203 5931 in
1256 5886 1414 5933 antea
1472 5879 1702 5947 vulgatis
1756 5876 1910 5932 libris
1933 5916 1948 5942 ,
1974 5875 2043 5929 ad

2149 3310 2293 3349 nunc
2313 3294 2553 3357 discens,
2577 3294 2700 3363 quia
2723 3307 2753 3346 a
2773 3291 2904 3348 Cain
2936 3291 3211 3347 fratricida
3243 3292 3501 3347 oriuntur
3521 3295 3744 3349 mallea-

2149 3398 2320 3453 tores,
2355 3388 2559 3458 projice
2584 3388 2843 3442 malleum
2868 3386 2937 3442 de
2968 3402 3129 3441 manu
3173 3396 3286 3454 tua,
3315 3395 3371 3442 et
3412 3390 3743 3460 transmigra

2146 3482 2214 3537 ad
2244 3482 2649 3545 malleatorum,
2678 3495 2801 3550 qute
2847 3479 3104 3549 spiritalis
3149 3490 3254 3547 est,
3286 3484 3696 3549 generationem
3723 3526 3738 3549 ,

2148 3574 2289 3628 sicut
2323 3572 2473 3627 Eoos
2501 3581 2555 3628 et
2586 3572 2955 3640 reliquorum,
2986 3572 3082 3643 qui
3114 3571 3516 3641 Scripturarum
3566 3574 3745 3629 laudi-

2149 3668 2250 3723 bus
2281 3667 2600 3722 efferuntur.
2632 3666 3017 3721 Verumtamen
3054 3666 3178 3721 finis
3208 3666 3517 3722 confractio
3547 3677 3632 3723 est
3655 3678 3740 3724 at-

2146 3778 2254 3833 que
2282 3760 2559 3817 eontritio.
2601 3763 2696 3816 Est
2723 3760 3003 3816 sciendum
3056 3760 3298 3831 quidem,
3327 3763 3584 3833 quoniam
3619 3776 3744 3833 pro-

2148 3856 2406 3927 plietatus
2447 3870 2592 3910 nunc
2643 3855 2871 3908 malleus
2919 3854 3153 3910 Zahulus
3211 3856 3318 3925 sit,
3364 3856 3591 3912 malleus
3635 3871 3742 3912 non

2151 3949 2318 4018 partis
2350 3947 2578 4017 alicujus
2624 3955 2808 4013 terrae,
2839 3945 2934 4001 sed
2982 3949 3252 4001 universae
3295 3957 3476 4016 terrae,
3532 3963 3631 4018 pro
3677 3962 3745 4004 eo

2147 4044 2290 4117 quod
2315 4048 2366 4097 in
2397 4044 2543 4098 omni
2570 4053 2712 4098 terra
2740 4043 2943 4097 malitia
2981 4044 3099 4113 ejus
3125 4043 3366 4113 dispersa
3403 4043 3494 4110 sit,
3532 4052 3587 4099 et
3628 4043 3748 4098 ubi-

2147 4152 2253 4207 que
2284 4136 2446 4207 773
2481 4135 2708 4189 malleus
2736 4136 2836 4190 iste
2867 4136 3068 4191 malum
3105 4147 3389 4202 oneratur.
3427 4136 3522 4191 Est
3561 4143 3743 4191 autem

2148 4232 2310 4287 etiam
2346 4232 2447 4285 hoc
2470 4228 2786 4295 dicendum,
2820 4227 3087 4283 Zahulum
3123 4228 3395 4286 universa:
3429 4241 3590 4284 terra:
3611 4230 3749 4284 mal-

2148 4324 2292 4381 leum
2326 4340 2469 4389 esse,
2504 4340 2611 4379 non
2639 4322 2766 4380 (νωιί
2801 4323 3085 4379 malleum.
3108 4322 3299 4393 Neque
3338 4322 3485 4379 enim
3512 4323 3743 4378 tenuiori

2148 4418 2468 4472 sulistautize
2489 4418 2748 4472 c0nvenit
2773 4416 3024 4484 malleus,
3049 4415 3146 4472 sed
3169 4416 3451 4471 crassiori.
3479 4416 3533 4471 Si
3559 4425 3744 4485 portas

2149 4510 2439 4580 imaginem
2475 4510 2699 4575 terreni,
2721 4508 2954 4564 malleus
2983 4520 3056 4575 te,
3087 4510 3214 4580 quia
3250 4518 3499 4564 terrenus
3516 4525 3597 4575 es,
3619 4523 3748 4580 per-

2676 4615 2730 4660 et
2762 4614 2904 4658 terra
2930 4618 3023 4670 es,
3052 4613 3108 4657 et
3140 4604 3195 4656 in
3229 4614 3428 4659 terram
3461 4602 3565 4657 ihis
3589 4644 3605 4667 ,
3654 4616 3750 4657 ex-

2153 4698 2385 4771 perieris
2411 4688 2663 4753 malleum
2690 4697 2957 4752 universa:
2987 4707 3148 4752 teme
3169 4704 3223 4751 et
3247 4697 3300 4749 in
3326 4705 3379 4751 te
3399 4703 3743 4765 operantem.

2153 4792 2313 4849 Juxta
2347 4793 2508 4847 istum
2536 4791 2908 4855 intellectum,
2962 4789 3094 4844 illud
3142 4804 3361 4860 quoque
3406 4786 3749 4842 animadver-

2155 4888 2375 4944 tendum
2402 4896 2506 4949 est.
2535 4886 2803 4941 universa:
2827 4896 2986 4939 terra:
3001 4883 3279 4950 malleum,
3305 4883 3429 4951 quia
3456 4881 3748 4937 adversum

2152 4991 2350 5039 cuncta
2383 4993 2596 5036 terrena
2631 4979 2930 5049 potentiam
2965 4992 3119 5031 suam
3152 4987 3434 5043 exerceat,
3480 4974 3748 5030 Zahulum

2151 5090 2276 5132 esse
2305 5094 2315 5129 :
2341 5088 2503 5143 posse
2524 5082 2705 5127 autem
2728 5071 2893 5126 etiam
2924 5070 3187 5125 minorem
3212 5070 3468 5122 malleum
3497 5067 3750 5138 intelligi;

2148 5170 2238 5240 qui
2270 5183 2378 5222 non
2408 5168 2679 5221 universa:
2711 5177 2870 5219 terra:
2910 5164 2983 5217 sit
3015 5161 3245 5216 malleus
3268 5202 3283 5228 ,
3331 5162 3427 5218 sed
3461 5161 3607 5216 illius
3631 5205 3645 5229 ,
3690 5168 3751 5215 ut

2148 5264 2224 5317 ita
2256 5263 2458 5323 dicam,
2489 5269 2544 5314 et
2586 5259 2731 5313 illius
2763 5258 2939 5328 partis
2967 5265 3149 5311 terrm.
3211 5254 3281 5311 Et
3322 5255 3591 5323 siquidem
3644 5269 3747 5309 una

2148 5367 2329 5437 aliqua
2359 5361 2640 5419 contraria
2690 5359 2955 5417 fortitudo
2992 5357 3125 5414 milii
3178 5365 3482 5427 repugnat,
3536 5366 3592 5410 et
3635 5355 3752 5410 col-

2146 5470 2384 5526 luctatur
2415 5481 2647 5531 mecum,
2682 5479 2792 5519 nou
2815 5464 3004 5519 valens
3028 5476 3151 5518 cum
3171 5460 3438 5516 universis
3460 5458 3623 5513 simul
3647 5458 3747 5513 lio-

2151 5595 2386 5641 sanctum
2419 5583 2696 5652 Spiritum.

2228 5668 2249 5697 ο
2288 5657 2414 5711 Haec
2440 5650 2635 5709 misere
2663 5654 2843 5707 luxata
2874 5659 3026 5713 sunt;
3062 5650 3287 5705 Graecus
3326 5661 3544 5717 quoque
3572 5654 3750 5701 textus

2154 5729 2244 5798 qui
2274 5736 2555 5797 suppetias
2577 5725 2738 5789 ferat,
2759 5722 3016 5798 lloeloco
3041 5722 3409 5798 desideratur.
3441 5717 3750 5798 Utcumque

2155 5790 2423 5858 resarcias
2447 5800 2492 5853 si
2524 5799 2739 5866 legeris,
2764 5792 2913 5848 Talis
2931 5796 3011 5849 vir
3032 5803 3128 5861 est,
3156 5793 3245 5865 qui
3269 5802 3390 5845 ante
3416 5790 3747 5856 tentationes,

2150 5884 2207 5929 ut
2238 5872 2302 5926 ab
2333 5872 2412 5925 Itis
2439 5870 2527 5940 qui
2559 5869 2798 5939 probare,
2822 5874 2930 5922 etc.
