4128 6346
313 214 418 275 609

887 214 1327 277 TRANSLATIO
1367 215 1805 276 HOMILIARUM
1843 215 2167 278 ORIGENIS
2204 218 2272 277 ΙΝ
2313 211 2682 277 JEBEMIAM.
2728 209 2896 269 llOM.
2936 206 3025 267 Ill.

3499 204 3611 266 610

313 336 552 393 minibus
592 340 892 410 congredi,
942 352 1004 396 ut
1050 341 1286 398 Zabulus
1319 359 1332 396 :
1387 353 1514 398 tunc
1557 350 1643 398 est
1689 343 1909 414 quidem
1936 349 1991 408 Α
2016 342 2171 400 Unde
2189 354 2245 400 et
2268 342 2592 399 mirabiliter
2616 351 2669 396 et
2690 339 2959 410 praeclaro
2980 333 3176 392 ordine
3202 330 3610 403 praphetausus

312 429 537 484 malleus
562 431 614 485 iu
640 448 749 497 me,
777 433 871 488 sed
895 449 1002 488 non
1033 436 1310 491 universa:
1336 444 1498 491 terrae
1525 436 1785 503 malleus;
1815 453 1908 493 ve-

310 537 456 589 rum,
473 524 621 578 utita
645 525 845 594 dicam,
868 542 1002 583 mea:
1016 535 1222 582 tantum
1241 528 1469 585 malleus
1485 538 1664 585 terrae.
1682 527 1914 585 Confra-

304 628 401 676 cto
430 630 615 676 autem
639 630 695 676 et
710 624 954 678 contrito
975 624 1175 680 malleo
1187 624 1454 680 universa:
1473 634 1653 689 terrae,
1678 624 1804 694 quid
1822 639 1914 681 ue-

306 726 470 769 cesse
492 714 850 770 estarbitrari
868 715 1146 771 demalleo
1163 718 1391 786 partium
1411 728 1568 773 terra:
1589 718 1612 772 ?
1630 717 1915 788 Simulque

305 804 569 861 existimo
587 805 950 863 admiratione
972 809 1220 879 dignum,
1240 813 1494 880 quoniam
1514 811 1785 866 universae
1809 821 1915 864 ter-

305 915 385 956 ra:
409 902 647 957 malleus
681 903 759 958 sit
780 904 1172 959 comminutas.
1209 905 1347 973 Quid
1380 905 1524 961 enim
1557 921 1836 976 magnum,
1866 904 1914 959 si

303 993 515 1049 fractus
530 995 806 1060 fuisset,et
826 996 1095 1052 contritus
1116 998 1341 1052 malleus
1360 999 1593 1067 partium
1612 998 1796 1052 terrae?
1810 996 1914 1052 Sed

304 1103 443 1143 vere
467 1105 612 1145 nunc
633 1090 1012 1146 admirandum
1037 1099 1144 1159 est,
1164 1093 1287 1161 quia
1304 1094 1571 1147 universa:
1595 1100 1756 1146 terrae
1782 1089 1919 1145 mal-

305 1182 430 1239 leus
453 1186 773 1241 confractus
803 1196 967 1258 atque
999 1188 1267 1242 contritus
1291 1196 1393 1242 est.
1428 1186 1559 1240 Post
1587 1188 1704 1241 haec
1733 1201 1917 1254 quaero

305 1277 433 1347 quis
452 1280 526 1331 sit
544 1277 670 1343 iste,
687 1279 779 1348 qui
803 1280 1071 1335 universa:
1094 1288 1254 1334 terra:
1296 1279 1553 1334 malleum
1578 1278 1919 1349 confregerit

305 1380 365 1425 et
384 1370 752 1427 contriverit:
782 1384 834 1427 et
850 1371 1033 1427 dicam
1056 1373 1282 1444 Moysen
1301 1388 1405 1427 non
1422 1374 1669 1441 potuisse
1682 1371 1922 1427 confrin-

306 1477 444 1533 gere
472 1476 640 1535 atque
670 1474 955 1522 conterere
975 1467 1230 1523 malleum
1249 1466 1519 1522 universa:
1542 1478 1720 1532 terrae.
1744 1482 1920 1537 neque

305 1566 438 1612 ante
462 1574 587 1613 eum
612 1559 912 1627 Abraham,
934 1577 1110 1633 neque
1133 1572 1254 1632 post
1276 1580 1398 1618 eum
1422 1563 1608 1618 Jesum
1630 1563 1797 1629 Nave,
1820 1578 1919 1618 ne-

303 1666 419 1722 que
443 1653 615 1709 alium
633 1670 967 1725 queinquam
1000 1656 1412 1726 prophetarum.
1440 1656 1573 1724 Quis
1595 1673 1725 1728 ergo
1749 1658 1922 1726 pctuit

2015 450 2100 496 est
2125 440 2312 496 dicens
2347 456 2359 493 :
2396 435 2665 506 Quomodo
2691 438 2987 505 confractus
3007 440 3103 498 est,
3135 440 3182 484 et
3208 428 3461 483 contritus
3482 425 3612 482 mal-

2014 538 2125 594 leus
2147 538 2401 593 universae
2423 536 2610 591 terraz?
2635 532 2907 599 Quomodo
2927 534 3065 600 facta
3080 537 3151 584 est
3178 530 3232 583 in
3254 526 3613 583 exterminium

2016 630 2252 703 Babylon
2278 633 2301 686 ?
2328 630 2484 697 Quod
2514 627 2690 699 primo
2719 624 2917 679 factum
2950 632 3055 690 est,
3100 623 3333 693 primum
3384 632 3614 676 enarra-

2017 724 2095 780 vit
2122 743 2135 780 :
2166 722 2311 795 quod
2348 720 2595 779 secundo
2634 726 3035 789 consequenter
3073 714 3346 785 exposuit.
3396 712 3463 769 Et
3514 710 3617 767 hoc

2018 826 2234 890 oportet
2261 832 2361 888 per
2406 814 2651 886 singulos
2696 812 3106 883 Scripturarum
3158 808 3450 864 observare
3496 822 3616 861 ser-

2017 927 2225 969 mones.
2261 909 2487 980 Quando
2520 910 2701 979 itaque
2732 906 2792 960 fit
2823 906 2878 960 in
2904 902 3295 960 exterminium
3329 898 3617 973 Bahylun?

2019 1006 2244 1079 Quando
2277 1004 2722 1062 exterminantur
2745 1015 2939 1057 omnes
2968 998 3325 1056 confusiones
3347 996 3416 1051 de
3436 994 3618 1051 anima

2018 1116 2365 1172 mea,neque
2392 1098 2624 1155 ulterius
2674 1112 2761 1151 me
2808 1092 3094 1151 confundit
3137 1107 3286 1148 mors
3330 1090 3470 1156 ﬁlii,
3526 1100 3618 1146 aut

2019 1193 2200 1249 obitus
2233 1192 2419 1248 uxoris
2453 1210 2466 1246 :
2496 1206 2617 1246 cum
2649 1204 2757 1245 non
2798 1186 3005 1258 estqui
3046 1201 3132 1241 me
3179 1184 3379 1251 irritet,
3413 1193 3467 1239 et
3494 1199 3620 1253 pro-

2020 1296 2178 1341 vocet
2205 1286 2271 1340 ad
2302 1284 2602 1349 tristitiam,
2636 1282 2704 1337 ad
2751 1282 2885 1335 iram
2911 1322 2924 1347 ,
2977 1277 3046 1333 ad
3089 1274 3619 1347 concupiscentiam,

2022 1379 2183 1451 775
2210 1378 2277 1431 ad
2309 1378 2659 1447 voluptatem,
2687 1372 2903 1445 quando
2932 1385 3127 1427 maneo
3160 1368 3502 1434 inconfusus,
3534 1380 3595 1423 an

2020 1486 2243 1526 sumens
2275 1471 2567 1537 rationem,
2612 1483 2735 1538 quze
2785 1482 2871 1522 me
2915 1466 3228 1531 confirmet,
3272 1472 3325 1519 et
3372 1463 3621 1531 roboret,

2020 1572 2151 1618 tunc
2183 1562 2316 1617 mihi
2349 1561 2545 1617 accidit
2571 1560 2715 1631 quod
2748 1559 2953 1614 dictum
2985 1565 3077 1613 est
3108 1574 3123 1611 :
3154 1553 3323 1609 Facta
3352 1563 3426 1609 est
3454 1555 3509 1609 in
3536 1569 3625 1609 ea:-

2025 1658 2315 1710 terminium
2342 1653 2603 1725 Babylon,
2630 1652 2733 1708 hoc
2759 1660 2846 1709 est
2875 1651 3131 1707 universa
3158 1648 3430 1704 confusio.
3462 1647 3627 1704 Fiunt

304 1746 499 1810 talem,
528 1756 847 1820 tantumque
871 1758 897 1787 α
917 1751 1171 1805 malleum
1199 1751 1471 1806 universae
1495 1760 1654 1806 terrae
1677 1751 1918 1807 conl'rin-
1949 1758 1997 1820 Β
2025 1761 2203 1806 autem
2231 1750 2353 1815 ista,
2389 1749 2443 1803 id
2475 1760 2582 1816 est,
2625 1746 2896 1817 confringi
2924 1787 2939 1812 ,
2991 1755 3046 1802 et
3095 1745 3307 1800 conteri
3363 1741 3621 1797 malleum

304 1853 461 1909 gere,
486 1849 545 1895 et
568 1842 900 1897 conterere?
922 1842 1055 1909 Quis
1080 1843 1283 1899 estiste
1303 1842 1499 1899 Hesus
1518 1843 1764 1899 Christus
1787 1858 1918 1899 con-

303 1928 495 2000 fregit,
518 1941 684 2002 atque
701 1934 1231 1990 contrivitinalleum
1250 1935 1519 1990 universae
1535 1947 1714 1990 ICI'HB.
1732 1935 1802 1989 Et
1816 1936 1919 1991 hoc

304 2040 462 2080 nunc
480 2026 767 2082 admirans
790 2026 842 2081 iit
868 2026 1071 2097 Spiritu
1091 2027 1291 2084 Sancto
1314 2029 1610 2099 prophetes
1628 2029 1705 2081 ait
1731 2044 1745 2079 :
1773 2028 1918 2092 Quo-

304 2119 471 2172 modo
484 2121 810 2189 confractus,
825 2131 872 2174 et
886 2121 1141 2175 contritus
1155 2131 1225 2173 est
1236 2121 1455 2175 malleus
1467 2122 1719 2175 universa:
1731 2123 1920 2176 terrm?

304 2210 501 2267 Primo
516 2215 831 2269 confractus
854 2212 881 2252 ι)
897 2226 1011 2279 est,
1031 2213 1233 2269 deinde
1263 2213 1553 2269 contritus.
1577 2214 1917 2284 thuoniam

308 2309 494 2376 reperi
513 2306 856 2363 Salvatorem
881 2322 1025 2373 esse,
1052 2308 1141 2377 qui
1166 2308 1502 2379 confregerit
1519 2308 1773 2363 malleum
1798 2308 1918 2362 uni-

305 2410 490 2451 versa:
503 2407 665 2453 terra:
678 2410 731 2454 et
745 2398 1446 2466 contriveriteum,veniam
1459 2401 1525 2454 ad
1540 2400 1919 2470 Evangelium,

306 2504 369 2548 ut
394 2492 612 2546 videam
640 2494 870 2558 primam
895 2496 1278 2563 tentationem,
1296 2493 1724 2563 qttandodixitei
1742 2494 1921 2549 Zabu-

307 2586 402 2643 lus
429 2610 443 2642 :
467 2588 634 2662 77$
654 2587 768 2643 Ista
797 2590 973 2644 omnia
991 2589 1082 2643 tibi
1104 2589 1259 2657 dabo,
1288 2590 1333 2643 si
1357 2588 1634 2662 procidens
1664 2590 1917 2644 adorave—

307 2682 387 2736 ris
408 2699 510 2745 me,
529 2691 589 2737 et
610 2682 817 2754 reliqua
850 2691 945 2739 :et
965 2682 1165 2750 dicam,
1194 2681 1319 2753 quia
1350 2685 1400 2737 in
1433 2682 1788 2751 illotempore
1812 2697 1917 2737 non

307 2775 585 2830 contrivit
599 2775 706 2849 [AL
722 2775 1064 2850 contriverit]
1078 2776 1237 2832 Jesus
1252 2776 1506 2832 malleum
1522 2778 1791 2831 universm
1807 2786 1919 2832 ter-

306 2883 414 2935 rm,
432 2869 541 2933 sed
578 2882 786 2926 tantum
808 2868 1081 2940 confregit
1097 2885 1246 2925 eum.
1262 2871 1395 2924 Cum
1415 2885 1547 2925 vero
1563 2868 1917 2941 recessit[Al.

307 2962 650 3037 secessii]ab
676 2980 746 3019 eo
764 2980 937 3036 usque
949 2965 1015 3019 ad
1035 2976 1265 3033 tempus,
1287 2971 1806 3033 ettemporepostea
1824 2978 1921 3017 ve—

309 3060 395 3114 nit
423 3060 685 3125 instante,
704 3070 833 3114 tunc
855 3058 1122 3115 contritus
1151 3067 1259 3125 est,
1289 3073 1394 3113 non
1415 3058 1591 3114 solum
1609 3058 1919 3113 confractus

2027 1844 2206 1900 omnis
2254 1852 2434 1909 teme,
2471 1852 2527 1898 et
2555 1841 2807 1896 demoliri
2853 1839 3210 1911 Babylonem,
3257 1851 3380 1893 cum
3429 1843 3622 1907 gentes

2024 1944 2475 2008 superponuntur
2512 1935 2730 2000 malleo,
2778 1941 2835 1989 et
2882 1931 3170 2003 Babyloni.
3221 1930 3490 2000 Scriptum
3538 1934 3626 1984 est

2024 2030 2167 2087 enim
2206 2046 2219 2082 :
2248 2029 2313 2082 In
2342 2027 2578 2102 gentibus
2604 2034 3012 2100 superponentur
3041 2023 3153 2089 tibi,
3190 2022 3294 2077 hoc
3324 2030 3441 2089 est,
3469 2021 3505 2076 ii
3532 2019 3626 2091 qui

2021 2124 2091 2180 de
2122 2122 2375 2194 gentibus
2398 2129 2528 2175 sunt
2551 2126 2996 2189 superponentur
3024 2116 3144 2181 tibi,
3178 2130 3213 2170 ο
3239 2115 3505 2187 Babylon,
3532 2128 3625 2169 su-

2022 2225 2397 2286 perponetttur
2421 2214 2539 2281 tibi,
2573 2228 2607 2268 ο
2636 2212 2863 2277 mallee,
2901 2221 2959 2267 ut
2985 2208 3352 2279 confringaris
3392 2218 3449 2263 et
3493 2221 3626 2262 con-

2024 2308 2242 2363 teraris.
2274 2306 2507 2375 Quando
2539 2308 2640 2361 ista
2673 2304 2816 2359 facta
2848 2303 3011 2359 sunt?
3043 2302 3098 2357 lit
3132 2300 3371 2357 adventu
3411 2299 3626 2355 Domini

2022 2403 2128 2458 mei
2153 2402 2279 2457 Jesu
2302 2400 2530 2466 Christi,
2572 2416 2694 2456 cum
2748 2398 3096 2468 Evangelinm
3127 2399 3340 2453 cunctis
3372 2394 3626 2467 gentibus

2022 2497 2380 2570 praedicatum
2415 2507 2517 2565 est,
2554 2507 2683 2552 tunc
2710 2496 3043 2566 superpositi
3074 2506 3199 2550 sunt
3230 2495 3389 2550 Pater
3433 2504 3489 2549 et
3535 2492 3625 2548 Fi-

2022 2590 2127 2648 lius
2154 2600 2210 2647 et
2231 2591 2465 2661 Spiritus
2495 2597 2718 2646 sanctus
2749 2587 3039 2662 Babyloni,
3058 2597 3116 2644 et
3134 2589 3331 2644 malleo
3357 2589 3624 2643 universae

2022 2696 2207 2757 terrae,
2243 2696 2298 2742 et
2328 2685 2608 2757 impletum
2635 2692 2721 2740 est
2752 2685 2855 2740 hoc
2884 2683 3031 2755 quod
3077 2684 3340 2753 scriptum
3374 2692 3460 2739 est
3493 2698 3507 2737 :
3554 2681 3624 2739 In

2022 2782 2253 2855 gentibus
2273 2788 2683 2854 superponentur
2696 2779 2809 2845 tibi,
2830 2788 2877 2833 et
2904 2778 3145 2848 capieris,
3170 2776 3428 2849 Babylon,
3452 2788 3623 2834 etnon

2024 2878 2308 2948 coynoscis.
2344 2874 2563 2933 Utinam
2595 2880 2886 2944 caperetur
2915 2872 3157 2945 Babylon
3182 2882 3238 2928 et
3262 2888 3358 2937 per
3378 2872 3624 2943 singulos

2025 2985 2295 3026 nosnum.
2356 2970 2434 3024 Ex
2490 2968 2860 3024 auterioribus
2915 2976 3097 3021 autem
3153 2974 3334 3034 potest
3392 2963 3624 3034 intelligi

2024 3064 2312 3134 captivitas
2342 3061 2657 3133 Babylonis,
2691 3058 2912 3131 quando
2938 3069 3096 3129 capta
3126 3057 3449 3128 suffoditur,
3499 3059 3627 3113 sub-

311 3152 900 3223 ntprimum,malbus
918 3151 1188 3206 universa:
1208 3160 1391 3205 terrae.
1422 3150 1491 3205 Et
1516 3152 1640 3221 quia
1655 3151 1919 3205 contritus
1947 3160 1992 3225 ρ
2022 3157 2279 3224 vertitur,
2308 3154 2609 3217 destilatur;
2640 3152 2772 3207 nihil
2806 3154 2859 3206 in
2891 3152 3052 3207 nobis
3071 3151 3310 3207 resideat
3350 3152 3627 3207 confusio-

312 3254 423 3308 est,
457 3245 552 3315 qui
597 3246 779 3301 fuerat
806 3254 937 3300 ante
977 3244 1289 3301 confractus
1318 3286 1331 3311 ,
1380 3244 1609 3299 malleus
1653 3244 1920 3299 universa:

314 3348 507 3406 terra,
537 3340 745 3395 idcirco
778 3356 877 3410 per
905 3354 1349 3409 unumquemque
1388 3346 1633 3393 nostrum
1679 3335 1921 3391 confrin-

315 3436 467 3507 gitur
498 3433 720 3504 quidem
751 3434 971 3505 quando
1000 3430 1403 3488 introducimur
1430 3429 1484 3485 in
1516 3429 1838 3496 Ecclesium,
1868 3438 1924 3484 et

316 3529 642 3601 proficimus
670 3528 738 3583 ad
770 3526 882 3601 [Αι.
919 3527 997 3601 ἰη]
1029 3527 1212 3583 iidem.
1242 3524 1566 3582 Conteritur
1612 3534 1790 3580 autem
1824 3566 1839 3590 ,
1870 3532 1926 3580 et

318 3622 737 3687 Comminttitur,
763 3623 982 3694 quando
1003 3622 1070 3678 ad
1098 3633 1121 3662 ο
1147 3623 1449 3693 profectum
1472 3620 1739 3677 venimus.
1769 3620 1923 3689 Quod

318 3716 371 3772 si
398 3717 619 3773 dubites
642 3719 853 3772 conteri
878 3715 1142 3772 Zabulum
1160 3716 1228 3771 ad
1256 3715 1555 3787 profectum
1581 3714 1925 3772 venientibus

320 3811 511 3874 nobis,
544 3810 674 3867 audi
701 3810 1022 3882 Apostolum
1073 3810 1460 3866 benedictione
1495 3808 1727 3881 quadam
1761 3809 1927 3865 bene-

318 3905 598 3962 diceutem
616 3907 850 3977 justum,
876 3920 1036 3978 atque
1064 3906 1339 3962 dicentem
1367 3924 1380 3961 :
1410 3904 1553 3961 Deus
1593 3915 1761 3960 autem
1803 3920 1927 3958 con-

322 4008 459 4057 terat
484 4000 736 4056 Satanam
759 4001 850 4055 sub
873 4000 1086 4074 pedibus
1107 3999 1288 4055 vestris
1315 3999 1556 4054 velociter
1580 3997 1757 4071 (Rom.
1789 3994 1921 4067 xvi).

324 4092 598 4149 Animalia
624 4105 706 4149 est
739 4095 842 4150 iste
870 4097 1122 4162 malleus,
1167 4096 1401 4149 fortasse
1450 4108 1593 4148 nunc
1644 4091 1775 4146 furit
1826 4090 1923 4144 ad-

322 4198 548 4241 versum
581 4201 699 4255 nos,
729 4196 787 4242 et
814 4188 1016 4259 quaerit
1040 4187 1168 4257 quia
1196 4186 1299 4241 ista
1329 4184 1398 4241 de
1425 4200 1493 4241 eo
1529 4183 1842 4254 pandimus,
1873 4190 1926 4238 et

323 4278 629 4335 mutet-itur
658 4295 686 4332 a
716 4280 873 4335 uobis
898 4279 1101 4353 (neque
1126 4280 1275 4336 enim
1298 4278 1665 4349 confringitur
1691 4285 1923 4340 tantum,

322 4382 385 4431 et
412 4389 520 4429 non
546 4372 712 4429 etiam
759 4374 1063 4430 conteritur
1110 4389 1205 4445 per
1236 4371 1381 4444 nos),
1432 4371 1778 4443 confringere
1826 4385 1925 4426 nos

323 4467 639 4525 econtrario
665 4477 719 4525 et
739 4481 1048 4525 conterere.
1079 4467 1147 4522 Et
1174 4467 1375 4523 multos
1401 4467 1623 4538 quidem
1661 4464 1929 4521 contrivit

2025 3247 2133 3303 nis.
2162 3246 2233 3301 Et
2257 3247 2476 3320 capieris
2499 3289 2514 3315 ,
2568 3244 2827 3317 Babylon,
2862 3257 2907 3300 et
2935 3261 3041 3299 non
3079 3244 3383 3315 cognoscis;
3421 3245 3625 3298 inventa

2024 3358 2096 3408 es,
2144 3349 2190 3395 et
2239 3340 2629 3412 comprehensa,
2684 3340 2807 3411 quia
2850 3339 3075 3393 Domino
3118 3338 3371 3393 restitisti.
3408 3338 3624 3409 Ergone

2029 3437 2145 3492 sola
2176 3435 2425 3507 Babylon
2454 3434 2681 3490 Domino
2705 3433 2925 3498 restitit,
2961 3443 3018 3491 et
3049 3450 3156 3490 non
3203 3432 3385 3505 potius
3430 3448 3623 3490 omnes

2023 3539 2239 3603 gentes,
2262 3529 2415 3596 dum,
2447 3539 2696 3585 creatore
2726 3522 2968 3599 deserto,
2997 3528 3139 3585 idola
3163 3538 3434 3585 veneratae
3461 3537 3617 3596 sunt;

2027 3624 2256 3679 Domino
2305 3622 2680 3678 nstiterunt?
2732 3620 2815 3677 An
2870 3622 3174 3691 figuraliter
3216 3622 3348 3678 dicit
3398 3638 3626 3679 omnem

2024 3717 2261 3773 animam
2292 3717 2624 3771 contrariam
2652 3713 2985 3780 Jerusalem,
3018 3714 3068 3769 id
3100 3722 3188 3770 est
3215 3714 3415 3769 visioni
3447 3715 3622 3785 pacis,

2025 3809 2357 3882 Babylonem
2390 3822 2536 3864 esse.
2562 3806 2717 3864 Unde
2744 3818 2800 3863 et
2829 3807 3013 3865 Sancti
3044 3805 3099 3862 in
3130 3806 3469 3876 Jerusalem,
3502 3821 3628 3877 pec-

2025 3913 2241 3960 catores
2275 3903 2328 3958 in
2358 3902 2635 3974 Babylone
2663 3910 2842 3958 erant.
2878 3900 2996 3956 Etsi
3021 3901 3325 3971 peccabant
3352 3900 3626 3973 Jerosoly-

2026 3999 2198 4063 mitte,
2230 3996 2592 4052 mittebantur
2634 3996 2689 4051 in
2722 3995 3092 4067 Babylonem,
3128 4004 3187 4051 et
3226 3995 3307 4050 sic
3340 4001 3627 4051 converte-

2028 4094 2225 4149 bantur
2272 4091 2339 4147 ad
2381 4092 2758 4162 ptenitentiam
2820 4090 2873 4145 in
2915 4090 3191 4162 Babylone
3237 4092 3625 4147 consistentes.

2028 4185 2217 4242 Sancti
2232 4201 2359 4242 vero
2374 4185 2822 4257 regrediebantur
2845 4184 2903 4240 in
2915 4183 3245 4241 Jerusalem.
3261 4182 3335 4239 Ca
3345 4184 3489 4253 pitur
3500 4198 3632 4255 ergo

2028 4278 2299 4350 Babylon,
2328 4288 2384 4333 et
2413 4293 2520 4333 non
2546 4278 2856 4350 cognoscit.
2888 4276 3135 4349 Babylon
3164 4276 3370 4347 quippe
3391 4275 3498 4347 legi
3522 4291 3629 4331 non

2028 4374 2336 4443 subjicitur,
2368 4388 2545 4443 neque
2576 4374 2723 4429 enim
2757 4379 2936 4441 potest
2978 4386 3086 4426 non
3118 4370 3340 4425 iuventa
3388 4369 3630 4443 Babylon

2030 4468 2425 4538 comprehensa
2449 4482 2572 4523 esse
2598 4482 2613 4534 ;
2645 4465 2740 4523 sed
2768 4466 2840 4522 ob
2859 4466 2911 4521 id
2960 4464 3361 4536 comprehensa
3392 4476 3476 4522 est
3504 4480 3629 4521 cum

325 4577 448 4631 eos,
477 4562 570 4634 qui
601 4579 707 4618 non
736 4563 1026 4618 attendunt
1061 4561 1190 4627 sibi,
1221 4577 1399 4633 neque
1442 4560 1693 4617 custodia
1739 4574 1929 4616 serva-
1954 4555 2009 4620 D
2033 4563 2251 4619 inventa
2275 4573 2381 4633 est,
2409 4565 2533 4633 quia
2564 4562 2792 4616 Domino
2818 4559 3043 4616 reStitit.
3088 4559 3296 4617 Deinde
3339 4560 3630 4617 exordium

324 4667 529 4713 verunt
578 4671 676 4711 cor
730 4670 910 4712 suum.
956 4654 1158 4711 Verum
1210 4670 1312 4710 nos
1340 4653 1685 4711 confidentes
1711 4654 1763 4707 in
1795 4654 1926 4720 Deo,

327 4748 624 4805 credentes
652 4749 709 4803 in
737 4747 1012 4803 Christum
1038 4746 1158 4816 Dei,
1189 4761 1295 4803 non
1326 4748 1616 4803 timeamus
1639 4746 1924 4802 Zabulum.

327 4840 522 4898 Timor
555 4839 649 4896 Dei
675 4840 807 4897 facit
830 4855 933 4895 nos
958 4855 1063 4895 non
1088 4840 1347 4896 timentes
1368 4839 1657 4905 Zabulum,
1685 4839 1929 4911 nihilque

326 4937 399 4993 ab
426 4952 496 4993 eo
530 4935 759 5007 perpeti,
784 4935 884 4990 sed
914 4942 971 4991 et
996 4934 1181 4991 dicere
1208 4951 1312 4989 non
1338 4942 1548 4990 tantum
1573 4935 1926 5006 generaliter,

326 5043 523 5087 verum
550 5036 608 5085 et
636 5031 703 5083 de
733 5027 892 5083 nobis
921 5026 1095 5097 ipsis:
1134 5027 1406 5094 Quomodo
1437 5028 1733 5097 confractus
1762 5037 1857 5089 est,
1882 5036 1931 5081 et

327 5122 584 5177 contritus
626 5122 847 5177 malleus
890 5121 1140 5176 universae
1187 5121 1378 5175 terrae?
1420 5119 1522 5175 Illo
1563 5130 1746 5176 autem
1797 5136 1930 5176 con-

329 5214 535 5281 fracto,
577 5224 634 5271 et
663 5216 1031 5280 comminuto,
1059 5214 1303 5285 Babylon
1326 5213 1385 5268 fit
1413 5214 1465 5268 in
1489 5213 1882 5270 exterminium
1916 5232 1928 5269 :

330 5326 438 5368 nec
470 5313 620 5379 prius
642 5309 982 5365 confusionis
1012 5309 1210 5365 civitas
1233 5308 1552 5380 dissipatur,
1584 5326 1748 5381 quam
1797 5311 1934 5365 mal-

332 5403 457 5463 leus
504 5406 775 5461 universa:
814 5411 983 5460 terra:
1025 5402 1437 5475 confringatur,
1487 5412 1542 5460 et
1588 5394 1929 5461 conteratur.

412 5600 439 5629 ⁸
466 5590 556 5648 Sic
585 5588 843 5646 Rabanus
872 5586 1129 5645 restituit.
1162 5585 1223 5643 In
1253 5596 1412 5645 antea
1430 5584 1660 5658 vulgatis
1688 5595 1827 5656 erat,
1861 5596 1940 5643 ta-

338 5661 446 5809 (rem
466 5672 765 5733 tantumque
790 5663 980 5730 uirum,
1012 5671 1061 5717 et
1082 5661 1331 5717 universae
1358 5670 1509 5718 terra:
1538 5661 1782 5716 malleum
1815 5676 1939 5717 con-

366 5752 588 5807 ringere,
612 5746 721 5791 etc.

450 5753 588 5807 gere,
612 5753 721 5791 etc.

2036 4658 2265 4714 alterius
2293 4656 2536 4727 capituli.
2565 4655 2782 4729 Aperuit
2809 4654 3069 4711 Dominus
3108 4656 3413 4712 thesaurum
3454 4673 3630 4725 suum,

2034 4760 2082 4807 et
2113 4751 2327 4823 protulit
2352 4767 2478 4806 vasa
2496 4751 2593 4806 ira:
2616 4766 2743 4817 suae,
2770 4750 2891 4822 quia
2908 4767 3037 4823 opus
3064 4749 3293 4806 Domino
3318 4752 3559 4807 virtutum
3580 4751 3635 4805 in

2036 4852 2173 4899 terra
2201 4841 2587 4899 Chaldaeorum.
2634 4842 2893 4912 Quoniam
2942 4853 3189 4899 venerunt
3232 4852 3468 4915 tempora
3523 4844 3636 4914 ejus

2036 4939 2241 5008 aperire
2267 4939 2542 5011 apothecas
2581 4938 2718 5007 ejus,
2758 4938 3068 4992 scrutamini
3096 4954 3207 4992 eam
3236 4940 3383 5010 quasi
3422 4935 3636 5006 spelun-

2036 5049 2171 5100 cam,
2202 5042 2248 5085 et
2281 5030 2565 5101 disperdite
2602 5046 2735 5099 eam,
2766 5048 2830 5086 ne
2857 5032 2959 5085 sint
2988 5031 3103 5103 ejus
3152 5030 3407 5099 reliquia'.
3450 5026 3637 5081 Exsic-

2039 5137 2150 5182 cate
2177 5141 2351 5180 omnes
2387 5126 2586 5197 fructus
2605 5126 2741 5193 ejus,
2786 5134 2833 5179 et
2878 5124 3155 5179 descendat
3202 5124 3256 5178 in
3302 5120 3632 5176 occisionem.

2045 5220 2139 5276 Va:
2163 5221 2258 5287 eis,
2288 5220 2530 5290 quoniam
2545 5220 2680 5275 venit
2700 5221 2812 5276 dies
2836 5235 3034 5287 eorum,
3062 5228 3260 5287 tempus
3286 5216 3523 5271 vindicta:
3550 5228 3637 5268 eo.

2036 5332 2155 5369 rum
2198 5314 2333 5387 (Jer.
2360 5313 2438 5384 ι).
2483 5312 2682 5369 Volens
2727 5313 3038 5382 intelligere
3090 5310 3195 5367 hoc
3245 5309 3387 5382 quod
3434 5309 3637 5365 dictum

2040 5418 2125 5467 est
2153 5427 2167 5465 :
2198 5408 2416 5480 Aperuit
2444 5406 2699 5464 Dominus
2729 5406 3030 5463 thesaurum
3078 5420 3270 5474 suum,
3325 5413 3379 5461 et
3420 5401 3643 5475 protulit

2104 5585 2348 5717 tbdAntiea
2369 5590 2650 5662 legebatur
2683 5606 2698 5645 :
2728 5590 2897 5662 primo
2939 5588 3259 5661 confractus,
3306 5600 3356 5648 et
3393 5589 3644 5648 contritus

2177 5680 2256 5717 em
2301 5680 2347 5717 ε.

2044 5679 2122 5719 εει
2138 5679 2347 5718 aemae.

2124 5746 2163 5807 ε,
2181 5733 2336 5807 Apud
2364 5733 2603 5805 Raban.,
2632 5733 2703 5789 ad
2725 5734 3010 5807 perfectum
3034 5734 3339 5794 venerimus.
