4104 6336
578 260 673 317 6H

1838 256 1894 315 S.
1938 252 2215 312 EUSEBII
2252 250 2629 311 HIERONYMI

3739 260 3827 317 6H

579 378 750 450 776
776 391 899 430 vasa
925 377 1017 429 irae
1040 388 1170 441 sua,
1218 386 1406 444 quacro
1450 372 1518 427 de
1565 372 1669 426 alia
1724 372 2012 442 Scriptura
2043 386 2173 426 vara
2203 372 2257 430 Α
2279 384 2400 423 rasa
2428 385 2585 423 aurea
2614 376 2662 422 et
2691 379 2954 439 argentea,
2984 369 3073 423 sed
3115 379 3159 422 ct
3192 352 3387 441 lignea,
3424 379 3467 425 et
3486 374 3694 442 fictilia:
3738 379 3827 430 alia

582 471 676 527 irae
700 471 815 532 Dei,
864 476 919 525 et
961 467 1183 522 invenio
1232 465 1299 521 ad
1346 465 1649 535 pleniorem
1705 465 2171 536 comparationem

581 564 742 639 istius
788 563 1089 633 Scripturae
1138 563 1479 633 Seripturam
1528 560 1893 632 Apostolicam
1922 601 1936 626 ,
1993 560 2173 631 ibique

593 658 813 714 invenio
844 658 1166 729 Apostolum
1196 655 1328 711 mihi
1361 656 1741 726 subjicicntcm
1766 673 1885 726 quae
1909 656 2017 710 sint
2048 672 2172 712 vasa

580 751 677 807 irae
711 751 833 807 Dei.
863 751 952 806 Ait
981 752 1126 806 enim
1163 768 1178 805 :
1208 750 1263 806 Si
1286 758 1464 806 autem
1494 749 1681 805 volens
1712 748 1857 804 Deus
1884 749 2174 805 ostendere

586 844 723 898 iram
758 858 936 909 suam,
966 853 1021 899 et
1052 852 1233 897 notam
1274 841 1460 897 facere
1491 842 1785 912 potentiam
1818 856 1998 908 suam,
2051 858 2173 911 per-

583 939 709 993 tulit
736 938 793 994 in
821 938 988 993 multa
1022 939 1274 1007 patientia
1308 952 1437 991 vasa
1474 937 1570 991 irae
1598 944 1898 1007 praeparata
1951 935 2015 990 ad
2048 952 2173 1007 per-

582 1031 876 1097 ditionem,
900 1040 958 1085 ut
983 1030 1301 1085 ostenderet
1320 1030 1535 1101 divitias
1564 1030 1751 1099 gloria;
1781 1044 1896 1085 sua:
1943 1030 1997 1084 in
2047 1045 2175 1083 vasa

581 1123 1000 1192 misericordim,
1035 1137 1157 1193 quae
1186 1122 1509 1193 praeparavit
1560 1124 1611 1177 in
1650 1122 1904 1192 gloriam,
1947 1136 2084 1193 quos
2124 1132 2178 1176 et

586 1216 806 1271 vocavit
830 1232 938 1271 non
970 1217 1149 1272 solum
1179 1231 1245 1272 ex
1273 1214 1497 1281 Judzeis,
1530 1231 1718 1271 verum
1748 1216 1913 1271 etiam
1946 1233 2009 1270 ex
2043 1232 2176 1287 geu-

588 1310 733 1366 tibus
758 1310 935 1383 (Rom.
968 1309 1066 1381 ix).
1106 1310 1455 1367 Generaliter
1498 1310 1795 1380 Apostolus
1842 1327 2032 1366 omnes
2081 1312 2179 1369 ho-

585 1406 759 1462 mines
781 1406 964 1461 divisit
989 1405 1237 1461 bifariam
1268 1447 1282 1473 ,
1330 1408 1521 1462 dicens
1567 1405 1829 1476 quosdam
1880 1421 2001 1463 esse
2049 1423 2178 1462 vasa

588 1498 1001 1565 misericordiae,
1033 1500 1295 1569 quosdam
1330 1514 1455 1554 vasa
1479 1498 1594 1554 irae.
1622 1496 1785 1553 Verbi
1808 1500 2005 1569 gratia,
2041 1499 2180 1556 Pha-

584 1607 809 1649 raonem
841 1601 897 1649 et
925 1591 1207 1665 Ailgyptios
1240 1609 1364 1650 vasa
1392 1594 1486 1649 ira:
1512 1611 1524 1646 :
1559 1607 1746 1647 rursus
1768 1607 1828 1647 se
1852 1596 1939 1659 qui
1970 1595 2179 1664 prinms

586 1686 1016 1742 misericordiam
1039 1698 1364 1742 consecutus
1394 1695 1497 1752 est,
1520 1696 1577 1741 et
1606 1703 1701 1742 eos
1731 1688 1823 1757 qui
1849 1687 1902 1743 in
1935 1700 2178 1759 tempore

2279 463 2481 534 quidem
2527 464 2578 516 in
2615 462 2881 531 honorent,
2935 461 3042 517 alia
3082 479 3236 531 porro
3290 464 3367 532 in}
3390 468 3730 521 contumeliam
3766 469 3823 540 (ιι

2279 556 2421 611 Tim.
2456 558 2537 628 tt).
2572 556 2628 613 Si
2673 558 2832 626 igitur
2871 557 2994 627 quis
3034 557 3372 613 mundaverit
3408 557 3735 629 semetipsum
3769 564 3825 614 ab

2278 651 2386 718 his,
2418 654 2524 709 erit
2552 668 2645 707 vas
2673 655 2729 708 in
2762 653 3137 723 honorem,[et
3167 653 3573 719 sanctificatum,
3597 654 3714 711 utile
3742 656 3829 711 Do-

2279 749 2459 814 mino,
2501 748 2568 804 ad
2596 764 2755 805 omne
2780 750 2983 806 bonum
3010 763 3143 818 opus
3174 757 3550 819 praeparatum.
3601 747 3828 815 Putasne,

2278 856 2471 912 magna
2502 842 2700 899 domus
2728 842 2783 897 in
2815 842 3070 913 praesenti
3101 851 3215 906 est,
3245 851 3298 896 et
3335 843 3387 896 in
3417 857 3476 897 ea
3507 852 3623 898 sunt
3646 856 3757 896 vasa
3784 842 3829 897 in

2280 933 2571 999 honorem,
2606 944 2658 989 et
2684 936 2789 989 alia
2819 936 2870 989 in
2894 933 3321 990 contumeliam?
3345 936 3424 990 An
3446 935 3498 990 in
3528 935 3610 990 illa
3631 951 3739 1005 qua)
3765 937 3831 990 fu-

2281 1035 2401 1082 tura
2424 1036 2507 1081 est
2536 1027 2720 1094 domo,
2753 1043 2879 1083 vasa
2911 1027 3135 1097 quidem
3167 1043 3329 1083 aurea
3363 1034 3418 1083 et
3445 1038 3706 1099 argentea,
3733 1043 3834 1097 qua:

2278 1130 2409 1176 sunt
2450 1122 2502 1176 in
2538 1122 2831 1185 honorem,
2868 1123 3212 1178 invenientur
3231 1122 3370 1195 }vasa
3402 1138 3522 1178 esse
3560 1122 3836 1178 misericor-

2279 1213 2383 1269 diae
2415 1233 2427 1270 :
2462 1215 2672 1287 reliqua
2694 1228 2897 1284 autem,
2935 1218 2986 1272 id
3013 1228 3118 1284 est,
3152 1217 3455 1275 mediocres
3478 1217 3728 1282 homines.
3759 1218 3835 1288 qui

2281 1316 2431 1361 extra
2467 1308 2783 1364 thesaurum
2816 1319 2961 1374 sunt,
2988 1325 3057 1365 ne
3086 1311 3198 1365 sint
3219 1326 3343 1365 vasa
3376 1311 3500 1379 irai,
3527 1326 3621 1369 seu
3649 1311 3837 1366 miseri-

2281 1400 2505 1463 cordiae,
2547 1401 2598 1454 hi
2623 1409 2879 1470 poterunt
2913 1404 3070 1471 juxta
3097 1402 3554 1472 dispensationem
3580 1404 3836 1473 quamdam

2284 1492 2607 1560 profundam
2642 1492 2737 1547 Dei
2764 1509 2888 1548 vasa
2920 1509 3041 1549 esse
3074 1495 3124 1549 in
3155 1510 3348 1565 magna
3369 1496 3550 1561 domo,
3575 1512 3687 1566 quae
3708 1512 3841 1551 mun-

2283 1582 2405 1637 data
2438 1601 2542 1638 non
2573 1594 2719 1649 sunt,
2752 1586 2847 1642 sed
2876 1598 2998 1642 sunt
3032 1602 3159 1643 vasa
3191 1598 3363 1643 testea
3386 1588 3442 1643 in
3466 1589 3837 1654 contumeliam,

2284 1689 2521 1735 attamen
2548 1682 2854 1737 necessaria
2879 1683 3105 1737 domui?
3150 1682 3283 1739 Vide
3306 1693 3485 1739 autem
3509 1685 3551 1739 si
3575 1683 3778 1739 voluero
3796 1691 3843 1738 et

583 1782 655 1839 de
678 1782 882 1839 Judmis
905 1792 960 1841 et
985 1785 1244 1855 gentibus
1274 1785 1647 1855 credjderum,
1685 1800 1810 1840 vasa
1864 1786 2178 1841 misericor-
2207 1771 2255 1832 Β
2283 1773 2386 1827 huc
2428 1776 2606 1841 ipsum
2647 1773 2958 1844 exemplum
2995 1791 3062 1832 ex
3093 1775 3201 1830 alio
3232 1776 3842 1845 Scripturaejtestitnonio

590 1876 699 1932 dite
726 1879 1076 1948 nuncupavit.
1101 1876 1242 1934 Sunt
1273 1894 1402 1949 ergo
1430 1880 1480 1933 in
1506 1881 1767 1935 thesauro
1792 1879 1882 1933 Dei
1909 1894 2035 1933 vasa
2063 1878 2182 1934 irae.

586 1972 862 2040 Scriptum
888 1974 1134 2028 estcnim
1164 1973 2183 2044 :Aperui!Dominusthesanrumsunm,

589 2074 636 2119 et
668 2066 884 2136 protulit
909 2082 1031 2120 vasa
1058 2069 1150 2121 ira:
1176 2083 1302 2121 aute.
1333 2067 1467 2136 Quis
1496 2077 1583 2123 est
1625 2072 1728 2123 iste
1761 2072 2049 2123 thesaurus
2078 2068 2186 2121 Do-

588 2160 745 2223 mini,
784 2160 836 2213 in
865 2172 973 2230 quo
1004 2175 1130 2215 vasa
1162 2162 1253 2214 irae
1291 2162 1691 2218 inveniuntur?
1739 2163 1953 2232 Aliquis
2000 2162 2184 2218 forsan

584 2260 815 2321 quaeret,
864 2262 1044 2308 utrum
1093 2252 1148 2308 in
1208 2254 1467 2310 thesauro
1520 2255 1737 2310 Domini
1792 2265 1999 2311 tantum
2054 2269 2184 2309 vasa

589 2345 683 2400 irae
730 2347 881 2413 sint,
932 2355 989 2401 et
1042 2349 1336 2403 thesaurus
1404 2349 1541 2413 Dei,
1594 2350 1687 2418 qui
1751 2358 1834 2404 est
1891 2351 2187 2405 thesaurus

585 2439 835 2493 omnium
871 2479 885 2503 ,
964 2456 1075 2495 non
1132 2441 1340 2497 habeat
1390 2440 1523 2513 [Αἰ.
1574 2441 1778 2514 habet]
1837 2456 1969 2496 vasa
2014 2445 2182 2499 mise-

586 2531 835 2587 ricordiae
869 2550 884 2586 :
946 2548 1015 2587 an
1063 2532 1209 2588 aliud
1241 2533 1370 2604 quid
1420 2534 1652 2603 intelligi
1687 2541 1939 2604 oporteat
1969 2534 2038 2589 de
2070 2535 2187 2592 tlte-

580 2640 748 2683 sauro
785 2627 899 2689 Dei.
948 2628 1092 2684 unde
1120 2627 1420 2683 efferantur
1449 2643 1579 2683 vasa
1608 2629 1703 2684 ira:
1728 2628 1890 2697 ejus?
1941 2628 2187 2685 Thesau-

587 2735 707 2776 rum
739 2721 958 2776 Domini
989 2736 1123 2792 ergo
1151 2722 1433 2778 conlidens
1481 2722 1660 2777 dicam
1710 2737 1834 2778 esse
1886 2721 2184 2778 Ecclesium

585 2814 729 2884 ejus,
763 2826 817 2869 et
846 2815 900 2870 in
931 2816 1036 2870 isto
1070 2819 1352 2881 thesauro,
1387 2815 1436 2870 id
1468 2825 1551 2871 est
1591 2816 1863 2879 Ecclesia,
1904 2820 2051 2886 saepe
2091 2816 2188 2870 lto-

590 2911 766 2965 mines
811 2909 1066 2981 latitare,
1120 2912 1212 2982 qui
1252 2921 1381 2966 sunt
1424 2926 1551 2966 vasa
1604 2912 1718 2967 iraa.
1769 2911 1962 2968 Veniet
2026 2912 2187 2981 igitur

588 3013 823 3073 tempus,
854 3003 1072 3074 quando
1102 3006 1314 3074 aperiat
1348 3005 1614 3059 Dominus
1654 3004 1972 3059 thesaurum
2004 3004 2189 3059 Eccle-

585 3096 680 3150 siae
710 3114 722 3149 :
753 3110 893 3151 nunc
919 3098 1065 3151 enim
1089 3097 1279 3152 clausa
1307 3106 1393 3152 est
1420 3096 1689 3162 Ecclesia,
1712 3107 1767 3151 et
1790 3112 1916 3151 vasa
1936 3097 2031 3152 ira:
2060 3112 2182 3150 cum

2288 1869 2665 1936 comprobare.
2718 1869 3082 1924 lnbouoratus
3131 1879 3247 1935 est,
3294 1870 3503 1940 inquit,
3553 1870 3842 1934 Jechonias,

2288 1961 2438 2030 quasi
2471 1976 2564 2015 vas
2592 1963 2743 2030 cujus
2769 1962 2914 2016 nulla
2949 1973 3030 2017 est
3059 1963 3267 2017 utilitas
3302 1961 3521 2032 (Jcrent.
3555 1963 3705 2034 nn).
3745 1962 3845 2018 Non

2288 2053 2381 2121 ait,
2425 2061 2509 2107 est
2534 2054 2749 2124 quidem
2778 2057 2897 2124 ejus
2923 2055 3148 2119 utilitas,
3193 2057 3245 2112 in
3285 2057 3664 2113 contumeliam
3694 2066 3847 2109 autem

2288 2143 2405 2213 ejus
2425 2153 2509 2198 est
2538 2145 2743 2202 utilitas
2776 2162 2790 2199 :
2824 2146 2919 2201 sed
2947 2147 3070 2217 quia
3103 2159 3300 2206 eratet
3328 2152 3500 2207 domo
3522 2148 3635 2213 Dei,
3666 2158 3713 2202 et
3741 2161 3849 2215 pec-

2288 2240 2451 2305 cavit,
2484 2240 2534 2292 in
2568 2249 2738 2295 totum
2772 2258 2876 2294 non
2907 2249 2992 2297 est
3021 2242 3142 2311 ejus
3171 2244 3405 2302 utilitas.
3441 2246 3621 2301 Habeo
3641 2254 3691 2299 et
3712 2242 3849 2297 aliam

2291 2330 2649 2400 Scripturam,
2676 2333 2729 2386 iu
2756 2350 2858 2403 qua
2879 2335 3079 2391 dicitur
3099 2339 3168 2392 dc
3190 2339 3295 2393 alio
3313 2339 3549 2409 quodam
3571 2347 3849 2408 pecatore:

2291 2424 2355 2478 Et
2386 2426 2491 2479 erit
2520 2431 2673 2496 quasi
2713 2438 2871 2491 testa,
2910 2430 2962 2484 in
2998 2447 3101 2499 qua
3134 2432 3380 2489 attrahes
3416 2449 3568 2504 aqua:
3600 2432 3843 2503 pusillum.

2290 2528 2341 2571 et
2386 2518 2437 2570 in
2472 2534 2575 2588 qua
2618 2520 2907 2576 carbonem
2950 2522 3237 2592 bajulabis.
3285 2524 3362 2580 Et
3400 2541 3615 2581 rursum
3650 2523 3854 2578 aftirtnat

2291 2626 2396 2664 non
2430 2614 2799 2668 necessarium
2836 2616 3071 2683 penitus,
3105 2627 3158 2671 et
3185 2633 3250 2671 ex
3281 2619 3438 2674 omni
3464 2630 3614 2689 parte
3637 2633 3747 2672 esse
3773 2628 3853 2669 vas

2291 2703 2501 2759 inutile.
2534 2704 2807 2776 Numquid
2832 2724 2937 2761 non
2970 2708 3134 2778 igitur
3160 2725 3259 2765 nos
3284 2712 3384 2781 qui
3408 2713 3462 2767 in
3484 2711 3641 2768 domo
3663 2710 3751 2766 ista
3776 2705 3855 2765 Dei

2289 2811 2504 2862 sumus,
2534 2799 2749 2868 quando
2779 2801 2996 2870 aperire
3025 2802 3256 2872 coeperit
3282 2803 3552 2860 Dominus
3579 2804 3854 2858 thesaurum

2290 2892 2455 2964 778
2477 2908 2656 2963 suum,
2681 2894 3004 2964 incipiemus
3024 2898 3295 2966 mundari,
3314 2900 3370 2954 si
3395 2909 3599 2955 tantum
3628 2898 3857 2953 fuerimus

2294 3003 2419 3041 vasa
2444 2987 2852 3053 iniseriCordite,
2882 2989 3138 3060 projectis
3167 2992 3312 3047 vasis
3359 3010 3390 3048 a
3432 2994 3586 3048 nobis
3622 2992 3741 3047 iraz?
3786 2993 3857 3042 An

2294 3090 2440 3134 certe
2462 3081 2571 3150 jam
2604 3082 2886 3137 exordium
2918 3093 3019 3149 est,
3052 3095 3307 3154 oportere
3338 3104 3447 3144 nos
3477 3097 3731 3158 satagere.
3767 3099 3855 3140 non

587 3186 733 3243 vasis
778 3189 1172 3244 misericordia:
1204 3189 1530 3257 inhabitant,
1582 3199 1636 3244 et
1686 3189 1855 3259 paleae
1904 3204 2027 3244 cum
2078 3192 2177 3245 fru-

2294 3174 2467 3228 solum
2502 3183 2561 3228 ut
2591 3190 2696 3230 non
2726 3178 2894 3229 simus
2918 3192 3047 3231 vasa
3074 3179 3188 3246 ξων,
3220 3180 3316 3235 sed
3350 3192 3411 3237 ut
3440 3182 3475 3238 ii
3501 3184 3588 3253 qui
3617 3189 3733 3235 sunt
3754 3192 3857 3248 pro-

588 3291 772 3339 mento
801 3294 949 3349 sunt,
980 3294 1035 3341 et
1066 3285 1249 3355 pisces
1274 3284 1537 3354 perdendi
1568 3298 1633 3339 ac
1665 3283 2012 3354 projicieudi,
2064 3300 2187 3340 cum

590 3374 745 3430 bonis
780 3376 1039 3446 piscibus,
1073 3378 1165 3446 qui
1192 3377 1248 3431 iu
1277 3377 1415 3432 retia
1457 3376 1783 3441 inciderant,
1812 3378 2183 3432 continentur.

587 3469 759 3537 Quam
801 3484 923 3525 cum
964 3472 1245 3541 aperuerit
1273 3471 1461 3542 judicii
1503 3480 1780 3541 tempore,
1814 3480 1868 3525 et
1898 3470 2190 3541 protulerit

588 3563 790 3619 exinde
819 3578 946 3619 vasa
980 3565 1076 3619 irae
1104 3580 1242 3631 sum,
1286 3564 1435 3620 dicet
1458 3562 1690 3620 forsitan
1730 3566 1799 3629 is,
1852 3565 1946 3635 qui
1977 3574 2064 3619 est
2090 3580 2186 3619 vas

591 3658 1013 3727 misericordiae,
1044 3658 1116 3715 de
1145 3660 1552 3729 egredientibus
1584 3661 1732 3716 vasis
1761 3660 1857 3713 ira:
1884 3678 1893 3712 :
1930 3660 2187 3713 Exierunt

585 3766 651 3805 ex
676 3751 842 3819 nobis,
870 3768 974 3805 non
1002 3752 1138 3807 enim
1165 3761 1403 3808 erantex
1429 3753 1593 3807 nobis.
1628 3753 1691 3808 Si
1715 3753 1851 3807 enim
1885 3753 2102 3820 fuissent
2123 3768 2187 3807 etr-

586 3841 754 3907 nobis,
787 3845 1190 3910 permansissent
1210 3845 1383 3916 utique
1409 3846 1694 3900 nobiscum.
1725 3844 1832 3899 Sed
1854 3844 1968 3897 ideo
1994 3846 2188 3919 egressi

585 3943 708 3989 sunt
737 3952 770 3988 a
794 3935 964 4003 nobis,
993 3944 1047 3989 ut
1076 3936 1452 4001 ostenderetur,
1486 3937 1608 4008 quia
1629 3954 1731 3991 non
1754 3946 1898 3991 erant
1929 3953 2102 3991 omnes
2124 3953 2186 3992 ex

586 4026 735 4081 nobis
770 4026 814 4097 (l
843 4025 1001 4081 Joan.
1035 4043 1095 4094 It,
1134 4028 1244 4098 l9).
1279 4027 1336 4083 ln
1369 4029 1515 4084 aliud
1538 4028 1795 4098 quiddam
1820 4031 1971 4098 cupit
2002 4043 2183 4082 sermo

585 4134 945 4190 prorumpere
979 4138 992 4174 :
1021 4121 1163 4190 quod
1197 4131 1378 4176 autent
1409 4122 1672 4177 audemus
1715 4122 1901 4177 dicere
1926 4118 1949 4186 ,
1992 4123 2179 4178 istius-

584 4211 730 4266 modi
748 4220 850 4267 cst.
883 4212 937 4267 In
962 4212 1218 4267 thesauro
1236 4213 1329 4268 Dei
1351 4214 1588 4268 vasaira:
1616 4225 1762 4283 sunt,
1782 4226 1936 4270 extra
1960 4215 2183 4271 thesau-

584 4319 702 4358 rum
733 4319 859 4359 vasa
886 4305 1173 4375 peccantia
1198 4321 1307 4361 non
1338 4318 1467 4361 sunt
1497 4322 1621 4361 vasa
1653 4308 1767 4372 iraa,
1796 4309 1891 4363 sed
1921 4310 2064 4365 vasis
2086 4310 2181 4365 irte

586 4395 796 4453 minora
859 4406 1009 4453 sunt.
1082 4396 1237 4453 Servi
1312 4400 1456 4453 enim
1522 4410 1647 4454 sunt
1699 4400 2019 4471 ignorantes
2088 4417 2182 4458 vo-

585 4488 847 4545 luntatem
883 4490 1098 4546 Domini
1125 4492 1232 4558 sui,
1282 4502 1336 4548 et
1385 4507 1495 4547 non
1520 4490 1789 4549 facientes
1839 4495 2176 4551 voluntatem

584 4583 744 4655 777
775 4587 912 4656 ejus.
942 4585 1045 4654 Qui
1075 4594 1256 4642 autem
1286 4587 1585 4659 ingreditur
1618 4588 1935 4656 Ecclesiam,
1963 4600 2056 4645 aut
2081 4607 2175 4647 vas

581 4677 677 4731 ira:
699 4687 812 4743 est,
848 4686 941 4733 aut
969 4693 1063 4734 vas
1090 4679 1505 4738 misericordiae.
1544 4682 1643 4749 Qui
1682 4692 1834 4738 extra
1871 4683 2172 4740 Ecclesium

578 4777 684 4831 est,
724 4784 901 4839 neque
942 4784 1034 4825 vas
1072 4772 1460 4828 misericordiae
1495 4785 1600 4844 est,
1633 4792 1811 4847 neque
1846 4777 1961 4832 irae.
2010 4777 2173 4833 Aliud

579 4866 852 4936 quoddam
878 4882 1077 4923 nomen
1108 4867 1228 4938 ejus
1258 4868 1503 4940 inquiro,
1548 4871 1642 4942 qui
1678 4880 1835 4929 extra
1867 4873 2168 4929 Ecclesiam

579 4970 993 5015 commoratur:
1035 4971 1090 5016 et
1130 4961 1403 5032 quomodo
1444 4963 1679 5020 decerno
1709 4965 2011 5035 contidens,
2060 4982 2169 5022 non

576 5068 699 5109 esse
722 5070 845 5108 eum
872 5068 967 5109 vas
992 5054 1379 5113 misericordia:
1410 5075 1423 5110 :
1464 5060 1545 5114 sic
1568 5062 1877 5117 econtrario
1902 5077 1969 5118 ex
2000 5063 2169 5119 ratio-

575 5145 662 5202 nis
695 5147 925 5203 veritate
949 5147 1318 5204 communitus
1355 5162 1545 5220 aperte
1576 5168 1770 5223 promo
1811 5156 2167 5222 sententiam,

574 5254 753 5310 neque
799 5255 895 5294 vas
948 5240 1041 5296 irae
1080 5255 1241 5311 posse
1289 5258 1413 5298 eum
1460 5243 1589 5313 dici,
1638 5248 1731 5302 sed
1783 5263 1878 5303 vas
1925 5249 1977 5304 iu
2020 5248 2169 5304 aliud

573 5332 836 5402 quiddam
874 5343 1239 5390 reservatum.
1284 5337 1498 5408 Ergone
1534 5347 1726 5409 potero
1767 5339 1834 5397 de
1871 5342 2168 5412 Scripturis

568 5426 900 5495 approbare,
929 5442 1028 5483 nec
1052 5428 1445 5486 misericordiae
1465 5444 1588 5486 eum
1610 5447 1733 5488 esse
1756 5448 1872 5502 vas,
1906 5451 2007 5492 nec
2028 5437 2162 5492 irai:

571 5524 627 5569 ut
659 5525 715 5570 et
743 5519 980 5574 secdttda
1020 5521 1296 5589 expositio
1325 5522 1529 5591 aliquid
1568 5524 1723 5578 nobis
1766 5528 1897 5580 utile
1938 5528 1989 5581 in
2031 5545 2164 5596 pra}-

570 5607 711 5661 senti
744 5608 865 5664 loco
904 5611 1250 5683 interponat,
1298 5623 1353 5669 et
1376 5628 1511 5669 sane
1542 5629 1732 5673 rursus
1760 5616 1960 5674 audeat
1998 5620 2051 5674 in
2086 5621 2159 5689 id,

568 5697 714 5764 quod
755 5699 1072 5776 jamdudum
1120 5712 1367 5769 conatur,
1418 5720 1599 5762 sermo
1639 5713 2033 5781 prorumpere?
2074 5715 2162 5768 Ait

569 5786 904 5859 Apostolus:
953 5792 1017 5847 In
1047 5796 1203 5850 demo
1238 5808 1412 5854 autem
1436 5818 1632 5875 magna
1674 5819 1776 5857 non
1807 5815 1923 5860 sunt
1945 5815 2159 5875 tantum

2201 4542 2258 4609 D

2283 3268 2540 3339 jfciantnr
2566 3285 2595 3323 a
2635 3271 2831 3325 nobis?
2864 3273 2994 3327 'l‘ale
3020 3274 3165 3328 enim
3199 3276 3464 3344 quiddam
3495 3287 3574 3332 est
3607 3276 3703 3331 hoc
3735 3271 3857 3345 quod

2290 3361 2584 3432 Apostolus
2618 3362 2819 3417 Paulits
2849 3362 3144 3421 Corinthiis
3175 3368 3253 3421 ait
3295 3385 3308 3422 :
3365 3369 3633 3425 lntanlum
3673 3366 3855 3420 auditur

2289 3456 2421 3507 inter
2448 3471 2533 3507 vos
2561 3455 2837 3523 fornicatio
2859 3498 2872 3519 ,
2916 3473 3030 3527 qua:
3056 3475 3148 3512 nec
3178 3459 3229 3512 in
3259 3462 3539 3530 gentibus,
3586 3472 3637 3515 αἱ
3673 3472 3858 3514 uxorein

2286 3548 2494 3618 quidem
2524 3550 2687 3619 patris
2720 3551 2910 3619 aliquis
2933 3550 3143 3619 habeat,
3177 3562 3354 3610 etnon
3385 3558 3550 3628 magis
3576 3552 3855 3628 planxistis,

2287 3650 2340 3692 ul
2368 3641 2632 3709 auferatur
2660 3643 2723 3695 de
2752 3644 2918 3696 medio
2943 3656 3194 3715 vestrum,
3233 3648 3319 3717 qui
3357 3648 3457 3703 ltoc
3493 3665 3621 3721 opus
3652 3645 3792 3718 gessit
3820 3639 3859 3711 (Ι

2288 3730 2408 3785 Cor.
2442 3732 2496 3805 v)
2527 3751 2538 3785 :
2566 3734 2716 3804 quasi
2749 3734 2985 3799 diceret,
3037 3750 3227 3808 aperto
3260 3738 3527 3797 thesauro
3555 3742 3671 3806 Dei,
3706 3750 3856 3807 egre-

2287 3822 2504 3878 diantur
2539 3841 2665 3879 vasa
2712 3827 2808 3881 irae
2856 3842 2989 3883 sua}.
3033 3830 3268 3900 Aperuit
3298 3835 3577 3905 siquidem
3624 3832 3857 3887 Dominus

2288 3919 2626 3989 thesaurum,
2672 3932 2727 3977 et
2778 3924 3001 3993 protulit
3038 3940 3167 3981 vasa
3204 3929 3303 3984 ira:
3347 3944 3484 3986 sute.
3529 3930 3654 4000 Legi
3681 3922 3855 3981 alicubi

2285 4016 2436 4084 quasi
2469 4014 2751 4071 Salvatore
2789 4015 3007 4073 dicente
3044 4034 3059 4072 :
3104 4027 3159 4074 et
3186 4037 3408 4093 quiero,
3460 4027 3578 4080 sive
3607 4023 3721 4093 quis
3745 4034 3858 4090 per.

2286 4121 2473 4162 sonam
2514 4112 2761 4180 figuravit
2791 4112 3110 4181 Salvatoris,
3160 4117 3276 4173 sive
3319 4118 3375 4173 in
3422 4120 3736 4176 memoriam
3776 4114 3858 4173 ad-

2284 4201 2458 4263 duxit,
2484 4218 2551 4256 an
2582 4220 2774 4260 verum
2805 4207 2877 4260 sit
2907 4208 3007 4261 hoc
3034 4208 3180 4279 quod
3211 4209 3418 4267 dictum
3452 4224 3536 4269 est
3568 4213 3859 4267 :Aitautetn

2285 4296 2383 4368 ipsi
2412 4297 2689 4353 Salvator:
2715 4300 2818 4368 Qui
2837 4305 2997 4373 juxta
3024 4320 3101 4356 me
3128 4314 3225 4373 est,
3245 4309 3412 4375 juxta
3443 4309 3617 4379 ignem
3642 4314 3751 4362 est:
3782 4302 3857 4371 qui

2285 4388 2433 4461 longe
2453 4401 2529 4445 est
2552 4408 2583 4443 a
2613 4407 2715 4460 me,
2748 4391 2900 4464 longe
2931 4405 3003 4449 est
3023 4412 3056 4449 a
3079 4412 3234 4468 regno
3264 4398 3463 4467 (Marc.
3498 4401 3616 4471 vn).
3645 4400 3708 4456 Ut
3726 4396 3853 4455 enim

2284 4482 2372 4551 qui
2391 4483 2545 4553 juxta
2568 4500 2651 4540 me
2671 4496 2772 4551 est,
2797 4486 2948 4556 juxta
2973 4492 3204 4545 salutem
3222 4500 3331 4560 est,
3358 4494 3431 4548 ita
3457 4504 3511 4549 et
3524 4495 3677 4564 juxta
3702 4494 3854 4563 ignem

2285 4586 2386 4631 est.
2420 4578 2486 4631 Et
2507 4578 2596 4649 qui
2621 4580 2849 4637 audiens
2877 4597 2983 4648 me,
3008 4592 3063 4639 et
3082 4584 3265 4641 audita
3292 4592 3685 4657 prmvaricans,
3706 4587 3859 4643 factas

2283 4684 2365 4726 est
2396 4687 2490 4727 vas
2516 4673 2634 4737 irir,
2670 4686 3032 4744 praeparatum
3065 4679 3118 4732 iu
3150 4679 3549 4752 perditionem,
3582 4698 3699 4737 cum
3724 4683 3855 4749 juxta

2282 4782 2369 4821 me
2396 4776 2499 4835 est,
2543 4770 2696 4837 juxta
2725 4770 2899 4840 ignem
2932 4782 3038 4827 est.
3082 4772 3140 4830 Si
3188 4790 3320 4831 vero
3346 4778 3475 4848 quis
3503 4791 3721 4844 cavens,
3748 4789 3861 4845 quo-

2281 4861 2423 4914 niam
2456 4861 2546 4931 qui
2564 4861 2718 4931 juxta
2750 4879 2838 4918 me
2859 4873 2961 4935 est,
2985 4865 3140 4935 juxta
3172 4868 3351 4938 ignem
3384 4881 3492 4939 est,
3522 4872 3683 4941 longe
3701 4869 3859 4926 factus

2280 4953 2444 5008 fuerit
2469 4969 2498 5007 a
2530 4970 2638 5019 me,
2673 4971 2741 5010 ne
2764 4956 2922 5027 juxta
2950 4959 3131 5028 ignem
3158 4962 3261 5029 sit,
3306 4964 3441 5019 talis
3472 4966 3692 5037 quidem
3720 4965 3861 5032 longe

2280 5047 2492 5101 futurus
2521 5058 2605 5102 est
2630 5058 2687 5103 et
2716 5063 2745 5103 a
2771 5064 2959 5121 regno.
2990 5052 3056 5107 Et
3078 5058 3355 5123 quomodo
3382 5059 3620 5125 athleta.
3647 5059 3733 5129 qui
3763 5069 3859 5112 non

2278 5148 2362 5195 est
2387 5140 2438 5194 in
2461 5156 2633 5212 agone
2659 5145 3037 5216 conscriptus,
3075 5160 3249 5217 neque
3279 5147 3501 5220 ﬂagella
3534 5152 3753 5214 metuit,
3781 5162 3862 5206 ne-

2278 5248 2382 5303 que
2418 5244 2696 5307 exspectat
2733 5252 3037 5307 coronam,
3085 5242 3176 5311 qui
3224 5252 3411 5301 autem
3458 5248 3634 5305 semel
3678 5257 3857 5302 nomen

2279 5327 2552 5395 professus
2569 5340 2674 5395 est,
2703 5330 2749 5385 si
2782 5331 2957 5386 victus
2986 5330 3169 5401 fuerit,
3199 5336 3532 5396 verberatur
3556 5349 3719 5411 atque
3749 5350 3860 5408 pro-

2270 5419 2487 5489 jicitur;
2518 5424 2561 5479 si
2591 5439 2722 5481 vero
2752 5426 2965 5493 vicerit,
2998 5442 3290 5487 coronatur
3317 5449 3335 5485 ι
3359 5434 3565 5493 eodem
3588 5435 3746 5491 modo
3780 5428 3860 5500 qui

2274 5512 2549 5583 ingressus
2584 5528 2667 5571 est
2710 5518 3009 5576 Ecclesium
3033 5568 3047 5593 ,
3071 5538 3104 5579 o
3130 5522 3569 5597 Catecbumene,
3602 5525 3858 5588 ausculta;

2271 5608 2360 5679 qui
2414 5613 2650 5667 accessit
2696 5614 2763 5668 ad
2806 5629 3119 5673 sermonem
3160 5618 3277 5685 Dei,
3327 5620 3468 5681 nihil
3527 5622 3673 5679 aliud
3704 5632 3858 5691 quam

2266 5704 2611 5774 conscriptus
2642 5718 2726 5761 est
2755 5707 2809 5761 in
2837 5712 3134 5767 certamine
3162 5712 3408 5781 pietatis,
3440 5725 3499 5771 et
3520 5713 3856 5783 conscriptus

2268 5795 2444 5851 sinon
2487 5797 2725 5868 legitime
2761 5804 3073 5872 certaverit,
3108 5806 3331 5861 caeditur
3365 5807 3632 5879 ﬂagellis,
3677 5806 3856 5879 quibus
