4128 6346
369 238 488 294 615

961 235 1399 294 TRANSLATIO
1441 225 1878 293 llOMlLiARUM
1917 234 2246 330 ORIGENIS
2283 237 2351 294 IN
2387 235 2766 296 JEREMIAM.
2811 236 2975 295 HOM.
3020 228 3125 295 lli.-

3573 231 3681 300 θη

373 367 496 407 nou
527 351 884 408 verberantur
913 353 988 420 ii,
1035 355 1126 424 qui
1161 369 1266 408 non
1300 355 1356 408 in
1387 353 1654 424 principio
1680 352 1982 422 conscripti
2008 361 2061 426 Α
2087 352 2231 410 Deus
2263 353 2536 410 Abraham
2571 372 2897 426 promovcns
2926 357 2992 412 ad
3022 357 3244 414 meliora
3283 356 3489 414 dixitei
3525 375 3537 413 :
3570 359 3680 434 Ego

363 455 528 502 sunt.
552 445 610 502 Si
637 455 820 502 autem
847 447 1188 504 contenderit
1216 448 1438 504 fortiter
1463 448 1530 502 ad
1569 447 1818 518 fugienda
1852 463 1979 503 ver-

365 539 540 606 bera,
565 548 622 594 et
649 540 1038 609 contumelias,
1073 557 1178 596 non
1203 542 1380 596 solum
1416 541 1610 612 injuria
1637 543 1976 611 liberabitur,

369 631 476 687 sed
503 633 880 704 incorruptam
907 635 1100 704 gloriae
1124 635 1358 704 accipiet
1390 650 1672 691 coronam.
1703 634 1848 707 Opus
1879 634 1984 689 Do-

372 727 522 780 mino
556 728 806 783 virtutum
838 731 893 784 in
922 739 1056 786 terra
1093 728 1474 786 Chaldaeorum.
1531 730 1693 787 Juxta
1735 731 1983 787 diversos

371 819 695 878 intellectus
739 831 986 879 terrenus
1027 823 1178 880 locus
1215 825 1587 895 multipliciter
1635 823 1980 891 nominatur,

371 922 438 969 et
460 915 741 985 quomodo
769 916 1042 974 differenti
1083 917 1226 974 inter
1256 934 1319 975 se
1351 928 1374 956 η
1412 920 1634 975 nctione
1666 919 1819 991 plura
1859 920 1979 976 Sal-

373 1017 539 1064 vator
565 1008 733 1066 habet
763 1011 1050 1078 vocabula,
1083 1027 1206 1068 cum
1228 1028 1368 1069 unus
1399 1013 1454 1068 in
1481 1012 1508 1051 δ
1539 1013 1842 1086 subjacenti
1877 1013 1982 1080 sit,

376 1103 565 1156 varius
591 1112 780 1158 autem
814 1105 868 1160 in
894 1105 1190 1161 virtutibus
1216 1125 1227 1160 :
1271 1107 1347 1162 sic
1376 1116 1432 1163 et
1463 1116 1684 1178 propter
1719 1107 1983 1163 malitiam

376 1197 551 1268 779
568 1199 791 1268 generis
819 1197 1046 1256 humani
1079 1219 1094 1255 :
1123 1208 1338 1257 terrena
1372 1201 1586 1272 negotia
1607 1241 1622 1269 ,
1654 1216 1776 1257 cum
1819 1218 1983 1257 unum

377 1291 494 1346 sint
525 1292 577 1346 in
607 1291 934 1362 subiacenti,
961 1292 1274 1349 intellectus
1305 1293 1619 1350 diversitate
1655 1303 1784 1349 sunt
1813 1295 1984 1364 pluri-

382 1398 490 1438 ma.
546 1383 705 1450 Quod
746 1394 927 1442 autem
954 1385 1077 1441 dico
1103 1387 1186 1442 sic
1213 1387 1298 1442 liet
1323 1387 1692 1450 manifestius.
1739 1403 1863 1444 eum
1885 1401 1986 1444 ex-

379 1475 642 1544 emplum,
666 1476 809 1544 quod
841 1491 874 1531 a
913 1477 1194 1534 Salvatore
1224 1481 1517 1549 assumpsi,
1547 1481 1875 1547 edisserens,
1917 1481 1985 1535 ad

381 1583 466 1634 ea,
500 1584 624 1638 qua:
649 1577 777 1624 sunt
819 1570 1095 1640 subiecta,
1154 1573 1520 1642 explananda,
1571 1573 1985 1630 transcendere.

383 1661 564 1717 Unum
605 1664 895 1733 suhjacens
935 1675 1020 1721 est
1063 1665 1299 1722 Domino
1339 1681 1464 1724 meo
1513 1666 1642 1722 Jesu
1685 1667 1982 1724 Salvatori.

2085 463 2222 513 sum,
2275 449 2362 519 qui
2413 457 2460 501 te
2485 448 2649 503 educo
2679 451 2742 503 de
2783 459 2919 504 terra
2961 448 3328 505 Chaldaeorum
3363 449 3516 520 (Gen.
3560 451 3678 522 xv).

2086 541 2290 598 Potens
2313 550 2392 596 est
2421 544 2564 597 enim
2594 543 2756 610 Deus,
2791 543 2879 612 qui
2915 555 2968 598 et
3013 544 3175 600 nobis
3212 545 3413 601 tribuat
3443 543 3510 600 de
3539 551 3684 601 terra

2085 635 2460 690 Chaldaeorum
2492 637 2665 702 exire,
2717 644 2773 690 ut
2801 637 3005 690 nullum
3029 639 3196 693 alium
3229 638 3432 710 absque
3467 654 3532 694 eo
3561 654 3684 695 esse

2085 725 2395 794 credamus,
2421 728 2510 798 qui
2540 729 2861 798 dispensans
2891 729 3137 783 universa
3159 773 3172 798 ,
3208 743 3260 786 et
3286 747 3480 802 regens
3509 731 3682 787 vitam

2089 831 2331 876 nostram
2372 836 2470 890 pro
2516 821 2868 892 qualitatibus
2921 821 3238 877 meritorum
3264 863 3280 889 ,
3321 824 3680 880 accidentium

2085 913 2299 970 diversa
2325 915 2658 970 moderetur.
2685 914 2868 984 Neque
2887 915 3028 969 enim
3047 917 3250 970 micans
3275 916 3493 988 aliquod
3507 917 3682 988 sidus,

2087 1009 2173 1062 vel
2214 1007 2558 1074 Phaetontis,
2592 1016 2650 1062 ut
2699 1009 2894 1074 aiunt,
2949 1009 3034 1063 vel
3090 1009 3330 1080 corrupti
3371 1007 3398 1045 ἀ
3445 1010 3690 1066 catamiti

2088 1101 2244 1156 stella
2301 1110 2606 1157 nostrorum
2648 1117 2866 1157 causam
2911 1102 3158 1158 continet
3202 1103 3565 1173 negotiorum.
3621 1106 3687 1160 Et

2083 1197 2242 1268 juxta
2289 1213 2454 1252 unum
2501 1198 2724 1270 quidem
2771 1206 3146 1267 argumentum
3195 1199 3246 1252 in
3307 1206 3448 1254 terra
3506 1196 3684 1253 Chal-

2088 1288 2334 1344 daeorum
2375 1300 2488 1356 est,
2525 1290 2618 1360 qui
2651 1291 2979 1359 supradictis
3020 1291 3528 1346 ratiocinationibus
3560 1307 3685 1348 cre-

2089 1383 2260 1450 didit;
2304 1384 2453 1454 juxta
2485 1385 2633 1440 aliud
2661 1401 2785 1440 vero
2811 1384 3058 1440 ascendit
3093 1387 3215 1456 quis
3242 1401 3406 1456 super
3443 1395 3604 1451 tecta,
3635 1394 3692 1444 et

2092 1487 2382 1533 veneratur
2412 1479 2658 1533 militiam
2689 1479 2834 1534 coeli.
2891 1478 3203 1536 Invenimus
3231 1488 3410 1535 autem
3454 1480 3505 1535 in
3533 1480 3692 1536 Jere-

2092 1572 2196 1625 mia
2225 1571 2450 1626 multam
2479 1582 2537 1629 et
2567 1571 2651 1627 his
2695 1572 2810 1626 fieri
2838 1573 3320 1630 comminationem
3343 1615 3356 1640 ,
3399 1575 3491 1645 qui
3521 1573 3695 1628 libant

2093 1664 2299 1718 militiae
2335 1665 2452 1720 Dei.
2507 1665 2656 1734 Opus
2696 1681 2827 1736 ergo
2868 1665 3096 1722 Domino
3142 1669 3400 1722 virtututn
3448 1668 3502 1722 in
3546 1675 3690 1722 terra

381 1754 628 1811 llocuno
645 1757 982 1827 subjacente,
1011 1759 1122 1814 alio
1146 1760 1422 1815 intellectu
1448 1761 1688 1816 medicus
1707 1762 1986 1831 est,juxta
2023 1765 2066 1824 Β
2094 1754 2471 1814 Chaldaeorum
2519 1762 2644 1831 quia
2689 1772 2954 1816 venerunt
3001 1771 3247 1832 tempera
3295 1762 3434 1833 ejus.
3485 1763 3694 1834 Aperite

379 1848 526 1920 quod
554 1849 816 1920 scriptum
845 1859 928 1906 est
953 1869 966 1904 :
993 1851 1116 1905 Non
1143 1869 1345 1907 necesse
1367 1853 1552 1906 habent
1571 1854 1682 1907 sani
1711 1853 1986 1924 medicum,

379 1943 473 1998 sed
500 1944 632 1998 male
653 1944 900 2000 habentes
933 1945 1150 2018 (Matth.
1181 1947 1403 2010 tx;Luc.
1439 1949 1518 2018 γ).
1551 1948 1673 2004 Alio
1707 1948 1989 2006 intellectu

383 2048 593 2106 pastor,
623 2036 922 2092 secundum
950 2038 1095 2108 quod
1127 2038 1592 2097 irrationabilibus
1623 2051 1836 2111 praest.
1863 2040 1992 2098 Alio

383 2127 673 2184 intellectu
701 2145 792 2185 rex
815 2171 830 2196 ,
874 2131 1173 2187 secundum
1204 2133 1350 2203 quod
1383 2134 1797 2190 rationabilihus
1835 2136 1990 2206 prin-

382 2219 626 2290 cipatur.
667 2222 793 2276 Alio
831 2223 1110 2280 intellecm
1153 2226 1282 2280 vitis
1313 2242 1461 2292 vera,
1504 2225 1805 2282 secundum
1845 2226 1993 2297 quod

384 2315 580 2370 inserti
619 2315 672 2370 iu
705 2333 822 2372 eam
857 2318 1108 2376 homines
1136 2321 1444 2377 uberrimos
1474 2322 1707 2378 alierum
1742 2323 1987 2390 fructus,

382 2418 440 2464 et
469 2410 677 2465 exculti
707 2426 736 2466 a
767 2423 919 2481 patre
955 2415 1223 2484 agricola,
1271 2417 1650 2491 pinguedinem
1685 2418 1816 2473 vitis
1847 2433 1992 2474 verae

382 2516 454 2557 ex
485 2503 644 2558 unius
665 2504 866 2560 radicis
894 2509 1172 2564 consrwtio
1198 2519 1502 2566 assumunt.
1531 2511 1694 2567 Juxta
1719 2513 1885 2567 alium
1909 2511 1992 2567 in-

383 2597 660 2654 tellectum
689 2601 982 2670 sapientia,
1010 2603 1166 2672 juxta
1189 2604 1359 2660 alium
1383 2605 1605 2674 veritas,
1639 2607 1792 2678 juxta
1825 2607 1990 2662 alium

377 2689 614 2760 justitia.
645 2692 1037 2751 Verumtamen
1061 2698 1352 2766 subjacens
1381 2714 1546 2753 unum
1571 2708 1674 2754 est.
1705 2699 1991 2768 Quomodo

384 2796 518 2853 ergo
549 2783 604 2838 in
636 2783 952 2852 Salvatore,
983 2803 1094 2842 uno
1123 2789 1461 2859 subjacente,
1495 2790 1716 2861 plurimi
1743 2792 1993 2848 intellec-

385 2883 477 2931 tus
511 2885 640 2930 sunt
673 2876 1012 2934 diversorum
1053 2880 1174 2950 ejus
1209 2881 1489 2937 nominum
1518 2900 1532 2936 :
1577 2884 1656 2938 sic
1694 2891 1750 2940 et
1777 2894 1994 2940 terrena

387 2968 636 3038 negotia,
679 2969 834 3040 juxta
863 2973 1150 3043 subjacens
1180 2977 1398 3040 quidem
1429 2993 1592 3032 unum
1625 2990 1747 3034 sunt
1776 3018 1791 3044 ,
1837 2980 1992 3048 juxta

387 3069 569 3116 autem
602 3061 932 3119 intellectum
963 3063 1219 3136 plurima.
1260 3067 1596 3137 Frequenter
1628 3070 1990 3141 allegorizan-

2094 1852 2374 1921 apothecas
2409 1856 2544 1926 ejus.
2597 1853 2942 1909 Manifestum
2974 1865 3080 1922 est,
3127 1864 3151 1892 ε
3189 1855 3313 1926 quia
3347 1865 3503 1910 terra!
3531 1855 3694 1910 Chal-

2094 1944 2356 2000 daeorum.
2402 1944 2543 2001 Sunt
2570 1956 2751 2001 autem
2783 1947 3064 2016 apotheca:
3095 1946 3474 2002 Chaldamrum
3496 1987 3512 2014 ,
3555 1949 3688 2004 doc-

2094 2041 2250 2094 trinm
2281 2041 2644 2094 nativitatum.
2695 2041 3014 2096 Scrutamini
3039 2058 3155 2097 eam
3178 2045 3324 2110 quasi
3352 2041 3653 2113 speluncam
3675 2083 3692 2108 ,

2095 2140 2142 2186 et
2190 2132 2473 2204 disperdite
2515 2149 2648 2188 eam.
2705 2132 2804 2204 Qui
2855 2135 3063 2204 respuit
3109 2137 3548 2205 supputationem
3598 2150 3694 2190 na-

2097 2225 2282 2280 talium
2311 2243 2323 2278 :
2355 2225 2450 2294 qui
2478 2225 2724 2280 veritatis
2749 2241 3001 2283 sermone
3029 2228 3198 2282 utitur
3220 2227 3506 2282 adversum
3533 2243 3650 2283 eam
3678 2245 3691 2281 :

2097 2318 2188 2388 qui
2217 2318 2457 2373 ostendit
2489 2317 2620 2372 nihil
2655 2333 2842 2374 eorum
2869 2359 2884 2387 ,
2927 2334 3045 2389 quae
3073 2319 3444 2374 mathematici
3471 2320 3657 2375 dicunt
3678 2362 3693 2386 ,

2096 2424 2284 2465 verum
2313 2424 2434 2465 esse
2463 2427 2475 2463 :
2502 2410 2593 2477 qui
2627 2409 2787 2465 docet
2814 2411 3192 2466 inscrutabilia
3215 2411 3419 2482 judicia
3453 2413 3566 2473 Dei.
3599 2427 3698 2468 nec

2097 2515 2158 2556 ea
2190 2515 2348 2570 posse
2378 2501 2446 2556 ab
2478 2501 2789 2557 hominibus
2821 2503 3213 2574 comprehendi
3239 2521 3252 2557 :
3276 2503 3366 2574 qui
3397 2501 3510 2576 [ΑΙ.
3543 2503 3693 2578 quia]

2095 2592 2313 2661 asserit,
2347 2594 2469 2664 quia
2499 2593 2678 2648 sidera
2705 2611 2814 2649 non
2845 2606 2970 2649 sunt
2997 2609 3181 2650 causae
3201 2611 3389 2650 eorum
3414 2611 3532 2666 qua:
3563 2595 3698 2649 liunt

2095 2701 2259 2755 super
2287 2697 2484 2741 terram
2503 2730 2516 2754 ,
2553 2687 2734 2741 minus
2761 2695 2940 2742 autem
2969 2703 3184 2756 eorum,
3211 2703 3327 2756 qum
3354 2687 3511 2744 nobis
3535 2687 3693 2742 Chri-

2095 2777 2288 2832 suanis
2313 2777 2593 2845 accidunt,
2638 2779 2740 2834 iste
2773 2779 3092 2849 exsequitur
3122 2788 3447 2849 praeceptum
3481 2780 3698 2835 Domini

2096 2870 2329 2926 dicentis
2363 2890 2376 2926 :
2413 2870 2677 2944 Disperdit
2721 2890 2855 2926 eam.
2908 2872 3046 2939 Quid
3087 2880 3267 2928 autem
3297 2877 3380 2930 sic
3420 2874 3524 2929 hoc
3553 2876 3699 2946 quod

2095 2967 2361 3036 sequitur,
2403 2964 2522 3019 Non
2555 2968 2686 3035 ﬁant
2717 2967 2761 3020 ei
2789 2967 3053 3034 reliquie}.
3087 2966 3440 3036 quaerendum
3468 2977 3574 3022 est.
3623 2968 3702 3024 Ne

2095 3060 2296 3128 aliqua,
2318 3059 2510 3130 inquit,
2531 3060 2858 3115 rescindatis
2887 3059 3288 3128 Chaldzeorum,
3312 3061 3495 3132 aliqua
3521 3079 3702 3118 reser-

390 3161 470 3208 tes
516 3154 842 3227 Babylonem
885 3158 1120 3214 diximus
1168 3161 1384 3230 negotia
1425 3176 1548 3218 esse
1579 3173 1818 3228 terrena,
1870 3178 1992 3234 quae
2021 3157 2068 3222 C
2100 3154 2260 3207 νθιίδι
2303 3152 2385 3208 οι)
2416 3152 2466 3206 id
2495 3153 2680 3222 Ῑιιδθῐν
2724 3168 2791 3208 ἰθ
2822 3153 3074 3224 ΡυδίΗυιη
3117 3153 3334 3223 (luidem
3364 3153 3703 3226 τειίηίίηῖίῑυν

387 3261 612 3316 seraper
635 3249 860 3304 confusa
891 3260 1018 3306 sunt
1071 3253 1198 3307 vitis
1221 3293 1240 3319 ,
1270 3253 1562 3326 Egyptian
1628 3255 1876 3310 similiter
1915 3255 1997 3310 af-

389 3338 1048 3409 ﬂigaitiaﬁhaldtcorum
1073 3360 1206 3401 vero
1229 3353 1450 3413 terram,
1479 3347 1549 3404 ob
1573 3348 1645 3414 id,
1671 3347 1797 3419 quia
1831 3359 1852 3386 ε
1879 3347 1996 3418 plu-

389 3433 547 3500 rima,
591 3449 710 3505 quae
743 3441 1011 3507 geruntur
1034 3439 1087 3494 in
1111 3441 1298 3507 terris,
1340 3441 1514 3496 stellis
1545 3450 1891 3508 consecrent,
1939 3452 1996 3498 et

389 3541 736 3597 peccetorum
767 3539 1080 3588 nostrorum
1105 3549 1300 3590 causas
1329 3575 1343 3598 ,
1371 3537 1488 3589 sive
1516 3536 1776 3590 virtutem
1801 3551 1996 3590 eorum

387 3631 509 3687 qum
535 3620 790 3675 accidunt
815 3623 994 3690 nobis,
1013 3639 1080 3677 ex
1100 3640 1287 3679 earum
1309 3625 1551 3682 motibus
1573 3639 1826 3684 asseram
1851 3627 1989 3696 licri,

387 3727 485 3768 eos
508 3725 628 3770 esse
657 3715 914 3783 diximus,
945 3717 1038 3787 qui
1069 3717 1269 3775 talibus
1301 3735 1360 3775 se
1387 3721 1873 3791 superstitionibus
1905 3722 1994 3778 de-

388 3805 734 3863 dicaverunt.
788 3809 977 3866 Omnis
1031 3811 1216 3880 igitur,
1261 3817 1354 3883 qui
1389 3814 1474 3868 his
1510 3814 1715 3883 credit,
1765 3818 1817 3871 in
1847 3827 1992 3872 terra

391 3897 774 3955 Chaldtrorum
806 3912 907 3956 est.
958 3902 1016 3958 Si
1048 3904 1168 3974 quis
1201 3918 1440 3961 veStrum
1479 3907 1993 3963 mathematicorum

387 3987 746 4047 deliramenta
781 4002 1056 4066 sectatur,
1097 3994 1153 4050 in
1189 4006 1333 4053 terra
1357 3997 1735 4054 Chaldaeorum
1765 4010 1871 4056 est.
1906 4001 1996 4060 Si-

389 4085 510 4154 quis
531 4087 828 4143 nativitatis
847 4085 991 4145 diem
1014 4100 1298 4162 supputat,
1323 4101 1378 4147 et
1398 4095 1563 4148 variis
1588 4096 1844 4150 horarum
1876 4111 1993 4151 mo-

387 4187 804 4251 mentorumque
835 4181 1346 4240 ratiocinationibus
1371 4184 1484 4258 {AL
1507 4185 1838 4260 rationibus]
1865 4203 1992 4244 cre-

387 4271 544 4338 dens,
567 4275 674 4330 hoc
703 4275 899 4346 dogma
941 4277 1188 4347 suscipit,
1217 4279 1346 4349 quia
1378 4278 1548 4335 stellae
1575 4279 1760 4336 taliter
1780 4323 1795 4349 ,
1827 4290 1882 4336 et
1903 4290 1991 4336 ta-

389 4365 512 4422 liter
541 4368 781 4438 l‘tguraltc
811 4367 1017 4426 faciunt
1045 4372 1299 4428 homines
1319 4357 1653 4444 luxuriosos,
1685 4369 1988 4444 adulteros,

388 4467 596 4526 castos,
637 4471 731 4516 aut
766 4471 914 4517 certe
941 4463 1321 4534 quodcumque
1347 4481 1538 4520 eorum
1561 4507 1574 4532 ,
1622 4467 1724 4521 iste
1753 4467 1804 4520 in
1845 4475 1992 4523 terra

2099 3247 2156 3300 in
2183 3261 2269 3300 ea.
2302 3243 2576 3300 Exsiccata
2607 3260 2784 3301 omnes
2811 3247 3009 3313 {metus
3033 3245 3171 3316 ejus.
3223 3247 3357 3313 Quis
3397 3247 3468 3301 ita
3509 3245 3704 3304 beatus

2101 3351 2205 3408 est,
2239 3349 2298 3395 ut
2327 3342 2501 3411 possit
2541 3341 2823 3394 exsiccare
2863 3353 3054 3394 omnes
3095 3339 3300 3394 fructus
3339 3347 3500 3394 terrae
3541 3337 3704 3396 Chal-

2099 3433 2381 3496 daeorum,
2431 3441 2488 3487 et
2538 3433 2874 3487 descendant
2925 3429 2977 3486 in
3029 3431 3396 3488 occisionem?
3455 3431 3549 3489 νω
3599 3437 3700 3502 eis,

2097 3529 2223 3598 quia
2257 3531 2394 3582 venit
2439 3527 2550 3582 dies
2605 3542 2821 3594 eorum,
2862 3535 2909 3580 et
2961 3533 3034 3580 est
3083 3535 3281 3597 tempus
3331 3528 3572 3582 vindicta
3608 3545 3700 3582 eo-

2099 3638 2238 3676 rum.
2271 3621 2398 3675 Post
2427 3622 2543 3674 haec
2572 3636 2759 3674 rursus
2799 3619 3025 3674 alterius
3067 3618 3290 3689 capituli
3326 3621 3698 3676 continentia:

2113 3713 2226 3769 Vox
2267 3715 2574 3784 fugientium
2599 3753 2612 3774 ,
2667 3722 2714 3767 et
2765 3712 3140 3766 resalratorum
3178 3711 3240 3766 de
3287 3722 3425 3766 terra
3468 3711 3702 3784 Babylo-

2099 3812 2202 3872 nis,
2236 3809 2396 3879 781
2428 3805 2496 3859 ad
2527 3804 2952 3858 annuntiandum
2983 3795 3209 3859 Domino
3241 3814 3420 3859 nostro
3463 3806 3520 3859 in
3571 3805 3704 3861 Sion

2099 3901 2404 3955 vindictam.
2435 3899 2511 3955 De
2543 3898 2626 3953 his
2653 3912 2796 3954 nunc
2825 3897 3140 3968 prophetat,
3161 3898 3256 3969 qui
3290 3909 3469 3955 mores
3499 3900 3706 3969 patrios

2099 3996 2500 4066 relinquentes,
2540 3989 2562 4030 τ
2595 4001 2652 4049 et
2683 3993 2831 4064 leges
2869 3993 3152 4065 gentium,
3183 4000 3237 4048 et
3263 3991 3707 4048 incredulitatem

2103 4100 2376 4155 veterum,
2406 4087 2635 4142 veniunt
2652 4091 2720 4142 ad
2741 4101 3056 4142 sermonem
3083 4086 3203 4142 Dei.
3224 4085 3355 4142 Tale
3380 4087 3526 4142 enim
3543 4085 3708 4157 quid-

2097 4181 2229 4237 dam
2259 4179 2604 4250 signiﬁcatur
2631 4180 2684 4233 in
2713 4193 2804 4245 eo,
2835 4178 2984 4249 quod
3027 4179 3159 4234 dicit
3193 4195 3208 4235 :
3247 4175 3362 4235 Vos:
3402 4180 3710 4252 fugientium

2101 4281 2152 4328 et
2179 4273 2553 4328 resolvatorum
2577 4271 2641 4327 de
2671 4281 2807 4326 terra
2829 4269 3136 4342 Babylonis.
3168 4270 3386 4329 Utinam
3419 4282 3475 4328 et
3495 4283 3706 4342 vestra,

2097 4368 2539 4438 Catechutneni,
2591 4383 2697 4423 vox
2728 4365 3050 4438 fugientium
3095 4378 3240 4424 esset
3289 4364 3357 4422 de
3403 4365 3706 4440 Babylone,

2099 4461 2428 4531 fugientium
2459 4461 2611 4525 vitia,
2641 4460 2961 4531 lugieutinm
2997 4469 3241 4529 peccata.
3299 4458 3414 4514 Vsa:
3447 4461 3596 4517 enim
3627 4461 3712 4532 fu-

385 4546 762 4607 Chaldmorum
777 4563 883 4608 est.
899 4554 1019 4608 .lam
1037 4555 1255 4625 quidam
1275 4556 1595 4612 existimant,
1617 4573 1684 4612 ex
1716 4567 1992 4614 astrorum
2021 4547 2077 4609 D
2103 4557 2353 4628 gientium
2377 4563 2424 4609 et
2447 4552 2844 4609 rcsalvatorum.
2875 4552 2997 4608 Non
3029 4552 3236 4608 sufficit
3263 4553 3451 4624 iugere
3471 4555 3543 4611 de
3566 4564 3710 4611 terra

387 4642 636 4699 cursibus
655 4642 999 4703 Christianos
1029 4647 1168 4705 ﬁeri.
1205 4650 1478 4721 Quotquot
1501 4663 1680 4709 autem
1710 4649 1814 4707 ista
1843 4654 1991 4722 sapi-

391 4739 479 4804 tis,
537 4749 818 4811 quotquot,
853 4735 1024 4798 dictis
1067 4744 1187 4799 istis
1237 4745 1494 4812 creditis,
1546 4747 1602 4802 in
1653 4756 1797 4802 terra
1832 4747 1996 4803 Chal-

385 4829 630 4887 daeorum
673 4834 827 4890 est-is.
869 4833 1224 4892 Comminans
1247 4851 1379 4909 ergo
1411 4838 1591 4904 Deus,
1637 4841 1732 4908 qui
1763 4839 1816 4892 in
1839 4846 1987 4894 terra

385 4924 769 4984 Chaldaeorum
790 4937 939 4999 sunt,
969 4929 1055 4985 his
1077 4931 1394 5002 spiritaliter
1408 4931 1579 5005 780
1600 4936 1985 5003 comminatur,

389 5019 562 5089 quise
591 5022 736 5092 ipsos
757 5025 1095 5098 genealogiis
1137 5036 1197 5082 et
1243 5031 1360 5094 fato
1391 5030 1866 5095 cmisecraverint,
1894 5045 1991 5086 as-

383 5123 634 5170 serentes
655 5128 870 5185 cuncta,
895 5133 1024 5190 quae
1053 5120 1195 5176 inter
1217 5122 1482 5175 mortales
1500 5123 1662 5183 liuet,
1683 5131 1782 5177 aut
1805 5137 1873 5179 ex
1901 5139 1990 5178 as-

391 5210 883 5279 trorum-motibus,
914 5223 1004 5268 aut
1025 5229 1094 5268 ex
1117 5212 1212 5268 fati
1241 5213 1562 5270 necessitate
1587 5215 1845 5284 pendere.
1881 5215 1989 5272 Sed

465 5439 488 5468 α
527 5429 662 5488 Cum
691 5432 922 5491 Itabano
954 5436 1185 5509 legimus
1217 5435 1442 5505 notione,
1490 5447 1609 5492 eum
1639 5438 1821 5494 minus
1848 5445 2002 5495 recte

397 5510 558 5558 antea
585 5515 730 5561 esset
757 5510 976 5562 ratione.

465 5572 503 5653 ξ’-
524 5577 847 5653 Subjacens,
881 5581 1025 5650 quird
1049 5589 1105 5636 et
1126 5579 1483 5637 Gettehrardo
1507 5590 1752 5638 notatum
1777 5590 1879 5648 est,
1907 5597 2003 5653 ap-

398 5646 1040 5723 ptvllat'subjet'tnm'sire
1066 5654 1433 5723 suppositum.

470 5727 493 5756 ε
537 5717 734 5776 Fertne
760 5723 959 5797 rectius
991 5717 1380 5795 apud—itaban.
1415 5725 1560 5797 legas
1584 5767 1597 5792 ,
1637 5727 1763 5796 quia
1793 5724 2006 5796 plurimi

401 5804 458 5843 ea
480 5806 583 5858 qua
604 5804 854 5864 geruntur
875 5796 929 5849 in
960 5798 1131 5866 terris,
1156 5797 1316 5853 stellis
1337 5796 1658 5864 consecrent,
1689 5808 1737 5852 et
1757 5799 1860 5853 sive
1883 5812 2000 5869 pec-

2099 4645 2419 4720 Babylonis,
2467 4647 2562 4702 sed
2613 4656 2668 4702 et
2719 4645 2986 4702 resalvari
3017 4662 3087 4702 ex
3120 4655 3265 4703 terra
3299 4645 3594 4721 Babylonis
3637 4649 3708 4706 ad

2101 4740 2536 4797 annuntiandum
2563 4741 2616 4794 in
2633 4739 2764 4794 Sion
2788 4738 3083 4794 vindictam
3105 4739 3264 4796 Domi
3274 4756 3339 4795 uo
3361 4742 3473 4796 Deo
3497 4753 3709 4808 nostro,

2102 4845 2166 4889 ut
2193 4833 2463 4905 lugientes
2506 4833 2575 4888 de
2624 4843 2764 4887 terra
2817 4831 3112 4903 Babylonis
3161 4834 3395 4888 veniatis
3440 4832 3507 4889 ad
3548 4834 3708 4905 Βίου,

2103 4929 2530 5000 speculatorium
2555 4925 2664 5000 [ΑΙ.
2691 4925 3125 4999 speculatorum)
3143 4921 3450 4982 Ecclesiam
3481 4925 3606 4983 Dei.
3625 4926 3711 4984 Ad

2103 5024 2540 5080 annuntiandum
2572 5022 2626 5077 in
2655 5020 2811 5088 Sion,
2836 5019 2888 5074 id
2917 5029 3025 5086 est,
3057 5021 3384 5089 Eeclesiam,
3413 5022 3710 5078 vindictam

2106 5134 2138 5174 a
2173 5117 2404 5174 Domino
2435 5117 2546 5172 Deo
2580 5127 2788 5172 nostro.
2839 5113 3138 5170 Vindictam
3164 5116 3344 5187 populi
3369 5117 3483 5187 ejus
3511 5115 3715 5171 denun-

2109 5213 2233 5268 tiate
2252 5209 2308 5266 in
2327 5209 2594 5284 Babylone
2615 5210 2812 5276 multis,
2834 5207 2976 5264 omni
2996 5207 3281 5264 intendenti
3307 5223 3504 5262 arcum.
3532 5206 3715 5281 Signi-

2111 5445 2348 5492 catorum
2373 5446 2686 5497 nostrorum,
2737 5435 2845 5489 sive
2872 5431 3118 5490 virtutum
3143 5448 3346 5503 eorum,
3393 5447 3604 5503 qumque
3630 5449 3718 5490 ac-

2113 5508 2293 5563 cidunt
2314 5505 2481 5572 nobis,
2505 5524 2570 5562 ea:
2591 5520 2766 5562 earum
2789 5505 2997 5562 nutibus
3019 5515 3253 5560 asserunt
3271 5501 3414 5575 ﬁeri,
3438 5501 3546 5560 etc.
3573 5503 3714 5563 Tum

2111 5580 2535 5651 persuasionibus
2565 5595 2666 5646 pro
2694 5576 3164 5651 superstitionibus.

2189 5651 2214 5687 ά
2255 5651 2464 5706 Rabau.
2493 5645 2578 5706 de,
2601 5645 2820 5706 nomine
2850 5663 2997 5706 vocat
3029 5645 3351 5704 Ganimcdis.

2193 5734 2216 5760 σε
2261 5721 2402 5779 Idem
2423 5765 2437 5787 ,
2474 5721 2802 5789 manifestum
2829 5719 2919 5792 qui
2946 5722 3046 5776 sint
3073 5719 3126 5776 in
3156 5727 3294 5774 terra
3323 5715 3712 5779 Cha'lda’Orum.

2201 5793 2225 5832 π·
2249 5793 2533 5850 interserit
2557 5792 2770 5850 Babae.
2790 5802 2846 5848 et
2875 5805 3068 5868 gentes.
3339 5825 3341 5827 -
