  <div class='ocr_page' id='page_1' title='image "/cluster/home/n/w/nwhite01/storage/ocr_20150623/25/hvd.32044015471394/315.png"; bbox 0 0 4104 6336; ppageno 0'>
   <div class='ocr_carea' id='block_1_1' title="bbox 455 232 564 290">
    <p class='ocr_par' dir='ltr' id='par_1_1' title="bbox 455 232 564 290">
     <span class='ocr_line' id='line_1_1' title="bbox 455 232 564 290; baseline -0.018 -1"><span class='ocrx_word' id='word_1_1' title='bbox 455 232 564 290; x_wconf 73' lang='lat'><strong>615</strong></span> 
     </span>
    </p>
   </div>
   <div class='ocr_carea' id='block_1_2' title="bbox 1707 232 2499 297">
    <p class='ocr_par' dir='ltr' id='par_1_2' title="bbox 1707 232 2499 297">
     <span class='ocr_line' id='line_1_2' title="bbox 1707 232 2499 297; baseline 0 -2"><span class='ocrx_word' id='word_1_2' title='bbox 1707 232 1769 295; x_wconf 89' lang='lat' dir='ltr'><strong>S.</strong></span> <span class='ocrx_word' id='word_1_3' title='bbox 1809 232 2077 296; x_wconf 86' lang='lat' dir='ltr'><strong>EUSEBII</strong></span> <span class='ocrx_word' id='word_1_4' title='bbox 2116 232 2499 297; x_wconf 80' lang='lat' dir='ltr'><strong>HIERONYMI</strong></span> 
     </span>
    </p>
   </div>
   <div class='ocr_carea' id='block_1_3' title="bbox 3651 237 3758 299">
    <p class='ocr_par' dir='ltr' id='par_1_3' title="bbox 3651 237 3758 299">
     <span class='ocr_line' id='line_1_3' title="bbox 3651 237 3758 299; baseline 0 -1"><span class='ocrx_word' id='word_1_5' title='bbox 3651 237 3758 299; x_wconf 70' lang='lat'><strong>616</strong></span> 
     </span>
    </p>
   </div>
   <div class='ocr_carea' id='block_1_4' title="bbox 456 349 3759 426">
    <p class='ocr_par' dir='ltr' id='par_1_4' title="bbox 456 349 3759 426">
     <span class='ocr_line' id='line_1_4' title="bbox 456 349 3759 426; baseline 0.002 -21"><span class='ocrx_word' id='word_1_6' title='bbox 456 350 687 407; x_wconf 81' lang='lat' dir='ltr'><strong>ﬁcanter</strong></span> <span class='ocrx_word' id='word_1_7' title='bbox 717 349 950 424; x_wconf 90' lang='lat' dir='ltr'><strong>positum</strong></span> <span class='ocrx_word' id='word_1_8' title='bbox 994 359 1097 420; x_wconf 90' lang='lat' dir='ltr'><strong>est,</strong></span> <span class='ocrx_word' id='word_1_9' title='bbox 1145 353 1359 422; x_wconf 87' lang='lat' dir='ltr'><strong>multis;</strong></span> <span class='ocrx_word' id='word_1_10' title='bbox 1403 351 1561 410; x_wconf 89' lang='lat' dir='ltr'><strong>multi</strong></span> <span class='ocrx_word' id='word_1_11' title='bbox 1593 354 1737 410; x_wconf 92' lang='lat' dir='ltr'><strong>enim</strong></span> <span class='ocrx_word' id='word_1_12' title='bbox 1778 363 1927 422; x_wconf 90' lang='lat' dir='ltr'><strong>sunt,</strong></span> <span class='ocrx_word' id='word_1_13' title='bbox 1959 355 2049 425; x_wconf 78' lang='lat' dir='ltr'><strong>qui</strong></span> <span class='ocrx_word' id='word_1_14' title='bbox 2080 360 2124 418; x_wconf 82' lang='grc' dir='ltr'>Α</span> <span class='ocrx_word' id='word_1_15' title='bbox 2155 356 2499 426; x_wconf 83' lang='lat' dir='ltr'><strong>sanctiﬁcatio</strong></span> <span class='ocrx_word' id='word_1_16' title='bbox 2524 364 2725 421; x_wconf 89' lang='lat' dir='ltr'><strong>nostra,</strong></span> <span class='ocrx_word' id='word_1_17' title='bbox 2758 357 3064 412; x_wconf 90' lang='lat' dir='ltr'><strong>sustentatio</strong></span> <span class='ocrx_word' id='word_1_18' title='bbox 3091 353 3282 411; x_wconf 79' lang='lat' dir='ltr'><strong>Israel.</strong></span> <span class='ocrx_word' id='word_1_19' title='bbox 3312 353 3554 424; x_wconf 85' lang='lat' dir='ltr'><strong>Domine,</strong></span> <span class='ocrx_word' id='word_1_20' title='bbox 3582 372 3759 412; x_wconf 88' lang='lat' dir='ltr'><strong>omnes</strong></span> 
     </span>
    </p>
   </div>
   <div class='ocr_carea' id='block_1_5' title="bbox 456 445 2050 519">
    <p class='ocr_par' dir='ltr' id='par_1_5' title="bbox 456 445 2050 519">
     <span class='ocr_line' id='line_1_5' title="bbox 456 445 2050 519; baseline 0.001 -18"><span class='ocrx_word' id='word_1_21' title='bbox 456 445 515 501; x_wconf 90' lang='lat' dir='ltr'><strong>in</strong></span> <span class='ocrx_word' id='word_1_22' title='bbox 546 446 823 519; x_wconf 61' lang='lat' dir='ltr'><strong>Babylone</strong></span> <span class='ocrx_word' id='word_1_23' title='bbox 875 458 1029 511; x_wconf 88' lang='lat' dir='ltr'><strong>sunt,</strong></span> <span class='ocrx_word' id='word_1_24' title='bbox 1073 448 1128 503; x_wconf 90' lang='lat' dir='ltr'><strong>in</strong></span> <span class='ocrx_word' id='word_1_25' title='bbox 1176 447 1479 505; x_wconf 85' lang='lat' dir='ltr'><strong>Jerusalem</strong></span> <span class='ocrx_word' id='word_1_26' title='bbox 1529 464 1659 505; x_wconf 89' lang='lat' dir='ltr'><strong>vero</strong></span> <span class='ocrx_word' id='word_1_27' title='bbox 1708 451 1889 518; x_wconf 80' lang='lat' dir='ltr'><strong>pauci.</strong></span> <span class='ocrx_word' id='word_1_28' title='bbox 1934 448 2050 504; x_wconf 89' lang='lat' dir='ltr'><strong>Non</strong></span> 
     </span>
    </p>
   </div>
   <div class='ocr_carea' id='block_1_6' title="bbox 458 540 2050 609">
    <p class='ocr_par' dir='ltr' id='par_1_6' title="bbox 458 540 2050 609">
     <span class='ocr_line' id='line_1_6' title="bbox 458 540 2050 609; baseline 0.001 -13"><span class='ocrx_word' id='word_1_29' title='bbox 458 541 604 596; x_wconf 88' lang='lat' dir='ltr'><strong>enim</strong></span> <span class='ocrx_word' id='word_1_30' title='bbox 639 540 867 608; x_wconf 89' lang='lat' dir='ltr'><strong>idcirco,</strong></span> <span class='ocrx_word' id='word_1_31' title='bbox 900 542 994 609; x_wconf 92' lang='lat' dir='ltr'><strong>ait,</strong></span> <span class='ocrx_word' id='word_1_32' title='bbox 1028 541 1223 598; x_wconf 84' lang='lat' dir='ltr'><strong>dilexit</strong></span> <span class='ocrx_word' id='word_1_33' title='bbox 1253 560 1352 598; x_wconf 86' lang='lat' dir='ltr'><strong>vos</strong></span> <span class='ocrx_word' id='word_1_34' title='bbox 1384 545 1644 600; x_wconf 88' lang='lat' dir='ltr'><strong>Dominus</strong></span> <span class='ocrx_word' id='word_1_35' title='bbox 1678 546 1819 601; x_wconf 90' lang='lat' dir='ltr'><strong>Deus</strong></span> <span class='ocrx_word' id='word_1_36' title='bbox 1848 554 2050 609; x_wconf 78' lang='lat' dir='ltr'><strong>vester,</strong></span> 
     </span>
    </p>
   </div>
   <div class='ocr_carea' id='block_1_7' title="bbox 457 637 2055 712">
    <p class='ocr_par' dir='ltr' id='par_1_7' title="bbox 457 637 2055 712">
     <span class='ocr_line' id='line_1_7' title="bbox 457 637 2055 712; baseline 0.003 -22"><span class='ocrx_word' id='word_1_37' title='bbox 457 637 582 706; x_wconf 87' lang='lat' dir='ltr'><strong>quia</strong></span> <span class='ocrx_word' id='word_1_38' title='bbox 616 637 981 706; x_wconf 87' lang='lat' dir='ltr'><strong>multieratis,</strong></span> <span class='ocrx_word' id='word_1_39' title='bbox 1012 656 1111 695; x_wconf 89' lang='lat' dir='ltr'><strong>vos</strong></span> <span class='ocrx_word' id='word_1_40' title='bbox 1140 641 1343 711; x_wconf 88' lang='lat' dir='ltr'><strong>quippe</strong></span> <span class='ocrx_word' id='word_1_41' title='bbox 1392 642 1527 697; x_wconf 90' lang='lat' dir='ltr'><strong>estis</strong></span> <span class='ocrx_word' id='word_1_42' title='bbox 1573 641 1732 712; x_wconf 88' lang='lat' dir='ltr'><strong>pauci</strong></span> <span class='ocrx_word' id='word_1_43' title='bbox 1784 641 1946 712; x_wconf 76' lang='lat'><strong>782</strong></span> <span class='ocrx_word' id='word_1_44' title='bbox 1989 638 2055 695; x_wconf 89' lang='lat' dir='ltr'><strong>ab</strong></span> 
     </span>
    </p>
   </div>
   <div class='ocr_carea' id='block_1_8' title="bbox 457 730 2056 806">
    <p class='ocr_par' dir='ltr' id='par_1_8' title="bbox 457 730 2056 806">
     <span class='ocr_line' id='line_1_8' title="bbox 457 730 2056 806; baseline 0.003 -22"><span class='ocrx_word' id='word_1_45' title='bbox 457 730 722 785; x_wconf 90' lang='lat' dir='ltr'><strong>omnibus</strong></span> <span class='ocrx_word' id='word_1_46' title='bbox 770 732 1043 803; x_wconf 79' lang='lat' dir='ltr'><strong>gentibus.</strong></span> <span class='ocrx_word' id='word_1_47' title='bbox 1096 733 1164 789; x_wconf 87' lang='lat' dir='ltr'><strong>Et</strong></span> <span class='ocrx_word' id='word_1_48' title='bbox 1204 736 1342 791; x_wconf 91' lang='lat' dir='ltr'><strong>bene</strong></span> <span class='ocrx_word' id='word_1_49' title='bbox 1390 735 1495 802; x_wconf 88' lang='lat' dir='ltr'><strong>his,</strong></span> <span class='ocrx_word' id='word_1_50' title='bbox 1544 736 1634 806; x_wconf 90' lang='lat' dir='ltr'><strong>qui</strong></span> <span class='ocrx_word' id='word_1_51' title='bbox 1679 751 1744 791; x_wconf 86' lang='lat' dir='ltr'><strong>ex</strong></span> <span class='ocrx_word' id='word_1_52' title='bbox 1775 750 1927 805; x_wconf 67' lang='lat' dir='ltr'><strong>parte</strong></span> <span class='ocrx_word' id='word_1_53' title='bbox 1958 733 2056 790; x_wconf 90' lang='lat' dir='ltr'><strong>Dei</strong></span> 
     </span>
    </p>
   </div>
   <div class='ocr_carea' id='block_1_9' title="bbox 457 828 2053 903">
    <p class='ocr_par' dir='ltr' id='par_1_9' title="bbox 457 828 2053 903">
     <span class='ocr_line' id='line_1_9' title="bbox 457 828 2053 903; baseline 0.001 -19"><span class='ocrx_word' id='word_1_54' title='bbox 457 838 640 893; x_wconf 85' lang='lat' dir='ltr'><strong>erant,</strong></span> <span class='ocrx_word' id='word_1_55' title='bbox 677 828 880 884; x_wconf 86' lang='lat' dir='ltr'><strong>dictum</strong></span> <span class='ocrx_word' id='word_1_56' title='bbox 931 840 1016 885; x_wconf 88' lang='lat' dir='ltr'><strong>est</strong></span> <span class='ocrx_word' id='word_1_57' title='bbox 1042 848 1054 884; x_wconf 90' lang='lat'><strong>:</strong></span> <span class='ocrx_word' id='word_1_58' title='bbox 1086 829 1255 885; x_wconf 85' lang='lat' dir='ltr'><strong>Pauci</strong></span> <span class='ocrx_word' id='word_1_59' title='bbox 1281 832 1402 885; x_wconf 87' lang='lat' dir='ltr'><strong>estis</strong></span> <span class='ocrx_word' id='word_1_60' title='bbox 1431 831 1492 885; x_wconf 82' lang='lat' dir='ltr'><strong>ab</strong></span> <span class='ocrx_word' id='word_1_61' title='bbox 1520 832 1755 886; x_wconf 85' lang='lat' dir='ltr'><strong>omnibus</strong></span> <span class='ocrx_word' id='word_1_62' title='bbox 1801 830 2053 903; x_wconf 87' lang='lat' dir='ltr'><strong>gentibus.</strong></span> 
     </span>
    </p>
   </div>
   <div class='ocr_carea' id='block_1_10' title="bbox 456 919 2055 993">
    <p class='ocr_par' dir='ltr' id='par_1_10' title="bbox 456 919 2055 993">
     <span class='ocr_line' id='line_1_10' title="bbox 456 919 2055 993; baseline 0.002 -17"><span class='ocrx_word' id='word_1_63' title='bbox 456 919 712 993; x_wconf 88' lang='lat' dir='ltr'><strong>lntellige</strong></span> <span class='ocrx_word' id='word_1_64' title='bbox 741 938 898 991; x_wconf 84' lang='lat' dir='ltr'><strong>porro</strong></span> <span class='ocrx_word' id='word_1_65' title='bbox 923 930 977 978; x_wconf 85' lang='lat' dir='ltr'><strong>et</strong></span> <span class='ocrx_word' id='word_1_66' title='bbox 999 923 1099 980; x_wconf 92' lang='lat' dir='ltr'><strong>hoc</strong></span> <span class='ocrx_word' id='word_1_67' title='bbox 1124 941 1137 977; x_wconf 93' lang='lat'><strong>:</strong></span> <span class='ocrx_word' id='word_1_68' title='bbox 1173 922 1341 979; x_wconf 80' lang='lat' dir='ltr'><strong>Pauci</strong></span> <span class='ocrx_word' id='word_1_69' title='bbox 1373 934 1490 979; x_wconf 88' lang='lat' dir='ltr'><strong>sunt</strong></span> <span class='ocrx_word' id='word_1_70' title='bbox 1518 926 1606 988; x_wconf 93' lang='lat' dir='ltr'><strong>qui</strong></span> <span class='ocrx_word' id='word_1_71' title='bbox 1636 926 1923 979; x_wconf 87' lang='lat' dir='ltr'><strong>salvantur.</strong></span> <span class='ocrx_word' id='word_1_72' title='bbox 1947 923 2055 979; x_wconf 86' lang='lat' dir='ltr'><strong>Sed</strong></span> 
     </span>
    </p>
   </div>
   <div class='ocr_carea' id='block_1_11' title="bbox 454 1014 2057 1091">
    <p class='ocr_par' dir='ltr' id='par_1_11' title="bbox 454 1014 2057 1091">
     <span class='ocr_line' id='line_1_11' title="bbox 454 1014 2057 1091; baseline 0.001 -21"><span class='ocrx_word' id='word_1_73' title='bbox 454 1024 513 1070; x_wconf 93' lang='lat' dir='ltr'><strong>et</strong></span> <span class='ocrx_word' id='word_1_74' title='bbox 540 1014 673 1070; x_wconf 87' lang='lat' dir='ltr'><strong>illud</strong></span> <span class='ocrx_word' id='word_1_75' title='bbox 699 1034 711 1070; x_wconf 91' lang='lat'>:</span> <span class='ocrx_word' id='word_1_76' title='bbox 747 1014 1049 1071; x_wconf 84' lang='lat' dir='ltr'><strong>Contendite</strong></span> <span class='ocrx_word' id='word_1_77' title='bbox 1077 1017 1274 1072; x_wconf 88' lang='lat' dir='ltr'><strong>intrare</strong></span> <span class='ocrx_word' id='word_1_78' title='bbox 1296 1033 1386 1091; x_wconf 90' lang='lat' dir='ltr'><strong>per</strong></span> <span class='ocrx_word' id='word_1_79' title='bbox 1411 1027 1686 1091; x_wconf 83' lang='lat' dir='ltr'><strong>angustam</strong></span> <span class='ocrx_word' id='word_1_80' title='bbox 1727 1028 1947 1089; x_wconf 90' lang='lat' dir='ltr'><strong>portam.</strong></span> <span class='ocrx_word' id='word_1_81' title='bbox 1990 1014 2057 1071; x_wconf 89' lang='lat' dir='ltr'><strong>In</strong></span> 
     </span>
    </p>
   </div>
   <div class='ocr_carea' id='block_1_12' title="bbox 459 1106 2055 1182">
    <p class='ocr_par' dir='ltr' id='par_1_12' title="bbox 459 1106 2055 1182">
     <span class='ocr_line' id='line_1_12' title="bbox 459 1106 2055 1182; baseline 0.001 -21"><span class='ocrx_word' id='word_1_82' title='bbox 459 1106 567 1162; x_wconf 88' lang='lat' dir='ltr'><strong>lata</strong></span> <span class='ocrx_word' id='word_1_83' title='bbox 611 1118 780 1165; x_wconf 90' lang='lat' dir='ltr'><strong>autem</strong></span> <span class='ocrx_word' id='word_1_84' title='bbox 809 1118 855 1163; x_wconf 89' lang='lat' dir='ltr'><strong>et</strong></span> <span class='ocrx_word' id='word_1_85' title='bbox 887 1110 1083 1180; x_wconf 90' lang='lat' dir='ltr'><strong>patenti</strong></span> <span class='ocrx_word' id='word_1_86' title='bbox 1115 1119 1141 1147; x_wconf 74' lang='grc'>⁸</span> <span class='ocrx_word' id='word_1_87' title='bbox 1170 1110 1317 1164; x_wconf 88' lang='lat' dir='ltr'><strong>multi</strong></span> <span class='ocrx_word' id='word_1_88' title='bbox 1346 1110 1590 1165; x_wconf 87' lang='lat' dir='ltr'><strong>incedunt</strong></span> <span class='ocrx_word' id='word_1_89' title='bbox 1620 1108 1777 1182; x_wconf 78' lang='lat' dir='ltr'><strong>(Mat.</strong></span> <span class='ocrx_word' id='word_1_90' title='bbox 1811 1124 1905 1175; x_wconf 83' lang='lat' dir='ltr'><strong>vn,</strong></span> <span class='ocrx_word' id='word_1_91' title='bbox 1944 1107 2055 1180; x_wconf 82' lang='grc' dir='ltr'><strong>Η).</strong></span> 
     </span>
    </p>
   </div>
   <div class='ocr_carea' id='block_1_13' title="bbox 430 1199 2053 1275">
    <p class='ocr_par' dir='ltr' id='par_1_13' title="bbox 430 1199 2053 1275">
     <span class='ocr_line' id='line_1_13' title="bbox 430 1199 2053 1275; baseline 0 -21"><span class='ocrx_word' id='word_1_92' title='bbox 430 1243 443 1254; x_wconf 93' lang='grc'><strong>.</strong></span> <span class='ocrx_word' id='word_1_93' title='bbox 458 1199 777 1256; x_wconf 80' lang='lat' dir='ltr'><strong>Annuntiate</strong></span> <span class='ocrx_word' id='word_1_94' title='bbox 795 1205 847 1256; x_wconf 92' lang='lat' dir='ltr'><strong>in</strong></span> <span class='ocrx_word' id='word_1_95' title='bbox 864 1201 1129 1275; x_wconf 83' lang='lat' dir='ltr'><strong>Babylone</strong></span> <span class='ocrx_word' id='word_1_96' title='bbox 1148 1201 1349 1273; x_wconf 88' lang='lat' dir='ltr'><strong>multis,</strong></span> <span class='ocrx_word' id='word_1_97' title='bbox 1382 1204 1521 1257; x_wconf 88' lang='lat' dir='ltr'><strong>omni</strong></span> <span class='ocrx_word' id='word_1_98' title='bbox 1548 1202 1830 1257; x_wconf 89' lang='lat' dir='ltr'><strong>intendenti</strong></span> <span class='ocrx_word' id='word_1_99' title='bbox 1853 1217 2053 1255; x_wconf 87' lang='lat' dir='ltr'><strong>arcum.</strong></span> 
     </span>
    </p>
   </div>
   <div class='ocr_carea' id='block_1_14' title="bbox 459 1293 2058 1369">
    <p class='ocr_par' dir='ltr' id='par_1_14' title="bbox 459 1293 2058 1369">
     <span class='ocr_line' id='line_1_14' title="bbox 459 1293 2058 1369; baseline -0.001 -18"><span class='ocrx_word' id='word_1_100' title='bbox 459 1293 585 1351; x_wconf 82' lang='lat' dir='ltr'><strong>Non</strong></span> <span class='ocrx_word' id='word_1_101' title='bbox 636 1298 701 1351; x_wconf 90' lang='lat' dir='ltr'><strong>sit</strong></span> <span class='ocrx_word' id='word_1_102' title='bbox 752 1314 818 1352; x_wconf 75' lang='lat' dir='ltr'><strong>ea:</strong></span> <span class='ocrx_word' id='word_1_103' title='bbox 873 1314 934 1352; x_wconf 88' lang='lat' dir='ltr'><strong>ea</strong></span> <span class='ocrx_word' id='word_1_104' title='bbox 978 1297 1069 1369; x_wconf 87' lang='lat' dir='ltr'><strong>qui</strong></span> <span class='ocrx_word' id='word_1_105' title='bbox 1115 1297 1380 1352; x_wconf 85' lang='lat' dir='ltr'><strong>salvetur:</strong></span> <span class='ocrx_word' id='word_1_106' title='bbox 1432 1297 1737 1368; x_wconf 86' lang='lat' dir='ltr'><strong>disperdite,</strong></span> <span class='ocrx_word' id='word_1_107' title='bbox 1784 1297 2058 1365; x_wconf 79' lang='lat' dir='ltr'><strong>interﬁcite</strong></span> 
     </span>
    </p>
   </div>
   <div class='ocr_carea' id='block_1_15' title="bbox 458 1388 2060 1461">
    <p class='ocr_par' dir='ltr' id='par_1_15' title="bbox 458 1388 2060 1461">
     <span class='ocr_line' id='line_1_15' title="bbox 458 1388 2060 1461; baseline -0.001 -18"><span class='ocrx_word' id='word_1_108' title='bbox 458 1390 635 1443; x_wconf 87' lang='lat' dir='ltr'><strong>omnia</strong></span> <span class='ocrx_word' id='word_1_109' title='bbox 657 1388 962 1461; x_wconf 86' lang='lat' dir='ltr'><strong>Babylonis.</strong></span> <span class='ocrx_word' id='word_1_110' title='bbox 990 1388 1177 1461; x_wconf 82' lang='lat' dir='ltr'><strong>Nuper</strong></span> <span class='ocrx_word' id='word_1_111' title='bbox 1204 1390 1442 1445; x_wconf 84' lang='lat' dir='ltr'><strong>diximus</strong></span> <span class='ocrx_word' id='word_1_112' title='bbox 1466 1390 1535 1445; x_wconf 92' lang='lat' dir='ltr'><strong>de</strong></span> <span class='ocrx_word' id='word_1_113' title='bbox 1559 1389 1587 1428; x_wconf 73' lang='grc' dir='ltr'><strong>ι)</strong></span> <span class='ocrx_word' id='word_1_114' title='bbox 1619 1390 1858 1459; x_wconf 84' lang='lat' dir='ltr'><strong>parvulis</strong></span> <span class='ocrx_word' id='word_1_115' title='bbox 1885 1388 2060 1461; x_wconf 88' lang='lat' dir='ltr'><strong>Baby-</strong></span> 
     </span>
    </p>
   </div>
   <div class='ocr_carea' id='block_1_16' title="bbox 453 1478 2054 1554">
    <p class='ocr_par' dir='ltr' id='par_1_16' title="bbox 453 1478 2054 1554">
     <span class='ocr_line' id='line_1_16' title="bbox 453 1478 2054 1554; baseline -0.001 -18"><span class='ocrx_word' id='word_1_116' title='bbox 453 1478 643 1548; x_wconf 83' lang='lat' dir='ltr'><strong>Ioniis,</strong></span> <span class='ocrx_word' id='word_1_117' title='bbox 684 1481 754 1537; x_wconf 87' lang='lat' dir='ltr'><strong>de</strong></span> <span class='ocrx_word' id='word_1_118' title='bbox 795 1482 929 1537; x_wconf 90' lang='lat' dir='ltr'><strong>viris</strong></span> <span class='ocrx_word' id='word_1_119' title='bbox 968 1481 1307 1554; x_wconf 75' lang='lat' dir='ltr'><strong>Babyloniis,</strong></span> <span class='ocrx_word' id='word_1_120' title='bbox 1358 1481 1424 1537; x_wconf 91' lang='lat' dir='ltr'><strong>de</strong></span> <span class='ocrx_word' id='word_1_121' title='bbox 1475 1481 1685 1538; x_wconf 87' lang='lat' dir='ltr'><strong>semine</strong></span> <span class='ocrx_word' id='word_1_122' title='bbox 1733 1482 2054 1554; x_wconf 82' lang='lat' dir='ltr'><strong>Babylonio.</strong></span> 
     </span>
    </p>
   </div>
   <div class='ocr_carea' id='block_1_17' title="bbox 458 1571 2059 1645">
    <p class='ocr_par' dir='ltr' id='par_1_17' title="bbox 458 1571 2059 1645">
     <span class='ocr_line' id='line_1_17' title="bbox 458 1571 2059 1645; baseline 0.001 -16"><span class='ocrx_word' id='word_1_123' title='bbox 458 1571 577 1629; x_wconf 86' lang='lat' dir='ltr'><strong>Non</strong></span> <span class='ocrx_word' id='word_1_124' title='bbox 606 1571 681 1629; x_wconf 85' lang='lat' dir='ltr'><strong>sit</strong></span> <span class='ocrx_word' id='word_1_125' title='bbox 711 1581 767 1630; x_wconf 92' lang='lat' dir='ltr'><strong>et</strong></span> <span class='ocrx_word' id='word_1_126' title='bbox 794 1574 886 1645; x_wconf 90' lang='lat' dir='ltr'><strong>qui</strong></span> <span class='ocrx_word' id='word_1_127' title='bbox 916 1574 1223 1630; x_wconf 88' lang='lat' dir='ltr'><strong>resalvetur</strong></span> <span class='ocrx_word' id='word_1_128' title='bbox 1255 1574 1324 1630; x_wconf 91' lang='lat' dir='ltr'><strong>de</strong></span> <span class='ocrx_word' id='word_1_129' title='bbox 1348 1573 1561 1630; x_wconf 90' lang='lat' dir='ltr'><strong>semine</strong></span> <span class='ocrx_word' id='word_1_130' title='bbox 1608 1573 1921 1644; x_wconf 85' lang='lat' dir='ltr'><strong>Babylonis,</strong></span> <span class='ocrx_word' id='word_1_131' title='bbox 1973 1590 2059 1631; x_wconf 89' lang='lat' dir='ltr'><strong>re-</strong></span> 
     </span>
    </p>
   </div>
   <div class='ocr_carea' id='block_1_18' title="bbox 459 1666 2060 1739">
    <p class='ocr_par' dir='ltr' id='par_1_18' title="bbox 459 1666 2060 1739">
     <span class='ocr_line' id='line_1_18' title="bbox 459 1666 2060 1739; baseline 0 -16"><span class='ocrx_word' id='word_1_132' title='bbox 459 1666 689 1725; x_wconf 89' lang='lat' dir='ltr'><strong>tribuite</strong></span> <span class='ocrx_word' id='word_1_133' title='bbox 720 1666 771 1723; x_wconf 91' lang='lat' dir='ltr'><strong>ei</strong></span> <span class='ocrx_word' id='word_1_134' title='bbox 799 1668 953 1739; x_wconf 92' lang='lat' dir='ltr'><strong>juxta</strong></span> <span class='ocrx_word' id='word_1_135' title='bbox 1005 1683 1172 1739; x_wconf 84' lang='lat' dir='ltr'><strong>opera</strong></span> <span class='ocrx_word' id='word_1_136' title='bbox 1220 1667 1359 1739; x_wconf 87' lang='lat' dir='ltr'><strong>ejus,</strong></span> <span class='ocrx_word' id='word_1_137' title='bbox 1401 1668 1698 1725; x_wconf 90' lang='lat' dir='ltr'><strong>secundum</strong></span> <span class='ocrx_word' id='word_1_138' title='bbox 1726 1669 1908 1723; x_wconf 91' lang='lat' dir='ltr'><strong>omnia</strong></span> <span class='ocrx_word' id='word_1_139' title='bbox 1939 1683 2060 1739; x_wconf 84' lang='lat' dir='ltr'><strong>quae</strong></span> 
     </span>
    </p>
   </div>
   <div class='ocr_carea' id='block_1_19' title="bbox 451 1758 2132 1851">
    <p class='ocr_par' dir='ltr' id='par_1_19' title="bbox 451 1758 2132 1851">
     <span class='ocr_line' id='line_1_19' title="bbox 451 1758 2132 1851; baseline -0.001 -34"><span class='ocrx_word' id='word_1_140' title='bbox 451 1758 617 1828; x_wconf 81' lang='lat' dir='ltr'><strong>fecit,</strong></span> <span class='ocrx_word' id='word_1_141' title='bbox 644 1769 701 1818; x_wconf 92' lang='lat' dir='ltr'><strong>et</strong></span> <span class='ocrx_word' id='word_1_142' title='bbox 731 1760 894 1819; x_wconf 83' lang='lat' dir='ltr'><strong>facile</strong></span> <span class='ocrx_word' id='word_1_143' title='bbox 918 1762 991 1829; x_wconf 91' lang='lat' dir='ltr'><strong>ei,</strong></span> <span class='ocrx_word' id='word_1_144' title='bbox 1023 1764 1149 1833; x_wconf 89' lang='lat' dir='ltr'><strong>quia</strong></span> <span class='ocrx_word' id='word_1_145' title='bbox 1174 1762 1406 1818; x_wconf 91' lang='lat' dir='ltr'><strong>Domino</strong></span> <span class='ocrx_word' id='word_1_146' title='bbox 1434 1762 1659 1830; x_wconf 90' lang='lat' dir='ltr'><strong>restitit,</strong></span> <span class='ocrx_word' id='word_1_147' title='bbox 1689 1771 1743 1818; x_wconf 91' lang='lat' dir='ltr'><strong>et</strong></span> <span class='ocrx_word' id='word_1_148' title='bbox 1763 1762 2053 1818; x_wconf 89' lang='lat' dir='ltr'><strong>adversum</strong></span> <span class='ocrx_word' id='word_1_149' title='bbox 2085 1789 2132 1851; x_wconf 77' lang='grc' dir='ltr'><strong>Β</strong></span> 
     </span>
    </p>
   </div>
   <div class='ocr_carea' id='block_1_20' title="bbox 458 1857 2050 1931">
    <p class='ocr_par' dir='ltr' id='par_1_20' title="bbox 458 1857 2050 1931">
     <span class='ocr_line' id='line_1_20' title="bbox 458 1857 2050 1931; baseline -0.001 -18"><span class='ocrx_word' id='word_1_150' title='bbox 458 1857 754 1914; x_wconf 89' lang='lat' dir='ltr'><strong>Dominum</strong></span> <span class='ocrx_word' id='word_1_151' title='bbox 786 1859 955 1914; x_wconf 89' lang='lat' dir='ltr'><strong>Deum</strong></span> <span class='ocrx_word' id='word_1_152' title='bbox 981 1859 1242 1916; x_wconf 85' lang='lat' dir='ltr'><strong>Sanctum</strong></span> <span class='ocrx_word' id='word_1_153' title='bbox 1272 1858 1435 1914; x_wconf 84' lang='lat' dir='ltr'><strong>Israel</strong></span> <span class='ocrx_word' id='word_1_154' title='bbox 1470 1857 1579 1931; x_wconf 81' lang='grc' dir='ltr'><strong>[ΑΙ.</strong></span> <span class='ocrx_word' id='word_1_155' title='bbox 1604 1870 1851 1914; x_wconf 91' lang='lat' dir='ltr'><strong>sanctum</strong></span> <span class='ocrx_word' id='word_1_156' title='bbox 1882 1859 2050 1913; x_wconf 91' lang='lat' dir='ltr'><strong>Deum</strong></span> 
     </span>
    </p>
   </div>
   <div class='ocr_carea' id='block_1_21' title="bbox 459 1951 2053 2025">
    <p class='ocr_par' dir='ltr' id='par_1_21' title="bbox 459 1951 2053 2025">
     <span class='ocr_line' id='line_1_21' title="bbox 459 1951 2053 2025; baseline -0.001 -17"><span class='ocrx_word' id='word_1_157' title='bbox 459 1951 676 2025; x_wconf 82' lang='lat' dir='ltr'><strong>Israel].</strong></span> <span class='ocrx_word' id='word_1_158' title='bbox 728 1953 999 2023; x_wconf 86' lang='lat' dir='ltr'><strong>Quamdiu</strong></span> <span class='ocrx_word' id='word_1_159' title='bbox 1031 1952 1201 2009; x_wconf 89' lang='lat' dir='ltr'><strong>habes</strong></span> <span class='ocrx_word' id='word_1_160' title='bbox 1240 1953 1291 2008; x_wconf 93' lang='lat' dir='ltr'><strong>in</strong></span> <span class='ocrx_word' id='word_1_161' title='bbox 1336 1961 1388 2008; x_wconf 89' lang='lat' dir='ltr'><strong>te</strong></span> <span class='ocrx_word' id='word_1_162' title='bbox 1414 1952 1773 2024; x_wconf 88' lang='lat' dir='ltr'><strong>cogitationes</strong></span> <span class='ocrx_word' id='word_1_163' title='bbox 1822 1967 2053 2023; x_wconf 88' lang='lat' dir='ltr'><strong>nequam</strong></span> 
     </span>
    </p>
   </div>
   <div class='ocr_carea' id='block_1_22' title="bbox 458 2045 2058 2119">
    <p class='ocr_par' dir='ltr' id='par_1_22' title="bbox 458 2045 2058 2119">
     <span class='ocr_line' id='line_1_22' title="bbox 458 2045 2058 2119; baseline -0.001 -15"><span class='ocrx_word' id='word_1_164' title='bbox 458 2048 783 2105; x_wconf 80' lang='lat' dir='ltr'><strong>resistentes</strong></span> <span class='ocrx_word' id='word_1_165' title='bbox 826 2046 1015 2119; x_wconf 87' lang='lat' dir='ltr'><strong>pietati</strong></span> <span class='ocrx_word' id='word_1_166' title='bbox 1038 2055 1094 2104; x_wconf 88' lang='lat' dir='ltr'><strong>et</strong></span> <span class='ocrx_word' id='word_1_167' title='bbox 1116 2047 1243 2104; x_wconf 86' lang='lat' dir='ltr'><strong>ﬁdei</strong></span> <span class='ocrx_word' id='word_1_168' title='bbox 1272 2062 1435 2114; x_wconf 74' lang='lat' dir='ltr'><strong>verae,</strong></span> <span class='ocrx_word' id='word_1_169' title='bbox 1470 2045 1636 2103; x_wconf 85' lang='lat' dir='ltr'><strong>habes</strong></span> <span class='ocrx_word' id='word_1_170' title='bbox 1662 2046 1716 2102; x_wconf 89' lang='lat' dir='ltr'><strong>in</strong></span> <span class='ocrx_word' id='word_1_171' title='bbox 1742 2057 1794 2102; x_wconf 91' lang='lat' dir='ltr'><strong>te</strong></span> <span class='ocrx_word' id='word_1_172' title='bbox 1820 2046 2058 2119; x_wconf 86' lang='lat' dir='ltr'><strong>Babylo-</strong></span> 
     </span>
    </p>
   </div>
   <div class='ocr_carea' id='block_1_23' title="bbox 461 2139 2058 2211">
    <p class='ocr_par' dir='ltr' id='par_1_23' title="bbox 461 2139 2058 2211">
     <span class='ocr_line' id='line_1_23' title="bbox 461 2139 2058 2211; baseline -0.002 -13"><span class='ocrx_word' id='word_1_173' title='bbox 461 2140 603 2198; x_wconf 89' lang='lat' dir='ltr'><strong>nios.</strong></span> <span class='ocrx_word' id='word_1_174' title='bbox 635 2139 745 2197; x_wconf 91' lang='lat' dir='ltr'><strong>Sed</strong></span> <span class='ocrx_word' id='word_1_175' title='bbox 777 2139 861 2195; x_wconf 81' lang='lat' dir='ltr'><strong>lac</strong></span> <span class='ocrx_word' id='word_1_176' title='bbox 883 2140 1201 2207; x_wconf 84' lang='lat' dir='ltr'><strong>vindictam,</strong></span> <span class='ocrx_word' id='word_1_177' title='bbox 1224 2147 1282 2195; x_wconf 90' lang='lat' dir='ltr'><strong>et</strong></span> <span class='ocrx_word' id='word_1_178' title='bbox 1310 2139 1557 2195; x_wconf 84' lang='lat' dir='ltr'><strong>interﬁce</strong></span> <span class='ocrx_word' id='word_1_179' title='bbox 1583 2155 1777 2196; x_wconf 88' lang='lat' dir='ltr'><strong>omnes</strong></span> <span class='ocrx_word' id='word_1_180' title='bbox 1804 2151 2058 2211; x_wconf 84' lang='lat' dir='ltr'><strong>peccato-</strong></span> 
     </span>
    </p>
   </div>
   <div class='ocr_carea' id='block_1_24' title="bbox 460 2232 2053 2305">
    <p class='ocr_par' dir='ltr' id='par_1_24' title="bbox 460 2232 2053 2305">
     <span class='ocr_line' id='line_1_24' title="bbox 460 2232 2053 2305; baseline -0.001 -15"><span class='ocrx_word' id='word_1_181' title='bbox 460 2248 554 2291; x_wconf 85' lang='lat' dir='ltr'><strong>res</strong></span> <span class='ocrx_word' id='word_1_182' title='bbox 582 2242 740 2290; x_wconf 71' lang='lat' dir='ltr'><strong>terrae</strong></span> <span class='ocrx_word' id='word_1_183' title='bbox 768 2276 783 2302; x_wconf 91' lang='lat'><strong>,</strong></span> <span class='ocrx_word' id='word_1_184' title='bbox 812 2249 933 2304; x_wconf 62' lang='lat' dir='ltr'><strong>qua?</strong></span> <span class='ocrx_word' id='word_1_185' title='bbox 956 2234 1010 2289; x_wconf 91' lang='lat' dir='ltr'><strong>in</strong></span> <span class='ocrx_word' id='word_1_186' title='bbox 1042 2244 1095 2289; x_wconf 92' lang='lat' dir='ltr'><strong>te</strong></span> <span class='ocrx_word' id='word_1_187' title='bbox 1122 2243 1226 2301; x_wconf 90' lang='lat' dir='ltr'><strong>est,</strong></span> <span class='ocrx_word' id='word_1_188' title='bbox 1258 2232 1308 2287; x_wconf 90' lang='lat' dir='ltr'><strong>id</strong></span> <span class='ocrx_word' id='word_1_189' title='bbox 1339 2241 1446 2301; x_wconf 91' lang='lat' dir='ltr'><strong>est,</strong></span> <span class='ocrx_word' id='word_1_190' title='bbox 1476 2247 1665 2288; x_wconf 91' lang='lat' dir='ltr'><strong>omnes</strong></span> <span class='ocrx_word' id='word_1_191' title='bbox 1701 2232 2053 2305; x_wconf 87' lang='lat' dir='ltr'><strong>Babylonios,</strong></span> 
     </span>
    </p>
   </div>
   <div class='ocr_carea' id='block_1_25' title="bbox 461 2327 2050 2399">
    <p class='ocr_par' dir='ltr' id='par_1_25' title="bbox 461 2327 2050 2399">
     <span class='ocr_line' id='line_1_25' title="bbox 461 2327 2050 2399; baseline 0 -16"><span class='ocrx_word' id='word_1_192' title='bbox 461 2337 523 2383; x_wconf 90' lang='lat' dir='ltr'><strong>ut</strong></span> <span class='ocrx_word' id='word_1_193' title='bbox 549 2329 735 2399; x_wconf 87' lang='lat' dir='ltr'><strong>possis</strong></span> <span class='ocrx_word' id='word_1_194' title='bbox 762 2328 1059 2383; x_wconf 85' lang='lat' dir='ltr'><strong>mundatus</strong></span> <span class='ocrx_word' id='word_1_195' title='bbox 1090 2330 1141 2383; x_wconf 94' lang='lat' dir='ltr'><strong>in</strong></span> <span class='ocrx_word' id='word_1_196' title='bbox 1168 2327 1467 2384; x_wconf 81' lang='lat' dir='ltr'><strong>Jerusalem</strong></span> <span class='ocrx_word' id='word_1_197' title='bbox 1508 2328 1812 2398; x_wconf 78' lang='lat' dir='ltr'><strong>transgredi</strong></span> <span class='ocrx_word' id='word_1_198' title='bbox 1858 2328 2050 2383; x_wconf 89' lang='lat' dir='ltr'><strong>civita-</strong></span> 
     </span>
    </p>
   </div>
   <div class='ocr_carea' id='block_1_26' title="bbox 462 2422 2051 2495">
    <p class='ocr_par' dir='ltr' id='par_1_26' title="bbox 462 2422 2051 2495">
     <span class='ocr_line' id='line_1_26' title="bbox 462 2422 2051 2495; baseline 0.003 -19"><span class='ocrx_word' id='word_1_199' title='bbox 462 2428 573 2477; x_wconf 90' lang='lat' dir='ltr'><strong>tem</strong></span> <span class='ocrx_word' id='word_1_200' title='bbox 604 2422 698 2479; x_wconf 89' lang='lat' dir='ltr'><strong>Dei</strong></span> <span class='ocrx_word' id='word_1_201' title='bbox 728 2424 783 2479; x_wconf 91' lang='lat' dir='ltr'><strong>in</strong></span> <span class='ocrx_word' id='word_1_202' title='bbox 809 2423 1028 2478; x_wconf 84' lang='lat' dir='ltr'><strong>Christo</strong></span> <span class='ocrx_word' id='word_1_203' title='bbox 1068 2423 1220 2492; x_wconf 84' lang='lat' dir='ltr'><strong>Jesu,</strong></span> <span class='ocrx_word' id='word_1_204' title='bbox 1250 2424 1338 2478; x_wconf 91' lang='lat' dir='ltr'><strong>cui</strong></span> <span class='ocrx_word' id='word_1_205' title='bbox 1370 2433 1455 2478; x_wconf 89' lang='lat' dir='ltr'><strong>est</strong></span> <span class='ocrx_word' id='word_1_206' title='bbox 1479 2424 1656 2494; x_wconf 78' lang='lat' dir='ltr'><strong>gloria</strong></span> <span class='ocrx_word' id='word_1_207' title='bbox 1682 2431 1739 2480; x_wconf 90' lang='lat' dir='ltr'><strong>et</strong></span> <span class='ocrx_word' id='word_1_208' title='bbox 1764 2424 2051 2495; x_wconf 89' lang='lat' dir='ltr'><strong>imperium</strong></span> 
     </span>
    </p>
   </div>
   <div class='ocr_carea' id='block_1_27' title="bbox 460 2515 1355 2573">
    <p class='ocr_par' dir='ltr' id='par_1_27' title="bbox 460 2515 1355 2573">
     <span class='ocr_line' id='line_1_27' title="bbox 460 2515 1355 2573; baseline -0.001 -1"><span class='ocrx_word' id='word_1_209' title='bbox 460 2515 515 2572; x_wconf 92' lang='lat' dir='ltr'><strong>in</strong></span> <span class='ocrx_word' id='word_1_210' title='bbox 550 2516 750 2573; x_wconf 75' lang='lat' dir='ltr'><strong>stecula</strong></span> <span class='ocrx_word' id='word_1_211' title='bbox 779 2518 1127 2573; x_wconf 67' lang='lat' dir='ltr'><strong>saeculorum.</strong></span> <span class='ocrx_word' id='word_1_212' title='bbox 1159 2515 1355 2572; x_wconf 88' lang='lat' dir='ltr'><strong>Amen.</strong></span> 
     </span>
    </p>
   </div>
   <div class='ocr_carea' id='block_1_28' title="bbox 937 2609 1569 2678">
    <p class='ocr_par' dir='ltr' id='par_1_28' title="bbox 937 2609 1569 2678">
     <span class='ocr_line' id='line_1_28' title="bbox 937 2609 1569 2678; baseline 0 -13"><span class='ocrx_word' id='word_1_213' title='bbox 937 2610 1221 2667; x_wconf 81' lang='lat' dir='ltr'><strong>HOMILIA</strong></span> <span class='ocrx_word' id='word_1_214' title='bbox 1260 2609 1569 2678; x_wconf 80' lang='lat' dir='ltr'><strong>QUARTA.</strong></span> 
     </span>
    </p>
   </div>
   <div class='ocr_carea' id='block_1_29' title="bbox 461 2698 2049 2779">
    <p class='ocr_par' dir='ltr' id='par_1_29' title="bbox 461 2698 2049 2779">
     <span class='ocr_line' id='line_1_29' title="bbox 461 2698 2049 2779; baseline 0.003 -20"><span class='ocrx_word' id='word_1_215' title='bbox 461 2698 539 2760; x_wconf 91' lang='lat' dir='ltr'><strong>De</strong></span> <span class='ocrx_word' id='word_1_216' title='bbox 564 2717 630 2760; x_wconf 88' lang='lat' dir='ltr'><strong>eo</strong></span> <span class='ocrx_word' id='word_1_217' title='bbox 661 2703 807 2776; x_wconf 87' lang='lat' dir='ltr'><strong>quod</strong></span> <span class='ocrx_word' id='word_1_218' title='bbox 836 2704 1100 2776; x_wconf 89' lang='lat' dir='ltr'><strong>scriptum</strong></span> <span class='ocrx_word' id='word_1_219' title='bbox 1131 2715 1215 2761; x_wconf 88' lang='lat' dir='ltr'><strong>est</strong></span> <span class='ocrx_word' id='word_1_220' title='bbox 1242 2723 1255 2760; x_wconf 91' lang='lat'><strong>:</strong></span> <span class='ocrx_word' id='word_1_221' title='bbox 1289 2703 1541 2760; x_wconf 84' lang='lat' dir='ltr'><strong>Clamavit</strong></span> <span class='ocrx_word' id='word_1_222' title='bbox 1582 2705 1788 2779; x_wconf 67' lang='lat' dir='ltr'><strong>perdix,</strong></span> <span class='ocrx_word' id='word_1_223' title='bbox 1837 2722 2049 2779; x_wconf 86' lang='lat' dir='ltr'><strong>congre-</strong></span> 
     </span>
    </p>
   </div>
   <div class='ocr_carea' id='block_1_30' title="bbox 530 2798 2056 2872">
    <p class='ocr_par' dir='ltr' id='par_1_30' title="bbox 530 2798 2056 2872">
     <span class='ocr_line' id='line_1_30' title="bbox 530 2798 2056 2872; baseline 0.003 -20"><span class='ocrx_word' id='word_1_224' title='bbox 530 2798 669 2871; x_wconf 86' lang='lat' dir='ltr'><strong>gavit</strong></span> <span class='ocrx_word' id='word_1_225' title='bbox 697 2815 811 2869; x_wconf 76' lang='lat' dir='ltr'><strong>qua:</strong></span> <span class='ocrx_word' id='word_1_226' title='bbox 836 2815 941 2855; x_wconf 89' lang='lat' dir='ltr'><strong>non</strong></span> <span class='ocrx_word' id='word_1_227' title='bbox 961 2800 1184 2872; x_wconf 84' lang='lat' dir='ltr'><strong>peperit,</strong></span> <span class='ocrx_word' id='word_1_228' title='bbox 1216 2798 1408 2871; x_wconf 76' lang='lat' dir='ltr'><strong>faciens</strong></span> <span class='ocrx_word' id='word_1_229' title='bbox 1435 2798 1641 2853; x_wconf 88' lang='lat' dir='ltr'><strong>divitias</strong></span> <span class='ocrx_word' id='word_1_230' title='bbox 1665 2815 1786 2855; x_wconf 86' lang='lat' dir='ltr'><strong>suas</strong></span> <span class='ocrx_word' id='word_1_231' title='bbox 1810 2816 1914 2855; x_wconf 90' lang='lat' dir='ltr'><strong>non</strong></span> <span class='ocrx_word' id='word_1_232' title='bbox 1941 2817 2056 2856; x_wconf 88' lang='lat' dir='ltr'><strong>cum</strong></span> 
     </span>
    </p>
   </div>
   <div class='ocr_carea' id='block_1_31' title="bbox 523 2892 2056 2965">
    <p class='ocr_par' dir='ltr' id='par_1_31' title="bbox 523 2892 2056 2965">
     <span class='ocr_line' id='line_1_31' title="bbox 523 2892 2056 2965; baseline 0.003 -19"><span class='ocrx_word' id='word_1_233' title='bbox 523 2893 752 2963; x_wconf 85' lang='lat' dir='ltr'><strong>judicio.</strong></span> <span class='ocrx_word' id='word_1_234' title='bbox 781 2892 851 2948; x_wconf 83' lang='lat' dir='ltr'><strong>In</strong></span> <span class='ocrx_word' id='word_1_235' title='bbox 878 2895 1049 2949; x_wconf 88' lang='lat' dir='ltr'><strong>medio</strong></span> <span class='ocrx_word' id='word_1_236' title='bbox 1079 2894 1283 2948; x_wconf 86' lang='lat' dir='ltr'><strong>dierum</strong></span> <span class='ocrx_word' id='word_1_237' title='bbox 1312 2896 1426 2965; x_wconf 88' lang='lat' dir='ltr'><strong>ejus</strong></span> <span class='ocrx_word' id='word_1_238' title='bbox 1448 2894 1798 2963; x_wconf 74' lang='lat' dir='ltr'><strong>derelinquant</strong></span> <span class='ocrx_word' id='word_1_239' title='bbox 1826 2912 1941 2952; x_wconf 85' lang='lat' dir='ltr'><strong>eum</strong></span> <span class='ocrx_word' id='word_1_240' title='bbox 1961 2938 1975 2965; x_wconf 93' lang='lat'><strong>,</strong></span> <span class='ocrx_word' id='word_1_241' title='bbox 2008 2906 2056 2953; x_wconf 90' lang='lat' dir='ltr'><strong>et</strong></span> 
     </span>
    </p>
   </div>
   <div class='ocr_carea' id='block_1_32' title="bbox 537 2987 1906 3059">
    <p class='ocr_par' dir='ltr' id='par_1_32' title="bbox 537 2987 1906 3059">
     <span class='ocr_line' id='line_1_32' title="bbox 537 2987 1906 3059; baseline 0.004 -18"><span class='ocrx_word' id='word_1_242' title='bbox 537 2987 829 3043; x_wconf 88' lang='lat' dir='ltr'><strong>novissimis</strong></span> <span class='ocrx_word' id='word_1_243' title='bbox 858 2989 964 3043; x_wconf 90' lang='lat' dir='ltr'><strong>suis</strong></span> <span class='ocrx_word' id='word_1_244' title='bbox 992 2990 1086 3043; x_wconf 88' lang='lat' dir='ltr'><strong>erit</strong></span> <span class='ocrx_word' id='word_1_245' title='bbox 1116 2988 1383 3059; x_wconf 84' lang='lat' dir='ltr'><strong>insipiens.</strong></span> <span class='ocrx_word' id='word_1_246' title='bbox 1416 2988 1617 3044; x_wconf 88' lang='lat' dir='ltr'><strong>Jerem.</strong></span> <span class='ocrx_word' id='word_1_247' title='bbox 1652 3005 1786 3056; x_wconf 79' lang='lat' dir='ltr'><strong>xvn,</strong></span> <span class='ocrx_word' id='word_1_248' title='bbox 1820 2992 1906 3048; x_wconf 79' lang='lat' dir='ltr'><strong>ii.</strong></span> 
     </span>
    </p>
   </div>
   <div class='ocr_carea' id='block_1_33' title="bbox 462 3080 2051 3155">
    <p class='ocr_par' dir='ltr' id='par_1_33' title="bbox 462 3080 2051 3155">
     <span class='ocr_line' id='line_1_33' title="bbox 462 3080 2051 3155; baseline 0.003 -17"><span class='ocrx_word' id='word_1_249' title='bbox 462 3094 467 3097; x_wconf 85' lang='lat'>&#39;</span> <span class='ocrx_word' id='word_1_250' title='bbox 532 3081 693 3153; x_wconf 78' lang='lat'><strong>781</strong></span> <span class='ocrx_word' id='word_1_251' title='bbox 744 3080 986 3137; x_wconf 81' lang='lat' dir='ltr'><strong>Thronus</strong></span> <span class='ocrx_word' id='word_1_252' title='bbox 1034 3081 1217 3153; x_wconf 69' lang='lat' dir='ltr'><strong>gloriae</strong></span> <span class='ocrx_word' id='word_1_253' title='bbox 1265 3082 1525 3136; x_wconf 73' lang='lat' dir='ltr'><strong>exaltatus</strong></span> <span class='ocrx_word' id='word_1_254' title='bbox 1570 3082 1632 3137; x_wconf 90' lang='lat' dir='ltr'><strong>ab</strong></span> <span class='ocrx_word' id='word_1_255' title='bbox 1682 3083 1835 3138; x_wconf 85' lang='lat' dir='ltr'><strong>initio</strong></span> <span class='ocrx_word' id='word_1_256' title='bbox 1882 3085 2051 3155; x_wconf 85' lang='lat' dir='ltr'><strong>locus,</strong></span> 
     </span>
    </p>
   </div>
   <div class='ocr_carea' id='block_1_34' title="bbox 2156 449 3760 521">
    <p class='ocr_par' dir='ltr' id='par_1_34' title="bbox 2156 449 3760 521">
     <span class='ocr_line' id='line_1_34' title="bbox 2156 449 3760 521; baseline 0.001 -18"><span class='ocrx_word' id='word_1_257' title='bbox 2156 450 2248 521; x_wconf 87' lang='lat' dir='ltr'><strong>qui</strong></span> <span class='ocrx_word' id='word_1_258' title='bbox 2296 458 2343 504; x_wconf 90' lang='lat' dir='ltr'><strong>te</strong></span> <span class='ocrx_word' id='word_1_259' title='bbox 2388 450 2794 520; x_wconf 84' lang='lat' dir='ltr'><strong>dereliquerunt,</strong></span> <span class='ocrx_word' id='word_1_260' title='bbox 2829 451 3218 521; x_wconf 79' lang='lat' dir='ltr'><strong>confundantur</strong></span> <span class='ocrx_word' id='word_1_261' title='bbox 3244 449 3567 517; x_wconf 86' lang='lat' dir='ltr'><strong>decedentes,</strong></span> <span class='ocrx_word' id='word_1_262' title='bbox 3602 466 3760 519; x_wconf 90' lang='lat' dir='ltr'><strong>super</strong></span> 
     </span>
    </p>
   </div>
   <div class='ocr_carea' id='block_1_35' title="bbox 2159 541 3761 615">
    <p class='ocr_par' dir='ltr' id='par_1_35' title="bbox 2159 541 3761 615">
     <span class='ocr_line' id='line_1_35' title="bbox 2159 541 3761 615; baseline 0.002 -21"><span class='ocrx_word' id='word_1_263' title='bbox 2159 550 2347 594; x_wconf 85' lang='lat' dir='ltr'><strong>terram</strong></span> <span class='ocrx_word' id='word_1_264' title='bbox 2394 541 2710 607; x_wconf 79' lang='lat' dir='ltr'><strong>scribantur,</strong></span> <span class='ocrx_word' id='word_1_265' title='bbox 2770 545 2890 614; x_wconf 86' lang='lat' dir='ltr'><strong>quia</strong></span> <span class='ocrx_word' id='word_1_266' title='bbox 2953 541 3339 614; x_wconf 86' lang='lat' dir='ltr'><strong>dereliquerunt</strong></span> <span class='ocrx_word' id='word_1_267' title='bbox 3394 544 3583 615; x_wconf 84' lang='lat' dir='ltr'><strong>fontem</strong></span> <span class='ocrx_word' id='word_1_268' title='bbox 3645 544 3761 598; x_wconf 76' lang='lat' dir='ltr'><strong>vitat</strong></span> 
     </span>
    </p>
   </div>
   <div class='ocr_carea' id='block_1_36' title="bbox 2158 630 3762 706">
    <p class='ocr_par' dir='ltr' id='par_1_36' title="bbox 2158 630 3762 706">
     <span class='ocr_line' id='line_1_36' title="bbox 2158 630 3762 706; baseline 0.003 -20"><span class='ocrx_word' id='word_1_269' title='bbox 2158 630 2465 688; x_wconf 88' lang='lat' dir='ltr'><strong>Dominum.</strong></span> <span class='ocrx_word' id='word_1_270' title='bbox 2498 634 2643 690; x_wconf 89' lang='lat' dir='ltr'><strong>Sana</strong></span> <span class='ocrx_word' id='word_1_271' title='bbox 2672 653 2773 705; x_wconf 88' lang='lat' dir='ltr'><strong>me,</strong></span> <span class='ocrx_word' id='word_1_272' title='bbox 2812 636 3063 706; x_wconf 79' lang='lat' dir='ltr'><strong>Domine,</strong></span> <span class='ocrx_word' id='word_1_273' title='bbox 3094 645 3144 692; x_wconf 89' lang='lat' dir='ltr'><strong>et</strong></span> <span class='ocrx_word' id='word_1_274' title='bbox 3171 637 3428 705; x_wconf 87' lang='lat' dir='ltr'><strong>sanabor;</strong></span> <span class='ocrx_word' id='word_1_275' title='bbox 3460 638 3659 693; x_wconf 82' lang='lat' dir='ltr'><strong>salvum</strong></span> <span class='ocrx_word' id='word_1_276' title='bbox 3682 652 3762 691; x_wconf 91' lang='lat' dir='ltr'><strong>me</strong></span> 
     </span>
    </p>
   </div>
   <div class='ocr_carea' id='block_1_37' title="bbox 2159 730 3763 805">
    <p class='ocr_par' dir='ltr' id='par_1_37' title="bbox 2159 730 3763 805">
     <span class='ocr_line' id='line_1_37' title="bbox 2159 730 3763 805; baseline 0.001 -22"><span class='ocrx_word' id='word_1_277' title='bbox 2159 734 2267 801; x_wconf 84' lang='lat' dir='ltr'><strong>fac,</strong></span> <span class='ocrx_word' id='word_1_278' title='bbox 2301 738 2349 785; x_wconf 90' lang='lat' dir='ltr'><strong>et</strong></span> <span class='ocrx_word' id='word_1_279' title='bbox 2382 730 2555 785; x_wconf 83' lang='lat' dir='ltr'><strong>salvus</strong></span> <span class='ocrx_word' id='word_1_280' title='bbox 2585 749 2703 799; x_wconf 87' lang='lat' dir='ltr'><strong>ero,</strong></span> <span class='ocrx_word' id='word_1_281' title='bbox 2755 734 3001 803; x_wconf 89' lang='lat' dir='ltr'><strong>quoniam</strong></span> <span class='ocrx_word' id='word_1_282' title='bbox 3028 733 3272 805; x_wconf 81' lang='lat' dir='ltr'><strong>gloriatio</strong></span> <span class='ocrx_word' id='word_1_283' title='bbox 3293 748 3406 786; x_wconf 89' lang='lat' dir='ltr'><strong>mea</strong></span> <span class='ocrx_word' id='word_1_284' title='bbox 3435 740 3490 785; x_wconf 89' lang='lat' dir='ltr'><strong>tu</strong></span> <span class='ocrx_word' id='word_1_285' title='bbox 3522 748 3593 787; x_wconf 89' lang='lat' dir='ltr'><strong>es.</strong></span> <span class='ocrx_word' id='word_1_286' title='bbox 3628 730 3763 786; x_wconf 83' lang='lat' dir='ltr'><strong>Ecce</strong></span> 
     </span>
    </p>
   </div>
   <div class='ocr_carea' id='block_1_38' title="bbox 2156 823 3758 899">
    <p class='ocr_par' dir='ltr' id='par_1_38' title="bbox 2156 823 3758 899">
     <span class='ocr_line' id='line_1_38' title="bbox 2156 823 3758 899; baseline 0.003 -24"><span class='ocrx_word' id='word_1_287' title='bbox 2156 823 2259 895; x_wconf 85' lang='lat' dir='ltr'><strong>ipsi</strong></span> <span class='ocrx_word' id='word_1_288' title='bbox 2289 825 2467 878; x_wconf 83' lang='lat' dir='ltr'><strong>dicunt</strong></span> <span class='ocrx_word' id='word_1_289' title='bbox 2488 826 2559 879; x_wconf 91' lang='lat' dir='ltr'><strong>ad</strong></span> <span class='ocrx_word' id='word_1_290' title='bbox 2586 843 2706 881; x_wconf 89' lang='lat' dir='ltr'><strong>me:</strong></span> <span class='ocrx_word' id='word_1_291' title='bbox 2743 825 2842 882; x_wconf 87' lang='lat' dir='ltr'><strong>Ubi</strong></span> <span class='ocrx_word' id='word_1_292' title='bbox 2870 838 2942 882; x_wconf 93' lang='lat' dir='ltr'><strong>est</strong></span> <span class='ocrx_word' id='word_1_293' title='bbox 2965 843 3134 881; x_wconf 81' lang='lat' dir='ltr'><strong>sermo</strong></span> <span class='ocrx_word' id='word_1_294' title='bbox 3156 825 3403 882; x_wconf 85' lang='lat' dir='ltr'><strong>Domini?</strong></span> <span class='ocrx_word' id='word_1_295' title='bbox 3424 828 3609 881; x_wconf 86' lang='lat' dir='ltr'><strong>veniat.</strong></span> <span class='ocrx_word' id='word_1_296' title='bbox 3642 824 3758 899; x_wconf 84' lang='lat' dir='ltr'><strong>Ego</strong></span> 
     </span>
    </p>
   </div>
   <div class='ocr_carea' id='block_1_39' title="bbox 2156 919 3761 993">
    <p class='ocr_par' dir='ltr' id='par_1_39' title="bbox 2156 919 3761 993">
     <span class='ocr_line' id='line_1_39' title="bbox 2156 919 3761 993; baseline 0.002 -23"><span class='ocrx_word' id='word_1_297' title='bbox 2156 927 2329 972; x_wconf 89' lang='lat' dir='ltr'><strong>autem</strong></span> <span class='ocrx_word' id='word_1_298' title='bbox 2353 934 2455 973; x_wconf 89' lang='lat' dir='ltr'><strong>non</strong></span> <span class='ocrx_word' id='word_1_299' title='bbox 2480 919 2713 973; x_wconf 88' lang='lat' dir='ltr'><strong>laboravi</strong></span> <span class='ocrx_word' id='word_1_300' title='bbox 2730 919 3042 991; x_wconf 83' lang='lat' dir='ltr'><strong>subsequens</strong></span> <span class='ocrx_word' id='word_1_301' title='bbox 3068 930 3182 993; x_wconf 90' lang='lat' dir='ltr'><strong>post</strong></span> <span class='ocrx_word' id='word_1_302' title='bbox 3204 929 3273 987; x_wconf 89' lang='lat' dir='ltr'><strong>te,</strong></span> <span class='ocrx_word' id='word_1_303' title='bbox 3304 929 3351 974; x_wconf 92' lang='lat' dir='ltr'><strong>et</strong></span> <span class='ocrx_word' id='word_1_304' title='bbox 3375 920 3511 974; x_wconf 86' lang='lat' dir='ltr'><strong>diem</strong></span> <span class='ocrx_word' id='word_1_305' title='bbox 3535 919 3761 974; x_wconf 83' lang='lat' dir='ltr'><strong>hominis</strong></span> 
     </span>
    </p>
   </div>
   <div class='ocr_carea' id='block_1_40' title="bbox 2122 1012 3761 1085">
    <p class='ocr_par' dir='ltr' id='par_1_40' title="bbox 2122 1012 3761 1085">
     <span class='ocr_line' id='line_1_40' title="bbox 2122 1012 3761 1085; baseline 0.002 -21"><span class='ocrx_word' id='word_1_306' title='bbox 2122 1044 2135 1051; x_wconf 63' lang='grc' dir='ltr'><em>ν</em></span> <span class='ocrx_word' id='word_1_307' title='bbox 2160 1028 2264 1066; x_wconf 82' lang='grc' dir='ltr'><strong>ηοη</strong></span> <span class='ocrx_word' id='word_1_308' title='bbox 2295 1012 2567 1084; x_wconf 77' lang='lat' dir='ltr'><strong>concupiui</strong></span> <span class='ocrx_word' id='word_1_309' title='bbox 2589 1029 2606 1065; x_wconf 92' lang='lat'><em>:</em></span> <span class='ocrx_word' id='word_1_310' title='bbox 2634 1022 2690 1066; x_wconf 93' lang='lat' dir='ltr'><strong>tu</strong></span> <span class='ocrx_word' id='word_1_311' title='bbox 2719 1014 2841 1069; x_wconf 88' lang='lat' dir='ltr'><strong>scis.</strong></span> <span class='ocrx_word' id='word_1_312' title='bbox 2880 1015 2958 1069; x_wconf 82' lang='lat' dir='ltr'><strong>Ad</strong></span> <span class='ocrx_word' id='word_1_313' title='bbox 3012 1012 3277 1070; x_wconf 83' lang='lat' dir='ltr'><strong>famosam</strong></span> <span class='ocrx_word' id='word_1_314' title='bbox 3315 1014 3564 1069; x_wconf 87' lang='lat' dir='ltr'><strong>venimus</strong></span> <span class='ocrx_word' id='word_1_315' title='bbox 3595 1013 3761 1085; x_wconf 72' lang='grc'><strong>782</strong></span> 
     </span>
    </p>
   </div>
   <div class='ocr_carea' id='block_1_41' title="bbox 2160 1107 3762 1180">
    <p class='ocr_par' dir='ltr' id='par_1_41' title="bbox 2160 1107 3762 1180">
     <span class='ocr_line' id='line_1_41' title="bbox 2160 1107 3762 1180; baseline 0.001 -20"><span class='ocrx_word' id='word_1_316' title='bbox 2160 1107 2541 1177; x_wconf 69' lang='grc' dir='ltr'><strong>ᾳυτεδιίοηεηι,</strong></span> <span class='ocrx_word' id='word_1_317' title='bbox 2565 1107 2839 1178; x_wconf 89' lang='lat' dir='ltr'><strong>inspicere</strong></span> <span class='ocrx_word' id='word_1_318' title='bbox 2867 1108 2995 1180; x_wconf 92' lang='lat' dir='ltr'><strong>quid</strong></span> <span class='ocrx_word' id='word_1_319' title='bbox 3022 1110 3096 1163; x_wconf 85' lang='lat' dir='ltr'><strong>sit</strong></span> <span class='ocrx_word' id='word_1_320' title='bbox 3122 1110 3313 1179; x_wconf 85' lang='lat' dir='ltr'><strong>perdix</strong></span> <span class='ocrx_word' id='word_1_321' title='bbox 3343 1108 3413 1164; x_wconf 91' lang='lat' dir='ltr'><strong>de</strong></span> <span class='ocrx_word' id='word_1_322' title='bbox 3441 1125 3547 1180; x_wconf 91' lang='lat' dir='ltr'><strong>quo</strong></span> <span class='ocrx_word' id='word_1_323' title='bbox 3576 1107 3762 1177; x_wconf 80' lang='lat' dir='ltr'><strong>Scrip-</strong></span> 
     </span>
    </p>
   </div>
   <div class='ocr_carea' id='block_1_42' title="bbox 2160 1198 3765 1272">
    <p class='ocr_par' dir='ltr' id='par_1_42' title="bbox 2160 1198 3765 1272">
     <span class='ocr_line' id='line_1_42' title="bbox 2160 1198 3765 1272; baseline 0.002 -20"><span class='ocrx_word' id='word_1_324' title='bbox 2160 1204 2278 1252; x_wconf 92' lang='lat' dir='ltr'><strong>tura</strong></span> <span class='ocrx_word' id='word_1_325' title='bbox 2309 1214 2453 1253; x_wconf 92' lang='lat' dir='ltr'><strong>nunc</strong></span> <span class='ocrx_word' id='word_1_326' title='bbox 2494 1199 2768 1270; x_wconf 86' lang='lat' dir='ltr'><strong>loquitur:</strong></span> <span class='ocrx_word' id='word_1_327' title='bbox 2795 1198 3048 1255; x_wconf 81' lang='lat' dir='ltr'><strong>Clamavit</strong></span> <span class='ocrx_word' id='word_1_328' title='bbox 3070 1202 3275 1271; x_wconf 76' lang='lat' dir='ltr'><strong>perdix,</strong></span> <span class='ocrx_word' id='word_1_329' title='bbox 3300 1202 3625 1272; x_wconf 82' lang='lat' dir='ltr'><strong>congregavit</strong></span> <span class='ocrx_word' id='word_1_330' title='bbox 3647 1215 3765 1270; x_wconf 78' lang='lat' dir='ltr'><strong>qua:</strong></span> 
     </span>
    </p>
   </div>
   <div class='ocr_carea' id='block_1_43' title="bbox 2162 1292 3765 1365">
    <p class='ocr_par' dir='ltr' id='par_1_43' title="bbox 2162 1292 3765 1365">
     <span class='ocr_line' id='line_1_43' title="bbox 2162 1292 3765 1365; baseline 0.001 -21"><span class='ocrx_word' id='word_1_331' title='bbox 2162 1307 2263 1345; x_wconf 88' lang='lat' dir='ltr'><strong>non</strong></span> <span class='ocrx_word' id='word_1_332' title='bbox 2288 1294 2506 1364; x_wconf 81' lang='lat' dir='ltr'><strong>peperit,</strong></span> <span class='ocrx_word' id='word_1_333' title='bbox 2540 1293 2738 1364; x_wconf 82' lang='lat' dir='ltr'><strong>faciens</strong></span> <span class='ocrx_word' id='word_1_334' title='bbox 2763 1294 2971 1349; x_wconf 78' lang='lat' dir='ltr'><strong>divitias</strong></span> <span class='ocrx_word' id='word_1_335' title='bbox 3001 1311 3147 1360; x_wconf 83' lang='lat' dir='ltr'><strong>suas,</strong></span> <span class='ocrx_word' id='word_1_336' title='bbox 3178 1310 3280 1349; x_wconf 90' lang='lat' dir='ltr'><strong>non</strong></span> <span class='ocrx_word' id='word_1_337' title='bbox 3306 1310 3421 1348; x_wconf 87' lang='lat' dir='ltr'><strong>cum</strong></span> <span class='ocrx_word' id='word_1_338' title='bbox 3433 1295 3660 1365; x_wconf 86' lang='lat' dir='ltr'><strong>judicio.</strong></span> <span class='ocrx_word' id='word_1_339' title='bbox 3696 1292 3765 1346; x_wconf 82' lang='lat' dir='ltr'><strong>In</strong></span> 
     </span>
    </p>
   </div>
   <div class='ocr_carea' id='block_1_44' title="bbox 2162 1382 3764 1459">
    <p class='ocr_par' dir='ltr' id='par_1_44' title="bbox 2162 1382 3764 1459">
     <span class='ocr_line' id='line_1_44' title="bbox 2162 1382 3764 1459; baseline 0.004 -24"><span class='ocrx_word' id='word_1_340' title='bbox 2162 1382 2379 1440; x_wconf 84' lang='lat' dir='ltr'><strong>dimidio</strong></span> <span class='ocrx_word' id='word_1_341' title='bbox 2408 1385 2609 1440; x_wconf 88' lang='lat' dir='ltr'><strong>dierum</strong></span> <span class='ocrx_word' id='word_1_342' title='bbox 2630 1390 2744 1459; x_wconf 87' lang='lat' dir='ltr'><strong>ejus</strong></span> <span class='ocrx_word' id='word_1_343' title='bbox 2766 1387 3123 1457; x_wconf 88' lang='lat' dir='ltr'><strong>derelinquent</strong></span> <span class='ocrx_word' id='word_1_344' title='bbox 3144 1404 3282 1454; x_wconf 89' lang='lat' dir='ltr'><strong>eum,</strong></span> <span class='ocrx_word' id='word_1_345' title='bbox 3314 1397 3362 1442; x_wconf 90' lang='lat' dir='ltr'><strong>et</strong></span> <span class='ocrx_word' id='word_1_346' title='bbox 3391 1389 3445 1442; x_wconf 89' lang='lat' dir='ltr'><strong>in</strong></span> <span class='ocrx_word' id='word_1_347' title='bbox 3476 1387 3764 1442; x_wconf 79' lang='lat' dir='ltr'><strong>novissimis</strong></span> 
     </span>
    </p>
   </div>
   <div class='ocr_carea' id='block_1_45' title="bbox 2162 1478 3764 1553">
    <p class='ocr_par' dir='ltr' id='par_1_45' title="bbox 2162 1478 3764 1553">
     <span class='ocr_line' id='line_1_45' title="bbox 2162 1478 3764 1553; baseline 0.002 -22"><span class='ocrx_word' id='word_1_348' title='bbox 2162 1478 2267 1531; x_wconf 84' lang='lat' dir='ltr'><strong>suis</strong></span> <span class='ocrx_word' id='word_1_349' title='bbox 2316 1479 2567 1550; x_wconf 85' lang='lat' dir='ltr'><strong>insipiens</strong></span> <span class='ocrx_word' id='word_1_350' title='bbox 2613 1482 2709 1534; x_wconf 88' lang='lat' dir='ltr'><strong>erit</strong></span> <span class='ocrx_word' id='word_1_351' title='bbox 2755 1479 2895 1550; x_wconf 82' lang='lat' dir='ltr'><strong>(Jer.</strong></span> <span class='ocrx_word' id='word_1_352' title='bbox 2944 1497 3078 1547; x_wconf 79' lang='lat' dir='ltr'><strong>xvu,</strong></span> <span class='ocrx_word' id='word_1_353' title='bbox 3127 1482 3195 1536; x_wconf 75' lang='grc'><strong>12</strong></span> <span class='ocrx_word' id='word_1_354' title='bbox 3237 1478 3428 1553; x_wconf 87' lang='lat' dir='ltr'><strong>seqq.).</strong></span> <span class='ocrx_word' id='word_1_355' title='bbox 3463 1481 3541 1536; x_wconf 88' lang='lat' dir='ltr'><strong>Ex</strong></span> <span class='ocrx_word' id='word_1_356' title='bbox 3571 1488 3764 1536; x_wconf 87' lang='lat' dir='ltr'><strong>natura</strong></span> 
     </span>
    </p>
   </div>
   <div class='ocr_carea' id='block_1_46' title="bbox 2161 1570 3767 1645">
    <p class='ocr_par' dir='ltr' id='par_1_46' title="bbox 2161 1570 3767 1645">
     <span class='ocr_line' id='line_1_46' title="bbox 2161 1570 3767 1645; baseline 0.002 -21"><span class='ocrx_word' id='word_1_357' title='bbox 2161 1570 2400 1625; x_wconf 87' lang='lat' dir='ltr'><strong>volucris</strong></span> <span class='ocrx_word' id='word_1_358' title='bbox 2450 1570 2673 1642; x_wconf 90' lang='lat' dir='ltr'><strong>dignum</strong></span> <span class='ocrx_word' id='word_1_359' title='bbox 2725 1572 2940 1629; x_wconf 85' lang='lat' dir='ltr'><strong>videtur</strong></span> <span class='ocrx_word' id='word_1_360' title='bbox 2979 1573 3273 1645; x_wconf 90' lang='lat' dir='ltr'><strong>quamdam</strong></span> <span class='ocrx_word' id='word_1_361' title='bbox 3303 1572 3587 1629; x_wconf 83' lang='lat' dir='ltr'><strong>historiam</strong></span> <span class='ocrx_word' id='word_1_362' title='bbox 3617 1588 3767 1629; x_wconf 85' lang='lat' dir='ltr'><strong>com-</strong></span> 
     </span>
    </p>
   </div>
   <div class='ocr_carea' id='block_1_47' title="bbox 2160 1668 3766 1740">
    <p class='ocr_par' dir='ltr' id='par_1_47' title="bbox 2160 1668 3766 1740">
     <span class='ocr_line' id='line_1_47' title="bbox 2160 1668 3766 1740; baseline 0.003 -21"><span class='ocrx_word' id='word_1_363' title='bbox 2160 1679 2496 1734; x_wconf 84' lang='lat' dir='ltr'><strong>memorare,</strong></span> <span class='ocrx_word' id='word_1_364' title='bbox 2527 1676 2586 1721; x_wconf 93' lang='lat' dir='ltr'><strong>ut</strong></span> <span class='ocrx_word' id='word_1_365' title='bbox 2612 1668 2811 1724; x_wconf 90' lang='lat' dir='ltr'><strong>animal</strong></span> <span class='ocrx_word' id='word_1_366' title='bbox 2841 1678 3267 1739; x_wconf 78' lang='lat' dir='ltr'><strong>cognoscentes,</strong></span> <span class='ocrx_word' id='word_1_367' title='bbox 3300 1670 3445 1725; x_wconf 89' lang='lat' dir='ltr'><strong>scire</strong></span> <span class='ocrx_word' id='word_1_368' title='bbox 3492 1669 3766 1740; x_wconf 86' lang='lat' dir='ltr'><strong>possimus</strong></span> 
     </span>
    </p>
   </div>
   <div class='ocr_carea' id='block_1_48' title="bbox 2159 1759 3765 1833">
    <p class='ocr_par' dir='ltr' id='par_1_48' title="bbox 2159 1759 3765 1833">
     <span class='ocr_line' id='line_1_48' title="bbox 2159 1759 3765 1833; baseline 0.002 -19"><span class='ocrx_word' id='word_1_369' title='bbox 2159 1768 2342 1815; x_wconf 89' lang='lat' dir='ltr'><strong>utrum</strong></span> <span class='ocrx_word' id='word_1_370' title='bbox 2373 1759 2441 1815; x_wconf 90' lang='lat' dir='ltr'><strong>ad</strong></span> <span class='ocrx_word' id='word_1_371' title='bbox 2473 1761 2691 1830; x_wconf 85' lang='lat' dir='ltr'><strong>bonam,</strong></span> <span class='ocrx_word' id='word_1_372' title='bbox 2732 1777 2800 1818; x_wconf 92' lang='lat' dir='ltr'><strong>an</strong></span> <span class='ocrx_word' id='word_1_373' title='bbox 2834 1764 3031 1820; x_wconf 90' lang='lat' dir='ltr'><strong>malam</strong></span> <span class='ocrx_word' id='word_1_374' title='bbox 3066 1772 3281 1833; x_wconf 88' lang='lat' dir='ltr'><strong>partem</strong></span> <span class='ocrx_word' id='word_1_375' title='bbox 3313 1779 3457 1819; x_wconf 90' lang='lat' dir='ltr'><strong>nunc</strong></span> <span class='ocrx_word' id='word_1_376' title='bbox 3495 1763 3765 1819; x_wconf 87' lang='lat' dir='ltr'><strong>nominati</strong></span> 
     </span>
    </p>
   </div>
   <div class='ocr_carea' id='block_1_49' title="bbox 2160 1853 3767 1926">
    <p class='ocr_par' dir='ltr' id='par_1_49' title="bbox 2160 1853 3767 1926">
     <span class='ocr_line' id='line_1_49' title="bbox 2160 1853 3767 1926; baseline 0.004 -19"><span class='ocrx_word' id='word_1_377' title='bbox 2160 1853 2397 1923; x_wconf 84' lang='lat' dir='ltr'><strong>perdicis</strong></span> <span class='ocrx_word' id='word_1_378' title='bbox 2434 1853 2849 1926; x_wconf 82' lang='lat' dir='ltr'><strong>intelligentiam</strong></span> <span class='ocrx_word' id='word_1_379' title='bbox 2907 1857 3234 1913; x_wconf 82' lang='lat' dir='ltr'><strong>referamus.</strong></span> <span class='ocrx_word' id='word_1_380' title='bbox 3286 1855 3496 1912; x_wconf 89' lang='lat' dir='ltr'><strong>Dicitur</strong></span> <span class='ocrx_word' id='word_1_381' title='bbox 3528 1868 3551 1896; x_wconf 73' lang='grc' dir='ltr'><strong>ο</strong></span> <span class='ocrx_word' id='word_1_382' title='bbox 3584 1868 3767 1913; x_wconf 87' lang='lat' dir='ltr'><strong>autem</strong></span> 
     </span>
    </p>
   </div>
   <div class='ocr_carea' id='block_1_50' title="bbox 2162 1944 3763 2022">
    <p class='ocr_par' dir='ltr' id='par_1_50' title="bbox 2162 1944 3763 2022">
     <span class='ocr_line' id='line_1_50' title="bbox 2162 1944 3763 2022; baseline 0.004 -22"><span class='ocrx_word' id='word_1_383' title='bbox 2162 1944 2266 2001; x_wconf 91' lang='lat' dir='ltr'><strong>hoc</strong></span> <span class='ocrx_word' id='word_1_384' title='bbox 2307 1960 2431 2002; x_wconf 90' lang='lat' dir='ltr'><strong>esse</strong></span> <span class='ocrx_word' id='word_1_385' title='bbox 2484 1948 2645 2020; x_wconf 79' lang='lat'><strong>783</strong></span> <span class='ocrx_word' id='word_1_386' title='bbox 2692 1950 2896 2006; x_wconf 91' lang='lat' dir='ltr'><strong>animal</strong></span> <span class='ocrx_word' id='word_1_387' title='bbox 2946 1951 3283 2022; x_wconf 90' lang='lat' dir='ltr'><strong>malignum,</strong></span> <span class='ocrx_word' id='word_1_388' title='bbox 3331 1950 3763 2019; x_wconf 79' lang='lat' dir='ltr'><strong>fraudulentum,</strong></span> 
     </span>
    </p>
   </div>
   <div class='ocr_carea' id='block_1_51' title="bbox 2159 2039 3770 2115">
    <p class='ocr_par' dir='ltr' id='par_1_51' title="bbox 2159 2039 3770 2115">
     <span class='ocr_line' id='line_1_51' title="bbox 2159 2039 3770 2115; baseline 0.006 -21"><span class='ocrx_word' id='word_1_389' title='bbox 2159 2039 2460 2107; x_wconf 88' lang='lat' dir='ltr'><strong>callidum,</strong></span> <span class='ocrx_word' id='word_1_390' title='bbox 2516 2042 2858 2114; x_wconf 89' lang='lat' dir='ltr'><strong>multumque</strong></span> <span class='ocrx_word' id='word_1_391' title='bbox 2909 2043 3189 2115; x_wconf 90' lang='lat' dir='ltr'><strong>decipiens</strong></span> <span class='ocrx_word' id='word_1_392' title='bbox 3238 2055 3555 2101; x_wconf 82' lang='lat' dir='ltr'><strong>venatores.</strong></span> <span class='ocrx_word' id='word_1_393' title='bbox 3610 2048 3770 2115; x_wconf 66' lang='lat' dir='ltr'><strong>Saepe</strong></span> 
     </span>
    </p>
   </div>
   <div class='ocr_carea' id='block_1_52' title="bbox 2161 2131 3770 2208">
    <p class='ocr_par' dir='ltr' id='par_1_52' title="bbox 2161 2131 3770 2208">
     <span class='ocr_line' id='line_1_52' title="bbox 2161 2131 3770 2208; baseline 0.005 -22"><span class='ocrx_word' id='word_1_394' title='bbox 2161 2131 2363 2202; x_wconf 85' lang='lat' dir='ltr'><strong>quippe</strong></span> <span class='ocrx_word' id='word_1_395' title='bbox 2388 2143 2514 2188; x_wconf 91' lang='lat' dir='ltr'><strong>ante</strong></span> <span class='ocrx_word' id='word_1_396' title='bbox 2545 2136 2712 2204; x_wconf 89' lang='lat' dir='ltr'><strong>pedes</strong></span> <span class='ocrx_word' id='word_1_397' title='bbox 2738 2137 2967 2206; x_wconf 89' lang='lat' dir='ltr'><strong>aucupis</strong></span> <span class='ocrx_word' id='word_1_398' title='bbox 2995 2137 3260 2203; x_wconf 83' lang='lat' dir='ltr'><strong>volvitur,</strong></span> <span class='ocrx_word' id='word_1_399' title='bbox 3291 2145 3345 2193; x_wconf 91' lang='lat' dir='ltr'><strong>et</strong></span> <span class='ocrx_word' id='word_1_400' title='bbox 3367 2139 3418 2192; x_wconf 92' lang='lat' dir='ltr'><strong>in</strong></span> <span class='ocrx_word' id='word_1_401' title='bbox 3442 2137 3624 2193; x_wconf 90' lang='lat' dir='ltr'><strong>medio</strong></span> <span class='ocrx_word' id='word_1_402' title='bbox 3647 2137 3770 2208; x_wconf 88' lang='lat' dir='ltr'><strong>ejus</strong></span> 
     </span>
    </p>
   </div>
   <div class='ocr_carea' id='block_1_53' title="bbox 2160 2227 3770 2299">
    <p class='ocr_par' dir='ltr' id='par_1_53' title="bbox 2160 2227 3770 2299">
     <span class='ocr_line' id='line_1_53' title="bbox 2160 2227 3770 2299; baseline 0.004 -19"><span class='ocrx_word' id='word_1_403' title='bbox 2160 2233 2382 2291; x_wconf 92' lang='lat' dir='ltr'><strong>conatu,</strong></span> <span class='ocrx_word' id='word_1_404' title='bbox 2404 2227 2559 2297; x_wconf 87' lang='lat' dir='ltr'><strong>quasi</strong></span> <span class='ocrx_word' id='word_1_405' title='bbox 2581 2228 2692 2299; x_wconf 90' lang='lat' dir='ltr'><strong>jam</strong></span> <span class='ocrx_word' id='word_1_406' title='bbox 2714 2231 3209 2299; x_wconf 87' lang='lat' dir='ltr'><strong>apprehendendus</strong></span> <span class='ocrx_word' id='word_1_407' title='bbox 3232 2231 3488 2287; x_wconf 88' lang='lat' dir='ltr'><strong>elabitur.</strong></span> <span class='ocrx_word' id='word_1_408' title='bbox 3523 2231 3770 2287; x_wconf 83' lang='lat' dir='ltr'><strong>Pra-dam</strong></span> 
     </span>
    </p>
   </div>
   <div class='ocr_carea' id='block_1_54' title="bbox 2159 2320 3767 2399">
    <p class='ocr_par' dir='ltr' id='par_1_54' title="bbox 2159 2320 3767 2399">
     <span class='ocr_line' id='line_1_54' title="bbox 2159 2320 3767 2399; baseline 0.004 -23"><span class='ocrx_word' id='word_1_409' title='bbox 2159 2321 2244 2376; x_wconf 87' lang='lat' dir='ltr'><strong>sui</strong></span> <span class='ocrx_word' id='word_1_410' title='bbox 2276 2335 2340 2375; x_wconf 94' lang='lat' dir='ltr'><strong>ex</strong></span> <span class='ocrx_word' id='word_1_411' title='bbox 2367 2320 2644 2378; x_wconf 78' lang='lat' dir='ltr'><strong>vicinitate</strong></span> <span class='ocrx_word' id='word_1_412' title='bbox 2672 2327 2938 2390; x_wconf 88' lang='lat' dir='ltr'><strong>promittit</strong></span> <span class='ocrx_word' id='word_1_413' title='bbox 2964 2343 2978 2380; x_wconf 89' lang='lat'><strong>:</strong></span> <span class='ocrx_word' id='word_1_414' title='bbox 3010 2335 3065 2382; x_wconf 91' lang='lat' dir='ltr'><strong>et</strong></span> <span class='ocrx_word' id='word_1_415' title='bbox 3094 2328 3199 2382; x_wconf 89' lang='lat' dir='ltr'><strong>hoc</strong></span> <span class='ocrx_word' id='word_1_416' title='bbox 3224 2326 3356 2399; x_wconf 88' lang='lat' dir='ltr'><strong>agit,</strong></span> <span class='ocrx_word' id='word_1_417' title='bbox 3385 2341 3453 2381; x_wconf 93' lang='lat' dir='ltr'><strong>ne</strong></span> <span class='ocrx_word' id='word_1_418' title='bbox 3483 2326 3549 2381; x_wconf 91' lang='lat' dir='ltr'><strong>ad</strong></span> <span class='ocrx_word' id='word_1_419' title='bbox 3578 2328 3767 2383; x_wconf 90' lang='lat' dir='ltr'><strong>nidum</strong></span> 
     </span>
    </p>
   </div>
   <div class='ocr_carea' id='block_1_55' title="bbox 2160 2411 3768 2490">
    <p class='ocr_par' dir='ltr' id='par_1_55' title="bbox 2160 2411 3768 2490">
     <span class='ocr_line' id='line_1_55' title="bbox 2160 2411 3768 2490; baseline 0.005 -23"><span class='ocrx_word' id='word_1_420' title='bbox 2160 2411 2388 2468; x_wconf 74' lang='lat' dir='ltr'><strong>fmtuum</strong></span> <span class='ocrx_word' id='word_1_421' title='bbox 2434 2415 2553 2479; x_wconf 88' lang='lat' dir='ltr'><strong>ejus</strong></span> <span class='ocrx_word' id='word_1_422' title='bbox 2596 2417 2737 2472; x_wconf 92' lang='lat' dir='ltr'><strong>citus</strong></span> <span class='ocrx_word' id='word_1_423' title='bbox 2785 2425 3339 2475; x_wconf 81' lang='lat' dir='ltr'><strong>venator‘occurrat.</strong></span> <span class='ocrx_word' id='word_1_424' title='bbox 3372 2418 3622 2490; x_wconf 88' lang='lat' dir='ltr'><strong>Cumque</strong></span> <span class='ocrx_word' id='word_1_425' title='bbox 3650 2420 3768 2489; x_wconf 88' lang='lat' dir='ltr'><strong>jam</strong></span> 
     </span>
    </p>
   </div>
   <div class='ocr_carea' id='block_1_56' title="bbox 2162 2507 3772 2585">
    <p class='ocr_par' dir='ltr' id='par_1_56' title="bbox 2162 2507 3772 2585">
     <span class='ocr_line' id='line_1_56' title="bbox 2162 2507 3772 2585; baseline 0.007 -25"><span class='ocrx_word' id='word_1_426' title='bbox 2162 2508 2400 2561; x_wconf 86' lang='lat' dir='ltr'><strong>senserit</strong></span> <span class='ocrx_word' id='word_1_427' title='bbox 2429 2507 2633 2578; x_wconf 79' lang='lat' dir='ltr'><strong>fugisse</strong></span> <span class='ocrx_word' id='word_1_428' title='bbox 2662 2510 2836 2581; x_wconf 92' lang='lat' dir='ltr'><strong>pullos</strong></span> <span class='ocrx_word' id='word_1_429' title='bbox 2863 2527 3017 2582; x_wconf 89' lang='lat' dir='ltr'><strong>suos,</strong></span> <span class='ocrx_word' id='word_1_430' title='bbox 3051 2521 3184 2569; x_wconf 92' lang='lat' dir='ltr'><strong>tunc</strong></span> <span class='ocrx_word' id='word_1_431' title='bbox 3204 2524 3259 2569; x_wconf 91' lang='lat' dir='ltr'><strong>et</strong></span> <span class='ocrx_word' id='word_1_432' title='bbox 3289 2517 3404 2585; x_wconf 91' lang='lat' dir='ltr'><strong>ipse</strong></span> <span class='ocrx_word' id='word_1_433' title='bbox 3426 2516 3586 2572; x_wconf 89' lang='lat' dir='ltr'><strong>illuso</strong></span> <span class='ocrx_word' id='word_1_434' title='bbox 3611 2516 3772 2572; x_wconf 87' lang='lat' dir='ltr'><strong>hoste</strong></span> 
     </span>
    </p>
   </div>
   <div class='ocr_carea' id='block_1_57' title="bbox 2162 2601 3772 2681">
    <p class='ocr_par' dir='ltr' id='par_1_57' title="bbox 2162 2601 3772 2681">
     <span class='ocr_line' id='line_1_57' title="bbox 2162 2601 3772 2681; baseline 0.005 -24"><span class='ocrx_word' id='word_1_435' title='bbox 2162 2601 2418 2658; x_wconf 88' lang='lat' dir='ltr'><strong>discedit.</strong></span> <span class='ocrx_word' id='word_1_436' title='bbox 2450 2603 2557 2660; x_wconf 90' lang='lat' dir='ltr'><strong>Sed</strong></span> <span class='ocrx_word' id='word_1_437' title='bbox 2588 2607 2885 2677; x_wconf 89' lang='lat' dir='ltr'><strong>nequitiam</strong></span> <span class='ocrx_word' id='word_1_438' title='bbox 2910 2609 3029 2679; x_wconf 87' lang='lat' dir='ltr'><strong>ejus</strong></span> <span class='ocrx_word' id='word_1_439' title='bbox 3058 2608 3229 2665; x_wconf 90' lang='lat' dir='ltr'><strong>vincit</strong></span> <span class='ocrx_word' id='word_1_440' title='bbox 3249 2607 3277 2646; x_wconf 75' lang='grc' dir='ltr'>ά</span> <span class='ocrx_word' id='word_1_441' title='bbox 3302 2611 3610 2681; x_wconf 89' lang='lat' dir='ltr'><strong>impuritas.</strong></span> <span class='ocrx_word' id='word_1_442' title='bbox 3638 2613 3772 2665; x_wconf 80' lang='lat' dir='ltr'><strong>Am-</strong></span> 
     </span>
    </p>
   </div>
   <div class='ocr_carea' id='block_1_58' title="bbox 2162 2693 3771 2775">
    <p class='ocr_par' dir='ltr' id='par_1_58' title="bbox 2162 2693 3771 2775">
     <span class='ocr_line' id='line_1_58' title="bbox 2162 2693 3771 2775; baseline 0.007 -26"><span class='ocrx_word' id='word_1_443' title='bbox 2162 2693 2456 2767; x_wconf 89' lang='lat' dir='ltr'><strong>bigendum</strong></span> <span class='ocrx_word' id='word_1_444' title='bbox 2489 2715 2596 2753; x_wconf 92' lang='lat' dir='ltr'><strong>non</strong></span> <span class='ocrx_word' id='word_1_445' title='bbox 2632 2709 2718 2755; x_wconf 90' lang='lat' dir='ltr'><strong>est</strong></span> <span class='ocrx_word' id='word_1_446' title='bbox 2746 2700 2815 2756; x_wconf 92' lang='lat' dir='ltr'><strong>de</strong></span> <span class='ocrx_word' id='word_1_447' title='bbox 2846 2717 2913 2756; x_wconf 91' lang='lat' dir='ltr'><strong>eo</strong></span> <span class='ocrx_word' id='word_1_448' title='bbox 2942 2702 3088 2773; x_wconf 89' lang='lat' dir='ltr'><strong>quod</strong></span> <span class='ocrx_word' id='word_1_449' title='bbox 3127 2701 3333 2758; x_wconf 88' lang='lat' dir='ltr'><strong>dicturi</strong></span> <span class='ocrx_word' id='word_1_450' title='bbox 3372 2718 3589 2767; x_wconf 85' lang='lat' dir='ltr'><strong>sumus,</strong></span> <span class='ocrx_word' id='word_1_451' title='bbox 3622 2703 3771 2775; x_wconf 90' lang='lat' dir='ltr'><strong>quod</strong></span> 
     </span>
    </p>
   </div>
   <div class='ocr_carea' id='block_1_59' title="bbox 2162 2789 3772 2869">
    <p class='ocr_par' dir='ltr' id='par_1_59' title="bbox 2162 2789 3772 2869">
     <span class='ocr_line' id='line_1_59' title="bbox 2162 2789 3772 2869; baseline 0.006 -25"><span class='ocrx_word' id='word_1_452' title='bbox 2162 2802 2229 2844; x_wconf 84' lang='lat' dir='ltr'><strong>ex</strong></span> <span class='ocrx_word' id='word_1_453' title='bbox 2263 2789 2330 2844; x_wconf 91' lang='lat' dir='ltr'><strong>iis</strong></span> <span class='ocrx_word' id='word_1_454' title='bbox 2357 2792 2450 2859; x_wconf 91' lang='lat' dir='ltr'><strong>qui</strong></span> <span class='ocrx_word' id='word_1_455' title='bbox 2478 2795 2746 2849; x_wconf 90' lang='lat' dir='ltr'><strong>mansueti</strong></span> <span class='ocrx_word' id='word_1_456' title='bbox 2784 2793 2837 2849; x_wconf 88' lang='lat' dir='ltr'><strong>in</strong></span> <span class='ocrx_word' id='word_1_457' title='bbox 2868 2797 3012 2850; x_wconf 87' lang='lat' dir='ltr'><strong>casis</strong></span> <span class='ocrx_word' id='word_1_458' title='bbox 3058 2797 3391 2863; x_wconf 84' lang='lat' dir='ltr'><strong>nutriuntur,</strong></span> <span class='ocrx_word' id='word_1_459' title='bbox 3440 2798 3639 2854; x_wconf 80' lang='lat' dir='ltr'><strong>veritas</strong></span> <span class='ocrx_word' id='word_1_460' title='bbox 3667 2810 3772 2869; x_wconf 86' lang='lat' dir='ltr'><strong>ap-</strong></span> 
     </span>
    </p>
   </div>
   <div class='ocr_carea' id='block_1_60' title="bbox 2163 2884 3772 2963">
    <p class='ocr_par' dir='ltr' id='par_1_60' title="bbox 2163 2884 3772 2963">
     <span class='ocr_line' id='line_1_60' title="bbox 2163 2884 3772 2963; baseline 0.007 -25"><span class='ocrx_word' id='word_1_461' title='bbox 2163 2884 2391 2955; x_wconf 83' lang='lat' dir='ltr'><strong>probat:</strong></span> <span class='ocrx_word' id='word_1_462' title='bbox 2426 2888 2700 2942; x_wconf 87' lang='lat' dir='ltr'><strong>masculus</strong></span> <span class='ocrx_word' id='word_1_463' title='bbox 2733 2889 2788 2944; x_wconf 92' lang='lat' dir='ltr'><strong>in</strong></span> <span class='ocrx_word' id='word_1_464' title='bbox 2819 2890 3124 2945; x_wconf 91' lang='lat' dir='ltr'><strong>masculum</strong></span> <span class='ocrx_word' id='word_1_465' title='bbox 3153 2892 3458 2963; x_wconf 85' lang='lat' dir='ltr'><strong>consurgit,</strong></span> <span class='ocrx_word' id='word_1_466' title='bbox 3487 2893 3772 2949; x_wconf 82' lang='lat' dir='ltr'><strong>oblivisci—</strong></span> 
     </span>
    </p>
   </div>
   <div class='ocr_carea' id='block_1_61' title="bbox 2165 2980 3774 3057">
    <p class='ocr_par' dir='ltr' id='par_1_61' title="bbox 2165 2980 3774 3057">
     <span class='ocr_line' id='line_1_61' title="bbox 2165 2980 3774 3057; baseline 0.008 -26"><span class='ocrx_word' id='word_1_467' title='bbox 2165 2986 2252 3032; x_wconf 91' lang='lat' dir='ltr'><strong>tur</strong></span> <span class='ocrx_word' id='word_1_468' title='bbox 2282 2994 2469 3034; x_wconf 82' lang='lat' dir='ltr'><strong>sexum</strong></span> <span class='ocrx_word' id='word_1_469' title='bbox 2504 2980 2672 3037; x_wconf 88' lang='lat' dir='ltr'><strong>libido</strong></span> <span class='ocrx_word' id='word_1_470' title='bbox 2720 2998 2990 3057; x_wconf 70' lang='lat' dir='ltr'><strong>praeceps,</strong></span> <span class='ocrx_word' id='word_1_471' title='bbox 3026 2997 3299 3057; x_wconf 86' lang='lat' dir='ltr'><strong>pugnatur</strong></span> <span class='ocrx_word' id='word_1_472' title='bbox 3326 2988 3392 3042; x_wconf 91' lang='lat' dir='ltr'><strong>ad</strong></span> <span class='ocrx_word' id='word_1_473' title='bbox 3423 2989 3625 3043; x_wconf 91' lang='lat' dir='ltr'><strong>coitum</strong></span> <span class='ocrx_word' id='word_1_474' title='bbox 3646 3029 3662 3055; x_wconf 89' lang='lat'><strong>,</strong></span> <span class='ocrx_word' id='word_1_475' title='bbox 3710 2997 3774 3044; x_wconf 87' lang='lat' dir='ltr'><strong>et</strong></span> 
     </span>
    </p>
   </div>
   <div class='ocr_carea' id='block_1_62' title="bbox 2162 3071 3776 3152">
    <p class='ocr_par' dir='ltr' id='par_1_62' title="bbox 2162 3071 3776 3152">
     <span class='ocr_line' id='line_1_62' title="bbox 2162 3071 3776 3152; baseline 0.009 -29"><span class='ocrx_word' id='word_1_476' title='bbox 2162 3085 2267 3125; x_wconf 89' lang='lat' dir='ltr'><strong>una</strong></span> <span class='ocrx_word' id='word_1_477' title='bbox 2292 3071 2473 3141; x_wconf 90' lang='lat' dir='ltr'><strong>palma</strong></span> <span class='ocrx_word' id='word_1_478' title='bbox 2492 3072 2714 3130; x_wconf 85' lang='lat' dir='ltr'><strong>victoris</strong></span> <span class='ocrx_word' id='word_1_479' title='bbox 2726 3084 2811 3132; x_wconf 88' lang='lat' dir='ltr'><strong>est</strong></span> <span class='ocrx_word' id='word_1_480' title='bbox 2828 3076 3085 3147; x_wconf 92' lang='lat' dir='ltr'><strong>polluisse</strong></span> <span class='ocrx_word' id='word_1_481' title='bbox 3104 3094 3269 3150; x_wconf 88' lang='lat' dir='ltr'><strong>quem</strong></span> <span class='ocrx_word' id='word_1_482' title='bbox 3290 3079 3505 3135; x_wconf 87' lang='lat' dir='ltr'><strong>vicerit.</strong></span> <span class='ocrx_word' id='word_1_483' title='bbox 3525 3082 3580 3137; x_wconf 90' lang='lat' dir='ltr'><strong>Si</strong></span> <span class='ocrx_word' id='word_1_484' title='bbox 3600 3079 3776 3152; x_wconf 83' lang='lat' dir='ltr'><strong>igitur</strong></span> 
     </span>
    </p>
   </div>
   <div class='ocr_carea' id='block_1_63' title="bbox 534 3222 3770 3313">
    <p class='ocr_par' dir='ltr' id='par_1_63' title="bbox 534 3222 3770 3313">
     <span class='ocr_line' id='line_1_63' title="bbox 534 3222 3770 3313; baseline 0.006 -36"><span class='ocrx_word' id='word_1_485' title='bbox 534 3234 560 3264; x_wconf 73' lang='grc' dir='ltr'>α</span> <span class='ocrx_word' id='word_1_486' title='bbox 596 3225 789 3313; x_wconf 11' lang='lat' dir='ltr'><strong>Verba,</strong></span> <span class='ocrx_word' id='word_1_487' title='bbox 823 3225 1000 3313; x_wconf 28' lang='lat' dir='ltr'><strong>multi.</strong></span> <span class='ocrx_word' id='word_1_488' title='bbox 1028 3225 1277 3313; x_wconf 82' lang='lat' dir='ltr'><strong>incedunt</strong></span> <span class='ocrx_word' id='word_1_489' title='bbox 1306 3240 1391 3313; x_wconf 9' lang='lat' dir='ltr'><strong>rex</strong></span> <span class='ocrx_word' id='word_1_490' title='bbox 1426 3222 1682 3313; x_wconf 59' lang='lat' dir='ltr'><strong>Rabgno</strong></span> <span class='ocrx_word' id='word_1_491' title='bbox 1710 3224 2045 3284; x_wconf 79' lang='lat' dir='ltr'><strong>suﬂ&#39;ecimus.</strong></span> <span class='ocrx_word' id='word_1_492' title='bbox 2079 3231 2124 3296; x_wconf 88' lang='lat' dir='ltr'><strong>C</strong></span> <span class='ocrx_word' id='word_1_493' title='bbox 2156 3234 2337 3313; x_wconf 71' lang='lat' dir='ltr'><strong>perdia;</strong></span> <span class='ocrx_word' id='word_1_494' title='bbox 2362 3244 2481 3313; x_wconf 84' lang='lat' dir='ltr'><strong>ante</strong></span> <span class='ocrx_word' id='word_1_495' title='bbox 2510 3244 2824 3313; x_wconf 83' lang='lat' dir='ltr'><strong>venatorem,</strong></span> <span class='ocrx_word' id='word_1_496' title='bbox 2857 3240 3007 3313; x_wconf 86' lang='lat' dir='ltr'><strong>quasi</strong></span> <span class='ocrx_word' id='word_1_497' title='bbox 3027 3241 3257 3313; x_wconf 83' lang='lat' dir='ltr'><strong>jamiam</strong></span> <span class='ocrx_word' id='word_1_498' title='bbox 3286 3240 3542 3313; x_wconf 73' lang='lat' dir='ltr'><strong>capienda</strong></span> <span class='ocrx_word' id='word_1_499' title='bbox 3567 3252 3657 3313; x_wconf 82' lang='lat' dir='ltr'><strong>stt.</strong></span> <span class='ocrx_word' id='word_1_500' title='bbox 3714 3251 3770 3296; x_wconf 88' lang='lat' dir='ltr'><strong>et</strong></span> 
     </span>
    </p>
   </div>
   <div class='ocr_carea' id='block_1_64' title="bbox 460 3295 2049 3367">
    <p class='ocr_par' dir='ltr' id='par_1_64' title="bbox 460 3295 2049 3367">
     <span class='ocr_line' id='line_1_64' title="bbox 460 3295 2049 3367; baseline 0.003 -14"><span class='ocrx_word' id='word_1_501' title='bbox 460 3295 695 3353; x_wconf 86' lang='lat' dir='ltr'><strong>Deerant</strong></span> <span class='ocrx_word' id='word_1_502' title='bbox 734 3312 862 3353; x_wconf 85' lang='lat' dir='ltr'><strong>vero</strong></span> <span class='ocrx_word' id='word_1_503' title='bbox 913 3307 1071 3352; x_wconf 76' lang='lat' dir='ltr'><strong>antea</strong></span> <span class='ocrx_word' id='word_1_504' title='bbox 1130 3312 1322 3353; x_wconf 82' lang='lat' dir='ltr'><strong>maneo</strong></span> <span class='ocrx_word' id='word_1_505' title='bbox 1372 3296 1800 3367; x_wconf 82' lang='lat' dir='ltr'><strong>imperfectoque</strong></span> <span class='ocrx_word' id='word_1_506' title='bbox 1844 3314 2049 3357; x_wconf 88' lang='lat' dir='ltr'><strong>sensu:</strong></span> 
     </span>
    </p>
   </div>
   <div class='ocr_carea' id='block_1_65' title="bbox 457 3368 2051 3441">
    <p class='ocr_par' dir='ltr' id='par_1_65' title="bbox 457 3368 2051 3441">
     <span class='ocr_line' id='line_1_65' title="bbox 457 3368 2051 3441; baseline 0.004 -20"><span class='ocrx_word' id='word_1_507' title='bbox 457 3370 581 3441; x_wconf 88' lang='lat' dir='ltr'><strong>quin</strong></span> <span class='ocrx_word' id='word_1_508' title='bbox 616 3369 797 3441; x_wconf 87' lang='lat' dir='ltr'><strong>potius</strong></span> <span class='ocrx_word' id='word_1_509' title='bbox 832 3379 1023 3424; x_wconf 90' lang='lat' dir='ltr'><strong>contra</strong></span> <span class='ocrx_word' id='word_1_510' title='bbox 1067 3369 1333 3425; x_wconf 87' lang='lat' dir='ltr'><strong>orationis</strong></span> <span class='ocrx_word' id='word_1_511' title='bbox 1381 3369 1581 3423; x_wconf 88' lang='lat' dir='ltr'><strong>seriem</strong></span> <span class='ocrx_word' id='word_1_512' title='bbox 1629 3368 1705 3424; x_wconf 90' lang='lat' dir='ltr'><strong>sic</strong></span> <span class='ocrx_word' id='word_1_513' title='bbox 1763 3386 2051 3441; x_wconf 90' lang='lat' dir='ltr'><strong>perperam</strong></span> 
     </span>
    </p>
   </div>
   <div class='ocr_carea' id='block_1_66' title="bbox 461 3441 2056 3513">
    <p class='ocr_par' dir='ltr' id='par_1_66' title="bbox 461 3441 2056 3513">
     <span class='ocr_line' id='line_1_66' title="bbox 461 3441 2056 3513; baseline 0.003 -18"><span class='ocrx_word' id='word_1_514' title='bbox 461 3441 978 3513; x_wconf 72' lang='lat' dir='ltr'><strong>lin-vjtingebalitur,</strong></span> <span class='ocrx_word' id='word_1_515' title='bbox 1006 3442 1061 3495; x_wconf 85' lang='lat' dir='ltr'><strong>in</strong></span> <span class='ocrx_word' id='word_1_516' title='bbox 1089 3442 1195 3496; x_wconf 92' lang='lat' dir='ltr'><strong>lata</strong></span> <span class='ocrx_word' id='word_1_517' title='bbox 1239 3450 1411 3495; x_wconf 88' lang='lat' dir='ltr'><strong>autem</strong></span> <span class='ocrx_word' id='word_1_518' title='bbox 1440 3449 1489 3494; x_wconf 88' lang='lat' dir='ltr'><strong>et</strong></span> <span class='ocrx_word' id='word_1_519' title='bbox 1516 3442 1711 3509; x_wconf 90' lang='lat' dir='ltr'><strong>patenti</strong></span> <span class='ocrx_word' id='word_1_520' title='bbox 1751 3446 2056 3513; x_wconf 85' lang='lat' dir='ltr'><strong>annuntiate</strong></span> 
     </span>
    </p>
   </div>
   <div class='ocr_carea' id='block_1_67' title="bbox 456 3512 2053 3585">
    <p class='ocr_par' dir='ltr' id='par_1_67' title="bbox 456 3512 2053 3585">
     <span class='ocr_line' id='line_1_67' title="bbox 456 3512 2053 3585; baseline 0.004 -19"><span class='ocrx_word' id='word_1_521' title='bbox 456 3512 810 3585; x_wconf 84' lang='lat' dir='ltr'><strong>inBabylone,</strong></span> <span class='ocrx_word' id='word_1_522' title='bbox 834 3514 1206 3584; x_wconf 88' lang='lat' dir='ltr'><strong>ctc.,perinde</strong></span> <span class='ocrx_word' id='word_1_523' title='bbox 1224 3520 1388 3584; x_wconf 86' lang='lat' dir='ltr'><strong>atque</strong></span> <span class='ocrx_word' id='word_1_524' title='bbox 1412 3528 1576 3567; x_wconf 88' lang='lat' dir='ltr'><strong>unum</strong></span> <span class='ocrx_word' id='word_1_525' title='bbox 1588 3520 1735 3569; x_wconf 89' lang='lat' dir='ltr'><strong>esset</strong></span> <span class='ocrx_word' id='word_1_526' title='bbox 1754 3512 2053 3585; x_wconf 84' lang='lat' dir='ltr'><strong>Scripturae</strong></span> 
     </span>
    </p>
   </div>
   <div class='ocr_carea' id='block_1_68' title="bbox 460 3588 849 3641">
    <p class='ocr_par' dir='ltr' id='par_1_68' title="bbox 460 3588 849 3641">
     <span class='ocr_line' id='line_1_68' title="bbox 460 3588 849 3641; baseline 0 -2"><span class='ocrx_word' id='word_1_527' title='bbox 460 3588 849 3641; x_wconf 77' lang='lat' dir='ltr'><strong>testimonium.</strong></span> 
     </span>
    </p>
   </div>
   <div class='ocr_carea' id='block_1_69' title="bbox 530 3655 2052 3728">
    <p class='ocr_par' dir='ltr' id='par_1_69' title="bbox 530 3655 2052 3728">
     <span class='ocr_line' id='line_1_69' title="bbox 530 3655 2052 3728; baseline 0 -15"><span class='ocrx_word' id='word_1_528' title='bbox 530 3655 560 3696; x_wconf 73' lang='grc' dir='ltr'><strong>ι)</strong></span> <span class='ocrx_word' id='word_1_529' title='bbox 591 3658 743 3713; x_wconf 89' lang='lat' dir='ltr'><strong>Hunc</strong></span> <span class='ocrx_word' id='word_1_530' title='bbox 775 3671 991 3728; x_wconf 85' lang='lat' dir='ltr'><strong>quoque</strong></span> <span class='ocrx_word' id='word_1_531' title='bbox 1020 3657 1201 3715; x_wconf 88' lang='lat' dir='ltr'><strong>locum</strong></span> <span class='ocrx_word' id='word_1_532' title='bbox 1254 3656 1511 3713; x_wconf 82' lang='lat' dir='ltr'><strong>Rabauus</strong></span> <span class='ocrx_word' id='word_1_533' title='bbox 1542 3657 1794 3728; x_wconf 90' lang='lat' dir='ltr'><strong>castigat,</strong></span> <span class='ocrx_word' id='word_1_534' title='bbox 1846 3657 2052 3713; x_wconf 84' lang='lat' dir='ltr'><strong>substi-</strong></span> 
     </span>
    </p>
   </div>
   <div class='ocr_carea' id='block_1_70' title="bbox 460 3728 2055 3803">
    <p class='ocr_par' dir='ltr' id='par_1_70' title="bbox 460 3728 2055 3803">
     <span class='ocr_line' id='line_1_70' title="bbox 460 3728 2055 3803; baseline 0.001 -19"><span class='ocrx_word' id='word_1_535' title='bbox 460 3737 619 3785; x_wconf 78' lang='lat' dir='ltr'><strong>luens</strong></span> <span class='ocrx_word' id='word_1_536' title='bbox 646 3730 897 3803; x_wconf 83' lang='lat' dir='ltr'><strong>parvulis,</strong></span> <span class='ocrx_word' id='word_1_537' title='bbox 931 3745 1030 3801; x_wconf 91' lang='lat' dir='ltr'><strong>pro</strong></span> <span class='ocrx_word' id='word_1_538' title='bbox 1058 3747 1166 3801; x_wconf 88' lang='lat' dir='ltr'><strong>quo</strong></span> <span class='ocrx_word' id='word_1_539' title='bbox 1189 3730 1388 3799; x_wconf 89' lang='lat' dir='ltr'><strong>vulgati</strong></span> <span class='ocrx_word' id='word_1_540' title='bbox 1416 3729 1539 3784; x_wconf 88' lang='lat' dir='ltr'><strong>libri</strong></span> <span class='ocrx_word' id='word_1_541' title='bbox 1567 3729 1660 3783; x_wconf 86' lang='lat' dir='ltr'><strong>alii</strong></span> <span class='ocrx_word' id='word_1_542' title='bbox 1689 3728 2055 3798; x_wconf 75' lang='lat' dir='ltr'><strong>przeferebant</strong></span> 
     </span>
    </p>
   </div>
   <div class='ocr_carea' id='block_1_71' title="bbox 497 3803 747 3856">
    <p class='ocr_par' dir='ltr' id='par_1_71' title="bbox 497 3803 747 3856">
     <span class='ocr_line' id='line_1_71' title="bbox 497 3803 747 3856; baseline -0.004 0"><span class='ocrx_word' id='word_1_543' title='bbox 497 3803 747 3856; x_wconf 83' lang='lat' dir='ltr'><strong>arabolis.</strong></span> 
     </span>
    </p>
   </div>
   <div class='ocr_carea' id='block_1_72' title="bbox 461 3818 2053 3941">
    <p class='ocr_par' dir='ltr' id='par_1_72' title="bbox 461 3818 2053 3941">
     <span class='ocr_line' id='line_1_72' title="bbox 536 3818 747 3856; baseline 0 -1"><span class='ocrx_word' id='word_1_544' title='bbox 536 3818 747 3856; x_wconf 81' lang='lat' dir='ltr'><strong>ranam.</strong></span> 
     </span>
     <span class='ocr_line' id='line_1_73' title="bbox 461 3818 2053 3941; baseline 0.001 -13"><span class='ocrx_word' id='word_1_545' title='bbox 461 3818 557 3911; x_wconf 60' lang='lat' dir='ltr'><strong>pas</strong></span> <span class='ocrx_word' id='word_1_546' title='bbox 590 3872 853 3941; x_wconf 87' lang='lat' dir='ltr'><strong>Origenes</strong></span> <span class='ocrx_word' id='word_1_547' title='bbox 907 3871 961 3927; x_wconf 92' lang='lat' dir='ltr'><strong>in</strong></span> <span class='ocrx_word' id='word_1_548' title='bbox 1016 3872 1221 3929; x_wconf 86' lang='lat' dir='ltr'><strong>Catena</strong></span> <span class='ocrx_word' id='word_1_549' title='bbox 1274 3872 1499 3941; x_wconf 68' lang='lat' dir='ltr'><strong>Graeca,</strong></span> <span class='ocrx_word' id='word_1_550' title='bbox 1543 3886 1702 3941; x_wconf 90' lang='lat' dir='ltr'><strong>quam</strong></span> <span class='ocrx_word' id='word_1_551' title='bbox 1750 3871 2053 3929; x_wconf 86' lang='lat' dir='ltr'><strong>Ghislerius</strong></span> 
     </span>
    </p>
   </div>
   <div class='ocr_carea' id='block_1_73' title="bbox 459 3942 2053 4024">
    <p class='ocr_par' dir='ltr' id='par_1_73' title="bbox 459 3942 2053 4024">
     <span class='ocr_line' id='line_1_74' title="bbox 459 3942 2053 4024; baseline 0.003 -29"><span class='ocrx_word' id='word_1_552' title='bbox 459 3943 573 4024; x_wconf 77' lang='lat' dir='ltr'><strong>suis</strong></span> <span class='ocrx_word' id='word_1_553' title='bbox 597 3947 651 4024; x_wconf 79' lang='lat' dir='ltr'><strong>in_</strong></span> <span class='ocrx_word' id='word_1_554' title='bbox 679 3942 973 4024; x_wconf 69' lang='lat' dir='ltr'><strong>Jeremiam</strong></span> <span class='ocrx_word' id='word_1_555' title='bbox 1000 3942 1422 4024; x_wconf 77' lang='lat' dir='ltr'><strong>COmmeutariis</strong></span> <span class='ocrx_word' id='word_1_556' title='bbox 1452 3942 1687 4024; x_wconf 57' lang='lat' dir='ltr'><strong>attexui}</strong></span> <span class='ocrx_word' id='word_1_557' title='bbox 1712 3960 1723 3996; x_wconf 93' lang='lat'><strong>:</strong></span> <span class='ocrx_word' id='word_1_558' title='bbox 1752 3944 1901 4024; x_wconf 35' lang='lat' dir='ltr'><strong>litigi</strong></span> <span class='ocrx_word' id='word_1_559' title='bbox 1934 3950 2053 4024; x_wconf 72' lang='grc' dir='ltr'><strong>περᾷ</strong></span> 
     </span>
    </p>
   </div>
   <div class='ocr_carea' id='block_1_74' title="bbox 458 4006 2053 4091">
    <p class='ocr_par' dir='ltr' id='par_1_74' title="bbox 458 4006 2053 4091">
     <span class='ocr_line' id='line_1_75' title="bbox 458 4006 2053 4091; baseline 0.001 -21"><span class='ocrx_word' id='word_1_560' title='bbox 458 4018 602 4080; x_wconf 84' lang='grc' dir='ltr'><strong>ζώων</strong></span> <span class='ocrx_word' id='word_1_561' title='bbox 634 4016 843 4091; x_wconf 56' lang='grc' dir='ltr'><strong>ἱστορίᾳ</strong></span> <span class='ocrx_word' id='word_1_562' title='bbox 861 4016 1057 4083; x_wconf 73' lang='grc' dir='ltr'><strong>λέγεται</strong></span> <span class='ocrx_word' id='word_1_563' title='bbox 1076 4011 1619 4091; x_wconf 21' lang='grc' dir='ltr'><strong>κακοηθέστατοςᾼεῖνας</strong></span> <span class='ocrx_word' id='word_1_564' title='bbox 1649 4012 1675 4068; x_wconf 85' lang='grc' dir='ltr'>ὁ</span> <span class='ocrx_word' id='word_1_565' title='bbox 1699 4006 1907 4091; x_wconf 57' lang='grc' dir='ltr'><strong>πέρδιξῇ</strong></span> <span class='ocrx_word' id='word_1_566' title='bbox 1931 4006 2053 4091; x_wconf 63' lang='lat' dir='ltr'><strong>napi</strong></span> 
     </span>
    </p>
   </div>
   <div class='ocr_carea' id='block_1_75' title="bbox 458 4086 2050 4163">
    <p class='ocr_par' dir='ltr' id='par_1_75' title="bbox 458 4086 2050 4163">
     <span class='ocr_line' id='line_1_76' title="bbox 458 4086 2050 4163; baseline 0.001 -21"><span class='ocrx_word' id='word_1_567' title='bbox 458 4091 579 4163; x_wconf 65' lang='grc' dir='ltr'><strong>τρὺς</strong></span> <span class='ocrx_word' id='word_1_568' title='bbox 621 4086 786 4163; x_wconf 44' lang='lat' dir='ltr'><strong>sedda;</strong></span> <span class='ocrx_word' id='word_1_569' title='bbox 821 4086 1308 4163; x_wconf 13' lang='grc' dir='ltr'><strong>ῖγᾴργστρεφόμενος</strong></span> <span class='ocrx_word' id='word_1_570' title='bbox 1342 4095 1430 4144; x_wconf 81' lang='grc' dir='ltr'><strong>τοῦ</strong></span> <span class='ocrx_word' id='word_1_571' title='bbox 1453 4086 1796 4163; x_wconf 24' lang='grc' dir='ltr'><strong>λθηρεροντρέ,</strong></span> <span class='ocrx_word' id='word_1_572' title='bbox 1828 4090 1912 4163; x_wconf 76' lang='grc' dir='ltr'><strong>καὶ</strong></span> <span class='ocrx_word' id='word_1_573' title='bbox 1940 4086 2050 4163; x_wconf 44' lang='lat' dir='ltr'><strong>gis</strong></span> 
     </span>
    </p>
   </div>
   <div class='ocr_carea' id='block_1_76' title="bbox 458 4108 2051 4232">
    <p class='ocr_par' dir='ltr' id='par_1_76' title="bbox 458 4108 2051 4232">
     <span class='ocr_line' id='line_1_77' title="bbox 458 4108 2050 4163; baseline 0.001 -21"><span class='ocrx_word' id='word_1_574' title='bbox 458 4108 579 4149; x_wconf 81' lang='grc' dir='ltr'><strong>τους</strong></span> <span class='ocrx_word' id='word_1_575' title='bbox 621 4108 786 4147; x_wconf 78' lang='grc' dir='ltr'><strong>ποοας</strong></span> <span class='ocrx_word' id='word_1_576' title='bbox 866 4109 931 4161; x_wconf 80' lang='grc' dir='ltr'><em>αρ</em></span> <span class='ocrx_word' id='word_1_577' title='bbox 971 4109 1308 4163; x_wconf 76' lang='grc' dir='ltr'><strong>στρεφομενος</strong></span> <span class='ocrx_word' id='word_1_578' title='bbox 1342 4109 1430 4144; x_wconf 81' lang='grc' dir='ltr'><strong>του</strong></span> <span class='ocrx_word' id='word_1_579' title='bbox 1473 4108 1796 4162; x_wconf 79' lang='grc' dir='ltr'><strong>σηρενοντος,</strong></span> <span class='ocrx_word' id='word_1_580' title='bbox 1828 4108 1912 4141; x_wconf 82' lang='grc' dir='ltr'><strong>και</strong></span> <span class='ocrx_word' id='word_1_581' title='bbox 1958 4109 2050 4143; x_wconf 83' lang='grc' dir='ltr'>του</span> 
     </span>
     <span class='ocr_line' id='line_1_78' title="bbox 458 4108 2051 4232; baseline 0.002 -19"><span class='ocrx_word' id='word_1_582' title='bbox 458 4158 609 4215; x_wconf 77' lang='grc' dir='ltr'>ἀλοῦν</span> <span class='ocrx_word' id='word_1_583' title='bbox 630 4158 810 4215; x_wconf 75' lang='grc' dir='ltr'><strong>ἐλπίδα</strong></span> <span class='ocrx_word' id='word_1_584' title='bbox 826 4108 1020 4221; x_wconf 58' lang='grc' dir='ltr'><strong>ἔιδούς.</strong></span> <span class='ocrx_word' id='word_1_585' title='bbox 1047 4164 1261 4232; x_wconf 80' lang='grc' dir='ltr'><strong>ἀποσπᾷ</strong></span> <span class='ocrx_word' id='word_1_586' title='bbox 1279 4168 1371 4220; x_wconf 80' lang='grc' dir='ltr'><strong>τῆς</strong></span> <span class='ocrx_word' id='word_1_587' title='bbox 1392 4159 1564 4217; x_wconf 80' lang='grc' dir='ltr'><strong>καλιᾶς</strong></span> <span class='ocrx_word' id='word_1_588' title='bbox 1594 4158 1799 4232; x_wconf 53' lang='lat' dir='ltr'><strong>intortis,</strong></span> <span class='ocrx_word' id='word_1_589' title='bbox 1818 4162 1904 4232; x_wconf 65' lang='lat' dir='ltr'><strong>uoti</strong></span> <span class='ocrx_word' id='word_1_590' title='bbox 1930 4157 2051 4216; x_wconf 80' lang='grc' dir='ltr'><strong>ὅταν</strong></span> 
     </span>
    </p>
   </div>
   <div class='ocr_carea' id='block_1_77' title="bbox 459 4229 2052 4307">
    <p class='ocr_par' dir='ltr' id='par_1_77' title="bbox 459 4229 2052 4307">
     <span class='ocr_line' id='line_1_79' title="bbox 459 4229 2052 4307; baseline -0.003 -19"><span class='ocrx_word' id='word_1_591' title='bbox 459 4234 783 4307; x_wconf 9' lang='grc' dir='ltr'><strong>ςτοχάζεὲται</strong></span> <span class='ocrx_word' id='word_1_592' title='bbox 810 4232 1141 4307; x_wconf 53' lang='grc' dir='ltr'><strong>ιιιτεφειέςγότοιςΔ</strong></span> <span class='ocrx_word' id='word_1_593' title='bbox 1159 4229 1277 4307; x_wconf 15' lang='grc' dir='ltr'><strong>τοῦῗς</strong></span> <span class='ocrx_word' id='word_1_594' title='bbox 1295 4231 1571 4307; x_wconf 50' lang='grc' dir='ltr'><strong>Δνερςττοὺς,</strong></span> <span class='ocrx_word' id='word_1_595' title='bbox 1600 4231 1685 4307; x_wconf 53' lang='grc' dir='ltr'><strong>καὶ</strong></span> <span class='ocrx_word' id='word_1_596' title='bbox 1714 4229 1870 4307; x_wconf 53' lang='lat' dir='ltr'><strong>«pro;</strong></span> <span class='ocrx_word' id='word_1_597' title='bbox 1911 4233 2052 4307; x_wconf 63' lang='lat' dir='ltr'><strong>dput-</strong></span> 
     </span>
    </p>
   </div>
   <div class='ocr_carea' id='block_1_78' title="bbox 457 4300 2051 4378">
    <p class='ocr_par' dir='ltr' id='par_1_78' title="bbox 457 4300 2051 4378">
     <span class='ocr_line' id='line_1_80' title="bbox 457 4300 2051 4378; baseline 0.001 -22"><span class='ocrx_word' id='word_1_598' title='bbox 457 4300 600 4378; x_wconf 57' lang='grc' dir='ltr'><strong>ᾂίωἷ</strong></span> <span class='ocrx_word' id='word_1_599' title='bbox 616 4300 917 4377; x_wconf 80' lang='grc' dir='ltr'><strong>ἀφίπταταὶ·</strong></span> <span class='ocrx_word' id='word_1_600' title='bbox 940 4300 1064 4378; x_wconf 66' lang='grc' dir='ltr'><strong>ἔστι</strong></span> <span class='ocrx_word' id='word_1_601' title='bbox 1092 4301 1156 4378; x_wconf 35' lang='grc' dir='ltr'><strong>δέ.</strong></span> <span class='ocrx_word' id='word_1_602' title='bbox 1172 4306 1259 4358; x_wconf 77' lang='grc' dir='ltr'><strong>καὶ</strong></span> <span class='ocrx_word' id='word_1_603' title='bbox 1284 4302 1571 4378; x_wconf 75' lang='grc' dir='ltr'><strong>ἀκάθαρτον</strong></span> <span class='ocrx_word' id='word_1_604' title='bbox 1597 4302 1703 4378; x_wconf 72' lang='grc' dir='ltr'><strong>(γρ.</strong></span> <span class='ocrx_word' id='word_1_605' title='bbox 1735 4300 2051 4376; x_wconf 69' lang='grc' dir='ltr'><strong>ἀκάθαρεὲος)</strong></span> 
     </span>
    </p>
   </div>
   <div class='ocr_carea' id='block_1_79' title="bbox 458 4374 2051 4463">
    <p class='ocr_par' dir='ltr' id='par_1_79' title="bbox 458 4374 2051 4463">
     <span class='ocr_line' id='line_1_81' title="bbox 458 4374 2051 4463; baseline -0.002 -31"><span class='ocrx_word' id='word_1_606' title='bbox 458 4375 597 4463; x_wconf 47' lang='grc' dir='ltr'><strong>(ἕξετε</strong></span> <span class='ocrx_word' id='word_1_607' title='bbox 632 4374 754 4437; x_wconf 59' lang='grc' dir='ltr'><strong>’ἑοὺς</strong></span> <span class='ocrx_word' id='word_1_608' title='bbox 800 4376 1104 4463; x_wconf 52' lang='grc' dir='ltr'><strong>ρηρεύονὶας</strong></span> <span class='ocrx_word' id='word_1_609' title='bbox 1136 4374 1284 4463; x_wconf 33' lang='grc' dir='ltr'><strong>(γρκ</strong></span> <span class='ocrx_word' id='word_1_610' title='bbox 1311 4374 1683 4463; x_wconf 43' lang='lat' dir='ltr'><strong>ggn&#39;ps&#39;uovruc‘)</strong></span> <span class='ocrx_word' id='word_1_611' title='bbox 1716 4374 2051 4463; x_wconf 42' lang='lat' dir='ltr'><strong>&#39;povOpagési&#39;v</strong></span> 
     </span>
    </p>
   </div>
   <div class='ocr_carea' id='block_1_80' title="bbox 456 4443 2052 4522">
    <p class='ocr_par' dir='ltr' id='par_1_80' title="bbox 456 4443 2052 4522">
     <span class='ocr_line' id='line_1_82' title="bbox 456 4443 2052 4522; baseline 0 -21"><span class='ocrx_word' id='word_1_612' title='bbox 456 4445 683 4509; x_wconf 75' lang='grc' dir='ltr'>ἀλλήλοις</span> <span class='ocrx_word' id='word_1_613' title='bbox 704 4451 833 4522; x_wconf 63' lang='grc' dir='ltr'><strong>περὶΔ</strong></span> <span class='ocrx_word' id='word_1_614' title='bbox 850 4443 943 4509; x_wconf 53' lang='lat' dir='ltr'><strong>hic</strong></span> <span class='ocrx_word' id='word_1_615' title='bbox 968 4443 1495 4522; x_wconf 48' lang='lat' dir='ltr'><strong>piEsaic,&#39;itotiaif3ﬁsva</strong></span> <span class='ocrx_word' id='word_1_616' title='bbox 1524 4443 1653 4522; x_wconf 58' lang='grc' dir='ltr'><strong>μετὰ</strong></span> <span class='ocrx_word' id='word_1_617' title='bbox 1680 4444 1819 4522; x_wconf 46' lang='grc' dir='ltr'>νίκην</span> <span class='ocrx_word' id='word_1_618' title='bbox 1852 4443 2052 4522; x_wconf 66' lang='grc' dir='ltr'><strong>ἐπιϐαί-</strong></span> 
     </span>
    </p>
   </div>
   <div class='ocr_carea' id='block_1_81' title="bbox 454 4513 2051 4595">
    <p class='ocr_par' dir='ltr' id='par_1_81' title="bbox 454 4513 2051 4595">
     <span class='ocr_line' id='line_1_83' title="bbox 454 4513 2051 4595; baseline -0.001 -23"><span class='ocrx_word' id='word_1_619' title='bbox 454 4538 554 4595; x_wconf 68' lang='lat' dir='ltr'><strong>ustio</strong></span> <span class='ocrx_word' id='word_1_620' title='bbox 596 4527 687 4575; x_wconf 84' lang='grc' dir='ltr'><strong>τοῦ</strong></span> <span class='ocrx_word' id='word_1_621' title='bbox 734 4513 977 4595; x_wconf 44' lang='lat' dir='ltr'><strong>apertae.“</strong></span> <span class='ocrx_word' id='word_1_622' title='bbox 1002 4517 1069 4595; x_wconf 79' lang='lat' dir='ltr'><strong>In</strong></span> <span class='ocrx_word' id='word_1_623' title='bbox 1096 4513 1645 4595; x_wconf 76' lang='lat' dir='ltr'><strong>historia_aitmtalium</strong></span> <span class='ocrx_word' id='word_1_624' title='bbox 1692 4513 1857 4595; x_wconf 72' lang='lat' dir='ltr'><strong>fertur</strong></span> <span class='ocrx_word' id='word_1_625' title='bbox 1882 4520 2051 4595; x_wconf 81' lang='lat' dir='ltr'><strong>vafer—</strong></span> 
     </span>
    </p>
   </div>
   <div class='ocr_carea' id='block_1_82' title="bbox 2159 3305 3770 3381">
    <p class='ocr_par' dir='ltr' id='par_1_82' title="bbox 2159 3305 3770 3381">
     <span class='ocr_line' id='line_1_84' title="bbox 2159 3305 3770 3381; baseline 0.006 -23"><span class='ocrx_word' id='word_1_626' title='bbox 2159 3308 2232 3381; x_wconf 78' lang='lat' dir='ltr'><strong>sic</strong></span> <span class='ocrx_word' id='word_1_627' title='bbox 2279 3305 2534 3381; x_wconf 81' lang='lat' dir='ltr'><strong>hominem</strong></span> <span class='ocrx_word' id='word_1_628' title='bbox 2566 3308 2633 3361; x_wconf 86' lang='lat' dir='ltr'><strong>ad</strong></span> <span class='ocrx_word' id='word_1_629' title='bbox 2682 3327 2758 3373; x_wconf 90' lang='lat' dir='ltr'><strong>se,</strong></span> <span class='ocrx_word' id='word_1_630' title='bbox 2811 3305 2892 3364; x_wconf 81' lang='lat' dir='ltr'><strong>sui</strong></span> <span class='ocrx_word' id='word_1_631' title='bbox 2928 3305 3195 3377; x_wconf 70' lang='lat' dir='ltr'><strong>capienda:</strong></span> <span class='ocrx_word' id='word_1_632' title='bbox 3221 3329 3332 3381; x_wconf 86' lang='lat' dir='ltr'><strong>spe,</strong></span> <span class='ocrx_word' id='word_1_633' title='bbox 3351 3305 3546 3377; x_wconf 72' lang='lat' dir='ltr'><strong>allicit,</strong></span> <span class='ocrx_word' id='word_1_634' title='bbox 3596 3312 3770 3367; x_wconf 85' lang='lat' dir='ltr'><strong>donec</strong></span> 
     </span>
    </p>
   </div>
   <div class='ocr_carea' id='block_1_83' title="bbox 2159 3378 3774 3453">
    <p class='ocr_par' dir='ltr' id='par_1_83' title="bbox 2159 3378 3774 3453">
     <span class='ocr_line' id='line_1_85' title="bbox 2159 3378 3774 3453; baseline 0.007 -24"><span class='ocrx_word' id='word_1_635' title='bbox 2159 3378 2349 3448; x_wconf 84' lang='lat' dir='ltr'><strong>singuli</strong></span> <span class='ocrx_word' id='word_1_636' title='bbox 2376 3379 2508 3443; x_wconf 80' lang='lat' dir='ltr'><strong>pulli</strong></span> <span class='ocrx_word' id='word_1_637' title='bbox 2539 3382 2863 3453; x_wconf 79' lang='lat' dir='ltr'><strong>profugerint</strong></span> <span class='ocrx_word' id='word_1_638' title='bbox 2889 3400 2900 3435; x_wconf 91' lang='lat'>:</span> <span class='ocrx_word' id='word_1_639' title='bbox 2926 3385 3119 3439; x_wconf 89' lang='lat' dir='ltr'><strong>interea</strong></span> <span class='ocrx_word' id='word_1_640' title='bbox 3146 3378 3320 3438; x_wconf 77' lang='lat' dir='ltr'><strong>avolat</strong></span> <span class='ocrx_word' id='word_1_641' title='bbox 3345 3384 3480 3452; x_wconf 83' lang='lat' dir='ltr'><strong>ipsa,</strong></span> <span class='ocrx_word' id='word_1_642' title='bbox 3510 3395 3556 3437; x_wconf 86' lang='lat' dir='ltr'><strong>et</strong></span> <span class='ocrx_word' id='word_1_643' title='bbox 3587 3384 3774 3447; x_wconf 73' lang='lat' dir='ltr'><strong>pullos</strong></span> 
     </span>
    </p>
   </div>
   <div class='ocr_carea' id='block_1_84' title="bbox 2160 3456 3770 3523">
    <p class='ocr_par' dir='ltr' id='par_1_84' title="bbox 2160 3456 3770 3523">
     <span class='ocr_line' id='line_1_86' title="bbox 2160 3456 3770 3523; baseline 0.007 -22"><span class='ocrx_word' id='word_1_644' title='bbox 2160 3465 2373 3523; x_wconf 83' lang='lat' dir='ltr'><strong>rursum</strong></span> <span class='ocrx_word' id='word_1_645' title='bbox 2393 3463 2617 3517; x_wconf 80' lang='lat' dir='ltr'><strong>revocat,</strong></span> <span class='ocrx_word' id='word_1_646' title='bbox 2645 3460 2700 3507; x_wconf 90' lang='lat' dir='ltr'><strong>et</strong></span> <span class='ocrx_word' id='word_1_647' title='bbox 2728 3469 2849 3508; x_wconf 85' lang='lat' dir='ltr'><strong>mox</strong></span> <span class='ocrx_word' id='word_1_648' title='bbox 2870 3472 2884 3508; x_wconf 90' lang='lat'><strong><em>:</em></strong></span> <span class='ocrx_word' id='word_1_649' title='bbox 2905 3456 3352 3523; x_wconf 85' lang='lat' dir='ltr'><strong>Quemadmodum</strong></span> <span class='ocrx_word' id='word_1_650' title='bbox 3374 3467 3540 3510; x_wconf 86' lang='lat' dir='ltr'><strong>autem</strong></span> <span class='ocrx_word' id='word_1_651' title='bbox 3562 3456 3770 3513; x_wconf 85' lang='lat' dir='ltr'><strong>dictum</strong></span> 
     </span>
    </p>
   </div>
   <div class='ocr_carea' id='block_1_85' title="bbox 2158 3522 3772 3593">
    <p class='ocr_par' dir='ltr' id='par_1_85' title="bbox 2158 3522 3772 3593">
     <span class='ocr_line' id='line_1_87' title="bbox 2158 3522 3772 3593; baseline 0.007 -20"><span class='ocrx_word' id='word_1_652' title='bbox 2158 3530 2254 3593; x_wconf 88' lang='lat' dir='ltr'><strong>est,</strong></span> <span class='ocrx_word' id='word_1_653' title='bbox 2289 3522 2432 3593; x_wconf 86' lang='lat' dir='ltr'><strong>vafra</strong></span> <span class='ocrx_word' id='word_1_654' title='bbox 2458 3535 2533 3577; x_wconf 88' lang='lat' dir='ltr'><strong>est</strong></span> <span class='ocrx_word' id='word_1_655' title='bbox 2558 3522 2667 3579; x_wconf 75' lang='lat' dir='ltr'><strong>hwc</strong></span> <span class='ocrx_word' id='word_1_656' title='bbox 2694 3526 2824 3589; x_wconf 87' lang='lat' dir='ltr'><strong>avis,</strong></span> <span class='ocrx_word' id='word_1_657' title='bbox 2875 3534 2923 3580; x_wconf 90' lang='lat' dir='ltr'><strong>et</strong></span> <span class='ocrx_word' id='word_1_658' title='bbox 2973 3536 3165 3583; x_wconf 92' lang='lat' dir='ltr'><strong>astuta.</strong></span> <span class='ocrx_word' id='word_1_659' title='bbox 3212 3528 3411 3583; x_wconf 88' lang='lat' dir='ltr'><strong>Eadem</strong></span> <span class='ocrx_word' id='word_1_660' title='bbox 3465 3528 3772 3585; x_wconf 77' lang='lat' dir='ltr'><strong>hauserunt</strong></span> 
     </span>
    </p>
   </div>
   <div class='ocr_carea' id='block_1_86' title="bbox 2156 3592 3764 3668">
    <p class='ocr_par' dir='ltr' id='par_1_86' title="bbox 2156 3592 3764 3668">
     <span class='ocr_line' id='line_1_88' title="bbox 2156 3592 3764 3668; baseline 0.006 -21"><span class='ocrx_word' id='word_1_661' title='bbox 2156 3592 2395 3668; x_wconf 87' lang='lat' dir='ltr'><strong>indidem</strong></span> <span class='ocrx_word' id='word_1_662' title='bbox 2427 3594 2634 3668; x_wconf 57' lang='lat' dir='ltr'><strong>Plinius</strong></span> <span class='ocrx_word' id='word_1_663' title='bbox 2658 3597 2753 3651; x_wconf 87' lang='lat' dir='ltr'><strong>lib.</strong></span> <span class='ocrx_word' id='word_1_664' title='bbox 2785 3613 2841 3662; x_wconf 76' lang='grc' dir='ltr'><strong>ι,</strong></span> <span class='ocrx_word' id='word_1_665' title='bbox 2864 3615 2983 3668; x_wconf 85' lang='lat' dir='ltr'><strong>cap.</strong></span> <span class='ocrx_word' id='word_1_666' title='bbox 3025 3600 3121 3664; x_wconf 76' lang='grc'><strong>55,</strong></span> <span class='ocrx_word' id='word_1_667' title='bbox 3152 3608 3207 3654; x_wconf 88' lang='lat' dir='ltr'><strong>et</strong></span> <span class='ocrx_word' id='word_1_668' title='bbox 3234 3616 3301 3655; x_wconf 84' lang='lat' dir='ltr'><strong>ex</strong></span> <span class='ocrx_word' id='word_1_669' title='bbox 3331 3599 3512 3654; x_wconf 87' lang='lat' dir='ltr'><strong>Plinio</strong></span> <span class='ocrx_word' id='word_1_670' title='bbox 3534 3599 3764 3657; x_wconf 79' lang='lat' dir='ltr'><strong>Solinus</strong></span> 
     </span>
    </p>
   </div>
   <div class='ocr_carea' id='block_1_87' title="bbox 2156 3664 3767 3741">
    <p class='ocr_par' dir='ltr' id='par_1_87' title="bbox 2156 3664 3767 3741">
     <span class='ocr_line' id='line_1_89' title="bbox 2156 3664 3767 3741; baseline 0.006 -24"><span class='ocrx_word' id='word_1_671' title='bbox 2156 3678 2277 3736; x_wconf 92' lang='lat' dir='ltr'><strong>cap.</strong></span> <span class='ocrx_word' id='word_1_672' title='bbox 2333 3667 2388 3741; x_wconf 74' lang='lat'><strong>7,</strong></span> <span class='ocrx_word' id='word_1_673' title='bbox 2438 3664 2687 3741; x_wconf 69' lang='lat' dir='ltr'><strong>lElianus</strong></span> <span class='ocrx_word' id='word_1_674' title='bbox 2716 3668 2810 3723; x_wconf 90' lang='lat' dir='ltr'><strong>lib.</strong></span> <span class='ocrx_word' id='word_1_675' title='bbox 2845 3664 3008 3740; x_wconf 46' lang='lat' dir='ltr'><strong>[xl—de</strong></span> <span class='ocrx_word' id='word_1_676' title='bbox 3037 3671 3271 3725; x_wconf 82' lang='lat' dir='ltr'><strong>Animal.</strong></span> <span class='ocrx_word' id='word_1_677' title='bbox 3319 3686 3437 3741; x_wconf 88' lang='lat' dir='ltr'><strong>cap.</strong></span> <span class='ocrx_word' id='word_1_678' title='bbox 3474 3670 3561 3734; x_wconf 81' lang='grc'><strong>16.</strong></span> <span class='ocrx_word' id='word_1_679' title='bbox 3586 3672 3767 3727; x_wconf 78' lang='lat' dir='ltr'><strong>Athe-</strong></span> 
     </span>
    </p>
   </div>
   <div class='ocr_carea' id='block_1_88' title="bbox 2158 3738 3766 3802">
    <p class='ocr_par' dir='ltr' id='par_1_88' title="bbox 2158 3738 3766 3802">
     <span class='ocr_line' id='line_1_90' title="bbox 2158 3738 3766 3802; baseline 0.007 -13"><span class='ocrx_word' id='word_1_680' title='bbox 2158 3752 2309 3790; x_wconf 81' lang='lat' dir='ltr'><strong>naeus</strong></span> <span class='ocrx_word' id='word_1_681' title='bbox 2339 3739 2433 3794; x_wconf 91' lang='lat' dir='ltr'><strong>lib.</strong></span> <span class='ocrx_word' id='word_1_682' title='bbox 2465 3753 2549 3802; x_wconf 77' lang='lat' dir='ltr'><strong>lx;</strong></span> <span class='ocrx_word' id='word_1_683' title='bbox 2597 3738 3041 3796; x_wconf 81' lang='lat' dir='ltr'><strong>Commentarios</strong></span> <span class='ocrx_word' id='word_1_684' title='bbox 3072 3744 3126 3795; x_wconf 92' lang='lat' dir='ltr'><strong>in</strong></span> <span class='ocrx_word' id='word_1_685' title='bbox 3158 3738 3422 3800; x_wconf 84' lang='lat' dir='ltr'><strong>llexaem.</strong></span> <span class='ocrx_word' id='word_1_686' title='bbox 3471 3743 3766 3800; x_wconf 85' lang='lat' dir='ltr'><strong>Enstathio</strong></span> 
     </span>
    </p>
   </div>
   <div class='ocr_carea' id='block_1_89' title="bbox 2158 3808 3767 3885">
    <p class='ocr_par' dir='ltr' id='par_1_89' title="bbox 2158 3808 3767 3885">
     <span class='ocr_line' id='line_1_91' title="bbox 2158 3808 3767 3885; baseline 0.006 -23"><span class='ocrx_word' id='word_1_687' title='bbox 2158 3808 2415 3885; x_wconf 83' lang='lat' dir='ltr'><strong>tributus;</strong></span> <span class='ocrx_word' id='word_1_688' title='bbox 2443 3809 2598 3885; x_wconf 73' lang='lat' dir='ltr'><strong>Phile.</strong></span> <span class='ocrx_word' id='word_1_689' title='bbox 2622 3812 2675 3863; x_wconf 91' lang='lat' dir='ltr'><strong>in</strong></span> <span class='ocrx_word' id='word_1_690' title='bbox 2698 3811 2921 3881; x_wconf 81' lang='lat' dir='ltr'><strong>lambis,</strong></span> <span class='ocrx_word' id='word_1_691' title='bbox 2950 3823 3006 3868; x_wconf 94' lang='lat' dir='ltr'><strong>et</strong></span> <span class='ocrx_word' id='word_1_692' title='bbox 3025 3813 3410 3885; x_wconf 85' lang='lat' dir='ltr'><strong>Aristophanis</strong></span> <span class='ocrx_word' id='word_1_693' title='bbox 3427 3813 3767 3871; x_wconf 83' lang='lat' dir='ltr'><strong>Scholiastes</strong></span> 
     </span>
    </p>
   </div>
   <div class='ocr_carea' id='block_1_90' title="bbox 2157 3879 2702 3938">
    <p class='ocr_par' dir='ltr' id='par_1_90' title="bbox 2157 3879 2702 3938">
     <span class='ocr_line' id='line_1_92' title="bbox 2157 3879 2702 3938; baseline 0.006 -4"><span class='ocrx_word' id='word_1_694' title='bbox 2157 3879 2211 3934; x_wconf 94' lang='lat' dir='ltr'><strong>in</strong></span> <span class='ocrx_word' id='word_1_695' title='bbox 2248 3880 2409 3935; x_wconf 84' lang='lat' dir='ltr'><strong>Avib.</strong></span> <span class='ocrx_word' id='word_1_696' title='bbox 2444 3883 2702 3938; x_wconf 79' lang='lat' dir='ltr'><strong>HUETIUS.</strong></span> 
     </span>
    </p>
   </div>
   <div class='ocr_carea' id='block_1_91' title="bbox 2226 3951 3761 4022">
    <p class='ocr_par' dir='ltr' id='par_1_91' title="bbox 2226 3951 3761 4022">
     <span class='ocr_line' id='line_1_93' title="bbox 2226 3951 3761 4022; baseline 0.008 -17"><span class='ocrx_word' id='word_1_697' title='bbox 2226 3951 2251 3987; x_wconf 75' lang='grc' dir='ltr'>ἀ</span> <span class='ocrx_word' id='word_1_698' title='bbox 2284 3952 2491 4007; x_wconf 87' lang='lat' dir='ltr'><strong>Auctor</strong></span> <span class='ocrx_word' id='word_1_699' title='bbox 2517 3970 2731 4022; x_wconf 81' lang='lat' dir='ltr'><strong>quoque</strong></span> <span class='ocrx_word' id='word_1_700' title='bbox 2763 3955 3090 4010; x_wconf 85' lang='lat' dir='ltr'><strong>Aristoteles</strong></span> <span class='ocrx_word' id='word_1_701' title='bbox 3118 3956 3239 4013; x_wconf 92' lang='lat' dir='ltr'><strong>loco</strong></span> <span class='ocrx_word' id='word_1_702' title='bbox 3271 3957 3526 4015; x_wconf 88' lang='lat' dir='ltr'><strong>laudato:</strong></span> <span class='ocrx_word' id='word_1_703' title='bbox 3558 3957 3673 4015; x_wconf 80' lang='grc' dir='ltr'><strong>ὅταν</strong></span> <span class='ocrx_word' id='word_1_704' title='bbox 3697 3958 3761 4018; x_wconf 77' lang='grc' dir='ltr'><em>δέ</em></span> 
     </span>
    </p>
   </div>
   <div class='ocr_carea' id='block_1_92' title="bbox 2155 4022 3763 4111">
    <p class='ocr_par' dir='ltr' id='par_1_92' title="bbox 2155 4022 3763 4111">
     <span class='ocr_line' id='line_1_94' title="bbox 2155 4022 3763 4111; baseline 0.005 -32"><span class='ocrx_word' id='word_1_705' title='bbox 2155 4022 2435 4111; x_wconf 63' lang='grc' dir='ltr'><strong>ἀποδρᾶσα</strong></span> <span class='ocrx_word' id='word_1_706' title='bbox 2464 4027 2666 4111; x_wconf 49' lang='grc' dir='ltr'><strong>ἐπῳόἱζῃ</strong></span> <span class='ocrx_word' id='word_1_707' title='bbox 2686 4028 2775 4111; x_wconf 66' lang='grc' dir='ltr'>,έὶ</span> <span class='ocrx_word' id='word_1_708' title='bbox 2806 4024 3013 4111; x_wconf 69' lang='grc' dir='ltr'><strong>ἅρρενες</strong></span> <span class='ocrx_word' id='word_1_709' title='bbox 3044 4032 3466 4111; x_wconf 41' lang='grc' dir='ltr'><strong>κεκράγαςιι-κᾳὶ</strong></span> <span class='ocrx_word' id='word_1_710' title='bbox 3492 4033 3763 4111; x_wconf 64' lang='grc' dir='ltr'><strong>μᾴχονται</strong></span> 
     </span>
    </p>
   </div>
   <div class='ocr_carea' id='block_1_93' title="bbox 2156 4096 3762 4175">
    <p class='ocr_par' dir='ltr' id='par_1_93' title="bbox 2156 4096 3762 4175">
     <span class='ocr_line' id='line_1_95' title="bbox 2156 4096 3762 4175; baseline 0.005 -25"><span class='ocrx_word' id='word_1_711' title='bbox 2156 4096 2436 4175; x_wconf 59' lang='grc' dir='ltr'><strong>σψιὸντεςς</strong></span> <span class='ocrx_word' id='word_1_712' title='bbox 2470 4096 2676 4175; x_wconf 47' lang='lat' dir='ltr'><strong>ualebat</strong></span> <span class='ocrx_word' id='word_1_713' title='bbox 2697 4096 2752 4153; x_wconf 81' lang='grc' dir='ltr'><em>δέ</em></span> <span class='ocrx_word' id='word_1_714' title='bbox 2780 4096 2994 4161; x_wconf 51' lang='grc' dir='ltr'><strong>τούξ-ους</strong></span> <span class='ocrx_word' id='word_1_715' title='bbox 3016 4096 3239 4175; x_wconf 67' lang='grc' dir='ltr'><strong>χήρδυξ’</strong></span> <span class='ocrx_word' id='word_1_716' title='bbox 3271 4102 3297 4157; x_wconf 84' lang='grc' dir='ltr'>ὁ</span> <span class='ocrx_word' id='word_1_717' title='bbox 3320 4101 3373 4158; x_wconf 80' lang='grc' dir='ltr'><strong>δὲ</strong></span> <span class='ocrx_word' id='word_1_718' title='bbox 3397 4096 3623 4163; x_wconf 60' lang='grc' dir='ltr'><strong>ἠττῇθέῖς</strong></span> <span class='ocrx_word' id='word_1_719' title='bbox 3646 4125 3762 4172; x_wconf 79' lang='grc' dir='ltr'><strong>μα-</strong></span> 
     </span>
    </p>
   </div>
   <div class='ocr_carea' id='block_1_94' title="bbox 2155 4168 3761 4264">
    <p class='ocr_par' dir='ltr' id='par_1_94' title="bbox 2155 4168 3761 4264">
     <span class='ocr_line' id='line_1_96' title="bbox 2155 4168 3761 4264; baseline 0.004 -42"><span class='ocrx_word' id='word_1_720' title='bbox 2155 4168 2664 4264; x_wconf 42' lang='grc' dir='ltr'><strong>χρμενοίἁξῴιουθεῐ</strong></span> <span class='ocrx_word' id='word_1_721' title='bbox 2783 4168 3064 4259; x_wconf 52' lang='grc' dir='ltr'><strong>νικήραςντίξ</strong></span> <span class='ocrx_word' id='word_1_722' title='bbox 3092 4168 3194 4264; x_wconf 69' lang='grc' dir='ltr'><strong>ὖςό</strong></span> <span class='ocrx_word' id='word_1_723' title='bbox 3214 4168 3761 4264; x_wconf 30' lang='grc' dir='ltr'><strong>τούτουᾴὀχευὸμὲνος</strong></span> 
     </span>
    </p>
   </div>
   <div class='ocr_carea' id='block_1_95' title="bbox 2152 4239 3756 4322">
    <p class='ocr_par' dir='ltr' id='par_1_95' title="bbox 2152 4239 3756 4322">
     <span class='ocr_line' id='line_1_97' title="bbox 2152 4239 3756 4322; baseline 0.006 -30"><span class='ocrx_word' id='word_1_724' title='bbox 2152 4239 2330 4322; x_wconf 48' lang='grc' dir='ltr'><strong>μὸῂου·</strong></span> <span class='ocrx_word' id='word_1_725' title='bbox 2348 4239 2495 4322; x_wconf 28' lang='grc' dir='ltr'><strong>ἐιάγμδέ</strong></span> <span class='ocrx_word' id='word_1_726' title='bbox 2521 4239 2743 4322; x_wconf 63' lang='grc' dir='ltr'><strong>κρατηθῇ</strong></span> <span class='ocrx_word' id='word_1_727' title='bbox 2772 4264 2855 4322; x_wconf 61' lang='grc' dir='ltr'><strong>τις</strong></span> <span class='ocrx_word' id='word_1_728' title='bbox 2877 4244 2978 4322; x_wconf 59' lang='grc' dir='ltr'><strong>ὑπὸ</strong></span> <span class='ocrx_word' id='word_1_729' title='bbox 3000 4251 3091 4298; x_wconf 83' lang='grc' dir='ltr'><strong>τοῦ</strong></span> <span class='ocrx_word' id='word_1_730' title='bbox 3121 4239 3756 4322; x_wconf 43' lang='grc' dir='ltr'><strong>δευτέρουώηὖῖτοιοῖλοῦν,</strong></span> 
     </span>
    </p>
   </div>
   <div class='ocr_carea' id='block_1_96' title="bbox 2152 4312 3759 4391">
    <p class='ocr_par' dir='ltr' id='par_1_96' title="bbox 2152 4312 3759 4391">
     <span class='ocr_line' id='line_1_98' title="bbox 2152 4312 3759 4391; baseline 0.004 -26"><span class='ocrx_word' id='word_1_731' title='bbox 2152 4317 2332 4391; x_wconf 47' lang='lat' dir='ltr'><strong>statim;</strong></span> <span class='ocrx_word' id='word_1_732' title='bbox 2361 4312 2524 4387; x_wconf 78' lang='grc' dir='ltr'>λάθρα</span> <span class='ocrx_word' id='word_1_733' title='bbox 2542 4312 2803 4391; x_wconf 42' lang='grc' dir='ltr'><strong>ξόχεύείιςαι</strong></span> <span class='ocrx_word' id='word_1_734' title='bbox 2831 4314 2934 4391; x_wconf 76' lang='grc' dir='ltr'><strong>ὐπρ</strong></span> <span class='ocrx_word' id='word_1_735' title='bbox 2963 4312 3405 4391; x_wconf 49' lang='lat' dir='ltr'><strong>apiario-redamas.</strong></span> <span class='ocrx_word' id='word_1_736' title='bbox 3425 4316 3552 4372; x_wconf 85' lang='lat' dir='ltr'><strong>Cum</strong></span> <span class='ocrx_word' id='word_1_737' title='bbox 3579 4327 3759 4372; x_wconf 79' lang='lat' dir='ltr'><strong>autem</strong></span> 
     </span>
    </p>
   </div>
   <div class='ocr_carea' id='block_1_97' title="bbox 2153 4382 3757 4452">
    <p class='ocr_par' dir='ltr' id='par_1_97' title="bbox 2153 4382 3757 4452">
     <span class='ocr_line' id='line_1_99' title="bbox 2153 4382 3757 4452; baseline 0.006 -18"><span class='ocrx_word' id='word_1_738' title='bbox 2153 4382 2353 4452; x_wconf 74' lang='lat' dir='ltr'><strong>effugit,</strong></span> <span class='ocrx_word' id='word_1_739' title='bbox 2386 4382 2829 4447; x_wconf 43' lang='lat' dir='ltr'><strong>ut&#39;ovis&#39;inCnbet,</strong></span> <span class='ocrx_word' id='word_1_740' title='bbox 2880 4382 3151 4441; x_wconf 80' lang='lat' dir='ltr'><strong>clamitant</strong></span> <span class='ocrx_word' id='word_1_741' title='bbox 3204 4405 3391 4448; x_wconf 85' lang='lat' dir='ltr'><strong>mares.</strong></span> <span class='ocrx_word' id='word_1_742' title='bbox 3444 4400 3491 4443; x_wconf 91' lang='lat' dir='ltr'><strong>et</strong></span> <span class='ocrx_word' id='word_1_743' title='bbox 3530 4391 3666 4442; x_wconf 89' lang='lat' dir='ltr'><strong>inter</strong></span> <span class='ocrx_word' id='word_1_744' title='bbox 3695 4407 3757 4444; x_wconf 85' lang='lat' dir='ltr'><strong>se</strong></span> 
     </span>
    </p>
   </div>
   <div class='ocr_carea' id='block_1_98' title="bbox 2151 4453 3759 4530">
    <p class='ocr_par' dir='ltr' id='par_1_98' title="bbox 2151 4453 3759 4530">
     <span class='ocr_line' id='line_1_100' title="bbox 2151 4453 3759 4530; baseline 0.006 -26"><span class='ocrx_word' id='word_1_745' title='bbox 2151 4454 2456 4530; x_wconf 24' lang='lat' dir='ltr'><strong>decertant:</strong></span> <span class='ocrx_word' id='word_1_746' title='bbox 2474 4453 2589 4530; x_wconf 91' lang='lat' dir='ltr'><strong>os</strong></span> <span class='ocrx_word' id='word_1_747' title='bbox 2614 4456 2847 4530; x_wconf 77' lang='lat' dir='ltr'><strong>viduatos</strong></span> <span class='ocrx_word' id='word_1_748' title='bbox 2873 4469 3078 4512; x_wconf 88' lang='lat' dir='ltr'><strong>vocant.</strong></span> <span class='ocrx_word' id='word_1_749' title='bbox 3108 4460 3210 4527; x_wconf 83' lang='lat' dir='ltr'><strong>Qui</strong></span> <span class='ocrx_word' id='word_1_750' title='bbox 3238 4476 3353 4514; x_wconf 87' lang='lat' dir='ltr'><strong>vero</strong></span> <span class='ocrx_word' id='word_1_751' title='bbox 3384 4461 3537 4530; x_wconf 87' lang='lat' dir='ltr'><strong>fuerit</strong></span> <span class='ocrx_word' id='word_1_752' title='bbox 3565 4462 3615 4514; x_wconf 86' lang='lat' dir='ltr'><strong>in</strong></span> <span class='ocrx_word' id='word_1_753' title='bbox 3640 4476 3759 4514; x_wconf 80' lang='lat' dir='ltr'><strong>cer-</strong></span> 
     </span>
    </p>
   </div>
   <div class='ocr_carea' id='block_1_99' title="bbox 2152 4527 3761 4598">
    <p class='ocr_par' dir='ltr' id='par_1_99' title="bbox 2152 4527 3761 4598">
     <span class='ocr_line' id='line_1_101' title="bbox 2152 4527 3761 4598; baseline 0.006 -21"><span class='ocrx_word' id='word_1_754' title='bbox 2152 4528 2344 4598; x_wconf 79' lang='lat' dir='ltr'><strong>tamine</strong></span> <span class='ocrx_word' id='word_1_755' title='bbox 2373 4527 2610 4592; x_wconf 83' lang='lat' dir='ltr'><strong>inferior,</strong></span> <span class='ocrx_word' id='word_1_756' title='bbox 2664 4527 2899 4581; x_wconf 86' lang='lat' dir='ltr'><strong>victorem</strong></span> <span class='ocrx_word' id='word_1_757' title='bbox 2929 4530 3182 4598; x_wconf 80' lang='lat' dir='ltr'><strong>sequitur,</strong></span> <span class='ocrx_word' id='word_1_758' title='bbox 3210 4531 3274 4585; x_wconf 91' lang='lat' dir='ltr'><strong>ab</strong></span> <span class='ocrx_word' id='word_1_759' title='bbox 3306 4527 3467 4594; x_wconf 80' lang='lat' dir='ltr'><strong>eoque</strong></span> <span class='ocrx_word' id='word_1_760' title='bbox 3502 4532 3611 4587; x_wconf 88' lang='lat' dir='ltr'><strong>solo</strong></span> <span class='ocrx_word' id='word_1_761' title='bbox 3650 4532 3761 4586; x_wconf 85' lang='lat' dir='ltr'><strong>ini-</strong></span> 
     </span>
    </p>
   </div>
   <div class='ocr_carea' id='block_1_100' title="bbox 453 4584 3757 4691">
    <p class='ocr_par' dir='ltr' id='par_1_100' title="bbox 453 4584 3757 4691">
     <span class='ocr_line' id='line_1_102' title="bbox 453 4584 3757 4691; baseline 0.006 -52"><span class='ocrx_word' id='word_1_762' title='bbox 453 4590 723 4691; x_wconf 65' lang='lat' dir='ltr'><strong>rimaesse</strong></span> <span class='ocrx_word' id='word_1_763' title='bbox 740 4584 927 4691; x_wconf 43' lang='lat' dir='ltr'><strong>pagus</strong></span> <span class='ocrx_word' id='word_1_764' title='bbox 947 4592 1190 4691; x_wconf 57' lang='lat' dir='ltr'><strong>:circgm</strong></span> <span class='ocrx_word' id='word_1_765' title='bbox 1220 4588 1375 4659; x_wconf 86' lang='lat' dir='ltr'><strong>pedes</strong></span> <span class='ocrx_word' id='word_1_766' title='bbox 1400 4603 1536 4691; x_wconf 62' lang='lat' dir='ltr'><strong>egim</strong></span> <span class='ocrx_word' id='word_1_767' title='bbox 1565 4584 2041 4691; x_wconf 42' lang='lat' dir='ltr'><strong>iegatgris&#39;voluta,</strong></span> <span class='ocrx_word' id='word_1_768' title='bbox 2076 4629 2127 4691; x_wconf 72' lang='grc' dir='ltr'><strong>Ι)</strong></span> <span class='ocrx_word' id='word_1_769' title='bbox 2153 4606 2253 4691; x_wconf 67' lang='lat' dir='ltr'><strong>tur.</strong></span> <span class='ocrx_word' id='word_1_770' title='bbox 2290 4584 2451 4691; x_wconf 49' lang='lat' dir='ltr'><strong>Quod;</strong></span> <span class='ocrx_word' id='word_1_771' title='bbox 2469 4599 2513 4651; x_wconf 88' lang='lat' dir='ltr'><strong>si</strong></span> <span class='ocrx_word' id='word_1_772' title='bbox 2544 4615 2577 4651; x_wconf 91' lang='lat' dir='ltr'><strong>a</strong></span> <span class='ocrx_word' id='word_1_773' title='bbox 2598 4584 2827 4682; x_wconf 72' lang='lat' dir='ltr'><strong>secundo</strong></span> <span class='ocrx_word' id='word_1_774' title='bbox 2858 4584 3259 4691; x_wconf 68' lang='lat' dir='ltr'><strong>etiani,velalip</strong></span> <span class='ocrx_word' id='word_1_775' title='bbox 3287 4584 3488 4672; x_wconf 75' lang='lat' dir='ltr'><strong>quovis,</strong></span> <span class='ocrx_word' id='word_1_776' title='bbox 3506 4584 3757 4685; x_wconf 63' lang='lat' dir='ltr'><strong>vincatur</strong></span> 
     </span>
    </p>
   </div>
   <div class='ocr_carea' id='block_1_101' title="bbox 455 4657 2047 4732">
    <p class='ocr_par' dir='ltr' id='par_1_101' title="bbox 455 4657 2047 4732">
     <span class='ocr_line' id='line_1_103' title="bbox 455 4657 2047 4732; baseline 0 -18"><span class='ocrx_word' id='word_1_777' title='bbox 455 4669 503 4714; x_wconf 90' lang='lat' dir='ltr'><strong>et</strong></span> <span class='ocrx_word' id='word_1_778' title='bbox 529 4663 611 4716; x_wconf 90' lang='lat' dir='ltr'><strong>sui</strong></span> <span class='ocrx_word' id='word_1_779' title='bbox 637 4660 902 4732; x_wconf 76' lang='lat' dir='ltr'><strong>capienda:</strong></span> <span class='ocrx_word' id='word_1_780' title='bbox 926 4660 1068 4732; x_wconf 86' lang='lat' dir='ltr'><strong>spem</strong></span> <span class='ocrx_word' id='word_1_781' title='bbox 1091 4657 1244 4725; x_wconf 75' lang='lat' dir='ltr'><strong>dans,</strong></span> <span class='ocrx_word' id='word_1_782' title='bbox 1277 4678 1330 4714; x_wconf 88' lang='lat' dir='ltr'><strong>se</strong></span> <span class='ocrx_word' id='word_1_783' title='bbox 1362 4660 1489 4714; x_wconf 88' lang='lat' dir='ltr'><strong>nido</strong></span> <span class='ocrx_word' id='word_1_784' title='bbox 1515 4657 1750 4732; x_wconf 78' lang='lat' dir='ltr'><strong>subducit</strong></span> <span class='ocrx_word' id='word_1_785' title='bbox 1789 4668 1836 4712; x_wconf 90' lang='lat' dir='ltr'><strong>et</strong></span> <span class='ocrx_word' id='word_1_786' title='bbox 1878 4676 2047 4715; x_wconf 90' lang='lat' dir='ltr'><strong>remo-</strong></span> 
     </span>
    </p>
   </div>
   <div class='ocr_carea' id='block_1_102' title="bbox 450 4729 2048 4804">
    <p class='ocr_par' dir='ltr' id='par_1_102' title="bbox 450 4729 2048 4804">
     <span class='ocr_line' id='line_1_104' title="bbox 450 4729 2048 4804; baseline 0.003 -20"><span class='ocrx_word' id='word_1_787' title='bbox 450 4740 573 4798; x_wconf 83' lang='lat' dir='ltr'><strong>vet;</strong></span> <span class='ocrx_word' id='word_1_788' title='bbox 624 4743 672 4787; x_wconf 93' lang='lat' dir='ltr'><strong>et</strong></span> <span class='ocrx_word' id='word_1_789' title='bbox 702 4729 833 4786; x_wconf 78' lang='lat' dir='ltr'><strong>cum</strong></span> <span class='ocrx_word' id='word_1_790' title='bbox 877 4729 1046 4804; x_wconf 67' lang='lat' dir='ltr'><strong>pullos</strong></span> <span class='ocrx_word' id='word_1_791' title='bbox 1087 4732 1351 4804; x_wconf 85' lang='lat' dir='ltr'><strong>aufugisse</strong></span> <span class='ocrx_word' id='word_1_792' title='bbox 1386 4730 1630 4804; x_wconf 86' lang='lat' dir='ltr'><strong>conjicit,</strong></span> <span class='ocrx_word' id='word_1_793' title='bbox 1690 4729 1805 4796; x_wconf 86' lang='lat' dir='ltr'><strong>ipsa</strong></span> <span class='ocrx_word' id='word_1_794' title='bbox 1846 4748 2048 4804; x_wconf 88' lang='lat' dir='ltr'><strong>quoque</strong></span> 
     </span>
    </p>
   </div>
   <div class='ocr_carea' id='block_1_103' title="bbox 450 4802 2046 4875">
    <p class='ocr_par' dir='ltr' id='par_1_103' title="bbox 450 4802 2046 4875">
     <span class='ocr_line' id='line_1_105' title="bbox 450 4802 2046 4875; baseline 0.002 -19"><span class='ocrx_word' id='word_1_795' title='bbox 450 4813 659 4873; x_wconf 85' lang='lat' dir='ltr'><strong>repente</strong></span> <span class='ocrx_word' id='word_1_796' title='bbox 706 4804 887 4859; x_wconf 87' lang='lat' dir='ltr'><strong>evolat.</strong></span> <span class='ocrx_word' id='word_1_797' title='bbox 934 4802 1383 4875; x_wconf 38' lang='lat' dir='ltr'><strong>Impura&#39;quoque</strong></span> <span class='ocrx_word' id='word_1_798' title='bbox 1432 4802 1489 4856; x_wconf 79' lang='lat' dir='ltr'><strong>et</strong></span> <span class='ocrx_word' id='word_1_799' title='bbox 1525 4803 1616 4855; x_wconf 90' lang='lat' dir='ltr'><strong>illa</strong></span> <span class='ocrx_word' id='word_1_800' title='bbox 1663 4809 1758 4875; x_wconf 75' lang='lat' dir='ltr'><strong>est,</strong></span> <span class='ocrx_word' id='word_1_801' title='bbox 1814 4802 2046 4859; x_wconf 47' lang='lat' dir='ltr'><strong>adeo&#39;ut</strong></span> 
     </span>
    </p>
   </div>
   <div class='ocr_carea' id='block_1_104' title="bbox 450 4872 2043 4957">
    <p class='ocr_par' dir='ltr' id='par_1_104' title="bbox 450 4872 2043 4957">
     <span class='ocr_line' id='line_1_106' title="bbox 450 4872 2043 4957; baseline 0.001 -29"><span class='ocrx_word' id='word_1_802' title='bbox 450 4872 566 4957; x_wconf 73' lang='lat' dir='ltr'><strong>quas</strong></span> <span class='ocrx_word' id='word_1_803' title='bbox 615 4878 835 4949; x_wconf 85' lang='lat' dir='ltr'><strong>conjuge</strong></span> <span class='ocrx_word' id='word_1_804' title='bbox 886 4872 1256 4957; x_wconf 51' lang='lat' dir='ltr'><strong>sua__&#39;viduataz</strong></span> <span class='ocrx_word' id='word_1_805' title='bbox 1284 4872 1435 4942; x_wconf 82' lang='lat' dir='ltr'><strong>sunt,</strong></span> <span class='ocrx_word' id='word_1_806' title='bbox 1469 4872 1743 4957; x_wconf 66' lang='lat' dir='ltr'><strong>singulari</strong></span> <span class='ocrx_word' id='word_1_807' title='bbox 1769 4877 2043 4957; x_wconf 76' lang='lat' dir='ltr'><strong>certamine</strong></span> 
     </span>
    </p>
   </div>
   <div class='ocr_carea' id='block_1_105' title="bbox 448 4946 2041 5019">
    <p class='ocr_par' dir='ltr' id='par_1_105' title="bbox 448 4946 2041 5019">
     <span class='ocr_line' id='line_1_107' title="bbox 448 4946 2041 5019; baseline 0.002 -20"><span class='ocrx_word' id='word_1_808' title='bbox 448 4946 664 5002; x_wconf 87' lang='lat' dir='ltr'><strong>invicem</strong></span> <span class='ocrx_word' id='word_1_809' title='bbox 690 4946 789 5019; x_wconf 82' lang='lat' dir='ltr'><strong>pro</strong></span> <span class='ocrx_word' id='word_1_810' title='bbox 813 4946 1087 5019; x_wconf 83' lang='lat' dir='ltr'><strong>concubitu</strong></span> <span class='ocrx_word' id='word_1_811' title='bbox 1114 4949 1367 5002; x_wconf 88' lang='lat' dir='ltr'><strong>decertent</strong></span> <span class='ocrx_word' id='word_1_812' title='bbox 1386 4988 1402 5015; x_wconf 90' lang='lat'><strong>,</strong></span> <span class='ocrx_word' id='word_1_813' title='bbox 1425 4957 1472 5001; x_wconf 91' lang='lat' dir='ltr'><strong>et</strong></span> <span class='ocrx_word' id='word_1_814' title='bbox 1496 4960 1607 4999; x_wconf 86' lang='lat' dir='ltr'><strong>mas</strong></span> <span class='ocrx_word' id='word_1_815' title='bbox 1633 4952 1743 5016; x_wconf 88' lang='lat' dir='ltr'><strong>post</strong></span> <span class='ocrx_word' id='word_1_816' title='bbox 1769 4946 2041 5002; x_wconf 87' lang='lat' dir='ltr'><strong>victoriam</strong></span> 
     </span>
    </p>
   </div>
   <div class='ocr_carea' id='block_1_106' title="bbox 449 5018 2040 5088">
    <p class='ocr_par' dir='ltr' id='par_1_106' title="bbox 449 5018 2040 5088">
     <span class='ocr_line' id='line_1_108' title="bbox 449 5018 2040 5088; baseline 0.001 -16"><span class='ocrx_word' id='word_1_817' title='bbox 449 5032 645 5073; x_wconf 82' lang='lat' dir='ltr'><strong>marem</strong></span> <span class='ocrx_word' id='word_1_818' title='bbox 674 5018 829 5073; x_wconf 80' lang='lat' dir='ltr'><strong>ineat.</strong></span> <span class='ocrx_word' id='word_1_819' title='bbox 863 5018 1035 5088; x_wconf 85' lang='lat' dir='ltr'><strong>Quem</strong></span> <span class='ocrx_word' id='word_1_820' title='bbox 1069 5021 1242 5073; x_wconf 91' lang='lat' dir='ltr'><strong>locum</strong></span> <span class='ocrx_word' id='word_1_821' title='bbox 1287 5034 1355 5073; x_wconf 85' lang='lat' dir='ltr'><strong>ex</strong></span> <span class='ocrx_word' id='word_1_822' title='bbox 1396 5032 1531 5073; x_wconf 84' lang='lat' dir='ltr'><strong>eane</strong></span> <span class='ocrx_word' id='word_1_823' title='bbox 1558 5032 1716 5085; x_wconf 75' lang='lat' dir='ltr'><strong>quam</strong></span> <span class='ocrx_word' id='word_1_824' title='bbox 1745 5023 2040 5074; x_wconf 86' lang='lat' dir='ltr'><strong>tractamus</strong></span> 
     </span>
    </p>
   </div>
   <div class='ocr_carea' id='block_1_107' title="bbox 448 5088 2033 5161">
    <p class='ocr_par' dir='ltr' id='par_1_107' title="bbox 448 5088 2033 5161">
     <span class='ocr_line' id='line_1_109' title="bbox 448 5088 2033 5161; baseline -0.001 -14"><span class='ocrx_word' id='word_1_825' title='bbox 448 5088 697 5161; x_wconf 86' lang='lat' dir='ltr'><strong>Origenis</strong></span> <span class='ocrx_word' id='word_1_826' title='bbox 726 5093 949 5147; x_wconf 88' lang='lat' dir='ltr'><strong>homilia</strong></span> <span class='ocrx_word' id='word_1_827' title='bbox 979 5091 1383 5160; x_wconf 86' lang='lat' dir='ltr'><strong>deprompserit</strong></span> <span class='ocrx_word' id='word_1_828' title='bbox 1406 5092 1632 5144; x_wconf 81' lang='lat' dir='ltr'><strong>Carenae</strong></span> <span class='ocrx_word' id='word_1_829' title='bbox 1658 5099 2033 5159; x_wconf 82' lang='lat' dir='ltr'><strong>concinnator,</strong></span> 
     </span>
    </p>
   </div>
   <div class='ocr_carea' id='block_1_108' title="bbox 445 5162 2031 5233">
    <p class='ocr_par' dir='ltr' id='par_1_108' title="bbox 445 5162 2031 5233">
     <span class='ocr_line' id='line_1_110' title="bbox 445 5162 2031 5233; baseline 0.001 -17"><span class='ocrx_word' id='word_1_830' title='bbox 445 5171 502 5216; x_wconf 86' lang='lat' dir='ltr'><strong>et</strong></span> <span class='ocrx_word' id='word_1_831' title='bbox 531 5177 629 5233; x_wconf 91' lang='lat' dir='ltr'><strong>pro</strong></span> <span class='ocrx_word' id='word_1_832' title='bbox 659 5162 925 5233; x_wconf 83' lang='lat' dir='ltr'><strong>ejusmodi</strong></span> <span class='ocrx_word' id='word_1_833' title='bbox 971 5164 1471 5217; x_wconf 84' lang='lat' dir='ltr'><strong>consarcinatorum</strong></span> <span class='ocrx_word' id='word_1_834' title='bbox 1527 5173 1679 5233; x_wconf 90' lang='lat' dir='ltr'><strong>more</strong></span> <span class='ocrx_word' id='word_1_835' title='bbox 1735 5162 2031 5229; x_wconf 84' lang='lat' dir='ltr'><strong>recoxerit,</strong></span> 
     </span>
    </p>
   </div>
   <div class='ocr_carea' id='block_1_109' title="bbox 445 5232 2033 5302">
    <p class='ocr_par' dir='ltr' id='par_1_109' title="bbox 445 5232 2033 5302">
     <span class='ocr_line' id='line_1_111' title="bbox 445 5232 2033 5302; baseline -0.001 -14"><span class='ocrx_word' id='word_1_836' title='bbox 445 5232 541 5288; x_wconf 85' lang='lat' dir='ltr'><strong>an</strong></span> <span class='ocrx_word' id='word_1_837' title='bbox 573 5232 795 5291; x_wconf 89' lang='lat' dir='ltr'><strong>aliunde</strong></span> <span class='ocrx_word' id='word_1_838' title='bbox 848 5237 1112 5302; x_wconf 83' lang='lat' dir='ltr'><strong>integrum</strong></span> <span class='ocrx_word' id='word_1_839' title='bbox 1167 5234 1543 5302; x_wconf 87' lang='lat' dir='ltr'><strong>transtulerit,</strong></span> <span class='ocrx_word' id='word_1_840' title='bbox 1603 5232 1870 5287; x_wconf 87' lang='lat' dir='ltr'><strong>incertum</strong></span> <span class='ocrx_word' id='word_1_841' title='bbox 1930 5242 2033 5289; x_wconf 90' lang='lat' dir='ltr'><strong>est.</strong></span> 
     </span>
    </p>
   </div>
   <div class='ocr_carea' id='block_1_110' title="bbox 442 5301 2038 5375">
    <p class='ocr_par' dir='ltr' id='par_1_110' title="bbox 442 5301 2038 5375">
     <span class='ocr_line' id='line_1_112' title="bbox 442 5301 2038 5375; baseline 0.001 -17"><span class='ocrx_word' id='word_1_842' title='bbox 442 5302 502 5359; x_wconf 80' lang='lat' dir='ltr'><strong>Id</strong></span> <span class='ocrx_word' id='word_1_843' title='bbox 558 5318 740 5363; x_wconf 87' lang='lat' dir='ltr'><strong>autem</strong></span> <span class='ocrx_word' id='word_1_844' title='bbox 793 5321 860 5363; x_wconf 86' lang='lat' dir='ltr'><strong>ex</strong></span> <span class='ocrx_word' id='word_1_845' title='bbox 919 5301 1216 5361; x_wconf 80' lang='lat' dir='ltr'><strong>Aristotele</strong></span> <span class='ocrx_word' id='word_1_846' title='bbox 1245 5307 1471 5375; x_wconf 87' lang='lat' dir='ltr'><strong>petitum</strong></span> <span class='ocrx_word' id='word_1_847' title='bbox 1514 5314 1633 5367; x_wconf 58' lang='lat' dir='ltr'><strong>est,</strong></span> <span class='ocrx_word' id='word_1_848' title='bbox 1687 5301 1779 5353; x_wconf 91' lang='lat' dir='ltr'><strong>lib.</strong></span> <span class='ocrx_word' id='word_1_849' title='bbox 1835 5321 1891 5359; x_wconf 58' lang='grc' dir='ltr'><strong>ιχ</strong></span> <span class='ocrx_word' id='word_1_850' title='bbox 1947 5306 2038 5359; x_wconf 87' lang='lat' dir='ltr'><strong>lli-</strong></span> 
     </span>
    </p>
   </div>
   <div class='ocr_carea' id='block_1_111' title="bbox 446 5375 2036 5453">
    <p class='ocr_par' dir='ltr' id='par_1_111' title="bbox 446 5375 2036 5453">
     <span class='ocr_line' id='line_1_113' title="bbox 446 5375 2036 5453; baseline 0 -22"><span class='ocrx_word' id='word_1_851' title='bbox 446 5384 581 5431; x_wconf 86' lang='lat' dir='ltr'><strong>stor.</strong></span> <span class='ocrx_word' id='word_1_852' title='bbox 609 5379 847 5435; x_wconf 78' lang='lat' dir='ltr'><strong>Animal.</strong></span> <span class='ocrx_word' id='word_1_853' title='bbox 883 5393 1005 5453; x_wconf 56' lang='lat' dir='ltr'><strong>cap:</strong></span> <span class='ocrx_word' id='word_1_854' title='bbox 1026 5378 1058 5433; x_wconf 87' lang='grc'><strong>8</strong></span> <span class='ocrx_word' id='word_1_855' title='bbox 1086 5394 1097 5430; x_wconf 93' lang='lat'>:</span> <span class='ocrx_word' id='word_1_856' title='bbox 1124 5376 1243 5434; x_wconf 81' lang='grc' dir='ltr'><strong>ὅταν</strong></span> <span class='ocrx_word' id='word_1_857' title='bbox 1265 5375 1635 5453; x_wconf 15' lang='grc' dir='ltr'><strong>δέ-τξςξ-θηρεύῃᾲ</strong></span> <span class='ocrx_word' id='word_1_858' title='bbox 1655 5381 1946 5453; x_wconf 50' lang='grc' dir='ltr'><strong>περιπεσὼν</strong></span> 
     </span>
    </p>
   </div>
   <div class='ocr_carea' id='block_1_112' title="bbox 444 5444 2037 5543">
    <p class='ocr_par' dir='ltr' id='par_1_112' title="bbox 444 5444 2037 5543">
     <span class='ocr_line' id='line_1_114' title="bbox 444 5444 2037 5543; baseline -0.003 -36"><span class='ocrx_word' id='word_1_859' title='bbox 444 5453 647 5543; x_wconf 54' lang='grc' dir='ltr'><strong>ξιοςξτίᾳ</strong></span> <span class='ocrx_word' id='word_1_860' title='bbox 676 5495 690 5518; x_wconf 89' lang='grc'><em>,</em></span> <span class='ocrx_word' id='word_1_861' title='bbox 738 5444 1149 5543; x_wconf 52' lang='grc' dir='ltr'><strong>προκυλιῦδξῑται</strong></span> <span class='ocrx_word' id='word_1_862' title='bbox 1189 5448 1439 5540; x_wconf 44' lang='grc' dir='ltr'><strong>ήβέρδιξ</strong></span> <span class='ocrx_word' id='word_1_863' title='bbox 1479 5444 1581 5543; x_wconf 53' lang='grc' dir='ltr'><strong>έοῦ.</strong></span> <span class='ocrx_word' id='word_1_864' title='bbox 1605 5444 1937 5539; x_wconf 43' lang='grc' dir='ltr'><strong>ξθιηρέύινινςοξι</strong></span> <span class='ocrx_word' id='word_1_865' title='bbox 1968 5444 2037 5509; x_wconf 66' lang='grc' dir='ltr'><strong>ὠξ-</strong></span> 
     </span>
    </p>
   </div>
   <div class='ocr_carea' id='block_1_113' title="bbox 447 5520 2038 5593">
    <p class='ocr_par' dir='ltr' id='par_1_113' title="bbox 447 5520 2038 5593">
     <span class='ocr_line' id='line_1_115' title="bbox 447 5520 2038 5593; baseline 0 -18"><span class='ocrx_word' id='word_1_866' title='bbox 447 5520 716 5585; x_wconf 42' lang='lat' dir='ltr'><strong>inﬁcit-iro:</strong></span> <span class='ocrx_word' id='word_1_867' title='bbox 750 5520 911 5593; x_wconf 73' lang='grc' dir='ltr'><strong>ρῦσα,</strong></span> <span class='ocrx_word' id='word_1_868' title='bbox 953 5526 1033 5578; x_wconf 73' lang='grc' dir='ltr'><strong>καὶ</strong></span> <span class='ocrx_word' id='word_1_869' title='bbox 1061 5520 1369 5580; x_wconf 73' lang='grc' dir='ltr'><strong>ἐπισπᾶταὶ.</strong></span> <span class='ocrx_word' id='word_1_870' title='bbox 1399 5525 1468 5582; x_wconf 82' lang='grc' dir='ltr'><strong>ὡς</strong></span> <span class='ocrx_word' id='word_1_871' title='bbox 1492 5520 1790 5593; x_wconf 71' lang='grc' dir='ltr'><strong>ληψόμένον,</strong></span> <span class='ocrx_word' id='word_1_872' title='bbox 1824 5521 1894 5593; x_wconf 81' lang='grc' dir='ltr'><strong>ἐφ’</strong></span> <span class='ocrx_word' id='word_1_873' title='bbox 1917 5521 2038 5593; x_wconf 63' lang='grc' dir='ltr'><strong>ἑαν-</strong></span> 
     </span>
    </p>
   </div>
   <div class='ocr_carea' id='block_1_114' title="bbox 448 5590 2035 5671">
    <p class='ocr_par' dir='ltr' id='par_1_114' title="bbox 448 5590 2035 5671">
     <span class='ocr_line' id='line_1_116' title="bbox 448 5590 2035 5671; baseline -0.003 -21"><span class='ocrx_word' id='word_1_874' title='bbox 448 5595 568 5671; x_wconf 49' lang='grc' dir='ltr'><strong>τήη,</strong></span> <span class='ocrx_word' id='word_1_875' title='bbox 608 5595 705 5671; x_wconf 66' lang='lat' dir='ltr'><strong>Esi:</strong></span> <span class='ocrx_word' id='word_1_876' title='bbox 736 5590 796 5652; x_wconf 83' lang='grc' dir='ltr'><strong>ἂν</strong></span> <span class='ocrx_word' id='word_1_877' title='bbox 832 5593 1083 5671; x_wconf 70' lang='grc' dir='ltr'><strong>διαδράᾳῃ</strong></span> <span class='ocrx_word' id='word_1_878' title='bbox 1130 5602 1229 5671; x_wconf 70' lang='grc' dir='ltr'><strong>τῷν</strong></span> <span class='ocrx_word' id='word_1_879' title='bbox 1276 5600 1489 5671; x_wconf 57' lang='grc' dir='ltr'><strong>ναξττῶν</strong></span> <span class='ocrx_word' id='word_1_880' title='bbox 1539 5590 1796 5671; x_wconf 50' lang='lat' dir='ltr'><strong>Esaia-ros;</strong></span> <span class='ocrx_word' id='word_1_881' title='bbox 1829 5590 1956 5648; x_wconf 73' lang='grc' dir='ltr'><strong>κὰτὰ</strong></span> <span class='ocrx_word' id='word_1_882' title='bbox 1980 5591 2035 5648; x_wconf 84' lang='grc' dir='ltr'><em>δέ</em></span> 
     </span>
    </p>
   </div>
   <div class='ocr_carea' id='block_1_115' title="bbox 447 5662 2031 5726">
    <p class='ocr_par' dir='ltr' id='par_1_115' title="bbox 447 5662 2031 5726">
     <span class='ocr_line' id='line_1_117' title="bbox 447 5662 2031 5726; baseline -0.001 -9"><span class='ocrx_word' id='word_1_883' title='bbox 447 5669 615 5719; x_wconf 84' lang='grc' dir='ltr'>ταῦτα</span> <span class='ocrx_word' id='word_1_884' title='bbox 656 5662 961 5723; x_wconf 76' lang='grc' dir='ltr'><strong>ἀναπτᾶσα’</strong></span> <span class='ocrx_word' id='word_1_885' title='bbox 980 5662 1107 5726; x_wconf 61' lang='grc' dir='ltr'><strong>αὖξή</strong></span> <span class='ocrx_word' id='word_1_886' title='bbox 1128 5707 1142 5726; x_wconf 83' lang='grc'>,</span> <span class='ocrx_word' id='word_1_887' title='bbox 1185 5666 1503 5722; x_wconf 78' lang='grc' dir='ltr'><strong>ἀνακαλεῖται</strong></span> <span class='ocrx_word' id='word_1_888' title='bbox 1545 5665 1712 5719; x_wconf 79' lang='grc' dir='ltr'><strong>πάλιν.</strong></span> <span class='ocrx_word' id='word_1_889' title='bbox 1757 5662 1822 5717; x_wconf 87' lang='lat' dir='ltr'><strong>Et</strong></span> <span class='ocrx_word' id='word_1_890' title='bbox 1870 5678 2031 5717; x_wconf 77' lang='lat' dir='ltr'><strong>mox:</strong></span> 
     </span>
    </p>
   </div>
   <div class='ocr_carea' id='block_1_116' title="bbox 452 5734 2031 5819">
    <p class='ocr_par' dir='ltr' id='par_1_116' title="bbox 452 5734 2031 5819">
     <span class='ocr_line' id='line_1_118' title="bbox 452 5734 2031 5819; baseline 0.001 -31"><span class='ocrx_word' id='word_1_891' title='bbox 452 5734 706 5819; x_wconf 41' lang='lat' dir='ltr'><strong>émsplfis&#39;</strong></span> <span class='ocrx_word' id='word_1_892' title='bbox 729 5740 945 5819; x_wconf 55' lang='grc' dir='ltr'><strong>ᾕρηται,</strong></span> <span class='ocrx_word' id='word_1_893' title='bbox 959 5738 1271 5819; x_wconf 50' lang='lat' dir='ltr'><strong>magnetes?)</strong></span> <span class='ocrx_word' id='word_1_894' title='bbox 1292 5737 1465 5819; x_wconf 41' lang='grc' dir='ltr'><strong>ὀρηεὸν.</strong></span> <span class='ocrx_word' id='word_1_895' title='bbox 1479 5740 1594 5819; x_wconf 58' lang='lat' dir='ltr'><strong>ears</strong></span> <span class='ocrx_word' id='word_1_896' title='bbox 1620 5739 1703 5791; x_wconf 83' lang='grc' dir='ltr'><strong>καὶ</strong></span> <span class='ocrx_word' id='word_1_897' title='bbox 1722 5741 2031 5819; x_wconf 47' lang='lat' dir='ltr'><strong>«aucupa/av.</strong></span> 
     </span>
    </p>
   </div>
   <div class='ocr_carea' id='block_1_117' title="bbox 469 5806 2035 5883">
    <p class='ocr_par' dir='ltr' id='par_1_117' title="bbox 469 5806 2035 5883">
     <span class='ocr_line' id='line_1_119' title="bbox 469 5806 2035 5883; baseline -0.001 -20"><span class='ocrx_word' id='word_1_898' title='bbox 469 5820 561 5863; x_wconf 75' lang='lat' dir='ltr'><strong>um</strong></span> <span class='ocrx_word' id='word_1_899' title='bbox 588 5806 1125 5883; x_wconf 59' lang='lat' dir='ltr'><strong>aliquis&#39;yenandojn</strong></span> <span class='ocrx_word' id='word_1_900' title='bbox 1153 5806 1333 5865; x_wconf 79' lang='lat' dir='ltr'><strong>nidum</strong></span> <span class='ocrx_word' id='word_1_901' title='bbox 1361 5809 1624 5879; x_wconf 78' lang='lat' dir='ltr'><strong>inciderit,</strong></span> <span class='ocrx_word' id='word_1_902' title='bbox 1651 5806 1900 5878; x_wconf 69' lang='lat' dir='ltr'><strong>provolvit’</strong></span> <span class='ocrx_word' id='word_1_903' title='bbox 1928 5806 2035 5864; x_wconf 77' lang='lat' dir='ltr'><strong>sese</strong></span> 
     </span>
    </p>
   </div>
   <div class='ocr_carea' id='block_1_118' title="bbox 2151 4668 3749 4745">
    <p class='ocr_par' dir='ltr' id='par_1_118' title="bbox 2151 4668 3749 4745">
     <span class='ocr_line' id='line_1_120' title="bbox 2151 4668 3749 4745; baseline 0.006 -25"><span class='ocrx_word' id='word_1_904' title='bbox 2151 4668 2362 4745; x_wconf 69' lang='lat' dir='ltr'><strong>aliquis;</strong></span> <span class='ocrx_word' id='word_1_905' title='bbox 2389 4670 2452 4721; x_wconf 90' lang='lat' dir='ltr'><strong>ab</strong></span> <span class='ocrx_word' id='word_1_906' title='bbox 2475 4685 2531 4745; x_wconf 80' lang='lat' dir='ltr'><strong>eo</strong></span> <span class='ocrx_word' id='word_1_907' title='bbox 2552 4686 2751 4745; x_wconf 81' lang='lat' dir='ltr'><strong>quoque</strong></span> <span class='ocrx_word' id='word_1_908' title='bbox 2776 4672 2965 4725; x_wconf 81' lang='lat' dir='ltr'><strong>victore</strong></span> <span class='ocrx_word' id='word_1_909' title='bbox 2994 4676 3128 4745; x_wconf 71' lang='lat' dir='ltr'><strong>clam</strong></span> <span class='ocrx_word' id='word_1_910' title='bbox 3159 4668 3438 4745; x_wconf 80' lang='lat' dir='ltr'><strong>subigitur,-</strong></span> <span class='ocrx_word' id='word_1_911' title='bbox 3460 4668 3513 4728; x_wconf 86' lang='lat' dir='ltr'><strong>et</strong></span> <span class='ocrx_word' id='word_1_912' title='bbox 3540 4674 3633 4728; x_wconf 90' lang='lat' dir='ltr'><strong>lib.</strong></span> <span class='ocrx_word' id='word_1_913' title='bbox 3663 4690 3714 4729; x_wconf 74' lang='lat' dir='ltr'><strong>vt</strong></span> <span class='ocrx_word' id='word_1_914' title='bbox 3733 4720 3749 4742; x_wconf 88' lang='lat'><strong>,</strong></span> 
     </span>
    </p>
   </div>
   <div class='ocr_carea' id='block_1_119' title="bbox 2150 4741 3758 4824">
    <p class='ocr_par' dir='ltr' id='par_1_119' title="bbox 2150 4741 3758 4824">
     <span class='ocr_line' id='line_1_121' title="bbox 2150 4741 3758 4824; baseline 0.006 -31"><span class='ocrx_word' id='word_1_915' title='bbox 2150 4754 2272 4824; x_wconf 73' lang='lat' dir='ltr'><strong>cap.</strong></span> <span class='ocrx_word' id='word_1_916' title='bbox 2292 4741 2333 4824; x_wconf 42' lang='lat'><strong>.8</strong></span> <span class='ocrx_word' id='word_1_917' title='bbox 2362 4759 2385 4824; x_wconf 49' lang='grc' dir='ltr'><strong>ς.</strong></span> <span class='ocrx_word' id='word_1_918' title='bbox 2406 4744 2933 4824; x_wconf 35' lang='grc' dir='ltr'><strong>οτούςῇνεῃττούς,</strong></span> <span class='ocrx_word' id='word_1_919' title='bbox 2984 4741 3103 4801; x_wconf 83' lang='grc' dir='ltr'>ὅταν</span> <span class='ocrx_word' id='word_1_920' title='bbox 3130 4741 3335 4824; x_wconf 62' lang='grc' dir='ltr'><strong>πρῶτόν</strong></span> <span class='ocrx_word' id='word_1_921' title='bbox 3365 4747 3532 4824; x_wconf 67' lang='grc' dir='ltr'><strong>ἐξάγῃ,</strong></span> <span class='ocrx_word' id='word_1_922' title='bbox 3569 4741 3758 4818; x_wconf 58' lang='grc' dir='ltr'><strong>ὀχεύει</strong></span> 
     </span>
    </p>
   </div>
   <div class='ocr_carea' id='block_1_120' title="bbox 2151 4808 3758 4890">
    <p class='ocr_par' dir='ltr' id='par_1_120' title="bbox 2151 4808 3758 4890">
     <span class='ocr_line' id='line_1_122' title="bbox 2151 4808 3758 4890; baseline 0.003 -23"><span class='ocrx_word' id='word_1_923' title='bbox 2151 4813 2339 4890; x_wconf 52' lang='lat' dir='ltr'><strong>aurai);</strong></span> <span class='ocrx_word' id='word_1_924' title='bbox 2364 4811 2391 4866; x_wconf 84' lang='grc' dir='ltr'>ὁ</span> <span class='ocrx_word' id='word_1_925' title='bbox 2412 4809 2600 4890; x_wconf 48' lang='lat' dir='ltr'><strong>dipping.</strong></span> <span class='ocrx_word' id='word_1_926' title='bbox 2636 4811 2820 4890; x_wconf 75' lang='lat' dir='ltr'><strong>Pullos</strong></span> <span class='ocrx_word' id='word_1_927' title='bbox 2850 4817 3029 4890; x_wconf 56' lang='lat' dir='ltr'><strong>etiam,</strong></span> <span class='ocrx_word' id='word_1_928' title='bbox 3074 4808 3185 4890; x_wconf 84' lang='lat' dir='ltr'><strong>cuni</strong></span> <span class='ocrx_word' id='word_1_929' title='bbox 3212 4808 3434 4890; x_wconf 77' lang='lat' dir='ltr'><strong>primum</strong></span> <span class='ocrx_word' id='word_1_930' title='bbox 3454 4808 3758 4889; x_wconf 53' lang='lat' dir='ltr'><strong>foras&#39;edu-</strong></span> 
     </span>
    </p>
   </div>
   <div class='ocr_carea' id='block_1_121' title="bbox 2146 4883 3744 4958">
    <p class='ocr_par' dir='ltr' id='par_1_121' title="bbox 2146 4883 3744 4958">
     <span class='ocr_line' id='line_1_123' title="bbox 2146 4883 3744 4958; baseline 0.006 -23"><span class='ocrx_word' id='word_1_931' title='bbox 2146 4884 2243 4958; x_wconf 60' lang='lat' dir='ltr'><strong>cit,</strong></span> <span class='ocrx_word' id='word_1_932' title='bbox 2270 4899 2376 4958; x_wconf 81' lang='lat' dir='ltr'><strong>mas</strong></span> <span class='ocrx_word' id='word_1_933' title='bbox 2406 4883 2856 4958; x_wconf 61' lang='lat' dir='ltr'><strong>inii._Antigonus</strong></span> <span class='ocrx_word' id='word_1_934' title='bbox 2901 4886 3185 4958; x_wconf 87' lang='lat' dir='ltr'><strong>Carystius</strong></span> <span class='ocrx_word' id='word_1_935' title='bbox 3212 4883 3263 4943; x_wconf 86' lang='lat' dir='ltr'><strong>iu</strong></span> <span class='ocrx_word' id='word_1_936' title='bbox 3291 4883 3589 4943; x_wconf 68' lang='lat' dir='ltr'><strong>Parad&#39;uxis</strong></span> <span class='ocrx_word' id='word_1_937' title='bbox 3616 4904 3744 4958; x_wconf 90' lang='lat' dir='ltr'><strong>cap.</strong></span> 
     </span>
    </p>
   </div>
   <div class='ocr_carea' id='block_1_122' title="bbox 2149 4953 3753 5035">
    <p class='ocr_par' dir='ltr' id='par_1_122' title="bbox 2149 4953 3753 5035">
     <span class='ocr_line' id='line_1_124' title="bbox 2149 4953 3753 5035; baseline 0.006 -28"><span class='ocrx_word' id='word_1_938' title='bbox 2149 4953 2173 5035; x_wconf 49' lang='grc' dir='ltr'>ᾇ</span> <span class='ocrx_word' id='word_1_939' title='bbox 2171 4954 2291 5035; x_wconf 40' lang='grc' dir='ltr'><em>1οη</em></span> <span class='ocrx_word' id='word_1_940' title='bbox 2315 4955 2383 5008; x_wconf 90' lang='lat' dir='ltr'><strong>de</strong></span> <span class='ocrx_word' id='word_1_941' title='bbox 2417 4955 2769 5035; x_wconf 68' lang='lat' dir='ltr'><strong>Perd_it‘.tlius:</strong></span> <span class='ocrx_word' id='word_1_942' title='bbox 2801 4962 2887 5035; x_wconf 71' lang='grc' dir='ltr'><strong>κᾳί</strong></span> <span class='ocrx_word' id='word_1_943' title='bbox 2927 4953 3048 5035; x_wconf 58' lang='grc' dir='ltr'><strong>τούξ</strong></span> <span class='ocrx_word' id='word_1_944' title='bbox 3095 4964 3328 5035; x_wconf 59' lang='lat' dir='ltr'><strong>nemori;</strong></span> <span class='ocrx_word' id='word_1_945' title='bbox 3380 4959 3500 5018; x_wconf 82' lang='grc' dir='ltr'><strong>ὅταν</strong></span> <span class='ocrx_word' id='word_1_946' title='bbox 3548 4953 3753 5035; x_wconf 56' lang='lat' dir='ltr'><strong>umbro;</strong></span> 
     </span>
    </p>
   </div>
   <div class='ocr_carea' id='block_1_123' title="bbox 2144 5026 3753 5106">
    <p class='ocr_par' dir='ltr' id='par_1_123' title="bbox 2144 5026 3753 5106">
     <span class='ocr_line' id='line_1_125' title="bbox 2144 5026 3753 5106; baseline 0.006 -27"><span class='ocrx_word' id='word_1_947' title='bbox 2144 5026 2484 5106; x_wconf 65' lang='grc' dir='ltr'><strong>ὲξᾳσγάγῳσιν.</strong></span> <span class='ocrx_word' id='word_1_948' title='bbox 2537 5029 2745 5106; x_wconf 58' lang='grc' dir='ltr'>ὁχςρειν</span> <span class='ocrx_word' id='word_1_949' title='bbox 2795 5032 3006 5106; x_wconf 75' lang='grc' dir='ltr'><strong>αὐτοὺς,</strong></span> <span class='ocrx_word' id='word_1_950' title='bbox 3059 5036 3181 5096; x_wconf 81' lang='grc' dir='ltr'><strong>τοὺς</strong></span> <span class='ocrx_word' id='word_1_951' title='bbox 3231 5032 3286 5089; x_wconf 79' lang='grc' dir='ltr'><strong>δὲ</strong></span> <span class='ocrx_word' id='word_1_952' title='bbox 3334 5026 3753 5106; x_wconf 48' lang='lat' dir='ltr'><strong>«pacemne;</strong></span> 
     </span>
    </p>
   </div>
   <div class='ocr_carea' id='block_1_124' title="bbox 2144 5100 3754 5176">
    <p class='ocr_par' dir='ltr' id='par_1_124' title="bbox 2144 5100 3754 5176">
     <span class='ocr_line' id='line_1_126' title="bbox 2144 5100 3754 5176; baseline 0.003 -23"><span class='ocrx_word' id='word_1_953' title='bbox 2144 5100 2413 5176; x_wconf 71' lang='grc' dir='ltr'><strong>μάχεσθαι</strong></span> <span class='ocrx_word' id='word_1_954' title='bbox 2430 5110 2503 5176; x_wconf 85' lang='lat' dir='ltr'><strong>;_et</strong></span> <span class='ocrx_word' id='word_1_955' title='bbox 2536 5101 2729 5176; x_wconf 72' lang='lat' dir='ltr'><strong>pullos,</strong></span> <span class='ocrx_word' id='word_1_956' title='bbox 2754 5118 2870 5155; x_wconf 88' lang='lat' dir='ltr'><strong>cum</strong></span> <span class='ocrx_word' id='word_1_957' title='bbox 2896 5104 3119 5174; x_wconf 87' lang='lat' dir='ltr'><strong>primum</strong></span> <span class='ocrx_word' id='word_1_958' title='bbox 3144 5100 3389 5175; x_wconf 65' lang='lat' dir='ltr'><strong>educunt;</strong></span> <span class='ocrx_word' id='word_1_959' title='bbox 3414 5105 3643 5175; x_wconf 84' lang='lat' dir='ltr'><strong>subigere</strong></span> <span class='ocrx_word' id='word_1_960' title='bbox 3665 5104 3754 5176; x_wconf 84' lang='lat' dir='ltr'><strong>ip-</strong></span> 
     </span>
    </p>
   </div>
   <div class='ocr_carea' id='block_1_125' title="bbox 2143 5171 3751 5249">
    <p class='ocr_par' dir='ltr' id='par_1_125' title="bbox 2143 5171 3751 5249">
     <span class='ocr_line' id='line_1_127' title="bbox 2143 5171 3751 5249; baseline 0.006 -27"><span class='ocrx_word' id='word_1_961' title='bbox 2143 5185 2261 5249; x_wconf 61' lang='lat' dir='ltr'><strong>sos;</strong></span> <span class='ocrx_word' id='word_1_962' title='bbox 2294 5171 2548 5249; x_wconf 82' lang='lat' dir='ltr'><strong>simulque</strong></span> <span class='ocrx_word' id='word_1_963' title='bbox 2577 5172 2858 5249; x_wconf 79' lang='lat' dir='ltr'><strong>decertare.</strong></span> <span class='ocrx_word' id='word_1_964' title='bbox 2889 5171 3059 5249; x_wconf 71' lang='lat' dir='ltr'><strong>Quem</strong></span> <span class='ocrx_word' id='word_1_965' title='bbox 3088 5176 3268 5249; x_wconf 77' lang='lat' dir='ltr'><strong>locum</strong></span> <span class='ocrx_word' id='word_1_966' title='bbox 3316 5171 3426 5231; x_wconf 86' lang='lat' dir='ltr'><strong>non</strong></span> <span class='ocrx_word' id='word_1_967' title='bbox 3473 5171 3751 5249; x_wconf 72' lang='lat' dir='ltr'><strong>intellexit</strong></span> 
     </span>
    </p>
   </div>
   <div class='ocr_carea' id='block_1_126' title="bbox 2147 5239 3746 5315">
    <p class='ocr_par' dir='ltr' id='par_1_126' title="bbox 2147 5239 3746 5315">
     <span class='ocr_line' id='line_1_128' title="bbox 2147 5239 3746 5315; baseline 0.008 -24"><span class='ocrx_word' id='word_1_968' title='bbox 2147 5239 2463 5315; x_wconf 73' lang='lat' dir='ltr'><strong>X_ylander.</strong></span> <span class='ocrx_word' id='word_1_969' title='bbox 2508 5243 2703 5298; x_wconf 64' lang='lat' dir='ltr'><strong>Iiadem</strong></span> <span class='ocrx_word' id='word_1_970' title='bbox 2758 5243 2876 5299; x_wconf 69' lang='lat' dir='ltr'><strong>hanc</strong></span> <span class='ocrx_word' id='word_1_971' title='bbox 2916 5239 3128 5301; x_wconf 73' lang='lat' dir='ltr'><strong>habent</strong></span> <span class='ocrx_word' id='word_1_972' title='bbox 3178 5246 3388 5301; x_wconf 87' lang='lat' dir='ltr'><strong>Plinius</strong></span> <span class='ocrx_word' id='word_1_973' title='bbox 3416 5289 3431 5313; x_wconf 94' lang='lat'><strong>,</strong></span> <span class='ocrx_word' id='word_1_974' title='bbox 3492 5246 3746 5315; x_wconf 81' lang='lat' dir='ltr'><strong>Solinus,</strong></span> 
     </span>
    </p>
   </div>
   <div class='ocr_carea' id='block_1_127' title="bbox 2144 5310 3746 5389">
    <p class='ocr_par' dir='ltr' id='par_1_127' title="bbox 2144 5310 3746 5389">
     <span class='ocr_line' id='line_1_129' title="bbox 2144 5310 3746 5389; baseline 0.005 -23"><span class='ocrx_word' id='word_1_975' title='bbox 2144 5310 2416 5389; x_wconf 61' lang='lat' dir='ltr'><strong>IElianps,</strong></span> <span class='ocrx_word' id='word_1_976' title='bbox 2442 5314 2759 5389; x_wconf 76' lang='lat' dir='ltr'><strong>Athenzeus,</strong></span> <span class='ocrx_word' id='word_1_977' title='bbox 2789 5326 2844 5369; x_wconf 87' lang='lat' dir='ltr'><strong>et</strong></span> <span class='ocrx_word' id='word_1_978' title='bbox 2868 5316 3021 5371; x_wconf 88' lang='lat' dir='ltr'><strong>Phile</strong></span> <span class='ocrx_word' id='word_1_979' title='bbox 3053 5317 3187 5374; x_wconf 82' lang='lat' dir='ltr'><strong>locis</strong></span> <span class='ocrx_word' id='word_1_980' title='bbox 3211 5310 3455 5389; x_wconf 63' lang='lat' dir='ltr'><strong>proxime</strong></span> <span class='ocrx_word' id='word_1_981' title='bbox 3484 5310 3746 5387; x_wconf 76' lang='lat' dir='ltr'><strong>laudatis,</strong></span> 
     </span>
    </p>
   </div>
   <div class='ocr_carea' id='block_1_128' title="bbox 2146 5384 3747 5460">
    <p class='ocr_par' dir='ltr' id='par_1_128' title="bbox 2146 5384 3747 5460">
     <span class='ocr_line' id='line_1_130' title="bbox 2146 5384 3747 5460; baseline 0.006 -23"><span class='ocrx_word' id='word_1_982' title='bbox 2146 5394 2201 5460; x_wconf 93' lang='lat' dir='ltr'><strong>_et</strong></span> <span class='ocrx_word' id='word_1_983' title='bbox 2228 5400 2293 5438; x_wconf 81' lang='lat' dir='ltr'><strong>ex</strong></span> <span class='ocrx_word' id='word_1_984' title='bbox 2320 5384 2552 5455; x_wconf 84' lang='lat' dir='ltr'><strong>Origene</strong></span> <span class='ocrx_word' id='word_1_985' title='bbox 2582 5388 2943 5460; x_wconf 76' lang='lat' dir='ltr'><strong>Hieronymus</strong></span> <span class='ocrx_word' id='word_1_986' title='bbox 2966 5388 3018 5443; x_wconf 93' lang='lat' dir='ltr'><strong>in</strong></span> <span class='ocrx_word' id='word_1_987' title='bbox 3042 5384 3292 5446; x_wconf 82' lang='lat' dir='ltr'><strong>eumdem</strong></span> <span class='ocrx_word' id='word_1_988' title='bbox 3325 5391 3468 5446; x_wconf 90' lang='lat' dir='ltr'><strong>hunc</strong></span> <span class='ocrx_word' id='word_1_989' title='bbox 3487 5384 3747 5447; x_wconf 70' lang='lat' dir='ltr'><strong>Ieremia:</strong></span> 
     </span>
    </p>
   </div>
   <div class='ocr_carea' id='block_1_129' title="bbox 2146 5455 3739 5533">
    <p class='ocr_par' dir='ltr' id='par_1_129' title="bbox 2146 5455 3739 5533">
     <span class='ocr_line' id='line_1_131' title="bbox 2146 5455 3739 5533; baseline 0.005 -24"><span class='ocrx_word' id='word_1_990' title='bbox 2146 5455 2349 5533; x_wconf 76' lang='lat' dir='ltr'><strong>locum,</strong></span> <span class='ocrx_word' id='word_1_991' title='bbox 2381 5466 2437 5511; x_wconf 92' lang='lat' dir='ltr'><strong>et</strong></span> <span class='ocrx_word' id='word_1_992' title='bbox 2468 5470 2663 5533; x_wconf 66' lang='lat' dir='ltr'><strong>praeter</strong></span> <span class='ocrx_word' id='word_1_993' title='bbox 2690 5455 3055 5515; x_wconf 60' lang='lat' dir='ltr'><strong>eos&#39;lsidorus</strong></span> <span class='ocrx_word' id='word_1_994' title='bbox 3087 5462 3182 5517; x_wconf 88' lang='lat' dir='ltr'><strong>lib.</strong></span> <span class='ocrx_word' id='word_1_995' title='bbox 3216 5480 3315 5532; x_wconf 85' lang='lat' dir='ltr'><strong>xu,</strong></span> <span class='ocrx_word' id='word_1_996' title='bbox 3346 5462 3495 5532; x_wconf 88' lang='lat' dir='ltr'><strong>Orig.</strong></span> <span class='ocrx_word' id='word_1_997' title='bbox 3530 5478 3651 5533; x_wconf 85' lang='lat' dir='ltr'><strong>cap.</strong></span> <span class='ocrx_word' id='word_1_998' title='bbox 3686 5464 3739 5517; x_wconf 87' lang='lat'><strong>7.</strong></span> 
     </span>
    </p>
   </div>
   <div class='ocr_carea' id='block_1_130' title="bbox 2144 5527 3745 5609">
    <p class='ocr_par' dir='ltr' id='par_1_130' title="bbox 2144 5527 3745 5609">
     <span class='ocr_line' id='line_1_132' title="bbox 2144 5527 3745 5609; baseline 0.006 -29"><span class='ocrx_word' id='word_1_999' title='bbox 2144 5527 2216 5609; x_wconf 64' lang='grc' dir='ltr'><strong>ᾼι</strong></span> <span class='ocrx_word' id='word_1_1000' title='bbox 2247 5546 2350 5581; x_wconf 86' lang='lat' dir='ltr'><strong>non</strong></span> <span class='ocrx_word' id='word_1_1001' title='bbox 2385 5531 2631 5609; x_wconf 76' lang='lat' dir='ltr'><strong>perdices</strong></span> <span class='ocrx_word' id='word_1_1002' title='bbox 2661 5532 2863 5596; x_wconf 90' lang='lat' dir='ltr'><strong>solum,</strong></span> <span class='ocrx_word' id='word_1_1003' title='bbox 2899 5532 2993 5588; x_wconf 92' lang='lat' dir='ltr'><strong>sed</strong></span> <span class='ocrx_word' id='word_1_1004' title='bbox 3020 5534 3148 5604; x_wconf 87' lang='lat' dir='ltr'><strong>galli</strong></span> <span class='ocrx_word' id='word_1_1005' title='bbox 3176 5527 3339 5609; x_wconf 83' lang='lat' dir='ltr'><strong>etiam</strong></span> <span class='ocrx_word' id='word_1_1006' title='bbox 3369 5527 3569 5609; x_wconf 69' lang='lat' dir='ltr'><strong>laedam</strong></span> <span class='ocrx_word' id='word_1_1007' title='bbox 3601 5527 3745 5590; x_wconf 80' lang='lat' dir='ltr'><strong>hanc</strong></span> 
     </span>
    </p>
   </div>
   <div class='ocr_carea' id='block_1_131' title="bbox 2144 5601 3741 5676">
    <p class='ocr_par' dir='ltr' id='par_1_131' title="bbox 2144 5601 3741 5676">
     <span class='ocr_line' id='line_1_133' title="bbox 2144 5601 3741 5676; baseline 0.004 -23"><span class='ocrx_word' id='word_1_1008' title='bbox 2144 5601 2289 5655; x_wconf 91' lang='lat' dir='ltr'><strong>inter</strong></span> <span class='ocrx_word' id='word_1_1009' title='bbox 2328 5616 2388 5676; x_wconf 82' lang='lat' dir='ltr'><strong>se</strong></span> <span class='ocrx_word' id='word_1_1010' title='bbox 2430 5601 2710 5676; x_wconf 87' lang='lat' dir='ltr'><strong>libidinem</strong></span> <span class='ocrx_word' id='word_1_1011' title='bbox 2743 5601 3046 5671; x_wconf 66' lang='grc' dir='ltr'><strong>θιθτοθηιξ</strong></span> <span class='ocrx_word' id='word_1_1012' title='bbox 3063 5621 3185 5661; x_wconf 90' lang='lat' dir='ltr'><strong>nam</strong></span> <span class='ocrx_word' id='word_1_1013' title='bbox 3218 5607 3308 5676; x_wconf 90' lang='lat' dir='ltr'><strong>qui</strong></span> <span class='ocrx_word' id='word_1_1014' title='bbox 3330 5607 3613 5662; x_wconf 88' lang='lat' dir='ltr'><strong>victoriam</strong></span> <span class='ocrx_word' id='word_1_1015' title='bbox 3646 5622 3741 5660; x_wconf 82' lang='lat' dir='ltr'><strong>re-</strong></span> 
     </span>
    </p>
   </div>
   <div class='ocr_carea' id='block_1_132' title="bbox 2143 5672 3743 5750">
    <p class='ocr_par' dir='ltr' id='par_1_132' title="bbox 2143 5672 3743 5750">
     <span class='ocr_line' id='line_1_134' title="bbox 2143 5672 3743 5750; baseline 0.006 -24"><span class='ocrx_word' id='word_1_1016' title='bbox 2143 5672 2400 5750; x_wconf 64' lang='lat' dir='ltr'><strong>portavit,</strong></span> <span class='ocrx_word' id='word_1_1017' title='bbox 2434 5690 2542 5750; x_wconf 73' lang='lat' dir='ltr'><strong>non</strong></span> <span class='ocrx_word' id='word_1_1018' title='bbox 2575 5675 2704 5750; x_wconf 67' lang='lat' dir='ltr'><strong>victi</strong></span> <span class='ocrx_word' id='word_1_1019' title='bbox 2722 5677 2900 5734; x_wconf 87' lang='lat' dir='ltr'><strong>solum</strong></span> <span class='ocrx_word' id='word_1_1020' title='bbox 2924 5678 3211 5750; x_wconf 86' lang='lat' dir='ltr'><strong>conjuges,</strong></span> <span class='ocrx_word' id='word_1_1021' title='bbox 3236 5672 3338 5738; x_wconf 82' lang='lat' dir='ltr'><strong>sed</strong></span> <span class='ocrx_word' id='word_1_1022' title='bbox 3367 5678 3544 5750; x_wconf 90' lang='lat' dir='ltr'><strong>ipsum</strong></span> <span class='ocrx_word' id='word_1_1023' title='bbox 3572 5677 3743 5735; x_wconf 85' lang='lat' dir='ltr'><strong>etiam</strong></span> 
     </span>
    </p>
   </div>
   <div class='ocr_carea' id='block_1_133' title="bbox 2143 5743 2784 5818">
    <p class='ocr_par' dir='ltr' id='par_1_133' title="bbox 2143 5743 2784 5818">
     <span class='ocr_line' id='line_1_135' title="bbox 2143 5743 2784 5818; baseline 0.009 -20"><span class='ocrx_word' id='word_1_1024' title='bbox 2143 5743 2343 5815; x_wconf 86' lang='lat' dir='ltr'><strong>gallum</strong></span> <span class='ocrx_word' id='word_1_1025' title='bbox 2371 5745 2593 5818; x_wconf 85' lang='lat' dir='ltr'><strong>subigit.</strong></span> <span class='ocrx_word' id='word_1_1026' title='bbox 2614 5743 2784 5803; x_wconf 85' lang='lat' dir='ltr'><strong>Idem.</strong></span> 
     </span>
    </p>
   </div>
  </div>
