  <div class='ocr_page' id='page_1' title='image "/cluster/home/n/w/nwhite01/storage/ocr_20150623/25/hvd.32044015471394/320.png"; bbox 0 0 4128 6346; ppageno 0'>
   <div class='ocr_carea' id='block_1_1' title="bbox 316 285 434 343">
    <p class='ocr_par' dir='ltr' id='par_1_1' title="bbox 316 285 434 343">
     <span class='ocr_line' id='line_1_1' title="bbox 316 285 434 343; baseline 0.017 -2"><span class='ocrx_word' id='word_1_1' title='bbox 316 285 434 343; x_wconf 72' lang='grc'><strong>625</strong></span> 
     </span>
    </p>
   </div>
   <div class='ocr_carea' id='block_1_2' title="bbox 927 277 3051 339">
    <p class='ocr_par' dir='ltr' id='par_1_2' title="bbox 927 277 3051 339">
     <span class='ocr_line' id='line_1_2' title="bbox 927 277 3051 339; baseline 0 -2"><span class='ocrx_word' id='word_1_2' title='bbox 927 279 1365 338; x_wconf 80' lang='lat' dir='ltr'><strong>TRANSLATIO</strong></span> <span class='ocrx_word' id='word_1_3' title='bbox 1404 278 1841 338; x_wconf 77' lang='lat' dir='ltr'><strong>HOMILIARUM</strong></span> <span class='ocrx_word' id='word_1_4' title='bbox 1882 277 2205 337; x_wconf 73' lang='lat' dir='ltr'><strong>ORIGENIS</strong></span> <span class='ocrx_word' id='word_1_5' title='bbox 2245 278 2311 335; x_wconf 80' lang='lat' dir='ltr'><strong>IN</strong></span> <span class='ocrx_word' id='word_1_6' title='bbox 2351 278 2731 338; x_wconf 65' lang='lat' dir='ltr'><strong>JEREMIAH.</strong></span> <span class='ocrx_word' id='word_1_7' title='bbox 2774 280 2941 339; x_wconf 82' lang='lat' dir='ltr'><strong>HUM.</strong></span> <span class='ocrx_word' id='word_1_8' title='bbox 2984 282 3051 339; x_wconf 66' lang='grc' dir='ltr'><strong>Υ.</strong></span> 
     </span>
    </p>
   </div>
   <div class='ocr_carea' id='block_1_3' title="bbox 3521 282 3628 340">
    <p class='ocr_par' dir='ltr' id='par_1_3' title="bbox 3521 282 3628 340">
     <span class='ocr_line' id='line_1_3' title="bbox 3521 282 3628 340; baseline 0.019 -2"><span class='ocrx_word' id='word_1_9' title='bbox 3521 282 3628 340; x_wconf 72' lang='lat'><strong>6‘26</strong></span> 
     </span>
    </p>
   </div>
   <div class='ocr_carea' id='block_1_4' title="bbox 313 396 3625 473">
    <p class='ocr_par' dir='ltr' id='par_1_4' title="bbox 313 396 3625 473">
     <span class='ocr_line' id='line_1_4' title="bbox 313 396 3625 473; baseline -0 -15"><span class='ocrx_word' id='word_1_10' title='bbox 313 412 377 458; x_wconf 86' lang='lat' dir='ltr'><strong>ct</strong></span> <span class='ocrx_word' id='word_1_11' title='bbox 403 401 717 473; x_wconf 87' lang='lat' dir='ltr'><strong>jactatione.</strong></span> <span class='ocrx_word' id='word_1_12' title='bbox 764 401 963 457; x_wconf 80' lang='lat' dir='ltr'><strong>Beatus</strong></span> <span class='ocrx_word' id='word_1_13' title='bbox 992 402 1106 473; x_wconf 87' lang='lat' dir='ltr'><strong>qui,</strong></span> <span class='ocrx_word' id='word_1_14' title='bbox 1138 408 1163 437; x_wconf 72' lang='grc' dir='ltr'>α</span> <span class='ocrx_word' id='word_1_15' title='bbox 1188 408 1505 472; x_wconf 88' lang='lat' dir='ltr'><strong>contempta</strong></span> <span class='ocrx_word' id='word_1_16' title='bbox 1550 416 1685 456; x_wconf 87' lang='lat' dir='ltr'><strong>vana</strong></span> <span class='ocrx_word' id='word_1_17' title='bbox 1717 400 1910 470; x_wconf 79' lang='lat' dir='ltr'><strong>gloria,</strong></span> <span class='ocrx_word' id='word_1_18' title='bbox 1941 402 1993 464; x_wconf 83' lang='grc' dir='ltr'>Α</span> <span class='ocrx_word' id='word_1_19' title='bbox 2021 396 2185 470; x_wconf 85' lang='lat' dir='ltr'><strong>(Gen.</strong></span> <span class='ocrx_word' id='word_1_20' title='bbox 2214 400 2341 470; x_wconf 86' lang='lat' dir='ltr'><strong>Ill);</strong></span> <span class='ocrx_word' id='word_1_21' title='bbox 2398 400 2762 455; x_wconf 81' lang='lat' dir='ltr'><strong>necessariam</strong></span> <span class='ocrx_word' id='word_1_22' title='bbox 2795 399 3061 457; x_wconf 83' lang='lat' dir='ltr'><strong>habemus</strong></span> <span class='ocrx_word' id='word_1_23' title='bbox 3095 400 3475 458; x_wconf 71' lang='lat' dir='ltr'><strong>fortitudinem</strong></span> <span class='ocrx_word' id='word_1_24' title='bbox 3501 400 3625 470; x_wconf 87' lang='lat' dir='ltr'><strong>Dei,</strong></span> 
     </span>
    </p>
   </div>
   <div class='ocr_carea' id='block_1_5' title="bbox 312 491 1919 568">
    <p class='ocr_par' dir='ltr' id='par_1_5' title="bbox 312 491 1919 568">
     <span class='ocr_line' id='line_1_5' title="bbox 312 491 1919 568; baseline -0.002 -17"><span class='ocrx_word' id='word_1_25' title='bbox 312 496 449 551; x_wconf 89' lang='lat' dir='ltr'><strong>dicit</strong></span> <span class='ocrx_word' id='word_1_26' title='bbox 481 495 545 549; x_wconf 87' lang='lat' dir='ltr'><strong>ad</strong></span> <span class='ocrx_word' id='word_1_27' title='bbox 578 495 865 550; x_wconf 90' lang='lat' dir='ltr'><strong>Dominum</strong></span> <span class='ocrx_word' id='word_1_28' title='bbox 893 512 907 552; x_wconf 90' lang='lat'><strong>:</strong></span> <span class='ocrx_word' id='word_1_29' title='bbox 934 494 1193 561; x_wconf 81' lang='lat' dir='ltr'><strong>Quoniam</strong></span> <span class='ocrx_word' id='word_1_30' title='bbox 1213 495 1453 568; x_wconf 80' lang='lat' dir='ltr'><strong>gloriatio</strong></span> <span class='ocrx_word' id='word_1_31' title='bbox 1476 491 1497 566; x_wconf 95' lang='lat'>[</span> <span class='ocrx_word' id='word_1_32' title='bbox 1520 494 1604 549; x_wconf 87' lang='lat' dir='ltr'><strong>Al.</strong></span> <span class='ocrx_word' id='word_1_33' title='bbox 1636 493 1783 567; x_wconf 86' lang='lat' dir='ltr'><strong>laus]</strong></span> <span class='ocrx_word' id='word_1_34' title='bbox 1805 510 1919 547; x_wconf 86' lang='lat' dir='ltr'><strong>mea</strong></span> 
     </span>
    </p>
   </div>
   <div class='ocr_carea' id='block_1_6' title="bbox 309 584 1917 659">
    <p class='ocr_par' dir='ltr' id='par_1_6' title="bbox 309 584 1917 659">
     <span class='ocr_line' id='line_1_6' title="bbox 309 584 1917 659; baseline -0.001 -17"><span class='ocrx_word' id='word_1_35' title='bbox 309 598 373 643; x_wconf 72' lang='lat' dir='ltr'><strong>tu</strong></span> <span class='ocrx_word' id='word_1_36' title='bbox 405 607 477 644; x_wconf 86' lang='lat' dir='ltr'><strong>es.</strong></span> <span class='ocrx_word' id='word_1_37' title='bbox 502 588 638 643; x_wconf 83' lang='lat' dir='ltr'><strong>Ecce</strong></span> <span class='ocrx_word' id='word_1_38' title='bbox 670 589 771 659; x_wconf 90' lang='lat' dir='ltr'><strong>ipsi</strong></span> <span class='ocrx_word' id='word_1_39' title='bbox 798 588 978 643; x_wconf 88' lang='lat' dir='ltr'><strong>dicunt</strong></span> <span class='ocrx_word' id='word_1_40' title='bbox 1005 588 1071 641; x_wconf 89' lang='lat' dir='ltr'><strong>ad</strong></span> <span class='ocrx_word' id='word_1_41' title='bbox 1100 604 1216 642; x_wconf 89' lang='lat' dir='ltr'><strong>me:</strong></span> <span class='ocrx_word' id='word_1_42' title='bbox 1242 587 1340 642; x_wconf 87' lang='lat' dir='ltr'><strong>Ubi</strong></span> <span class='ocrx_word' id='word_1_43' title='bbox 1370 597 1442 642; x_wconf 90' lang='lat' dir='ltr'><strong>est</strong></span> <span class='ocrx_word' id='word_1_44' title='bbox 1469 602 1637 641; x_wconf 85' lang='lat' dir='ltr'><strong>sermo</strong></span> <span class='ocrx_word' id='word_1_45' title='bbox 1665 584 1917 640; x_wconf 79' lang='lat' dir='ltr'><strong>Domini?</strong></span> 
     </span>
    </p>
   </div>
   <div class='ocr_carea' id='block_1_7' title="bbox 309 680 1917 753">
    <p class='ocr_par' dir='ltr' id='par_1_7' title="bbox 309 680 1917 753">
     <span class='ocr_line' id='line_1_7' title="bbox 309 680 1917 753; baseline -0.002 -17"><span class='ocrx_word' id='word_1_46' title='bbox 309 683 503 736; x_wconf 72' lang='lat' dir='ltr'><strong>ueniat.</strong></span> <span class='ocrx_word' id='word_1_47' title='bbox 560 680 679 753; x_wconf 83' lang='lat' dir='ltr'><strong>Ego</strong></span> <span class='ocrx_word' id='word_1_48' title='bbox 722 692 892 735; x_wconf 89' lang='lat' dir='ltr'><strong>autem</strong></span> <span class='ocrx_word' id='word_1_49' title='bbox 938 698 1038 735; x_wconf 89' lang='lat' dir='ltr'><strong>non</strong></span> <span class='ocrx_word' id='word_1_50' title='bbox 1086 681 1316 735; x_wconf 79' lang='lat' dir='ltr'><strong>laboravi</strong></span> <span class='ocrx_word' id='word_1_51' title='bbox 1360 680 1670 749; x_wconf 80' lang='lat' dir='ltr'><strong>subsequens</strong></span> <span class='ocrx_word' id='word_1_52' title='bbox 1712 689 1827 748; x_wconf 87' lang='lat' dir='ltr'><strong>post</strong></span> <span class='ocrx_word' id='word_1_53' title='bbox 1869 690 1917 733; x_wconf 88' lang='lat' dir='ltr'><strong>te</strong></span> 
     </span>
    </p>
   </div>
   <div class='ocr_carea' id='block_1_8' title="bbox 311 772 1915 847">
    <p class='ocr_par' dir='ltr' id='par_1_8' title="bbox 311 772 1915 847">
     <span class='ocr_line' id='line_1_8' title="bbox 311 772 1915 847; baseline -0.001 -20"><span class='ocrx_word' id='word_1_54' title='bbox 311 775 476 847; x_wconf 82' lang='lat' dir='ltr'><strong>(Jer.</strong></span> <span class='ocrx_word' id='word_1_55' title='bbox 506 775 759 843; x_wconf 65' lang='lat'><strong>“11,15,</strong></span> <span class='ocrx_word' id='word_1_56' title='bbox 795 775 861 829; x_wconf 81' lang='grc'>16</span> <span class='ocrx_word' id='word_1_57' title='bbox 880 773 922 846; x_wconf 92' lang='grc'><strong>).</strong></span> <span class='ocrx_word' id='word_1_58' title='bbox 971 773 1133 829; x_wconf 79' lang='lat' dir='ltr'><strong>Jesus</strong></span> <span class='ocrx_word' id='word_1_59' title='bbox 1178 775 1271 827; x_wconf 86' lang='lat' dir='ltr'><strong>tibi</strong></span> <span class='ocrx_word' id='word_1_60' title='bbox 1303 774 1441 827; x_wconf 79' lang='lat' dir='ltr'><strong>dixit</strong></span> <span class='ocrx_word' id='word_1_61' title='bbox 1473 791 1485 827; x_wconf 88' lang='lat'><strong>:</strong></span> <span class='ocrx_word' id='word_1_62' title='bbox 1528 772 1675 827; x_wconf 86' lang='lat' dir='ltr'><strong>Tolle</strong></span> <span class='ocrx_word' id='word_1_63' title='bbox 1707 789 1915 828; x_wconf 82' lang='lat' dir='ltr'><strong>crucem</strong></span> 
     </span>
    </p>
   </div>
   <div class='ocr_carea' id='block_1_9' title="bbox 311 868 1915 941">
    <p class='ocr_par' dir='ltr' id='par_1_9' title="bbox 311 868 1915 941">
     <span class='ocr_line' id='line_1_9' title="bbox 311 868 1915 941; baseline -0.001 -19"><span class='ocrx_word' id='word_1_64' title='bbox 311 878 481 936; x_wconf 80' lang='lat' dir='ltr'><strong>tuam,</strong></span> <span class='ocrx_word' id='word_1_65' title='bbox 530 877 576 924; x_wconf 89' lang='lat' dir='ltr'><strong>et</strong></span> <span class='ocrx_word' id='word_1_66' title='bbox 606 870 740 933; x_wconf 81' lang='lat' dir='ltr'><strong>veni,</strong></span> <span class='ocrx_word' id='word_1_67' title='bbox 788 886 998 939; x_wconf 81' lang='lat' dir='ltr'><strong>sequere</strong></span> <span class='ocrx_word' id='word_1_68' title='bbox 1038 868 1307 941; x_wconf 84' lang='lat' dir='ltr'><strong>me(Mat.</strong></span> <span class='ocrx_word' id='word_1_69' title='bbox 1336 884 1451 935; x_wconf 83' lang='lat' dir='ltr'><strong>xvt,</strong></span> <span class='ocrx_word' id='word_1_70' title='bbox 1504 868 1627 939; x_wconf 83' lang='grc'><strong>16).</strong></span> <span class='ocrx_word' id='word_1_71' title='bbox 1664 869 1729 923; x_wconf 88' lang='lat' dir='ltr'><strong>Et</strong></span> <span class='ocrx_word' id='word_1_72' title='bbox 1762 887 1773 921; x_wconf 92' lang='lat'>:</span> <span class='ocrx_word' id='word_1_73' title='bbox 1813 868 1915 935; x_wconf 85' lang='lat' dir='ltr'><strong>Qui</strong></span> 
     </span>
    </p>
   </div>
   <div class='ocr_carea' id='block_1_10' title="bbox 305 963 1913 1034">
    <p class='ocr_par' dir='ltr' id='par_1_10' title="bbox 305 963 1913 1034">
     <span class='ocr_line' id='line_1_10' title="bbox 305 963 1913 1034; baseline 0 -18"><span class='ocrx_word' id='word_1_74' title='bbox 305 979 415 1017; x_wconf 85' lang='lat' dir='ltr'><strong>non</strong></span> <span class='ocrx_word' id='word_1_75' title='bbox 460 963 726 1034; x_wconf 82' lang='lat' dir='ltr'><strong>reliquerit</strong></span> <span class='ocrx_word' id='word_1_76' title='bbox 774 974 969 1033; x_wconf 86' lang='lat' dir='ltr'><strong>patrem</strong></span> <span class='ocrx_word' id='word_1_77' title='bbox 999 971 1090 1015; x_wconf 88' lang='lat' dir='ltr'><strong>aut</strong></span> <span class='ocrx_word' id='word_1_78' title='bbox 1134 974 1370 1025; x_wconf 87' lang='lat' dir='ltr'><strong>matrem,</strong></span> <span class='ocrx_word' id='word_1_79' title='bbox 1419 969 1467 1015; x_wconf 86' lang='lat' dir='ltr'><strong>et</strong></span> <span class='ocrx_word' id='word_1_80' title='bbox 1514 970 1719 1015; x_wconf 87' lang='lat' dir='ltr'><strong>secutus</strong></span> <span class='ocrx_word' id='word_1_81' title='bbox 1759 963 1913 1031; x_wconf 85' lang='lat' dir='ltr'><strong>fuerit</strong></span> 
     </span>
    </p>
   </div>
   <div class='ocr_carea' id='block_1_11' title="bbox 310 1054 1910 1130">
    <p class='ocr_par' dir='ltr' id='par_1_11' title="bbox 310 1054 1910 1130">
     <span class='ocr_line' id='line_1_11' title="bbox 310 1054 1910 1130; baseline -0.001 -19"><span class='ocrx_word' id='word_1_82' title='bbox 310 1054 329 1127; x_wconf 91' lang='lat'>[</span> <span class='ocrx_word' id='word_1_83' title='bbox 355 1056 451 1112; x_wconf 87' lang='lat' dir='ltr'><strong>Al.</strong></span> <span class='ocrx_word' id='word_1_84' title='bbox 475 1072 580 1111; x_wconf 86' lang='lat' dir='ltr'><strong>non</strong></span> <span class='ocrx_word' id='word_1_85' title='bbox 612 1057 812 1130; x_wconf 80' lang='lat' dir='ltr'><strong>fueris]</strong></span> <span class='ocrx_word' id='word_1_86' title='bbox 837 1073 937 1123; x_wconf 90' lang='lat' dir='ltr'><strong>me,</strong></span> <span class='ocrx_word' id='word_1_87' title='bbox 970 1074 1076 1112; x_wconf 89' lang='lat' dir='ltr'><strong>non</strong></span> <span class='ocrx_word' id='word_1_88' title='bbox 1113 1067 1185 1112; x_wconf 91' lang='lat' dir='ltr'><strong>est</strong></span> <span class='ocrx_word' id='word_1_89' title='bbox 1227 1057 1418 1126; x_wconf 84' lang='lat' dir='ltr'><strong>dignus</strong></span> <span class='ocrx_word' id='word_1_90' title='bbox 1447 1074 1589 1111; x_wconf 87' lang='lat' dir='ltr'><strong>meus</strong></span> <span class='ocrx_word' id='word_1_91' title='bbox 1617 1073 1727 1111; x_wconf 89' lang='lat' dir='ltr'><strong>esse</strong></span> <span class='ocrx_word' id='word_1_92' title='bbox 1752 1057 1910 1110; x_wconf 88' lang='lat' dir='ltr'><strong>disci-</strong></span> 
     </span>
    </p>
   </div>
   <div class='ocr_carea' id='block_1_12' title="bbox 306 1146 1910 1220">
    <p class='ocr_par' dir='ltr' id='par_1_12' title="bbox 306 1146 1910 1220">
     <span class='ocr_line' id='line_1_12' title="bbox 306 1146 1910 1220; baseline 0.002 -20"><span class='ocrx_word' id='word_1_93' title='bbox 306 1149 471 1220; x_wconf 84' lang='lat' dir='ltr'><strong>pulus</strong></span> <span class='ocrx_word' id='word_1_94' title='bbox 506 1147 677 1218; x_wconf 85' lang='lat' dir='ltr'><strong>(Luc.</strong></span> <span class='ocrx_word' id='word_1_95' title='bbox 706 1164 825 1216; x_wconf 72' lang='lat' dir='ltr'><strong>xlv,</strong></span> <span class='ocrx_word' id='word_1_96' title='bbox 853 1148 980 1220; x_wconf 78' lang='grc'><strong>26).</strong></span> <span class='ocrx_word' id='word_1_97' title='bbox 1017 1148 1070 1205; x_wconf 92' lang='lat' dir='ltr'><strong>Si</strong></span> <span class='ocrx_word' id='word_1_98' title='bbox 1102 1148 1265 1217; x_wconf 83' lang='lat' dir='ltr'><strong>igitur</strong></span> <span class='ocrx_word' id='word_1_99' title='bbox 1294 1149 1419 1202; x_wconf 89' lang='lat' dir='ltr'><strong>talis</strong></span> <span class='ocrx_word' id='word_1_100' title='bbox 1448 1146 1638 1212; x_wconf 78' lang='lat' dir='ltr'><strong>fueris,</strong></span> <span class='ocrx_word' id='word_1_101' title='bbox 1672 1159 1731 1201; x_wconf 89' lang='lat' dir='ltr'><strong>ut</strong></span> <span class='ocrx_word' id='word_1_102' title='bbox 1767 1163 1910 1203; x_wconf 87' lang='lat' dir='ltr'><strong>sem—</strong></span> 
     </span>
    </p>
   </div>
   <div class='ocr_carea' id='block_1_13' title="bbox 302 1242 1905 1315">
    <p class='ocr_par' dir='ltr' id='par_1_13' title="bbox 302 1242 1905 1315">
     <span class='ocr_line' id='line_1_13' title="bbox 302 1242 1905 1315; baseline -0.001 -17"><span class='ocrx_word' id='word_1_103' title='bbox 302 1258 406 1314; x_wconf 86' lang='lat' dir='ltr'><strong>per</strong></span> <span class='ocrx_word' id='word_1_104' title='bbox 432 1242 711 1299; x_wconf 86' lang='lat' dir='ltr'><strong>Christum</strong></span> <span class='ocrx_word' id='word_1_105' title='bbox 760 1244 1008 1312; x_wconf 76' lang='lat' dir='ltr'><strong>sequaris</strong></span> <span class='ocrx_word' id='word_1_106' title='bbox 1056 1256 1260 1315; x_wconf 83' lang='lat' dir='ltr'><strong>quanto</strong></span> <span class='ocrx_word' id='word_1_107' title='bbox 1295 1243 1417 1311; x_wconf 92' lang='lat' dir='ltr'><strong>plus</strong></span> <span class='ocrx_word' id='word_1_108' title='bbox 1446 1252 1665 1297; x_wconf 88' lang='lat' dir='ltr'><strong>secutus</strong></span> <span class='ocrx_word' id='word_1_109' title='bbox 1716 1243 1905 1309; x_wconf 82' lang='lat' dir='ltr'><strong>fueris,</strong></span> 
     </span>
    </p>
   </div>
   <div class='ocr_carea' id='block_1_14' title="bbox 301 1336 1906 1393">
    <p class='ocr_par' dir='ltr' id='par_1_14' title="bbox 301 1336 1906 1393">
     <span class='ocr_line' id='line_1_14' title="bbox 301 1336 1906 1393; baseline -0.001 0"><span class='ocrx_word' id='word_1_110' title='bbox 301 1347 459 1393; x_wconf 78' lang='lat' dir='ltr'><strong>tanto</strong></span> <span class='ocrx_word' id='word_1_111' title='bbox 500 1338 680 1392; x_wconf 90' lang='lat' dir='ltr'><strong>minus</strong></span> <span class='ocrx_word' id='word_1_112' title='bbox 725 1337 1026 1392; x_wconf 86' lang='lat' dir='ltr'><strong>laborabis.</strong></span> <span class='ocrx_word' id='word_1_113' title='bbox 1074 1337 1192 1392; x_wconf 89' lang='lat' dir='ltr'><strong>Non</strong></span> <span class='ocrx_word' id='word_1_114' title='bbox 1225 1339 1369 1392; x_wconf 89' lang='lat' dir='ltr'><strong>enim</strong></span> <span class='ocrx_word' id='word_1_115' title='bbox 1405 1337 1675 1391; x_wconf 83' lang='lat' dir='ltr'><strong>lassitudo</strong></span> <span class='ocrx_word' id='word_1_116' title='bbox 1707 1336 1812 1391; x_wconf 89' lang='lat' dir='ltr'><strong>erit</strong></span> <span class='ocrx_word' id='word_1_117' title='bbox 1852 1337 1906 1391; x_wconf 90' lang='lat' dir='ltr'><strong>in</strong></span> 
     </span>
    </p>
   </div>
   <div class='ocr_carea' id='block_1_15' title="bbox 297 1431 1902 1505">
    <p class='ocr_par' dir='ltr' id='par_1_15' title="bbox 297 1431 1902 1505">
     <span class='ocr_line' id='line_1_15' title="bbox 297 1431 1902 1505; baseline -0.001 -16"><span class='ocrx_word' id='word_1_118' title='bbox 297 1434 494 1500; x_wconf 82' lang='lat' dir='ltr'><strong>Jacob,</strong></span> <span class='ocrx_word' id='word_1_119' title='bbox 529 1451 703 1505; x_wconf 90' lang='lat' dir='ltr'><strong>neque</strong></span> <span class='ocrx_word' id='word_1_120' title='bbox 719 1434 1005 1505; x_wconf 85' lang='lat' dir='ltr'><strong>apparebit</strong></span> <span class='ocrx_word' id='word_1_121' title='bbox 1027 1434 1185 1489; x_wconf 90' lang='lat' dir='ltr'><strong>dolor</strong></span> <span class='ocrx_word' id='word_1_122' title='bbox 1211 1434 1263 1488; x_wconf 91' lang='lat' dir='ltr'><strong>in</strong></span> <span class='ocrx_word' id='word_1_123' title='bbox 1289 1434 1470 1488; x_wconf 86' lang='lat' dir='ltr'><strong>Israel.</strong></span> <span class='ocrx_word' id='word_1_124' title='bbox 1502 1432 1795 1503; x_wconf 84' lang='lat' dir='ltr'><strong>Propterea</strong></span> <span class='ocrx_word' id='word_1_125' title='bbox 1819 1431 1902 1487; x_wconf 88' lang='lat' dir='ltr'><strong>di-</strong></span> 
     </span>
    </p>
   </div>
   <div class='ocr_carea' id='block_1_16' title="bbox 296 1526 1901 1596">
    <p class='ocr_par' dir='ltr' id='par_1_16' title="bbox 296 1526 1901 1596">
     <span class='ocr_line' id='line_1_16' title="bbox 296 1526 1901 1596; baseline 0.001 -16"><span class='ocrx_word' id='word_1_126' title='bbox 296 1528 402 1591; x_wconf 83' lang='lat' dir='ltr'><strong>xit,</strong></span> <span class='ocrx_word' id='word_1_127' title='bbox 442 1535 502 1581; x_wconf 88' lang='lat' dir='ltr'><strong>ut</strong></span> <span class='ocrx_word' id='word_1_128' title='bbox 532 1544 641 1582; x_wconf 90' lang='lat' dir='ltr'><strong>non</strong></span> <span class='ocrx_word' id='word_1_129' title='bbox 671 1528 980 1583; x_wconf 82' lang='lat' dir='ltr'><strong>laboremus</strong></span> <span class='ocrx_word' id='word_1_130' title='bbox 1004 1527 1253 1590; x_wconf 83' lang='lat' dir='ltr'><strong>ulterius,</strong></span> <span class='ocrx_word' id='word_1_131' title='bbox 1280 1526 1592 1581; x_wconf 82' lang='lat' dir='ltr'><strong>laborantes</strong></span> <span class='ocrx_word' id='word_1_132' title='bbox 1614 1536 1901 1596; x_wconf 83' lang='lat' dir='ltr'><strong>antequam</strong></span> 
     </span>
    </p>
   </div>
   <div class='ocr_carea' id='block_1_17' title="bbox 297 1618 1905 1690">
    <p class='ocr_par' dir='ltr' id='par_1_17' title="bbox 297 1618 1905 1690">
     <span class='ocr_line' id='line_1_17' title="bbox 297 1618 1905 1690; baseline -0.001 -17"><span class='ocrx_word' id='word_1_133' title='bbox 297 1618 694 1689; x_wconf 74' lang='lat' dir='ltr'><strong>incmperitnus</strong></span> <span class='ocrx_word' id='word_1_134' title='bbox 721 1635 845 1675; x_wconf 88' lang='lat' dir='ltr'><strong>cum</strong></span> <span class='ocrx_word' id='word_1_135' title='bbox 867 1620 1023 1690; x_wconf 83' lang='lat' dir='ltr'><strong>Sequi</strong></span> <span class='ocrx_word' id='word_1_136' title='bbox 1048 1637 1061 1673; x_wconf 87' lang='lat'><strong>:</strong></span> <span class='ocrx_word' id='word_1_137' title='bbox 1098 1618 1275 1674; x_wconf 88' lang='lat' dir='ltr'><strong>Venite</strong></span> <span class='ocrx_word' id='word_1_138' title='bbox 1297 1618 1367 1673; x_wconf 89' lang='lat' dir='ltr'><strong>ad</strong></span> <span class='ocrx_word' id='word_1_139' title='bbox 1388 1635 1489 1686; x_wconf 90' lang='lat' dir='ltr'><strong>me,</strong></span> <span class='ocrx_word' id='word_1_140' title='bbox 1506 1634 1683 1673; x_wconf 85' lang='lat' dir='ltr'><strong>omnes</strong></span> <span class='ocrx_word' id='word_1_141' title='bbox 1710 1619 1799 1690; x_wconf 86' lang='lat' dir='ltr'><strong>qui</strong></span> <span class='ocrx_word' id='word_1_142' title='bbox 1826 1620 1905 1673; x_wconf 90' lang='lat' dir='ltr'><strong>la-</strong></span> 
     </span>
    </p>
   </div>
   <div class='ocr_carea' id='block_1_18' title="bbox 295 1712 1896 1785">
    <p class='ocr_par' dir='ltr' id='par_1_18' title="bbox 295 1712 1896 1785">
     <span class='ocr_line' id='line_1_18' title="bbox 295 1712 1896 1785; baseline -0.001 -18"><span class='ocrx_word' id='word_1_143' title='bbox 295 1713 496 1769; x_wconf 88' lang='lat' dir='ltr'><strong>boratis</strong></span> <span class='ocrx_word' id='word_1_144' title='bbox 542 1725 587 1769; x_wconf 90' lang='lat' dir='ltr'><strong>et</strong></span> <span class='ocrx_word' id='word_1_145' title='bbox 639 1716 838 1769; x_wconf 90' lang='lat' dir='ltr'><strong>onerati</strong></span> <span class='ocrx_word' id='word_1_146' title='bbox 878 1716 1018 1781; x_wconf 80' lang='lat' dir='ltr'><strong>estis,</strong></span> <span class='ocrx_word' id='word_1_147' title='bbox 1070 1723 1115 1768; x_wconf 92' lang='lat' dir='ltr'><strong>et</strong></span> <span class='ocrx_word' id='word_1_148' title='bbox 1146 1730 1238 1785; x_wconf 88' lang='lat' dir='ltr'><strong>ego</strong></span> <span class='ocrx_word' id='word_1_149' title='bbox 1278 1714 1505 1783; x_wconf 84' lang='lat' dir='ltr'><strong>reﬁciam</strong></span> <span class='ocrx_word' id='word_1_150' title='bbox 1550 1730 1637 1767; x_wconf 84' lang='lat' dir='ltr'><strong>vos</strong></span> <span class='ocrx_word' id='word_1_151' title='bbox 1671 1712 1896 1785; x_wconf 80' lang='lat' dir='ltr'><strong>(Matth.</strong></span> 
     </span>
    </p>
   </div>
   <div class='ocr_carea' id='block_1_19' title="bbox 2022 496 3620 569">
    <p class='ocr_par' dir='ltr' id='par_1_19' title="bbox 2022 496 3620 569">
     <span class='ocr_line' id='line_1_19' title="bbox 2022 496 3620 569; baseline 0.004 -21"><span class='ocrx_word' id='word_1_152' title='bbox 2022 498 2146 568; x_wconf 86' lang='lat' dir='ltr'><strong>quia</strong></span> <span class='ocrx_word' id='word_1_153' title='bbox 2178 497 2382 564; x_wconf 82' lang='lat' dir='ltr'><strong>absque</strong></span> <span class='ocrx_word' id='word_1_154' title='bbox 2410 512 2470 551; x_wconf 89' lang='lat' dir='ltr'><strong>ea</strong></span> <span class='ocrx_word' id='word_1_155' title='bbox 2515 497 2849 566; x_wconf 86' lang='lat' dir='ltr'><strong>impossibile</strong></span> <span class='ocrx_word' id='word_1_156' title='bbox 2882 497 3039 554; x_wconf 90' lang='lat' dir='ltr'><strong>nobis</strong></span> <span class='ocrx_word' id='word_1_157' title='bbox 3070 507 3154 553; x_wconf 89' lang='lat' dir='ltr'><strong>est</strong></span> <span class='ocrx_word' id='word_1_158' title='bbox 3198 498 3419 569; x_wconf 77' lang='lat' dir='ltr'><strong>exsequi</strong></span> <span class='ocrx_word' id='word_1_159' title='bbox 3471 496 3620 568; x_wconf 90' lang='lat' dir='ltr'><strong>quod</strong></span> 
     </span>
    </p>
   </div>
   <div class='ocr_carea' id='block_1_20' title="bbox 2020 591 3620 663">
    <p class='ocr_par' dir='ltr' id='par_1_20' title="bbox 2020 591 3620 663">
     <span class='ocr_line' id='line_1_20' title="bbox 2020 591 3620 663; baseline 0 -18"><span class='ocrx_word' id='word_1_160' title='bbox 2020 592 2170 645; x_wconf 89' lang='lat' dir='ltr'><strong>carni</strong></span> <span class='ocrx_word' id='word_1_161' title='bbox 2193 598 2475 663; x_wconf 75' lang='lat' dir='ltr'><strong>repugnet.</strong></span> <span class='ocrx_word' id='word_1_162' title='bbox 2498 591 2633 645; x_wconf 90' lang='lat' dir='ltr'><strong>Cum</strong></span> <span class='ocrx_word' id='word_1_163' title='bbox 2661 601 2840 645; x_wconf 87' lang='lat' dir='ltr'><strong>autem</strong></span> <span class='ocrx_word' id='word_1_164' title='bbox 2870 592 3195 646; x_wconf 80' lang='lat' dir='ltr'><strong>mortiﬁcata</strong></span> <span class='ocrx_word' id='word_1_165' title='bbox 3224 591 3426 646; x_wconf 89' lang='lat' dir='ltr'><strong>fuerint</strong></span> <span class='ocrx_word' id='word_1_166' title='bbox 3448 606 3620 645; x_wconf 71' lang='lat' dir='ltr'><strong>mem~</strong></span> 
     </span>
    </p>
   </div>
   <div class='ocr_carea' id='block_1_21' title="bbox 2020 685 3622 756">
    <p class='ocr_par' dir='ltr' id='par_1_21' title="bbox 2020 685 3622 756">
     <span class='ocr_line' id='line_1_21' title="bbox 2020 685 3622 756; baseline 0.001 -17"><span class='ocrx_word' id='word_1_167' title='bbox 2020 686 2115 739; x_wconf 86' lang='lat' dir='ltr'><strong>bra</strong></span> <span class='ocrx_word' id='word_1_168' title='bbox 2142 702 2306 755; x_wconf 87' lang='lat' dir='ltr'><strong>super</strong></span> <span class='ocrx_word' id='word_1_169' title='bbox 2326 695 2549 753; x_wconf 89' lang='lat' dir='ltr'><strong>terram,</strong></span> <span class='ocrx_word' id='word_1_170' title='bbox 2589 693 2715 739; x_wconf 90' lang='lat' dir='ltr'><strong>tunc</strong></span> <span class='ocrx_word' id='word_1_171' title='bbox 2746 698 2943 756; x_wconf 83' lang='lat' dir='ltr'><strong>parent</strong></span> <span class='ocrx_word' id='word_1_172' title='bbox 2973 687 3195 754; x_wconf 89' lang='lat' dir='ltr'><strong>spiritus</strong></span> <span class='ocrx_word' id='word_1_173' title='bbox 3222 686 3506 741; x_wconf 79' lang='lat' dir='ltr'><strong>voluntati.</strong></span> <span class='ocrx_word' id='word_1_174' title='bbox 3534 685 3622 743; x_wconf 85' lang='lat' dir='ltr'><strong>Si-</strong></span> 
     </span>
    </p>
   </div>
   <div class='ocr_carea' id='block_1_22' title="bbox 2017 776 3620 847">
    <p class='ocr_par' dir='ltr' id='par_1_22' title="bbox 2017 776 3620 847">
     <span class='ocr_line' id='line_1_22' title="bbox 2017 776 3620 847; baseline 0.001 -16"><span class='ocrx_word' id='word_1_175' title='bbox 2017 778 2231 847; x_wconf 87' lang='lat' dir='ltr'><strong>quidem</strong></span> <span class='ocrx_word' id='word_1_176' title='bbox 2258 777 2412 846; x_wconf 81' lang='lat' dir='ltr'><strong>juxta</strong></span> <span class='ocrx_word' id='word_1_177' title='bbox 2444 778 2777 847; x_wconf 88' lang='lat' dir='ltr'><strong>apostolum,</strong></span> <span class='ocrx_word' id='word_1_178' title='bbox 2813 776 3011 846; x_wconf 87' lang='lat' dir='ltr'><strong>spiritu</strong></span> <span class='ocrx_word' id='word_1_179' title='bbox 3043 788 3193 845; x_wconf 82' lang='lat' dir='ltr'><strong>gesta</strong></span> <span class='ocrx_word' id='word_1_180' title='bbox 3218 779 3396 833; x_wconf 89' lang='lat' dir='ltr'><strong>carnis</strong></span> <span class='ocrx_word' id='word_1_181' title='bbox 3426 778 3620 833; x_wconf 89' lang='lat' dir='ltr'><strong>morti-</strong></span> 
     </span>
    </p>
   </div>
   <div class='ocr_carea' id='block_1_23' title="bbox 2019 867 3621 944">
    <p class='ocr_par' dir='ltr' id='par_1_23' title="bbox 2019 867 3621 944">
     <span class='ocr_line' id='line_1_23' title="bbox 2019 867 3621 944; baseline 0 -21"><span class='ocrx_word' id='word_1_182' title='bbox 2019 869 2250 924; x_wconf 84' lang='lat' dir='ltr'><strong>licantur</strong></span> <span class='ocrx_word' id='word_1_183' title='bbox 2278 872 2297 943; x_wconf 89' lang='lat'><strong>(</strong></span> <span class='ocrx_word' id='word_1_184' title='bbox 2322 867 2439 925; x_wconf 88' lang='lat' dir='ltr'><strong>Col.</strong></span> <span class='ocrx_word' id='word_1_185' title='bbox 2470 886 2562 935; x_wconf 83' lang='lat' dir='ltr'><strong>ut;</strong></span> <span class='ocrx_word' id='word_1_186' title='bbox 2600 869 2752 924; x_wconf 87' lang='lat' dir='ltr'><strong>Rom.</strong></span> <span class='ocrx_word' id='word_1_187' title='bbox 2785 872 2939 937; x_wconf 81' lang='lat' dir='ltr'><strong>vm).</strong></span> <span class='ocrx_word' id='word_1_188' title='bbox 2965 867 3223 925; x_wconf 80' lang='lat' dir='ltr'><strong>Dominus</strong></span> <span class='ocrx_word' id='word_1_189' title='bbox 3243 888 3363 944; x_wconf 89' lang='lat' dir='ltr'><strong>ergo</strong></span> <span class='ocrx_word' id='word_1_190' title='bbox 3383 872 3471 941; x_wconf 84' lang='lat' dir='ltr'><strong>qni</strong></span> <span class='ocrx_word' id='word_1_191' title='bbox 3500 871 3621 944; x_wconf 80' lang='lat' dir='ltr'><strong>fecit</strong></span> 
     </span>
    </p>
   </div>
   <div class='ocr_carea' id='block_1_24' title="bbox 2016 963 3614 1035">
    <p class='ocr_par' dir='ltr' id='par_1_24' title="bbox 2016 963 3614 1035">
     <span class='ocr_line' id='line_1_24' title="bbox 2016 963 3614 1035; baseline 0.004 -20"><span class='ocrx_word' id='word_1_192' title='bbox 2016 971 2205 1016; x_wconf 88' lang='lat' dir='ltr'><strong>terram</strong></span> <span class='ocrx_word' id='word_1_193' title='bbox 2228 964 2279 1016; x_wconf 87' lang='lat' dir='ltr'><strong>in</strong></span> <span class='ocrx_word' id='word_1_194' title='bbox 2308 964 2619 1035; x_wconf 78' lang='lat' dir='ltr'><strong>fortitudine</strong></span> <span class='ocrx_word' id='word_1_195' title='bbox 2644 980 2755 1017; x_wconf 75' lang='lat' dir='ltr'><strong>sua.</strong></span> <span class='ocrx_word' id='word_1_196' title='bbox 2783 963 2837 1017; x_wconf 90' lang='lat' dir='ltr'><strong>Si</strong></span> <span class='ocrx_word' id='word_1_197' title='bbox 2869 977 3049 1018; x_wconf 89' lang='lat' dir='ltr'><strong>autem</strong></span> <span class='ocrx_word' id='word_1_198' title='bbox 3075 972 3131 1018; x_wconf 90' lang='lat' dir='ltr'><strong>et</strong></span> <span class='ocrx_word' id='word_1_199' title='bbox 3156 964 3221 1019; x_wconf 86' lang='lat' dir='ltr'><strong>ad</strong></span> <span class='ocrx_word' id='word_1_200' title='bbox 3251 964 3389 1021; x_wconf 86' lang='lat' dir='ltr'><strong>hanc</strong></span> <span class='ocrx_word' id='word_1_201' title='bbox 3412 975 3614 1021; x_wconf 85' lang='lat' dir='ltr'><strong>terram</strong></span> 
     </span>
    </p>
   </div>
   <div class='ocr_carea' id='block_1_25' title="bbox 2016 1056 3617 1128">
    <p class='ocr_par' dir='ltr' id='par_1_25' title="bbox 2016 1056 3617 1128">
     <span class='ocr_line' id='line_1_25' title="bbox 2016 1056 3617 1128; baseline 0.002 -16"><span class='ocrx_word' id='word_1_202' title='bbox 2016 1057 2203 1112; x_wconf 85' lang='lat' dir='ltr'><strong>venias</strong></span> <span class='ocrx_word' id='word_1_203' title='bbox 2230 1098 2244 1122; x_wconf 92' lang='lat'><strong>,</strong></span> <span class='ocrx_word' id='word_1_204' title='bbox 2287 1068 2341 1111; x_wconf 88' lang='lat' dir='ltr'><strong>et</strong></span> <span class='ocrx_word' id='word_1_205' title='bbox 2382 1058 2703 1113; x_wconf 68' lang='lat' dir='ltr'><strong>con~ideres</strong></span> <span class='ocrx_word' id='word_1_206' title='bbox 2742 1057 2793 1112; x_wconf 89' lang='lat' dir='ltr'><strong>id</strong></span> <span class='ocrx_word' id='word_1_207' title='bbox 2830 1057 2974 1127; x_wconf 92' lang='lat' dir='ltr'><strong>quod</strong></span> <span class='ocrx_word' id='word_1_208' title='bbox 3016 1059 3067 1111; x_wconf 92' lang='lat' dir='ltr'><strong>in</strong></span> <span class='ocrx_word' id='word_1_209' title='bbox 3109 1056 3213 1112; x_wconf 84' lang='lat' dir='ltr'><strong>Job</strong></span> <span class='ocrx_word' id='word_1_210' title='bbox 3239 1059 3501 1128; x_wconf 90' lang='lat' dir='ltr'><strong>scriptum</strong></span> <span class='ocrx_word' id='word_1_211' title='bbox 3531 1066 3617 1115; x_wconf 90' lang='lat' dir='ltr'><strong>est</strong></span> 
     </span>
    </p>
   </div>
   <div class='ocr_carea' id='block_1_26' title="bbox 2014 1147 3618 1222">
    <p class='ocr_par' dir='ltr' id='par_1_26' title="bbox 2014 1147 3618 1222">
     <span class='ocr_line' id='line_1_26' title="bbox 2014 1147 3618 1222; baseline 0.002 -20"><span class='ocrx_word' id='word_1_212' title='bbox 2014 1147 2136 1221; x_wconf 82' lang='lat' dir='ltr'><strong>(Job</strong></span> <span class='ocrx_word' id='word_1_213' title='bbox 2168 1165 2317 1213; x_wconf 80' lang='lat' dir='ltr'><strong>xxvr,</strong></span> <span class='ocrx_word' id='word_1_214' title='bbox 2346 1150 2424 1220; x_wconf 89' lang='lat'><strong>7),</strong></span> <span class='ocrx_word' id='word_1_215' title='bbox 2449 1150 2604 1215; x_wconf 74' lang='lat' dir='ltr'><strong>quIa</strong></span> <span class='ocrx_word' id='word_1_216' title='bbox 2650 1150 3097 1205; x_wconf 87' lang='lat' dir='ltr'><strong>emendatissima</strong></span> <span class='ocrx_word' id='word_1_217' title='bbox 3127 1158 3309 1206; x_wconf 88' lang='lat' dir='ltr'><strong>tamen</strong></span> <span class='ocrx_word' id='word_1_218' title='bbox 3334 1152 3618 1222; x_wconf 74' lang='lat' dir='ltr'><strong>exempla-</strong></span> 
     </span>
    </p>
   </div>
   <div class='ocr_carea' id='block_1_27' title="bbox 2013 1244 3618 1314">
    <p class='ocr_par' dir='ltr' id='par_1_27' title="bbox 2013 1244 3618 1314">
     <span class='ocr_line' id='line_1_27' title="bbox 2013 1244 3618 1314; baseline 0.002 -16"><span class='ocrx_word' id='word_1_219' title='bbox 2013 1245 2114 1309; x_wconf 89' lang='lat' dir='ltr'><strong>ria,</strong></span> <span class='ocrx_word' id='word_1_220' title='bbox 2142 1244 2420 1314; x_wconf 89' lang='lat' dir='ltr'><strong>quomodo</strong></span> <span class='ocrx_word' id='word_1_221' title='bbox 2443 1244 2695 1299; x_wconf 78' lang='lat' dir='ltr'><strong>Statuerit</strong></span> <span class='ocrx_word' id='word_1_222' title='bbox 2718 1260 2836 1298; x_wconf 88' lang='lat' dir='ltr'><strong>eam</strong></span> <span class='ocrx_word' id='word_1_223' title='bbox 2864 1260 3030 1312; x_wconf 86' lang='lat' dir='ltr'><strong>super</strong></span> <span class='ocrx_word' id='word_1_224' title='bbox 3053 1244 3306 1313; x_wconf 76' lang='lat' dir='ltr'><strong>nihilum,</strong></span> <span class='ocrx_word' id='word_1_225' title='bbox 3334 1246 3618 1301; x_wconf 90' lang='lat' dir='ltr'><strong>inveniens</strong></span> 
     </span>
    </p>
   </div>
   <div class='ocr_carea' id='block_1_28' title="bbox 2010 1335 3612 1401">
    <p class='ocr_par' dir='ltr' id='par_1_28' title="bbox 2010 1335 3612 1401">
     <span class='ocr_line' id='line_1_28' title="bbox 2010 1335 3612 1401; baseline 0.002 -12"><span class='ocrx_word' id='word_1_226' title='bbox 2010 1335 2385 1391; x_wconf 81' lang='lat' dir='ltr'><strong>fortitudinem</strong></span> <span class='ocrx_word' id='word_1_227' title='bbox 2429 1335 2524 1391; x_wconf 91' lang='lat' dir='ltr'><strong>Dei</strong></span> <span class='ocrx_word' id='word_1_228' title='bbox 2558 1336 2610 1390; x_wconf 90' lang='lat' dir='ltr'><strong>in</strong></span> <span class='ocrx_word' id='word_1_229' title='bbox 2644 1335 2933 1392; x_wconf 76' lang='lat' dir='ltr'><strong>medietate</strong></span> <span class='ocrx_word' id='word_1_230' title='bbox 2965 1336 3190 1401; x_wconf 91' lang='lat' dir='ltr'><strong>mundi,</strong></span> <span class='ocrx_word' id='word_1_231' title='bbox 3230 1347 3392 1392; x_wconf 67' lang='lat' dir='ltr'><strong>terra:</strong></span> <span class='ocrx_word' id='word_1_232' title='bbox 3421 1337 3612 1392; x_wconf 90' lang='lat' dir='ltr'><strong>libram</strong></span> 
     </span>
    </p>
   </div>
   <div class='ocr_carea' id='block_1_29' title="bbox 2010 1428 3617 1499">
    <p class='ocr_par' dir='ltr' id='par_1_29' title="bbox 2010 1428 3617 1499">
     <span class='ocr_line' id='line_1_29' title="bbox 2010 1428 3617 1499; baseline 0.001 -17"><span class='ocrx_word' id='word_1_233' title='bbox 2010 1429 2302 1483; x_wconf 87' lang='lat' dir='ltr'><strong>sustinere.</strong></span> <span class='ocrx_word' id='word_1_234' title='bbox 2341 1428 2561 1482; x_wconf 84' lang='lat' dir='ltr'><strong>Veniam</strong></span> <span class='ocrx_word' id='word_1_235' title='bbox 2609 1443 2736 1482; x_wconf 88' lang='lat' dir='ltr'><strong>vero</strong></span> <span class='ocrx_word' id='word_1_236' title='bbox 2787 1428 2853 1482; x_wconf 89' lang='lat' dir='ltr'><strong>ad</strong></span> <span class='ocrx_word' id='word_1_237' title='bbox 2903 1430 3095 1484; x_wconf 89' lang='lat' dir='ltr'><strong>orbem</strong></span> <span class='ocrx_word' id='word_1_238' title='bbox 3154 1439 3462 1495; x_wconf 90' lang='lat' dir='ltr'><strong>terrarum,</strong></span> <span class='ocrx_word' id='word_1_239' title='bbox 3520 1429 3617 1499; x_wconf 89' lang='lat' dir='ltr'><strong>qui</strong></span> 
     </span>
    </p>
   </div>
   <div class='ocr_carea' id='block_1_30' title="bbox 2009 1521 3615 1596">
    <p class='ocr_par' dir='ltr' id='par_1_30' title="bbox 2009 1521 3615 1596">
     <span class='ocr_line' id='line_1_30' title="bbox 2009 1521 3615 1596; baseline -0.001 -18"><span class='ocrx_word' id='word_1_240' title='bbox 2009 1521 2198 1578; x_wconf 76' lang='lat' dir='ltr'><strong>Gncce</strong></span> <span class='ocrx_word' id='word_1_241' title='bbox 2218 1525 2479 1596; x_wconf 82' lang='grc' dir='ltr'><strong>οἰκουμένη</strong></span> <span class='ocrx_word' id='word_1_242' title='bbox 2504 1530 2866 1593; x_wconf 89' lang='lat' dir='ltr'><strong>nuncupatur,</strong></span> <span class='ocrx_word' id='word_1_243' title='bbox 2892 1524 2943 1578; x_wconf 90' lang='lat' dir='ltr'><strong>id</strong></span> <span class='ocrx_word' id='word_1_244' title='bbox 2970 1531 3077 1591; x_wconf 89' lang='lat' dir='ltr'><strong>est,</strong></span> <span class='ocrx_word' id='word_1_245' title='bbox 3102 1523 3461 1577; x_wconf 64' lang='lat' dir='ltr'><strong>1tinhabitata.</strong></span> <span class='ocrx_word' id='word_1_246' title='bbox 3487 1522 3615 1579; x_wconf 90' lang='lat' dir='ltr'><strong>Scio</strong></span> 
     </span>
    </p>
   </div>
   <div class='ocr_carea' id='block_1_31' title="bbox 2008 1616 3609 1682">
    <p class='ocr_par' dir='ltr' id='par_1_31' title="bbox 2008 1616 3609 1682">
     <span class='ocr_line' id='line_1_31' title="bbox 2008 1616 3609 1682; baseline 0.002 -12"><span class='ocrx_word' id='word_1_247' title='bbox 2008 1616 2239 1671; x_wconf 89' lang='lat' dir='ltr'><strong>animam</strong></span> <span class='ocrx_word' id='word_1_248' title='bbox 2274 1633 2451 1671; x_wconf 82' lang='lat' dir='ltr'><strong>meam</strong></span> <span class='ocrx_word' id='word_1_249' title='bbox 2485 1617 2863 1682; x_wconf 77' lang='lat' dir='ltr'><strong>inhabitatum,</strong></span> <span class='ocrx_word' id='word_1_250' title='bbox 2897 1618 3012 1672; x_wconf 90' lang='lat' dir='ltr'><strong>scio</strong></span> <span class='ocrx_word' id='word_1_251' title='bbox 3044 1618 3276 1671; x_wconf 88' lang='lat' dir='ltr'><strong>animam</strong></span> <span class='ocrx_word' id='word_1_252' title='bbox 3310 1618 3609 1673; x_wconf 84' lang='lat' dir='ltr'><strong>desertam.</strong></span> 
     </span>
    </p>
   </div>
   <div class='ocr_carea' id='block_1_32' title="bbox 2007 1710 3613 1785">
    <p class='ocr_par' dir='ltr' id='par_1_32' title="bbox 2007 1710 3613 1785">
     <span class='ocr_line' id='line_1_32' title="bbox 2007 1710 3613 1785; baseline 0.001 -20"><span class='ocrx_word' id='word_1_253' title='bbox 2007 1710 2063 1765; x_wconf 89' lang='lat' dir='ltr'><strong>Si</strong></span> <span class='ocrx_word' id='word_1_254' title='bbox 2097 1712 2242 1766; x_wconf 90' lang='lat' dir='ltr'><strong>enim</strong></span> <span class='ocrx_word' id='word_1_255' title='bbox 2285 1727 2390 1766; x_wconf 89' lang='lat' dir='ltr'><strong>non</strong></span> <span class='ocrx_word' id='word_1_256' title='bbox 2435 1710 2596 1766; x_wconf 85' lang='lat' dir='ltr'><strong>habet</strong></span> <span class='ocrx_word' id='word_1_257' title='bbox 2641 1711 2836 1766; x_wconf 80' lang='lat' dir='ltr'><strong>Filium</strong></span> <span class='ocrx_word' id='word_1_258' title='bbox 2870 1713 3179 1767; x_wconf 80' lang='lat' dir='ltr'><strong>dicentem:</strong></span> <span class='ocrx_word' id='word_1_259' title='bbox 3225 1711 3337 1785; x_wconf 86' lang='lat' dir='ltr'><strong>Ego</strong></span> <span class='ocrx_word' id='word_1_260' title='bbox 3370 1722 3420 1767; x_wconf 89' lang='lat' dir='ltr'><strong>et</strong></span> <span class='ocrx_word' id='word_1_261' title='bbox 3453 1713 3613 1767; x_wconf 88' lang='lat' dir='ltr'><strong>Pater</strong></span> 
     </span>
    </p>
   </div>
   <div class='ocr_carea' id='block_1_33' title="bbox 292 1804 3609 1880">
    <p class='ocr_par' dir='ltr' id='par_1_33' title="bbox 292 1804 3609 1880">
     <span class='ocr_line' id='line_1_33' title="bbox 292 1804 3609 1880; baseline 0 -19"><span class='ocrx_word' id='word_1_262' title='bbox 292 1823 373 1872; x_wconf 72' lang='grc' dir='ltr'>ιι,</span> <span class='ocrx_word' id='word_1_263' title='bbox 399 1807 529 1878; x_wconf 76' lang='lat'><strong>28).</strong></span> <span class='ocrx_word' id='word_1_264' title='bbox 562 1809 620 1865; x_wconf 90' lang='lat' dir='ltr'><strong>Si</strong></span> <span class='ocrx_word' id='word_1_265' title='bbox 654 1809 966 1865; x_wconf 76' lang='lat' dir='ltr'><strong>laborantes</strong></span> <span class='ocrx_word' id='word_1_266' title='bbox 1006 1807 1324 1863; x_wconf 82' lang='lat' dir='ltr'><strong>venerimus</strong></span> <span class='ocrx_word' id='word_1_267' title='bbox 1354 1809 1420 1862; x_wconf 88' lang='lat' dir='ltr'><strong>ad</strong></span> <span class='ocrx_word' id='word_1_268' title='bbox 1450 1806 1655 1869; x_wconf 83' lang='lat' dir='ltr'><strong>Jesum,</strong></span> <span class='ocrx_word' id='word_1_269' title='bbox 1688 1818 1739 1862; x_wconf 89' lang='lat' dir='ltr'><strong>et</strong></span> <span class='ocrx_word' id='word_1_270' title='bbox 1770 1823 1891 1861; x_wconf 87' lang='lat' dir='ltr'><strong>eum</strong></span> <span class='ocrx_word' id='word_1_271' title='bbox 1926 1812 1974 1873; x_wconf 86' lang='grc' dir='ltr'><strong>Β</strong></span> <span class='ocrx_word' id='word_1_272' title='bbox 2001 1818 2140 1857; x_wconf 86' lang='lat' dir='ltr'><strong>meus</strong></span> <span class='ocrx_word' id='word_1_273' title='bbox 2172 1805 2427 1859; x_wconf 84' lang='lat' dir='ltr'><strong>veniemus</strong></span> <span class='ocrx_word' id='word_1_274' title='bbox 2453 1806 2522 1858; x_wconf 90' lang='lat' dir='ltr'><strong>ad</strong></span> <span class='ocrx_word' id='word_1_275' title='bbox 2549 1822 2664 1859; x_wconf 85' lang='lat' dir='ltr'><strong>eum</strong></span> <span class='ocrx_word' id='word_1_276' title='bbox 2708 1804 2830 1877; x_wconf 80' lang='lat' dir='ltr'><strong>[AL</strong></span> <span class='ocrx_word' id='word_1_277' title='bbox 2866 1805 3014 1880; x_wconf 90' lang='lat' dir='ltr'><strong>eam]</strong></span> <span class='ocrx_word' id='word_1_278' title='bbox 3044 1818 3091 1860; x_wconf 89' lang='lat' dir='ltr'><strong>et</strong></span> <span class='ocrx_word' id='word_1_279' title='bbox 3122 1807 3437 1861; x_wconf 83' lang='lat' dir='ltr'><strong>mansionem</strong></span> <span class='ocrx_word' id='word_1_280' title='bbox 3466 1808 3609 1880; x_wconf 89' lang='lat' dir='ltr'><strong>apud</strong></span> 
     </span>
    </p>
   </div>
   <div class='ocr_carea' id='block_1_34' title="bbox 293 1898 1898 1975">
    <p class='ocr_par' dir='ltr' id='par_1_34' title="bbox 293 1898 1898 1975">
     <span class='ocr_line' id='line_1_34' title="bbox 293 1898 1898 1975; baseline -0.001 -20"><span class='ocrx_word' id='word_1_281' title='bbox 293 1900 568 1956; x_wconf 78' lang='lat' dir='ltr'><strong>fuerimus</strong></span> <span class='ocrx_word' id='word_1_282' title='bbox 596 1902 790 1969; x_wconf 86' lang='lat' dir='ltr'><strong>secuti,</strong></span> <span class='ocrx_word' id='word_1_283' title='bbox 820 1912 946 1957; x_wconf 90' lang='lat' dir='ltr'><strong>tunc</strong></span> <span class='ocrx_word' id='word_1_284' title='bbox 980 1900 1163 1957; x_wconf 89' lang='lat' dir='ltr'><strong>dicere</strong></span> <span class='ocrx_word' id='word_1_285' title='bbox 1197 1900 1496 1975; x_wconf 81' lang='lat' dir='ltr'><strong>poterimus</strong></span> <span class='ocrx_word' id='word_1_286' title='bbox 1532 1898 1687 1973; x_wconf 88' lang='lat' dir='ltr'><strong>:Ego</strong></span> <span class='ocrx_word' id='word_1_287' title='bbox 1726 1909 1898 1954; x_wconf 89' lang='lat' dir='ltr'><strong>autem</strong></span> 
     </span>
    </p>
   </div>
   <div class='ocr_carea' id='block_1_35' title="bbox 290 1994 1896 2065">
    <p class='ocr_par' dir='ltr' id='par_1_35' title="bbox 290 1994 1896 2065">
     <span class='ocr_line' id='line_1_35' title="bbox 290 1994 1896 2065; baseline 0.001 -18"><span class='ocrx_word' id='word_1_288' title='bbox 290 2010 398 2048; x_wconf 89' lang='lat' dir='ltr'><strong>non</strong></span> <span class='ocrx_word' id='word_1_289' title='bbox 429 1994 662 2049; x_wconf 82' lang='lat' dir='ltr'><strong>laboravi</strong></span> <span class='ocrx_word' id='word_1_290' title='bbox 686 1994 1000 2065; x_wconf 79' lang='lat' dir='ltr'><strong>subsequens</strong></span> <span class='ocrx_word' id='word_1_291' title='bbox 1032 2004 1146 2063; x_wconf 89' lang='lat' dir='ltr'><strong>post</strong></span> <span class='ocrx_word' id='word_1_292' title='bbox 1169 2004 1236 2061; x_wconf 91' lang='lat' dir='ltr'><strong>te,</strong></span> <span class='ocrx_word' id='word_1_293' title='bbox 1278 2004 1324 2047; x_wconf 92' lang='lat' dir='ltr'><strong>et</strong></span> <span class='ocrx_word' id='word_1_294' title='bbox 1352 1994 1490 2047; x_wconf 89' lang='lat' dir='ltr'><strong>diem</strong></span> <span class='ocrx_word' id='word_1_295' title='bbox 1522 1994 1745 2048; x_wconf 85' lang='lat' dir='ltr'><strong>hominis</strong></span> <span class='ocrx_word' id='word_1_296' title='bbox 1793 2011 1896 2049; x_wconf 89' lang='lat' dir='ltr'><strong>non</strong></span> 
     </span>
    </p>
   </div>
   <div class='ocr_carea' id='block_1_36' title="bbox 291 2087 1892 2158">
    <p class='ocr_par' dir='ltr' id='par_1_36' title="bbox 291 2087 1892 2158">
     <span class='ocr_line' id='line_1_36' title="bbox 291 2087 1892 2158; baseline 0.001 -17"><span class='ocrx_word' id='word_1_297' title='bbox 291 2088 593 2157; x_wconf 79' lang='lat' dir='ltr'><strong>concupiui.</strong></span> <span class='ocrx_word' id='word_1_298' title='bbox 631 2088 729 2143; x_wconf 87' lang='lat' dir='ltr'><strong>Est</strong></span> <span class='ocrx_word' id='word_1_299' title='bbox 771 2088 1017 2157; x_wconf 76' lang='lat' dir='ltr'><strong>qtttcdatn</strong></span> <span class='ocrx_word' id='word_1_300' title='bbox 1050 2088 1169 2144; x_wconf 88' lang='lat' dir='ltr'><strong>dies</strong></span> <span class='ocrx_word' id='word_1_301' title='bbox 1218 2088 1491 2143; x_wconf 88' lang='lat' dir='ltr'><strong>hominis:</strong></span> <span class='ocrx_word' id='word_1_302' title='bbox 1519 2098 1601 2143; x_wconf 73' lang='lat' dir='ltr'><strong>eet</strong></span> <span class='ocrx_word' id='word_1_303' title='bbox 1646 2087 1892 2158; x_wconf 65' lang='lat' dir='ltr'><strong>quaedam</strong></span> 
     </span>
    </p>
   </div>
   <div class='ocr_carea' id='block_1_37' title="bbox 284 2179 1893 2258">
    <p class='ocr_par' dir='ltr' id='par_1_37' title="bbox 284 2179 1893 2258">
     <span class='ocr_line' id='line_1_37' title="bbox 284 2179 1893 2258; baseline 0.004 -23"><span class='ocrx_word' id='word_1_304' title='bbox 284 2179 407 2237; x_wconf 86' lang='lat' dir='ltr'><strong>dies</strong></span> <span class='ocrx_word' id='word_1_305' title='bbox 442 2183 675 2249; x_wconf 82' lang='lat' dir='ltr'><strong>Domini,</strong></span> <span class='ocrx_word' id='word_1_306' title='bbox 722 2184 775 2239; x_wconf 89' lang='lat' dir='ltr'><strong>id</strong></span> <span class='ocrx_word' id='word_1_307' title='bbox 806 2194 910 2251; x_wconf 90' lang='lat' dir='ltr'><strong>est,</strong></span> <span class='ocrx_word' id='word_1_308' title='bbox 952 2185 1068 2239; x_wconf 88' lang='lat' dir='ltr'><strong>dies</strong></span> <span class='ocrx_word' id='word_1_309' title='bbox 1098 2187 1542 2253; x_wconf 84' lang='lat' dir='ltr'><strong>resurrectionis,</strong></span> <span class='ocrx_word' id='word_1_310' title='bbox 1574 2202 1734 2258; x_wconf 82' lang='lat' dir='ltr'><strong>quam</strong></span> <span class='ocrx_word' id='word_1_311' title='bbox 1770 2202 1893 2241; x_wconf 91' lang='lat' dir='ltr'><strong>om-</strong></span> 
     </span>
    </p>
   </div>
   <div class='ocr_carea' id='block_1_38' title="bbox 291 2278 1889 2352">
    <p class='ocr_par' dir='ltr' id='par_1_38' title="bbox 291 2278 1889 2352">
     <span class='ocr_line' id='line_1_38' title="bbox 291 2278 1889 2352; baseline 0.001 -20"><span class='ocrx_word' id='word_1_312' title='bbox 291 2278 379 2333; x_wconf 88' lang='lat' dir='ltr'><strong>nis</strong></span> <span class='ocrx_word' id='word_1_313' title='bbox 430 2290 654 2335; x_wconf 88' lang='lat' dir='ltr'><strong>sauctus</strong></span> <span class='ocrx_word' id='word_1_314' title='bbox 702 2278 999 2341; x_wconf 81' lang='lat' dir='ltr'><strong>desiderat,</strong></span> <span class='ocrx_word' id='word_1_315' title='bbox 1034 2295 1139 2334; x_wconf 92' lang='lat' dir='ltr'><strong>non</strong></span> <span class='ocrx_word' id='word_1_316' title='bbox 1175 2280 1323 2335; x_wconf 88' lang='lat' dir='ltr'><strong>illam</strong></span> <span class='ocrx_word' id='word_1_317' title='bbox 1362 2281 1430 2335; x_wconf 93' lang='lat' dir='ltr'><strong>de</strong></span> <span class='ocrx_word' id='word_1_318' title='bbox 1476 2297 1580 2352; x_wconf 88' lang='lat' dir='ltr'><strong>qtta</strong></span> <span class='ocrx_word' id='word_1_319' title='bbox 1623 2281 1889 2350; x_wconf 82' lang='lat' dir='ltr'><strong>scriptum</strong></span> 
     </span>
    </p>
   </div>
   <div class='ocr_carea' id='block_1_39' title="bbox 290 2373 1891 2446">
    <p class='ocr_par' dir='ltr' id='par_1_39' title="bbox 290 2373 1891 2446">
     <span class='ocr_line' id='line_1_39' title="bbox 290 2373 1891 2446; baseline 0 -17"><span class='ocrx_word' id='word_1_320' title='bbox 290 2383 374 2429; x_wconf 85' lang='lat' dir='ltr'><strong>est</strong></span> <span class='ocrx_word' id='word_1_321' title='bbox 412 2392 426 2428; x_wconf 88' lang='lat'><strong>:</strong></span> <span class='ocrx_word' id='word_1_322' title='bbox 467 2373 561 2430; x_wconf 74' lang='lat' dir='ltr'><strong>Va:</strong></span> <span class='ocrx_word' id='word_1_323' title='bbox 589 2377 662 2429; x_wconf 87' lang='lat' dir='ltr'><strong>eis</strong></span> <span class='ocrx_word' id='word_1_324' title='bbox 697 2376 788 2446; x_wconf 90' lang='lat' dir='ltr'><strong>qui</strong></span> <span class='ocrx_word' id='word_1_325' title='bbox 817 2374 1109 2429; x_wconf 88' lang='lat' dir='ltr'><strong>desiderant</strong></span> <span class='ocrx_word' id='word_1_326' title='bbox 1144 2375 1279 2429; x_wconf 89' lang='lat' dir='ltr'><strong>diem</strong></span> <span class='ocrx_word' id='word_1_327' title='bbox 1314 2374 1559 2430; x_wconf 86' lang='lat' dir='ltr'><strong>hominis.</strong></span> <span class='ocrx_word' id='word_1_328' title='bbox 1592 2374 1735 2429; x_wconf 82' lang='lat' dir='ltr'><strong>Nam</strong></span> <span class='ocrx_word' id='word_1_329' title='bbox 1782 2374 1891 2429; x_wconf 88' lang='lat' dir='ltr'><strong>dies</strong></span> 
     </span>
    </p>
   </div>
   <div class='ocr_carea' id='block_1_40' title="bbox 286 2467 1892 2542">
    <p class='ocr_par' dir='ltr' id='par_1_40' title="bbox 286 2467 1892 2542">
     <span class='ocr_line' id='line_1_40' title="bbox 286 2467 1892 2542; baseline 0.002 -21"><span class='ocrx_word' id='word_1_330' title='bbox 286 2467 391 2521; x_wconf 87' lang='lat' dir='ltr'><strong>ista</strong></span> <span class='ocrx_word' id='word_1_331' title='bbox 432 2478 505 2522; x_wconf 86' lang='lat' dir='ltr'><strong>est</strong></span> <span class='ocrx_word' id='word_1_332' title='bbox 547 2468 798 2541; x_wconf 64' lang='lat' dir='ltr'><strong>tenebrae,</strong></span> <span class='ocrx_word' id='word_1_333' title='bbox 829 2478 875 2522; x_wconf 90' lang='lat' dir='ltr'><strong>et</strong></span> <span class='ocrx_word' id='word_1_334' title='bbox 906 2484 1010 2522; x_wconf 89' lang='lat' dir='ltr'><strong>non</strong></span> <span class='ocrx_word' id='word_1_335' title='bbox 1042 2471 1134 2524; x_wconf 75' lang='lat' dir='ltr'><strong>lux</strong></span> <span class='ocrx_word' id='word_1_336' title='bbox 1160 2469 1178 2541; x_wconf 98' lang='lat'>(</span> <span class='ocrx_word' id='word_1_337' title='bbox 1201 2469 1355 2525; x_wconf 76' lang='lat' dir='ltr'><strong>Amos</strong></span> <span class='ocrx_word' id='word_1_338' title='bbox 1386 2485 1445 2533; x_wconf 87' lang='lat' dir='ltr'><strong>v,</strong></span> <span class='ocrx_word' id='word_1_339' title='bbox 1477 2468 1600 2542; x_wconf 80' lang='grc'><strong>18).</strong></span> <span class='ocrx_word' id='word_1_340' title='bbox 1646 2469 1776 2538; x_wconf 87' lang='lat' dir='ltr'><strong>Quis</strong></span> <span class='ocrx_word' id='word_1_341' title='bbox 1806 2478 1892 2524; x_wconf 89' lang='lat' dir='ltr'><strong>est</strong></span> 
     </span>
    </p>
   </div>
   <div class='ocr_carea' id='block_1_41' title="bbox 283 2560 1890 2634">
    <p class='ocr_par' dir='ltr' id='par_1_41' title="bbox 283 2560 1890 2634">
     <span class='ocr_line' id='line_1_41' title="bbox 283 2560 1890 2634; baseline 0.002 -21"><span class='ocrx_word' id='word_1_342' title='bbox 283 2560 376 2631; x_wconf 90' lang='lat' dir='ltr'><strong>qui</strong></span> <span class='ocrx_word' id='word_1_343' title='bbox 409 2562 587 2630; x_wconf 88' lang='lat' dir='ltr'><strong>possit</strong></span> <span class='ocrx_word' id='word_1_344' title='bbox 615 2560 798 2617; x_wconf 88' lang='lat' dir='ltr'><strong>dicere</strong></span> <span class='ocrx_word' id='word_1_345' title='bbox 828 2580 840 2616; x_wconf 92' lang='lat'>:</span> <span class='ocrx_word' id='word_1_346' title='bbox 873 2560 943 2615; x_wconf 88' lang='lat' dir='ltr'><strong>Et</strong></span> <span class='ocrx_word' id='word_1_347' title='bbox 982 2562 1119 2617; x_wconf 87' lang='lat' dir='ltr'><strong>diem</strong></span> <span class='ocrx_word' id='word_1_348' title='bbox 1148 2562 1374 2617; x_wconf 81' lang='lat' dir='ltr'><strong>hominis</strong></span> <span class='ocrx_word' id='word_1_349' title='bbox 1427 2579 1529 2617; x_wconf 87' lang='lat' dir='ltr'><strong>non</strong></span> <span class='ocrx_word' id='word_1_350' title='bbox 1571 2563 1890 2634; x_wconf 82' lang='lat' dir='ltr'><strong>concupivi?</strong></span> 
     </span>
    </p>
   </div>
   <div class='ocr_carea' id='block_1_42' title="bbox 280 2653 1889 2727">
    <p class='ocr_par' dir='ltr' id='par_1_42' title="bbox 280 2653 1889 2727">
     <span class='ocr_line' id='line_1_42' title="bbox 280 2653 1889 2727; baseline 0.002 -20"><span class='ocrx_word' id='word_1_351' title='bbox 280 2653 615 2721; x_wconf 75' lang='lat' dir='ltr'><strong>Explanatio</strong></span> <span class='ocrx_word' id='word_1_352' title='bbox 641 2655 793 2710; x_wconf 84' lang='lat' dir='ltr'><strong>verbi</strong></span> <span class='ocrx_word' id='word_1_353' title='bbox 826 2656 1103 2710; x_wconf 90' lang='lat' dir='ltr'><strong>convincit</strong></span> <span class='ocrx_word' id='word_1_354' title='bbox 1127 2672 1245 2724; x_wconf 88' lang='lat' dir='ltr'><strong>nos,</strong></span> <span class='ocrx_word' id='word_1_355' title='bbox 1279 2658 1407 2727; x_wconf 89' lang='lat' dir='ltr'><strong>quia</strong></span> <span class='ocrx_word' id='word_1_356' title='bbox 1436 2656 1580 2711; x_wconf 85' lang='lat' dir='ltr'><strong>diem</strong></span> <span class='ocrx_word' id='word_1_357' title='bbox 1624 2656 1889 2725; x_wconf 91' lang='lat' dir='ltr'><strong>concupi-</strong></span> 
     </span>
    </p>
   </div>
   <div class='ocr_carea' id='block_1_43' title="bbox 276 2746 1883 2819">
    <p class='ocr_par' dir='ltr' id='par_1_43' title="bbox 276 2746 1883 2819">
     <span class='ocr_line' id='line_1_43' title="bbox 276 2746 1883 2819; baseline 0.002 -20"><span class='ocrx_word' id='word_1_358' title='bbox 276 2758 502 2799; x_wconf 87' lang='lat' dir='ltr'><strong>scamus</strong></span> <span class='ocrx_word' id='word_1_359' title='bbox 552 2746 810 2802; x_wconf 68' lang='lat' dir='ltr'><strong>hominis.</strong></span> <span class='ocrx_word' id='word_1_360' title='bbox 865 2747 1211 2819; x_wconf 82' lang='lat' dir='ltr'><strong>Frequenter</strong></span> <span class='ocrx_word' id='word_1_361' title='bbox 1264 2750 1464 2819; x_wconf 86' lang='lat' dir='ltr'><strong>quippe</strong></span> <span class='ocrx_word' id='word_1_362' title='bbox 1518 2760 1883 2818; x_wconf 76' lang='lat' dir='ltr'><strong>tegrotantes,</strong></span> 
     </span>
    </p>
   </div>
   <div class='ocr_carea' id='block_1_44' title="bbox 276 2840 1885 2911">
    <p class='ocr_par' dir='ltr' id='par_1_44' title="bbox 276 2840 1885 2911">
     <span class='ocr_line' id='line_1_44' title="bbox 276 2840 1885 2911; baseline 0.002 -18"><span class='ocrx_word' id='word_1_363' title='bbox 276 2854 404 2893; x_wconf 86' lang='lat' dir='ltr'><strong>cum</strong></span> <span class='ocrx_word' id='word_1_364' title='bbox 438 2840 489 2893; x_wconf 91' lang='lat' dir='ltr'><strong>in</strong></span> <span class='ocrx_word' id='word_1_365' title='bbox 539 2842 924 2910; x_wconf 84' lang='lat' dir='ltr'><strong>phantasmate</strong></span> <span class='ocrx_word' id='word_1_366' title='bbox 973 2857 1097 2897; x_wconf 83' lang='lat' dir='ltr'><strong>esse</strong></span> <span class='ocrx_word' id='word_1_367' title='bbox 1141 2842 1379 2897; x_wconf 90' lang='lat' dir='ltr'><strong>febrium</strong></span> <span class='ocrx_word' id='word_1_368' title='bbox 1424 2845 1781 2911; x_wconf 74' lang='lat' dir='ltr'><strong>C(Bperitnus,</strong></span> <span class='ocrx_word' id='word_1_369' title='bbox 1831 2852 1885 2899; x_wconf 90' lang='lat' dir='ltr'><strong>et</strong></span> 
     </span>
    </p>
   </div>
   <div class='ocr_carea' id='block_1_45' title="bbox 275 2934 1883 3007">
    <p class='ocr_par' dir='ltr' id='par_1_45' title="bbox 275 2934 1883 3007">
     <span class='ocr_line' id='line_1_45' title="bbox 275 2934 1883 3007; baseline 0.003 -21"><span class='ocrx_word' id='word_1_370' title='bbox 275 2934 472 2987; x_wconf 86' lang='lat' dir='ltr'><strong>mortis</strong></span> <span class='ocrx_word' id='word_1_371' title='bbox 506 2934 690 2989; x_wconf 91' lang='lat' dir='ltr'><strong>limine</strong></span> <span class='ocrx_word' id='word_1_372' title='bbox 721 2938 928 3005; x_wconf 85' lang='lat' dir='ltr'><strong>urgeri,</strong></span> <span class='ocrx_word' id='word_1_373' title='bbox 961 2937 1027 2990; x_wconf 89' lang='lat' dir='ltr'><strong>ad</strong></span> <span class='ocrx_word' id='word_1_374' title='bbox 1061 2951 1157 2991; x_wconf 87' lang='lat' dir='ltr'><strong>eos</strong></span> <span class='ocrx_word' id='word_1_375' title='bbox 1185 2938 1276 3007; x_wconf 89' lang='lat' dir='ltr'><strong>qui</strong></span> <span class='ocrx_word' id='word_1_376' title='bbox 1310 2952 1408 2991; x_wconf 92' lang='lat' dir='ltr'><strong>nos</strong></span> <span class='ocrx_word' id='word_1_377' title='bbox 1430 2938 1654 2991; x_wconf 87' lang='lat' dir='ltr'><strong>visitant</strong></span> <span class='ocrx_word' id='word_1_378' title='bbox 1684 2936 1883 2991; x_wconf 90' lang='lat' dir='ltr'><strong>fratres</strong></span> 
     </span>
    </p>
   </div>
   <div class='ocr_carea' id='block_1_46' title="bbox 275 3025 1881 3100">
    <p class='ocr_par' dir='ltr' id='par_1_46' title="bbox 275 3025 1881 3100">
     <span class='ocr_line' id='line_1_46' title="bbox 275 3025 1881 3100; baseline 0.003 -20"><span class='ocrx_word' id='word_1_379' title='bbox 275 3025 454 3080; x_wconf 85' lang='lat' dir='ltr'><strong>lassas</strong></span> <span class='ocrx_word' id='word_1_380' title='bbox 487 3044 682 3082; x_wconf 84' lang='lat' dir='ltr'><strong>tnanus</strong></span> <span class='ocrx_word' id='word_1_381' title='bbox 727 3029 1052 3097; x_wconf 86' lang='lat' dir='ltr'><strong>attollimus,</strong></span> <span class='ocrx_word' id='word_1_382' title='bbox 1086 3042 1309 3084; x_wconf 85' lang='lat' dir='ltr'><strong>orantes</strong></span> <span class='ocrx_word' id='word_1_383' title='bbox 1341 3045 1459 3095; x_wconf 89' lang='lat' dir='ltr'><strong>eos,</strong></span> <span class='ocrx_word' id='word_1_384' title='bbox 1509 3040 1565 3083; x_wconf 94' lang='lat' dir='ltr'><strong>ut</strong></span> <span class='ocrx_word' id='word_1_385' title='bbox 1592 3045 1690 3100; x_wconf 89' lang='lat' dir='ltr'><strong>pro</strong></span> <span class='ocrx_word' id='word_1_386' title='bbox 1724 3030 1881 3085; x_wconf 90' lang='lat' dir='ltr'><strong>nobis</strong></span> 
     </span>
    </p>
   </div>
   <div class='ocr_carea' id='block_1_47' title="bbox 276 3120 1879 3195">
    <p class='ocr_par' dir='ltr' id='par_1_47' title="bbox 276 3120 1879 3195">
     <span class='ocr_line' id='line_1_47' title="bbox 276 3120 1879 3195; baseline 0.002 -20"><span class='ocrx_word' id='word_1_387' title='bbox 276 3120 567 3177; x_wconf 84' lang='lat' dir='ltr'><strong>Dominum</strong></span> <span class='ocrx_word' id='word_1_388' title='bbox 582 3122 970 3194; x_wconf 81' lang='lat' dir='ltr'><strong>deprecentur,</strong></span> <span class='ocrx_word' id='word_1_389' title='bbox 986 3136 1147 3195; x_wconf 86' lang='lat' dir='ltr'><strong>atque</strong></span> <span class='ocrx_word' id='word_1_390' title='bbox 1164 3124 1409 3181; x_wconf 88' lang='lat' dir='ltr'><strong>dicentes</strong></span> <span class='ocrx_word' id='word_1_391' title='bbox 1429 3143 1441 3178; x_wconf 89' lang='lat'><strong>:</strong></span> <span class='ocrx_word' id='word_1_392' title='bbox 1459 3124 1605 3194; x_wconf 80' lang='lat' dir='ltr'><strong>Roga</strong></span> <span class='ocrx_word' id='word_1_393' title='bbox 1629 3125 1759 3178; x_wconf 88' lang='lat' dir='ltr'><strong>tuihi</strong></span> <span class='ocrx_word' id='word_1_394' title='bbox 1778 3126 1879 3178; x_wconf 87' lang='lat' dir='ltr'><strong>ali-</strong></span> 
     </span>
    </p>
   </div>
   <div class='ocr_carea' id='block_1_48' title="bbox 2002 1897 3606 1970">
    <p class='ocr_par' dir='ltr' id='par_1_48' title="bbox 2002 1897 3606 1970">
     <span class='ocr_line' id='line_1_48' title="bbox 2002 1897 3606 1970; baseline 0.004 -19"><span class='ocrx_word' id='word_1_395' title='bbox 2002 1914 2118 1951; x_wconf 85' lang='lat' dir='ltr'><strong>eum</strong></span> <span class='ocrx_word' id='word_1_396' title='bbox 2148 1898 2399 1965; x_wconf 80' lang='lat' dir='ltr'><strong>faciemus</strong></span> <span class='ocrx_word' id='word_1_397' title='bbox 2430 1897 2611 1969; x_wconf 84' lang='lat' dir='ltr'><strong>(Joan.</strong></span> <span class='ocrx_word' id='word_1_398' title='bbox 2645 1914 2756 1967; x_wconf 73' lang='grc' dir='ltr'><strong>ιη’,</strong></span> <span class='ocrx_word' id='word_1_399' title='bbox 2780 1900 2851 1953; x_wconf 72' lang='grc'><strong>25</strong></span> <span class='ocrx_word' id='word_1_400' title='bbox 2874 1898 2915 1970; x_wconf 89' lang='grc'><strong>);</strong></span> <span class='ocrx_word' id='word_1_401' title='bbox 2948 1901 2992 1953; x_wconf 90' lang='lat' dir='ltr'><strong>si</strong></span> <span class='ocrx_word' id='word_1_402' title='bbox 3026 1916 3131 1954; x_wconf 92' lang='lat' dir='ltr'><strong>non</strong></span> <span class='ocrx_word' id='word_1_403' title='bbox 3164 1899 3330 1955; x_wconf 84' lang='lat' dir='ltr'><strong>habet</strong></span> <span class='ocrx_word' id='word_1_404' title='bbox 3354 1902 3606 1969; x_wconf 83' lang='lat' dir='ltr'><strong>Spiritum</strong></span> 
     </span>
    </p>
   </div>
   <div class='ocr_carea' id='block_1_49' title="bbox 1999 1990 3602 2061">
    <p class='ocr_par' dir='ltr' id='par_1_49' title="bbox 1999 1990 3602 2061">
     <span class='ocr_line' id='line_1_49' title="bbox 1999 1990 3602 2061; baseline 0.004 -17"><span class='ocrx_word' id='word_1_405' title='bbox 1999 2001 2284 2057; x_wconf 84' lang='lat' dir='ltr'><strong>sanetum,</strong></span> <span class='ocrx_word' id='word_1_406' title='bbox 2334 1990 2514 2045; x_wconf 89' lang='lat' dir='ltr'><strong>anima</strong></span> <span class='ocrx_word' id='word_1_407' title='bbox 2553 1991 2771 2047; x_wconf 89' lang='lat' dir='ltr'><strong>deserta</strong></span> <span class='ocrx_word' id='word_1_408' title='bbox 2817 2001 2921 2047; x_wconf 88' lang='lat' dir='ltr'><strong>est.</strong></span> <span class='ocrx_word' id='word_1_409' title='bbox 2971 1992 3223 2048; x_wconf 84' lang='lat' dir='ltr'><strong>Habitata</strong></span> <span class='ocrx_word' id='word_1_410' title='bbox 3269 2005 3450 2050; x_wconf 89' lang='lat' dir='ltr'><strong>autem</strong></span> <span class='ocrx_word' id='word_1_411' title='bbox 3483 2004 3602 2061; x_wconf 85' lang='lat' dir='ltr'><strong>est,</strong></span> 
     </span>
    </p>
   </div>
   <div class='ocr_carea' id='block_1_50' title="bbox 1998 2084 3604 2155">
    <p class='ocr_par' dir='ltr' id='par_1_50' title="bbox 1998 2084 3604 2155">
     <span class='ocr_line' id='line_1_50' title="bbox 1998 2084 3604 2155; baseline 0.004 -19"><span class='ocrx_word' id='word_1_412' title='bbox 1998 2085 2217 2153; x_wconf 84' lang='lat' dir='ltr'><strong>quando</strong></span> <span class='ocrx_word' id='word_1_413' title='bbox 2263 2084 2421 2155; x_wconf 88' lang='lat' dir='ltr'><strong>plena</strong></span> <span class='ocrx_word' id='word_1_414' title='bbox 2456 2096 2539 2140; x_wconf 90' lang='lat' dir='ltr'><strong>est</strong></span> <span class='ocrx_word' id='word_1_415' title='bbox 2578 2086 2722 2152; x_wconf 88' lang='lat' dir='ltr'><strong>Deo,</strong></span> <span class='ocrx_word' id='word_1_416' title='bbox 2774 2085 2992 2155; x_wconf 88' lang='lat' dir='ltr'><strong>quando</strong></span> <span class='ocrx_word' id='word_1_417' title='bbox 3024 2085 3186 2141; x_wconf 86' lang='lat' dir='ltr'><strong>habet</strong></span> <span class='ocrx_word' id='word_1_418' title='bbox 3229 2087 3501 2142; x_wconf 87' lang='lat' dir='ltr'><strong>Christum</strong></span> <span class='ocrx_word' id='word_1_419' title='bbox 3549 2096 3604 2143; x_wconf 86' lang='lat' dir='ltr'><strong>et</strong></span> 
     </span>
    </p>
   </div>
   <div class='ocr_carea' id='block_1_51' title="bbox 1997 2176 3602 2245">
    <p class='ocr_par' dir='ltr' id='par_1_51' title="bbox 1997 2176 3602 2245">
     <span class='ocr_line' id='line_1_51' title="bbox 1997 2176 3602 2245; baseline 0.004 -14"><span class='ocrx_word' id='word_1_420' title='bbox 1997 2176 2257 2245; x_wconf 87' lang='lat' dir='ltr'><strong>Spiritum</strong></span> <span class='ocrx_word' id='word_1_421' title='bbox 2290 2187 2562 2232; x_wconf 90' lang='lat' dir='ltr'><strong>sanctum.</strong></span> <span class='ocrx_word' id='word_1_422' title='bbox 2589 2177 2782 2233; x_wconf 77' lang='lat' dir='ltr'><strong>Verum</strong></span> <span class='ocrx_word' id='word_1_423' title='bbox 2812 2178 2927 2233; x_wconf 62' lang='lat' dir='ltr'><strong>hinc</strong></span> <span class='ocrx_word' id='word_1_424' title='bbox 2953 2179 3268 2235; x_wconf 78' lang='lat' dir='ltr'><strong>dilferenter</strong></span> <span class='ocrx_word' id='word_1_425' title='bbox 3290 2190 3347 2236; x_wconf 89' lang='lat' dir='ltr'><strong>et</strong></span> <span class='ocrx_word' id='word_1_426' title='bbox 3376 2183 3523 2237; x_wconf 88' lang='lat' dir='ltr'><strong>varie</strong></span> <span class='ocrx_word' id='word_1_427' title='bbox 3546 2180 3602 2237; x_wconf 90' lang='lat' dir='ltr'><strong>in</strong></span> 
     </span>
    </p>
   </div>
   <div class='ocr_carea' id='block_1_52' title="bbox 1996 2268 3601 2340">
    <p class='ocr_par' dir='ltr' id='par_1_52' title="bbox 1996 2268 3601 2340">
     <span class='ocr_line' id='line_1_52' title="bbox 1996 2268 3601 2340; baseline 0.002 -15"><span class='ocrx_word' id='word_1_428' title='bbox 1996 2268 2294 2339; x_wconf 82' lang='lat' dir='ltr'><strong>Scripturis</strong></span> <span class='ocrx_word' id='word_1_429' title='bbox 2325 2272 2581 2325; x_wconf 91' lang='lat' dir='ltr'><strong>dicuntur</strong></span> <span class='ocrx_word' id='word_1_430' title='bbox 2608 2271 2661 2325; x_wconf 91' lang='lat' dir='ltr'><strong>in</strong></span> <span class='ocrx_word' id='word_1_431' title='bbox 2691 2273 2867 2326; x_wconf 82' lang='lat' dir='ltr'><strong>anima</strong></span> <span class='ocrx_word' id='word_1_432' title='bbox 2890 2272 3127 2327; x_wconf 90' lang='lat' dir='ltr'><strong>hominis</strong></span> <span class='ocrx_word' id='word_1_433' title='bbox 3158 2272 3399 2340; x_wconf 83' lang='lat' dir='ltr'><strong>Patrem,</strong></span> <span class='ocrx_word' id='word_1_434' title='bbox 3430 2283 3486 2328; x_wconf 87' lang='lat' dir='ltr'><strong>et</strong></span> <span class='ocrx_word' id='word_1_435' title='bbox 3513 2272 3601 2329; x_wconf 85' lang='lat' dir='ltr'><strong>Fi-</strong></span> 
     </span>
    </p>
   </div>
   <div class='ocr_carea' id='block_1_53' title="bbox 1994 2361 3598 2433">
    <p class='ocr_par' dir='ltr' id='par_1_53' title="bbox 1994 2361 3598 2433">
     <span class='ocr_line' id='line_1_53' title="bbox 1994 2361 3598 2433; baseline 0.003 -16"><span class='ocrx_word' id='word_1_436' title='bbox 1994 2361 2125 2417; x_wconf 87' lang='lat' dir='ltr'><strong>lium</strong></span> <span class='ocrx_word' id='word_1_437' title='bbox 2154 2404 2167 2427; x_wconf 92' lang='lat'><strong>,</strong></span> <span class='ocrx_word' id='word_1_438' title='bbox 2197 2374 2250 2417; x_wconf 87' lang='lat' dir='ltr'><strong>et</strong></span> <span class='ocrx_word' id='word_1_439' title='bbox 2280 2365 2543 2433; x_wconf 88' lang='lat' dir='ltr'><strong>Spiritum</strong></span> <span class='ocrx_word' id='word_1_440' title='bbox 2575 2377 2824 2419; x_wconf 88' lang='lat' dir='ltr'><strong>sanctum</strong></span> <span class='ocrx_word' id='word_1_441' title='bbox 2854 2369 3203 2420; x_wconf 86' lang='lat' dir='ltr'><strong>commorari.</strong></span> <span class='ocrx_word' id='word_1_442' title='bbox 3231 2365 3365 2420; x_wconf 88' lang='lat' dir='ltr'><strong>Nam</strong></span> <span class='ocrx_word' id='word_1_443' title='bbox 3409 2374 3464 2420; x_wconf 89' lang='lat' dir='ltr'><strong>et</strong></span> <span class='ocrx_word' id='word_1_444' title='bbox 3489 2365 3598 2422; x_wconf 82' lang='lat' dir='ltr'><strong>Da-</strong></span> 
     </span>
    </p>
   </div>
   <div class='ocr_carea' id='block_1_54' title="bbox 1992 2458 3597 2531">
    <p class='ocr_par' dir='ltr' id='par_1_54' title="bbox 1992 2458 3597 2531">
     <span class='ocr_line' id='line_1_54' title="bbox 1992 2458 3597 2531; baseline 0.003 -20"><span class='ocrx_word' id='word_1_445' title='bbox 1992 2458 2080 2512; x_wconf 88' lang='lat' dir='ltr'><strong>vid</strong></span> <span class='ocrx_word' id='word_1_446' title='bbox 2106 2460 2157 2512; x_wconf 91' lang='lat' dir='ltr'><strong>in</strong></span> <span class='ocrx_word' id='word_1_447' title='bbox 2193 2458 2400 2528; x_wconf 84' lang='lat' dir='ltr'><strong>psalmo</strong></span> <span class='ocrx_word' id='word_1_448' title='bbox 2425 2459 2783 2514; x_wconf 86' lang='lat' dir='ltr'><strong>confessionis</strong></span> <span class='ocrx_word' id='word_1_449' title='bbox 2818 2468 2929 2514; x_wconf 89' lang='lat' dir='ltr'><strong>tres</strong></span> <span class='ocrx_word' id='word_1_450' title='bbox 2957 2462 3181 2529; x_wconf 84' lang='lat' dir='ltr'><strong>spiritus</strong></span> <span class='ocrx_word' id='word_1_451' title='bbox 3211 2462 3481 2531; x_wconf 76' lang='lat' dir='ltr'><strong>postulat;</strong></span> <span class='ocrx_word' id='word_1_452' title='bbox 3513 2462 3597 2516; x_wconf 84' lang='lat' dir='ltr'><strong>di-</strong></span> 
     </span>
    </p>
   </div>
   <div class='ocr_carea' id='block_1_55' title="bbox 1992 2551 3593 2633">
    <p class='ocr_par' dir='ltr' id='par_1_55' title="bbox 1992 2551 3593 2633">
     <span class='ocr_line' id='line_1_55' title="bbox 1992 2551 3593 2633; baseline 0.001 -27"><span class='ocrx_word' id='word_1_453' title='bbox 1992 2568 2122 2606; x_wconf 87' lang='lat' dir='ltr'><strong>cens</strong></span> <span class='ocrx_word' id='word_1_454' title='bbox 2152 2570 2164 2604; x_wconf 90' lang='lat'>:</span> <span class='ocrx_word' id='word_1_455' title='bbox 2201 2551 2403 2624; x_wconf 85' lang='lat' dir='ltr'><strong>Spiritu</strong></span> <span class='ocrx_word' id='word_1_456' title='bbox 2427 2553 2703 2625; x_wconf 86' lang='lat' dir='ltr'><strong>principali</strong></span> <span class='ocrx_word' id='word_1_457' title='bbox 2729 2553 2980 2623; x_wconf 76' lang='lat' dir='ltr'><strong>conﬁrma</strong></span> <span class='ocrx_word' id='word_1_458' title='bbox 3004 2570 3102 2607; x_wconf 88' lang='lat' dir='ltr'><strong>nte.</strong></span> <span class='ocrx_word' id='word_1_459' title='bbox 3137 2552 3303 2626; x_wconf 66' lang='grc'><strong>794</strong></span> <span class='ocrx_word' id='word_1_460' title='bbox 3335 2553 3593 2633; x_wconf 84' lang='lat' dir='ltr'><strong>Spiritum</strong></span> 
     </span>
    </p>
   </div>
   <div class='ocr_carea' id='block_1_56' title="bbox 1988 2646 3594 2716">
    <p class='ocr_par' dir='ltr' id='par_1_56' title="bbox 1988 2646 3594 2716">
     <span class='ocr_line' id='line_1_56' title="bbox 1988 2646 3594 2716; baseline 0.002 -17"><span class='ocrx_word' id='word_1_461' title='bbox 1988 2654 2182 2700; x_wconf 86' lang='lat' dir='ltr'><strong>rectum</strong></span> <span class='ocrx_word' id='word_1_462' title='bbox 2207 2647 2394 2701; x_wconf 83' lang='lat' dir='ltr'><strong>innoua</strong></span> <span class='ocrx_word' id='word_1_463' title='bbox 2419 2648 2471 2699; x_wconf 89' lang='lat' dir='ltr'><strong>in</strong></span> <span class='ocrx_word' id='word_1_464' title='bbox 2500 2647 2778 2701; x_wconf 85' lang='lat' dir='ltr'><strong>visceribus</strong></span> <span class='ocrx_word' id='word_1_465' title='bbox 2807 2649 2951 2701; x_wconf 84' lang='lat' dir='ltr'><strong>meis.</strong></span> <span class='ocrx_word' id='word_1_466' title='bbox 2979 2646 3239 2716; x_wconf 84' lang='lat' dir='ltr'><strong>Spiritum</strong></span> <span class='ocrx_word' id='word_1_467' title='bbox 3261 2658 3495 2703; x_wconf 88' lang='lat' dir='ltr'><strong>sanctum</strong></span> <span class='ocrx_word' id='word_1_468' title='bbox 3529 2664 3594 2703; x_wconf 86' lang='lat' dir='ltr'><strong>ne</strong></span> 
     </span>
    </p>
   </div>
   <div class='ocr_carea' id='block_1_57' title="bbox 1988 2738 3592 2811">
    <p class='ocr_par' dir='ltr' id='par_1_57' title="bbox 1988 2738 3592 2811">
     <span class='ocr_line' id='line_1_57' title="bbox 1988 2738 3592 2811; baseline 0.005 -19"><span class='ocrx_word' id='word_1_469' title='bbox 1988 2742 2195 2810; x_wconf 79' lang='lat' dir='ltr'><strong>auferas</strong></span> <span class='ocrx_word' id='word_1_470' title='bbox 2216 2758 2246 2793; x_wconf 94' lang='lat' dir='ltr'><strong>a</strong></span> <span class='ocrx_word' id='word_1_471' title='bbox 2270 2757 2347 2793; x_wconf 88' lang='lat' dir='ltr'><strong>me</strong></span> <span class='ocrx_word' id='word_1_472' title='bbox 2377 2740 2494 2811; x_wconf 83' lang='lat' dir='ltr'><strong>(Ps.</strong></span> <span class='ocrx_word' id='word_1_473' title='bbox 2521 2744 2590 2807; x_wconf 82' lang='grc'><strong>1.).</strong></span> <span class='ocrx_word' id='word_1_474' title='bbox 2627 2740 2725 2809; x_wconf 88' lang='lat' dir='ltr'><strong>Qui</strong></span> <span class='ocrx_word' id='word_1_475' title='bbox 2756 2752 2881 2795; x_wconf 91' lang='lat' dir='ltr'><strong>sunt</strong></span> <span class='ocrx_word' id='word_1_476' title='bbox 2900 2738 2993 2795; x_wconf 83' lang='lat' dir='ltr'><strong>isti</strong></span> <span class='ocrx_word' id='word_1_477' title='bbox 3027 2750 3138 2797; x_wconf 81' lang='lat' dir='ltr'><strong>tres</strong></span> <span class='ocrx_word' id='word_1_478' title='bbox 3162 2743 3411 2811; x_wconf 80' lang='lat' dir='ltr'><strong>spiritus?</strong></span> <span class='ocrx_word' id='word_1_479' title='bbox 3435 2744 3592 2800; x_wconf 84' lang='lat' dir='ltr'><strong>Prin-</strong></span> 
     </span>
    </p>
   </div>
   <div class='ocr_carea' id='block_1_58' title="bbox 1988 2832 3591 2904">
    <p class='ocr_par' dir='ltr' id='par_1_58' title="bbox 1988 2832 3591 2904">
     <span class='ocr_line' id='line_1_58' title="bbox 1988 2832 3591 2904; baseline 0.005 -17"><span class='ocrx_word' id='word_1_480' title='bbox 1988 2832 2184 2899; x_wconf 79' lang='lat' dir='ltr'><strong>cipalis</strong></span> <span class='ocrx_word' id='word_1_481' title='bbox 2203 2833 2458 2903; x_wconf 84' lang='lat' dir='ltr'><strong>Spiritus,</strong></span> <span class='ocrx_word' id='word_1_482' title='bbox 2495 2834 2656 2888; x_wconf 85' lang='lat' dir='ltr'><strong>Pater</strong></span> <span class='ocrx_word' id='word_1_483' title='bbox 2678 2848 2754 2888; x_wconf 90' lang='lat' dir='ltr'><strong>est</strong></span> <span class='ocrx_word' id='word_1_484' title='bbox 2782 2851 2793 2886; x_wconf 84' lang='lat'><strong>:</strong></span> <span class='ocrx_word' id='word_1_485' title='bbox 2819 2833 3054 2904; x_wconf 86' lang='lat' dir='ltr'><strong>Spiritus</strong></span> <span class='ocrx_word' id='word_1_486' title='bbox 3083 2849 3285 2901; x_wconf 90' lang='lat' dir='ltr'><strong>rectus,</strong></span> <span class='ocrx_word' id='word_1_487' title='bbox 3312 2838 3591 2895; x_wconf 77' lang='lat' dir='ltr'><strong>Christus:</strong></span> 
     </span>
    </p>
   </div>
   <div class='ocr_carea' id='block_1_59' title="bbox 1985 2925 3595 3003">
    <p class='ocr_par' dir='ltr' id='par_1_59' title="bbox 1985 2925 3595 3003">
     <span class='ocr_line' id='line_1_59' title="bbox 1985 2925 3595 3003; baseline 0.004 -22"><span class='ocrx_word' id='word_1_488' title='bbox 1985 2925 2221 2994; x_wconf 83' lang='lat' dir='ltr'><strong>Spiritus</strong></span> <span class='ocrx_word' id='word_1_489' title='bbox 2254 2936 2475 2982; x_wconf 90' lang='lat' dir='ltr'><strong>sanctus</strong></span> <span class='ocrx_word' id='word_1_490' title='bbox 2501 2969 2515 2990; x_wconf 93' lang='lat'><strong>,</strong></span> <span class='ocrx_word' id='word_1_491' title='bbox 2548 2928 2783 2997; x_wconf 89' lang='lat' dir='ltr'><strong>Spiritus</strong></span> <span class='ocrx_word' id='word_1_492' title='bbox 2813 2942 3033 2983; x_wconf 80' lang='lat' dir='ltr'><strong>saueius</strong></span> <span class='ocrx_word' id='word_1_493' title='bbox 3062 2941 3163 2985; x_wconf 89' lang='lat' dir='ltr'><strong>est.</strong></span> <span class='ocrx_word' id='word_1_494' title='bbox 3215 2932 3338 2987; x_wconf 80' lang='lat' dir='ltr'><strong>lltcc</strong></span> <span class='ocrx_word' id='word_1_495' title='bbox 3365 2932 3433 2987; x_wconf 84' lang='lat' dir='ltr'><strong>ad</strong></span> <span class='ocrx_word' id='word_1_496' title='bbox 3466 2946 3595 3003; x_wconf 87' lang='lat' dir='ltr'><strong>pro-</strong></span> 
     </span>
    </p>
   </div>
   <div class='ocr_carea' id='block_1_60' title="bbox 1984 3022 3591 3096">
    <p class='ocr_par' dir='ltr' id='par_1_60' title="bbox 1984 3022 3591 3096">
     <span class='ocr_line' id='line_1_60' title="bbox 1984 3022 3591 3096; baseline 0.003 -19"><span class='ocrx_word' id='word_1_497' title='bbox 1984 3022 2256 3079; x_wconf 89' lang='lat' dir='ltr'><strong>bationem</strong></span> <span class='ocrx_word' id='word_1_498' title='bbox 2283 3025 2402 3094; x_wconf 87' lang='lat' dir='ltr'><strong>ejus</strong></span> <span class='ocrx_word' id='word_1_499' title='bbox 2425 3026 2501 3078; x_wconf 90' lang='lat' dir='ltr'><strong>rei</strong></span> <span class='ocrx_word' id='word_1_500' title='bbox 2536 3026 2803 3092; x_wconf 83' lang='lat' dir='ltr'><strong>diximus,</strong></span> <span class='ocrx_word' id='word_1_501' title='bbox 2842 3025 2985 3096; x_wconf 88' lang='lat' dir='ltr'><strong>quod</strong></span> <span class='ocrx_word' id='word_1_502' title='bbox 3018 3036 3041 3063; x_wconf 72' lang='grc' dir='ltr'>σε</span> <span class='ocrx_word' id='word_1_503' title='bbox 3077 3028 3347 3081; x_wconf 51' lang='lat' dir='ltr'><strong>habitatus-</strong></span> <span class='ocrx_word' id='word_1_504' title='bbox 3382 3039 3464 3083; x_wconf 72' lang='lat' dir='ltr'><strong>est</strong></span> <span class='ocrx_word' id='word_1_505' title='bbox 3497 3044 3591 3082; x_wconf 88' lang='lat' dir='ltr'><strong>or—</strong></span> 
     </span>
    </p>
   </div>
   <div class='ocr_carea' id='block_1_61' title="bbox 1984 3117 3591 3190">
    <p class='ocr_par' dir='ltr' id='par_1_61' title="bbox 1984 3117 3591 3190">
     <span class='ocr_line' id='line_1_61' title="bbox 1984 3117 3591 3190; baseline 0.003 -18"><span class='ocrx_word' id='word_1_506' title='bbox 1984 3117 2065 3172; x_wconf 91' lang='lat' dir='ltr'><strong>bis</strong></span> <span class='ocrx_word' id='word_1_507' title='bbox 2094 3129 2361 3173; x_wconf 90' lang='lat' dir='ltr'><strong>terrarnm</strong></span> <span class='ocrx_word' id='word_1_508' title='bbox 2404 3120 2455 3173; x_wconf 94' lang='lat' dir='ltr'><strong>in</strong></span> <span class='ocrx_word' id='word_1_509' title='bbox 2484 3119 2750 3189; x_wconf 89' lang='lat' dir='ltr'><strong>sapientia</strong></span> <span class='ocrx_word' id='word_1_510' title='bbox 2785 3119 3102 3174; x_wconf 86' lang='lat' dir='ltr'><strong>fabricantis</strong></span> <span class='ocrx_word' id='word_1_511' title='bbox 3134 3137 3284 3176; x_wconf 83' lang='lat' dir='ltr'><strong>eunt.</strong></span> <span class='ocrx_word' id='word_1_512' title='bbox 3316 3120 3591 3190; x_wconf 85' lang='lat' dir='ltr'><strong>Sapientia</strong></span> 
     </span>
    </p>
   </div>
   <div class='ocr_carea' id='block_1_62' title="bbox 271 3213 3588 3290">
    <p class='ocr_par' dir='ltr' id='par_1_62' title="bbox 271 3213 3588 3290">
     <span class='ocr_line' id='line_1_62' title="bbox 271 3213 3588 3290; baseline 0.001 -22"><span class='ocrx_word' id='word_1_513' title='bbox 271 3217 419 3287; x_wconf 92' lang='lat' dir='ltr'><strong>quod</strong></span> <span class='ocrx_word' id='word_1_514' title='bbox 444 3216 569 3272; x_wconf 78' lang='lat' dir='ltr'><strong>vita:</strong></span> <span class='ocrx_word' id='word_1_515' title='bbox 588 3217 845 3288; x_wconf 88' lang='lat' dir='ltr'><strong>spatium,</strong></span> <span class='ocrx_word' id='word_1_516' title='bbox 874 3234 1001 3289; x_wconf 84' lang='lat' dir='ltr'><strong>roga</strong></span> <span class='ocrx_word' id='word_1_517' title='bbox 1046 3228 1103 3273; x_wconf 91' lang='lat' dir='ltr'><strong>ut</strong></span> <span class='ocrx_word' id='word_1_518' title='bbox 1134 3220 1528 3290; x_wconf 85' lang='lat' dir='ltr'><strong>aliquantisper</strong></span> <span class='ocrx_word' id='word_1_519' title='bbox 1550 3220 1604 3273; x_wconf 92' lang='lat' dir='ltr'><strong>in</strong></span> <span class='ocrx_word' id='word_1_520' title='bbox 1636 3220 1735 3273; x_wconf 90' lang='lat' dir='ltr'><strong>hac</strong></span> <span class='ocrx_word' id='word_1_521' title='bbox 1757 3220 1875 3274; x_wconf 90' lang='lat' dir='ltr'><strong>luce</strong></span> <span class='ocrx_word' id='word_1_522' title='bbox 1903 3216 1947 3277; x_wconf 89' lang='lat' dir='ltr'><strong>C</strong></span> <span class='ocrx_word' id='word_1_523' title='bbox 1981 3213 2172 3284; x_wconf 69' lang='lat' dir='ltr'><strong>quippe</strong></span> <span class='ocrx_word' id='word_1_524' title='bbox 2193 3214 2536 3269; x_wconf 66' lang='lat' dir='ltr'><strong>auxiliabitur</strong></span> <span class='ocrx_word' id='word_1_525' title='bbox 2555 3217 2694 3285; x_wconf 81' lang='lat' dir='ltr'><strong>iusto</strong></span> <span class='ocrx_word' id='word_1_526' title='bbox 2724 3231 2878 3286; x_wconf 86' lang='lat' dir='ltr'><strong>super</strong></span> <span class='ocrx_word' id='word_1_527' title='bbox 2912 3215 3085 3268; x_wconf 82' lang='lat' dir='ltr'><strong>decem</strong></span> <span class='ocrx_word' id='word_1_528' title='bbox 3116 3225 3417 3280; x_wconf 87' lang='lat' dir='ltr'><strong>potestatem</strong></span> <span class='ocrx_word' id='word_1_529' title='bbox 3437 3215 3464 3255; x_wconf 76' lang='grc' dir='ltr'><strong><em>ἀ</em></strong></span> <span class='ocrx_word' id='word_1_530' title='bbox 3498 3220 3588 3271; x_wconf 87' lang='lat' dir='ltr'><strong>ha-</strong></span> 
     </span>
    </p>
   </div>
   <div class='ocr_carea' id='block_1_63' title="bbox 275 3310 1875 3377">
    <p class='ocr_par' dir='ltr' id='par_1_63' title="bbox 275 3310 1875 3377">
     <span class='ocr_line' id='line_1_63' title="bbox 275 3310 1875 3377; baseline 0.001 -13"><span class='ocrx_word' id='word_1_531' title='bbox 275 3324 646 3377; x_wconf 85' lang='lat' dir='ltr'><strong>permaneam.</strong></span> <span class='ocrx_word' id='word_1_532' title='bbox 674 3310 1184 3375; x_wconf 83' lang='lat' dir='ltr'><strong>lstamemorautes,</strong></span> <span class='ocrx_word' id='word_1_533' title='bbox 1206 3326 1311 3365; x_wconf 89' lang='lat' dir='ltr'><strong>non</strong></span> <span class='ocrx_word' id='word_1_534' title='bbox 1336 3312 1476 3367; x_wconf 90' lang='lat' dir='ltr'><strong>diem</strong></span> <span class='ocrx_word' id='word_1_535' title='bbox 1496 3322 1739 3366; x_wconf 86' lang='lat' dir='ltr'><strong>sanctum</strong></span> <span class='ocrx_word' id='word_1_536' title='bbox 1771 3312 1875 3365; x_wconf 93' lang='lat' dir='ltr'><strong>Do-</strong></span> 
     </span>
    </p>
   </div>
   <div class='ocr_carea' id='block_1_64' title="bbox 271 3404 1873 3476">
    <p class='ocr_par' dir='ltr' id='par_1_64' title="bbox 271 3404 1873 3476">
     <span class='ocr_line' id='line_1_64' title="bbox 271 3404 1873 3476; baseline 0.003 -19"><span class='ocrx_word' id='word_1_537' title='bbox 271 3405 427 3470; x_wconf 89' lang='lat' dir='ltr'><strong>mini,</strong></span> <span class='ocrx_word' id='word_1_538' title='bbox 457 3404 552 3459; x_wconf 90' lang='lat' dir='ltr'><strong>sed</strong></span> <span class='ocrx_word' id='word_1_539' title='bbox 590 3404 734 3460; x_wconf 91' lang='lat' dir='ltr'><strong>diem</strong></span> <span class='ocrx_word' id='word_1_540' title='bbox 778 3405 1015 3461; x_wconf 88' lang='lat' dir='ltr'><strong>hominis</strong></span> <span class='ocrx_word' id='word_1_541' title='bbox 1056 3406 1454 3463; x_wconf 67' lang='lat' dir='ltr'><strong>desideramus.</strong></span> <span class='ocrx_word' id='word_1_542' title='bbox 1510 3406 1873 3476; x_wconf 81' lang='lat' dir='ltr'><strong>Quapropter,</strong></span> 
     </span>
    </p>
   </div>
   <div class='ocr_carea' id='block_1_65' title="bbox 271 3497 1877 3569">
    <p class='ocr_par' dir='ltr' id='par_1_65' title="bbox 271 3497 1877 3569">
     <span class='ocr_line' id='line_1_65' title="bbox 271 3497 1877 3569; baseline 0.001 -18"><span class='ocrx_word' id='word_1_543' title='bbox 271 3497 453 3565; x_wconf 72' lang='lat' dir='ltr'><strong>longa:</strong></span> <span class='ocrx_word' id='word_1_544' title='bbox 479 3498 603 3552; x_wconf 74' lang='lat' dir='ltr'><strong>vitm</strong></span> <span class='ocrx_word' id='word_1_545' title='bbox 628 3514 815 3554; x_wconf 88' lang='lat' dir='ltr'><strong>amore</strong></span> <span class='ocrx_word' id='word_1_546' title='bbox 839 3499 1107 3569; x_wconf 90' lang='lat' dir='ltr'><strong>deposito,</strong></span> <span class='ocrx_word' id='word_1_547' title='bbox 1132 3508 1189 3555; x_wconf 93' lang='lat' dir='ltr'><strong>et</strong></span> <span class='ocrx_word' id='word_1_548' title='bbox 1210 3499 1484 3555; x_wconf 90' lang='lat' dir='ltr'><strong>desiderio</strong></span> <span class='ocrx_word' id='word_1_549' title='bbox 1508 3498 1877 3555; x_wconf 81' lang='lat' dir='ltr'><strong>humamediei</strong></span> 
     </span>
    </p>
   </div>
   <div class='ocr_carea' id='block_1_66' title="bbox 271 3592 1877 3663">
    <p class='ocr_par' dir='ltr' id='par_1_66' title="bbox 271 3592 1877 3663">
     <span class='ocr_line' id='line_1_66' title="bbox 271 3592 1877 3663; baseline 0.003 -20"><span class='ocrx_word' id='word_1_550' title='bbox 271 3605 583 3660; x_wconf 57' lang='lat' dir='ltr'><strong>quaeramus</strong></span> <span class='ocrx_word' id='word_1_551' title='bbox 612 3592 757 3647; x_wconf 89' lang='lat' dir='ltr'><strong>illam</strong></span> <span class='ocrx_word' id='word_1_552' title='bbox 790 3594 933 3649; x_wconf 91' lang='lat' dir='ltr'><strong>diem</strong></span> <span class='ocrx_word' id='word_1_553' title='bbox 968 3594 1177 3663; x_wconf 88' lang='lat' dir='ltr'><strong>videre,</strong></span> <span class='ocrx_word' id='word_1_554' title='bbox 1226 3595 1282 3648; x_wconf 91' lang='lat' dir='ltr'><strong>in</strong></span> <span class='ocrx_word' id='word_1_555' title='bbox 1312 3611 1417 3663; x_wconf 90' lang='lat' dir='ltr'><strong>qua</strong></span> <span class='ocrx_word' id='word_1_556' title='bbox 1445 3595 1734 3663; x_wconf 87' lang='lat' dir='ltr'><strong>participes</strong></span> <span class='ocrx_word' id='word_1_557' title='bbox 1761 3594 1877 3662; x_wconf 87' lang='lat' dir='ltr'><strong>ejus</strong></span> 
     </span>
    </p>
   </div>
   <div class='ocr_carea' id='block_1_67' title="bbox 273 3682 1878 3755">
    <p class='ocr_par' dir='ltr' id='par_1_67' title="bbox 273 3682 1878 3755">
     <span class='ocr_line' id='line_1_67' title="bbox 273 3682 1878 3755; baseline 0.003 -19"><span class='ocrx_word' id='word_1_558' title='bbox 273 3682 658 3747; x_wconf 88' lang='lat' dir='ltr'><strong>beatitudinis,</strong></span> <span class='ocrx_word' id='word_1_559' title='bbox 682 3701 803 3755; x_wconf 72' lang='lat' dir='ltr'><strong>quas</strong></span> <span class='ocrx_word' id='word_1_560' title='bbox 830 3686 880 3741; x_wconf 90' lang='lat' dir='ltr'><strong>in</strong></span> <span class='ocrx_word' id='word_1_561' title='bbox 908 3686 1126 3742; x_wconf 87' lang='lat' dir='ltr'><strong>Christo</strong></span> <span class='ocrx_word' id='word_1_562' title='bbox 1153 3699 1265 3755; x_wconf 91' lang='lat' dir='ltr'><strong>est,</strong></span> <span class='ocrx_word' id='word_1_563' title='bbox 1306 3687 1628 3749; x_wconf 78' lang='lat' dir='ltr'><strong>efﬁciamur,</strong></span> <span class='ocrx_word' id='word_1_564' title='bbox 1679 3686 1765 3740; x_wconf 91' lang='lat' dir='ltr'><strong>cui</strong></span> <span class='ocrx_word' id='word_1_565' title='bbox 1793 3696 1878 3741; x_wconf 91' lang='lat' dir='ltr'><strong>est</strong></span> 
     </span>
    </p>
   </div>
   <div class='ocr_carea' id='block_1_68' title="bbox 272 3778 1773 3852">
    <p class='ocr_par' dir='ltr' id='par_1_68' title="bbox 272 3778 1773 3852">
     <span class='ocr_line' id='line_1_68' title="bbox 272 3778 1773 3852; baseline 0.003 -21"><span class='ocrx_word' id='word_1_566' title='bbox 272 3778 443 3851; x_wconf 78' lang='lat' dir='ltr'><strong>gloria</strong></span> <span class='ocrx_word' id='word_1_567' title='bbox 471 3789 528 3835; x_wconf 89' lang='lat' dir='ltr'><strong>et</strong></span> <span class='ocrx_word' id='word_1_568' title='bbox 558 3780 848 3852; x_wconf 89' lang='lat' dir='ltr'><strong>imperium</strong></span> <span class='ocrx_word' id='word_1_569' title='bbox 890 3783 945 3837; x_wconf 90' lang='lat' dir='ltr'><strong>in</strong></span> <span class='ocrx_word' id='word_1_570' title='bbox 974 3786 1172 3838; x_wconf 74' lang='lat' dir='ltr'><strong>saecula</strong></span> <span class='ocrx_word' id='word_1_571' title='bbox 1202 3786 1548 3838; x_wconf 64' lang='lat' dir='ltr'><strong>saeculorum.</strong></span> <span class='ocrx_word' id='word_1_572' title='bbox 1581 3791 1773 3836; x_wconf 82' lang='lat' dir='ltr'><strong>Amen.</strong></span> 
     </span>
    </p>
   </div>
   <div class='ocr_carea' id='block_1_69' title="bbox 774 3877 1376 3947">
    <p class='ocr_par' dir='ltr' id='par_1_69' title="bbox 774 3877 1376 3947">
     <span class='ocr_line' id='line_1_69' title="bbox 774 3877 1376 3947; baseline 0.002 -15"><span class='ocrx_word' id='word_1_573' title='bbox 774 3877 1051 3933; x_wconf 77' lang='lat' dir='ltr'><strong>HOMILIA</strong></span> <span class='ocrx_word' id='word_1_574' title='bbox 1095 3878 1376 3947; x_wconf 80' lang='lat' dir='ltr'><strong>QUINTA.</strong></span> 
     </span>
    </p>
   </div>
   <div class='ocr_carea' id='block_1_70' title="bbox 272 3967 1875 4049">
    <p class='ocr_par' dir='ltr' id='par_1_70' title="bbox 272 3967 1875 4049">
     <span class='ocr_line' id='line_1_70' title="bbox 272 3967 1875 4049; baseline 0.004 -25"><span class='ocrx_word' id='word_1_575' title='bbox 272 3967 349 4025; x_wconf 88' lang='lat' dir='ltr'><strong>De</strong></span> <span class='ocrx_word' id='word_1_576' title='bbox 378 3985 444 4026; x_wconf 92' lang='lat' dir='ltr'><strong>eo</strong></span> <span class='ocrx_word' id='word_1_577' title='bbox 482 3972 625 4043; x_wconf 91' lang='lat' dir='ltr'><strong>quod</strong></span> <span class='ocrx_word' id='word_1_578' title='bbox 672 3974 931 4049; x_wconf 73' lang='lat' dir='ltr'><strong>scriptum</strong></span> <span class='ocrx_word' id='word_1_579' title='bbox 961 3984 1076 4049; x_wconf 79' lang='lat' dir='ltr'><strong>est:</strong></span> <span class='ocrx_word' id='word_1_580' title='bbox 1128 3976 1230 4042; x_wconf 81' lang='lat' dir='ltr'><strong>Qui</strong></span> <span class='ocrx_word' id='word_1_581' title='bbox 1260 3976 1381 4045; x_wconf 84' lang='lat' dir='ltr'><strong>fecit</strong></span> <span class='ocrx_word' id='word_1_582' title='bbox 1404 3986 1603 4049; x_wconf 70' lang='lat' dir='ltr'><strong>terram</strong></span> <span class='ocrx_word' id='word_1_583' title='bbox 1634 3977 1685 4030; x_wconf 87' lang='lat' dir='ltr'><strong>iu</strong></span> <span class='ocrx_word' id='word_1_584' title='bbox 1722 3977 1875 4049; x_wconf 85' lang='lat' dir='ltr'><strong>forti-</strong></span> 
     </span>
    </p>
   </div>
   <div class='ocr_carea' id='block_1_71' title="bbox 667 4046 1475 4119">
    <p class='ocr_par' dir='ltr' id='par_1_71' title="bbox 667 4046 1475 4119">
     <span class='ocr_line' id='line_1_71' title="bbox 667 4046 1475 4119; baseline 0.005 -21"><span class='ocrx_word' id='word_1_585' title='bbox 667 4046 843 4101; x_wconf 86' lang='lat' dir='ltr'><strong>tudine</strong></span> <span class='ocrx_word' id='word_1_586' title='bbox 869 4063 983 4100; x_wconf 87' lang='lat' dir='ltr'><strong>sua.</strong></span> <span class='ocrx_word' id='word_1_587' title='bbox 1021 4046 1245 4118; x_wconf 87' lang='lat' dir='ltr'><strong>(.lerem.</strong></span> <span class='ocrx_word' id='word_1_588' title='bbox 1277 4065 1329 4111; x_wconf 70' lang='grc' dir='ltr'><strong>χ,</strong></span> <span class='ocrx_word' id='word_1_589' title='bbox 1364 4048 1475 4119; x_wconf 72' lang='grc'><strong>12.)</strong></span> 
     </span>
    </p>
   </div>
   <div class='ocr_carea' id='block_1_72' title="bbox 344 4135 1872 4213">
    <p class='ocr_par' dir='ltr' id='par_1_72' title="bbox 344 4135 1872 4213">
     <span class='ocr_line' id='line_1_72' title="bbox 344 4135 1872 4213; baseline 0.005 -23"><span class='ocrx_word' id='word_1_590' title='bbox 344 4135 506 4209; x_wconf 83' lang='lat'><strong>793</strong></span> <span class='ocrx_word' id='word_1_591' title='bbox 538 4137 673 4192; x_wconf 85' lang='lat' dir='ltr'><strong>Tres</strong></span> <span class='ocrx_word' id='word_1_592' title='bbox 701 4139 1103 4207; x_wconf 90' lang='lat' dir='ltr'><strong>quodammodo</strong></span> <span class='ocrx_word' id='word_1_593' title='bbox 1143 4142 1375 4195; x_wconf 79' lang='lat' dir='ltr'><strong>virtutes</strong></span> <span class='ocrx_word' id='word_1_594' title='bbox 1413 4157 1700 4197; x_wconf 88' lang='lat' dir='ltr'><strong>assumens</strong></span> <span class='ocrx_word' id='word_1_595' title='bbox 1743 4157 1872 4213; x_wconf 90' lang='lat' dir='ltr'><strong>pro-</strong></span> 
     </span>
    </p>
   </div>
   <div class='ocr_carea' id='block_1_73' title="bbox 274 4228 1870 4303">
    <p class='ocr_par' dir='ltr' id='par_1_73' title="bbox 274 4228 1870 4303">
     <span class='ocr_line' id='line_1_73' title="bbox 274 4228 1870 4303; baseline 0.005 -21"><span class='ocrx_word' id='word_1_596' title='bbox 274 4228 433 4298; x_wconf 81' lang='lat' dir='ltr'><strong>pheta</strong></span> <span class='ocrx_word' id='word_1_597' title='bbox 469 4230 839 4287; x_wconf 89' lang='lat' dir='ltr'><strong>fortitudinem</strong></span> <span class='ocrx_word' id='word_1_598' title='bbox 861 4276 875 4300; x_wconf 89' lang='lat'><strong>,</strong></span> <span class='ocrx_word' id='word_1_599' title='bbox 916 4233 1235 4303; x_wconf 86' lang='lat' dir='ltr'><strong>sapientiam</strong></span> <span class='ocrx_word' id='word_1_600' title='bbox 1258 4280 1272 4303; x_wconf 92' lang='lat'><strong>,</strong></span> <span class='ocrx_word' id='word_1_601' title='bbox 1304 4244 1465 4303; x_wconf 88' lang='lat' dir='ltr'><strong>atque</strong></span> <span class='ocrx_word' id='word_1_602' title='bbox 1506 4237 1870 4303; x_wconf 90' lang='lat' dir='ltr'><strong>prudentiam,</strong></span> 
     </span>
    </p>
   </div>
   <div class='ocr_carea' id='block_1_74' title="bbox 274 4325 1873 4398">
    <p class='ocr_par' dir='ltr' id='par_1_74' title="bbox 274 4325 1873 4398">
     <span class='ocr_line' id='line_1_74' title="bbox 274 4325 1873 4398; baseline 0.005 -21"><span class='ocrx_word' id='word_1_603' title='bbox 274 4325 562 4395; x_wconf 88' lang='lat' dir='ltr'><strong>unicuique</strong></span> <span class='ocrx_word' id='word_1_604' title='bbox 585 4342 769 4380; x_wconf 89' lang='lat' dir='ltr'><strong>earum</strong></span> <span class='ocrx_word' id='word_1_605' title='bbox 797 4329 1011 4396; x_wconf 83' lang='lat' dir='ltr'><strong>prepria</strong></span> <span class='ocrx_word' id='word_1_606' title='bbox 1034 4343 1198 4398; x_wconf 83' lang='lat' dir='ltr'><strong>opera</strong></span> <span class='ocrx_word' id='word_1_607' title='bbox 1230 4328 1537 4385; x_wconf 90' lang='lat' dir='ltr'><strong>distribuit:</strong></span> <span class='ocrx_word' id='word_1_608' title='bbox 1573 4329 1873 4385; x_wconf 83' lang='lat' dir='ltr'><strong>fortitudini</strong></span> 
     </span>
    </p>
   </div>
   <div class='ocr_carea' id='block_1_75' title="bbox 273 4416 1865 4490">
    <p class='ocr_par' dir='ltr' id='par_1_75' title="bbox 273 4416 1865 4490">
     <span class='ocr_line' id='line_1_75' title="bbox 273 4416 1865 4490; baseline 0.008 -22"><span class='ocrx_word' id='word_1_609' title='bbox 273 4423 496 4479; x_wconf 88' lang='lat' dir='ltr'><strong>terram,</strong></span> <span class='ocrx_word' id='word_1_610' title='bbox 520 4416 795 4485; x_wconf 68' lang='lat' dir='ltr'><strong>sapientize</strong></span> <span class='ocrx_word' id='word_1_611' title='bbox 814 4420 1003 4474; x_wconf 88' lang='lat' dir='ltr'><strong>orbem</strong></span> <span class='ocrx_word' id='word_1_612' title='bbox 1022 4430 1309 4488; x_wconf 85' lang='lat' dir='ltr'><strong>terrarum,</strong></span> <span class='ocrx_word' id='word_1_613' title='bbox 1335 4421 1634 4490; x_wconf 72' lang='lat' dir='ltr'><strong>prudenti-ac</strong></span> <span class='ocrx_word' id='word_1_614' title='bbox 1647 4424 1865 4480; x_wconf 79' lang='lat' dir='ltr'><strong>coelum.</strong></span> 
     </span>
    </p>
   </div>
   <div class='ocr_carea' id='block_1_76' title="bbox 272 4509 1873 4587">
    <p class='ocr_par' dir='ltr' id='par_1_76' title="bbox 272 4509 1873 4587">
     <span class='ocr_line' id='line_1_76' title="bbox 272 4509 1873 4587; baseline 0.003 -23"><span class='ocrx_word' id='word_1_615' title='bbox 272 4509 411 4564; x_wconf 86' lang='lat' dir='ltr'><strong>Audi</strong></span> <span class='ocrx_word' id='word_1_616' title='bbox 441 4510 639 4581; x_wconf 89' lang='lat' dir='ltr'><strong>quippe</strong></span> <span class='ocrx_word' id='word_1_617' title='bbox 677 4509 975 4580; x_wconf 75' lang='lat' dir='ltr'><strong>Scriptura:</strong></span> <span class='ocrx_word' id='word_1_618' title='bbox 1005 4513 1257 4569; x_wconf 86' lang='lat' dir='ltr'><strong>ordinem</strong></span> <span class='ocrx_word' id='word_1_619' title='bbox 1286 4532 1299 4568; x_wconf 89' lang='lat'><strong>:</strong></span> <span class='ocrx_word' id='word_1_620' title='bbox 1338 4514 1592 4569; x_wconf 86' lang='lat' dir='ltr'><strong>Dominus</strong></span> <span class='ocrx_word' id='word_1_621' title='bbox 1628 4517 1716 4587; x_wconf 88' lang='lat' dir='ltr'><strong>qui</strong></span> <span class='ocrx_word' id='word_1_622' title='bbox 1753 4517 1873 4587; x_wconf 87' lang='lat' dir='ltr'><strong>fecit</strong></span> 
     </span>
    </p>
   </div>
   <div class='ocr_carea' id='block_1_77' title="bbox 277 4605 1867 4678">
    <p class='ocr_par' dir='ltr' id='par_1_77' title="bbox 277 4605 1867 4678">
     <span class='ocr_line' id='line_1_77' title="bbox 277 4605 1867 4678; baseline 0.005 -24"><span class='ocrx_word' id='word_1_623' title='bbox 277 4612 464 4658; x_wconf 80' lang='lat' dir='ltr'><strong>terram</strong></span> <span class='ocrx_word' id='word_1_624' title='bbox 490 4605 545 4657; x_wconf 88' lang='lat' dir='ltr'><strong>in</strong></span> <span class='ocrx_word' id='word_1_625' title='bbox 575 4606 880 4676; x_wconf 76' lang='lat' dir='ltr'><strong>fortitudine</strong></span> <span class='ocrx_word' id='word_1_626' title='bbox 906 4624 1022 4674; x_wconf 86' lang='lat' dir='ltr'><strong>sua,</strong></span> <span class='ocrx_word' id='word_1_627' title='bbox 1055 4618 1102 4660; x_wconf 92' lang='lat' dir='ltr'><strong>et</strong></span> <span class='ocrx_word' id='word_1_628' title='bbox 1130 4610 1289 4661; x_wconf 75' lang='lat' dir='ltr'><strong>erexit</strong></span> <span class='ocrx_word' id='word_1_629' title='bbox 1325 4609 1495 4662; x_wconf 86' lang='lat' dir='ltr'><strong>orbem</strong></span> <span class='ocrx_word' id='word_1_630' title='bbox 1528 4610 1582 4661; x_wconf 85' lang='lat' dir='ltr'><strong>in</strong></span> <span class='ocrx_word' id='word_1_631' title='bbox 1612 4610 1867 4678; x_wconf 87' lang='lat' dir='ltr'><strong>sapientia</strong></span> 
     </span>
    </p>
   </div>
   <div class='ocr_carea' id='block_1_78' title="bbox 1984 3306 3592 3379">
    <p class='ocr_par' dir='ltr' id='par_1_78' title="bbox 1984 3306 3592 3379">
     <span class='ocr_line' id='line_1_78' title="bbox 1984 3306 3592 3379; baseline 0.003 -20"><span class='ocrx_word' id='word_1_632' title='bbox 1984 3307 2121 3360; x_wconf 88' lang='lat' dir='ltr'><strong>benti</strong></span> <span class='ocrx_word' id='word_1_633' title='bbox 2142 3307 2365 3361; x_wconf 84' lang='lat' dir='ltr'><strong>civitates</strong></span> <span class='ocrx_word' id='word_1_634' title='bbox 2392 3307 2560 3379; x_wconf 78' lang='lat' dir='ltr'><strong>(Eccl.</strong></span> <span class='ocrx_word' id='word_1_635' title='bbox 2594 3324 2688 3373; x_wconf 87' lang='lat' dir='ltr'><strong>vtt,</strong></span> <span class='ocrx_word' id='word_1_636' title='bbox 2717 3306 2831 3376; x_wconf 73' lang='lat'><strong>20).</strong></span> <span class='ocrx_word' id='word_1_637' title='bbox 2855 3307 3180 3370; x_wconf 84' lang='lat' dir='ltr'><strong>Sapientiam</strong></span> <span class='ocrx_word' id='word_1_638' title='bbox 3212 3322 3385 3362; x_wconf 82' lang='lat' dir='ltr'><strong>autem</strong></span> <span class='ocrx_word' id='word_1_639' title='bbox 3414 3320 3459 3363; x_wconf 88' lang='lat' dir='ltr'><strong>et</strong></span> <span class='ocrx_word' id='word_1_640' title='bbox 3482 3310 3592 3364; x_wconf 85' lang='lat' dir='ltr'><strong>dis-</strong></span> 
     </span>
    </p>
   </div>
   <div class='ocr_carea' id='block_1_79' title="bbox 1981 3401 3587 3473">
    <p class='ocr_par' dir='ltr' id='par_1_79' title="bbox 1981 3401 3587 3473">
     <span class='ocr_line' id='line_1_79' title="bbox 1981 3401 3587 3473; baseline 0.001 -18"><span class='ocrx_word' id='word_1_641' title='bbox 1981 3402 2227 3468; x_wconf 88' lang='lat' dir='ltr'><strong>ciplinam</strong></span> <span class='ocrx_word' id='word_1_642' title='bbox 2254 3404 2339 3470; x_wconf 89' lang='lat' dir='ltr'><strong>qui</strong></span> <span class='ocrx_word' id='word_1_643' title='bbox 2364 3401 2577 3473; x_wconf 82' lang='lat' dir='ltr'><strong>objicit,</strong></span> <span class='ocrx_word' id='word_1_644' title='bbox 2612 3403 2798 3472; x_wconf 77' lang='lat' dir='ltr'><strong>infelix</strong></span> <span class='ocrx_word' id='word_1_645' title='bbox 2828 3413 2932 3467; x_wconf 90' lang='lat' dir='ltr'><strong>est,</strong></span> <span class='ocrx_word' id='word_1_646' title='bbox 2968 3412 3015 3455; x_wconf 90' lang='lat' dir='ltr'><strong>et</strong></span> <span class='ocrx_word' id='word_1_647' title='bbox 3045 3418 3177 3456; x_wconf 81' lang='lat' dir='ltr'><strong>vana</strong></span> <span class='ocrx_word' id='word_1_648' title='bbox 3214 3420 3330 3471; x_wconf 87' lang='lat' dir='ltr'><strong>spes</strong></span> <span class='ocrx_word' id='word_1_649' title='bbox 3358 3405 3508 3473; x_wconf 88' lang='lat' dir='ltr'><strong>ejus:</strong></span> <span class='ocrx_word' id='word_1_650' title='bbox 3538 3411 3587 3457; x_wconf 86' lang='lat' dir='ltr'><strong>et</strong></span> 
     </span>
    </p>
   </div>
   <div class='ocr_carea' id='block_1_80' title="bbox 1980 3495 3578 3569">
    <p class='ocr_par' dir='ltr' id='par_1_80' title="bbox 1980 3495 3578 3569">
     <span class='ocr_line' id='line_1_80' title="bbox 1980 3495 3578 3569; baseline 0.001 -20"><span class='ocrx_word' id='word_1_651' title='bbox 1980 3496 2175 3550; x_wconf 87' lang='lat' dir='ltr'><strong>labores</strong></span> <span class='ocrx_word' id='word_1_652' title='bbox 2205 3499 2315 3569; x_wconf 83' lang='lat' dir='ltr'><strong>ejus</strong></span> <span class='ocrx_word' id='word_1_653' title='bbox 2355 3498 2629 3565; x_wconf 87' lang='lat' dir='ltr'><strong>insensati,</strong></span> <span class='ocrx_word' id='word_1_654' title='bbox 2660 3506 2707 3551; x_wconf 87' lang='lat' dir='ltr'><strong>et</strong></span> <span class='ocrx_word' id='word_1_655' title='bbox 2746 3497 2956 3550; x_wconf 73' lang='lat' dir='ltr'><strong>inutilia</strong></span> <span class='ocrx_word' id='word_1_656' title='bbox 2982 3513 3140 3565; x_wconf 84' lang='lat' dir='ltr'><strong>opera</strong></span> <span class='ocrx_word' id='word_1_657' title='bbox 3169 3500 3280 3568; x_wconf 81' lang='lat' dir='ltr'><strong>ejus</strong></span> <span class='ocrx_word' id='word_1_658' title='bbox 3308 3495 3467 3569; x_wconf 86' lang='lat' dir='ltr'><strong>(Sap.</strong></span> <span class='ocrx_word' id='word_1_659' title='bbox 3500 3511 3578 3567; x_wconf 81' lang='grc' dir='ltr'>ιιι,</span> 
     </span>
    </p>
   </div>
   <div class='ocr_carea' id='block_1_81' title="bbox 1982 3587 3580 3657">
    <p class='ocr_par' dir='ltr' id='par_1_81' title="bbox 1982 3587 3580 3657">
     <span class='ocr_line' id='line_1_81' title="bbox 1982 3587 3580 3657; baseline 0.003 -17"><span class='ocrx_word' id='word_1_660' title='bbox 1982 3587 2093 3657; x_wconf 78' lang='grc' dir='ltr'><strong>Η),</strong></span> <span class='ocrx_word' id='word_1_661' title='bbox 2127 3588 2202 3640; x_wconf 90' lang='lat' dir='ltr'><strong>ait</strong></span> <span class='ocrx_word' id='word_1_662' title='bbox 2232 3588 2530 3657; x_wconf 87' lang='lat' dir='ltr'><strong>Sapientia,</strong></span> <span class='ocrx_word' id='word_1_663' title='bbox 2565 3603 2685 3657; x_wconf 56' lang='lat' dir='ltr'><strong>quae</strong></span> <span class='ocrx_word' id='word_1_664' title='bbox 2718 3589 2878 3642; x_wconf 89' lang='lat' dir='ltr'><strong>titulo</strong></span> <span class='ocrx_word' id='word_1_665' title='bbox 2907 3588 3219 3643; x_wconf 86' lang='lat' dir='ltr'><strong>inscribitur</strong></span> <span class='ocrx_word' id='word_1_666' title='bbox 3240 3588 3580 3645; x_wconf 87' lang='lat' dir='ltr'><strong>Salomonis.</strong></span> 
     </span>
    </p>
   </div>
   <div class='ocr_carea' id='block_1_82' title="bbox 1928 3677 3578 3755">
    <p class='ocr_par' dir='ltr' id='par_1_82' title="bbox 1928 3677 3578 3755">
     <span class='ocr_line' id='line_1_82' title="bbox 1928 3677 3578 3755; baseline 0.001 -22"><span class='ocrx_word' id='word_1_667' title='bbox 1928 3686 1934 3692; x_wconf 87' lang='lat'>&#39;</span> <span class='ocrx_word' id='word_1_668' title='bbox 1979 3677 2187 3733; x_wconf 82' lang='lat' dir='ltr'><strong>Idcirco</strong></span> <span class='ocrx_word' id='word_1_669' title='bbox 2237 3689 2497 3748; x_wconf 87' lang='lat' dir='ltr'><strong>quantum</strong></span> <span class='ocrx_word' id='word_1_670' title='bbox 2540 3694 2850 3750; x_wconf 86' lang='lat' dir='ltr'><strong>possumus,</strong></span> <span class='ocrx_word' id='word_1_671' title='bbox 2896 3680 3148 3736; x_wconf 88' lang='lat' dir='ltr'><strong>laborare</strong></span> <span class='ocrx_word' id='word_1_672' title='bbox 3188 3681 3309 3753; x_wconf 79' lang='lat' dir='ltr'><strong>[AL</strong></span> <span class='ocrx_word' id='word_1_673' title='bbox 3351 3678 3578 3755; x_wconf 91' lang='lat' dir='ltr'><strong>labore]</strong></span> 
     </span>
    </p>
   </div>
   <div class='ocr_carea' id='block_1_83' title="bbox 1980 3772 3588 3843">
    <p class='ocr_par' dir='ltr' id='par_1_83' title="bbox 1980 3772 3588 3843">
     <span class='ocr_line' id='line_1_83' title="bbox 1980 3772 3588 3843; baseline 0.001 -18"><span class='ocrx_word' id='word_1_674' title='bbox 1980 3772 2239 3840; x_wconf 89' lang='lat' dir='ltr'><strong>nitamur,</strong></span> <span class='ocrx_word' id='word_1_675' title='bbox 2286 3782 2345 3827; x_wconf 92' lang='lat' dir='ltr'><strong>ut</strong></span> <span class='ocrx_word' id='word_1_676' title='bbox 2376 3773 2616 3827; x_wconf 87' lang='lat' dir='ltr'><strong>habitata</strong></span> <span class='ocrx_word' id='word_1_677' title='bbox 2651 3783 2674 3810; x_wconf 77' lang='grc' dir='ltr'>θ</span> <span class='ocrx_word' id='word_1_678' title='bbox 2700 3786 2887 3828; x_wconf 86' lang='lat' dir='ltr'><strong>nostra</strong></span> <span class='ocrx_word' id='word_1_679' title='bbox 2916 3790 2945 3826; x_wconf 92' lang='lat' dir='ltr'><strong>a</strong></span> <span class='ocrx_word' id='word_1_680' title='bbox 2978 3773 3242 3841; x_wconf 87' lang='lat' dir='ltr'><strong>sapientia</strong></span> <span class='ocrx_word' id='word_1_681' title='bbox 3274 3772 3370 3828; x_wconf 84' lang='lat' dir='ltr'><strong>Dei</strong></span> <span class='ocrx_word' id='word_1_682' title='bbox 3410 3774 3588 3843; x_wconf 80' lang='lat' dir='ltr'><strong>eriga-</strong></span> 
     </span>
    </p>
   </div>
   <div class='ocr_carea' id='block_1_84' title="bbox 1980 3862 3585 3935">
    <p class='ocr_par' dir='ltr' id='par_1_84' title="bbox 1980 3862 3585 3935">
     <span class='ocr_line' id='line_1_84' title="bbox 1980 3862 3585 3935; baseline 0.002 -18"><span class='ocrx_word' id='word_1_683' title='bbox 1980 3870 2084 3917; x_wconf 85' lang='lat' dir='ltr'><strong>tur.</strong></span> <span class='ocrx_word' id='word_1_684' title='bbox 2116 3862 2325 3919; x_wconf 81' lang='lat' dir='ltr'><strong>Cecidit</strong></span> <span class='ocrx_word' id='word_1_685' title='bbox 2354 3867 2556 3935; x_wconf 87' lang='lat' dir='ltr'><strong>quippe</strong></span> <span class='ocrx_word' id='word_1_686' title='bbox 2579 3909 2593 3932; x_wconf 91' lang='lat'><strong>,</strong></span> <span class='ocrx_word' id='word_1_687' title='bbox 2625 3874 2680 3921; x_wconf 90' lang='lat' dir='ltr'><strong>et</strong></span> <span class='ocrx_word' id='word_1_688' title='bbox 2710 3866 2776 3921; x_wconf 90' lang='lat' dir='ltr'><strong>de</strong></span> <span class='ocrx_word' id='word_1_689' title='bbox 2807 3866 3021 3923; x_wconf 68' lang='lat' dir='ltr'><strong>sublimi</strong></span> <span class='ocrx_word' id='word_1_690' title='bbox 3046 3868 3280 3935; x_wconf 90' lang='lat' dir='ltr'><strong>corruit,</strong></span> <span class='ocrx_word' id='word_1_691' title='bbox 3311 3866 3585 3922; x_wconf 89' lang='lat' dir='ltr'><strong>venienti-</strong></span> 
     </span>
    </p>
   </div>
   <div class='ocr_carea' id='block_1_85' title="bbox 1979 3958 3586 4017">
    <p class='ocr_par' dir='ltr' id='par_1_85' title="bbox 1979 3958 3586 4017">
     <span class='ocr_line' id='line_1_85' title="bbox 1979 3958 3586 4017; baseline 0.001 -4"><span class='ocrx_word' id='word_1_692' title='bbox 1979 3958 2081 4013; x_wconf 88' lang='lat' dir='ltr'><strong>bus</strong></span> <span class='ocrx_word' id='word_1_693' title='bbox 2109 3961 2264 4014; x_wconf 91' lang='lat' dir='ltr'><strong>nobis</strong></span> <span class='ocrx_word' id='word_1_694' title='bbox 2296 3962 2348 4014; x_wconf 92' lang='lat' dir='ltr'><strong>in</strong></span> <span class='ocrx_word' id='word_1_695' title='bbox 2386 3962 2565 4017; x_wconf 90' lang='lat' dir='ltr'><strong>locum</strong></span> <span class='ocrx_word' id='word_1_696' title='bbox 2594 3963 2758 4015; x_wconf 59' lang='lat' dir='ltr'><strong>istum</strong></span> <span class='ocrx_word' id='word_1_697' title='bbox 2793 3961 3153 4015; x_wconf 80' lang='lat' dir='ltr'><strong>tttiseriartnn.</strong></span> <span class='ocrx_word' id='word_1_698' title='bbox 3179 3960 3391 4016; x_wconf 83' lang='lat' dir='ltr'><strong>Cecidit</strong></span> <span class='ocrx_word' id='word_1_699' title='bbox 3430 3960 3586 4015; x_wconf 87' lang='lat' dir='ltr'><strong>habi-</strong></span> 
     </span>
    </p>
   </div>
   <div class='ocr_carea' id='block_1_86' title="bbox 1978 4051 3581 4126">
    <p class='ocr_par' dir='ltr' id='par_1_86' title="bbox 1978 4051 3581 4126">
     <span class='ocr_line' id='line_1_86' title="bbox 1978 4051 3581 4126; baseline 0.002 -20"><span class='ocrx_word' id='word_1_700' title='bbox 1978 4062 2089 4107; x_wconf 89' lang='lat' dir='ltr'><strong>tata</strong></span> <span class='ocrx_word' id='word_1_701' title='bbox 2126 4051 2145 4090; x_wconf 67' lang='grc' dir='ltr'>ί</span> <span class='ocrx_word' id='word_1_702' title='bbox 2180 4061 2363 4110; x_wconf 77' lang='lat' dir='ltr'><strong>nostra</strong></span> <span class='ocrx_word' id='word_1_703' title='bbox 2393 4063 2679 4126; x_wconf 89' lang='lat' dir='ltr'><strong>postquam</strong></span> <span class='ocrx_word' id='word_1_704' title='bbox 2708 4054 3070 4125; x_wconf 83' lang='lat' dir='ltr'><strong>peccavimus,</strong></span> <span class='ocrx_word' id='word_1_705' title='bbox 3098 4055 3281 4126; x_wconf 88' lang='lat' dir='ltr'><strong>inique</strong></span> <span class='ocrx_word' id='word_1_706' title='bbox 3311 4055 3539 4110; x_wconf 88' lang='lat' dir='ltr'><strong>fecimus</strong></span> <span class='ocrx_word' id='word_1_707' title='bbox 3564 4096 3581 4123; x_wconf 94' lang='lat'><strong>,</strong></span> 
     </span>
    </p>
   </div>
   <div class='ocr_carea' id='block_1_87' title="bbox 1976 4145 3589 4220">
    <p class='ocr_par' dir='ltr' id='par_1_87' title="bbox 1976 4145 3589 4220">
     <span class='ocr_line' id='line_1_87' title="bbox 1976 4145 3589 4220; baseline 0.002 -20"><span class='ocrx_word' id='word_1_708' title='bbox 1976 4145 2179 4216; x_wconf 86' lang='lat' dir='ltr'><strong>injuste</strong></span> <span class='ocrx_word' id='word_1_709' title='bbox 2208 4148 2436 4217; x_wconf 83' lang='lat' dir='ltr'><strong>egimus,</strong></span> <span class='ocrx_word' id='word_1_710' title='bbox 2465 4148 2630 4218; x_wconf 84' lang='lat' dir='ltr'><strong>impie</strong></span> <span class='ocrx_word' id='word_1_711' title='bbox 2657 4151 2948 4217; x_wconf 80' lang='lat' dir='ltr'><strong>gessimus,</strong></span> <span class='ocrx_word' id='word_1_712' title='bbox 2981 4158 3183 4220; x_wconf 85' lang='lat' dir='ltr'><strong>etpost</strong></span> <span class='ocrx_word' id='word_1_713' title='bbox 3208 4148 3417 4204; x_wconf 88' lang='lat' dir='ltr'><strong>ruinam</strong></span> <span class='ocrx_word' id='word_1_714' title='bbox 3446 4149 3589 4203; x_wconf 84' lang='lat' dir='ltr'><strong>indi-</strong></span> 
     </span>
    </p>
   </div>
   <div class='ocr_carea' id='block_1_88' title="bbox 1975 4239 3579 4308">
    <p class='ocr_par' dir='ltr' id='par_1_88' title="bbox 1975 4239 3579 4308">
     <span class='ocr_line' id='line_1_88' title="bbox 1975 4239 3579 4308; baseline 0.001 -14"><span class='ocrx_word' id='word_1_715' title='bbox 1975 4248 2064 4308; x_wconf 85' lang='lat' dir='ltr'><strong>get</strong></span> <span class='ocrx_word' id='word_1_716' title='bbox 2093 4240 2389 4295; x_wconf 88' lang='lat' dir='ltr'><strong>erectionc.</strong></span> <span class='ocrx_word' id='word_1_717' title='bbox 2419 4240 2474 4295; x_wconf 84' lang='lat' dir='ltr'><strong>Si</strong></span> <span class='ocrx_word' id='word_1_718' title='bbox 2529 4252 2707 4296; x_wconf 88' lang='lat' dir='ltr'><strong>autem</strong></span> <span class='ocrx_word' id='word_1_719' title='bbox 2760 4258 2864 4298; x_wconf 89' lang='lat' dir='ltr'><strong>non</strong></span> <span class='ocrx_word' id='word_1_720' title='bbox 2913 4245 2996 4298; x_wconf 89' lang='lat' dir='ltr'><strong>vis</strong></span> <span class='ocrx_word' id='word_1_721' title='bbox 3028 4245 3127 4297; x_wconf 70' lang='lat' dir='ltr'><strong>i~ta</strong></span> <span class='ocrx_word' id='word_1_722' title='bbox 3159 4243 3427 4297; x_wconf 87' lang='lat' dir='ltr'><strong>sententia</strong></span> <span class='ocrx_word' id='word_1_723' title='bbox 3479 4239 3579 4296; x_wconf 86' lang='lat' dir='ltr'><strong>ad-</strong></span> 
     </span>
    </p>
   </div>
   <div class='ocr_carea' id='block_1_89' title="bbox 1974 4333 3583 4405">
    <p class='ocr_par' dir='ltr' id='par_1_89' title="bbox 1974 4333 3583 4405">
     <span class='ocr_line' id='line_1_89' title="bbox 1974 4333 3583 4405; baseline 0.001 -17"><span class='ocrx_word' id='word_1_724' title='bbox 1974 4333 2122 4397; x_wconf 90' lang='lat' dir='ltr'><strong>duci,</strong></span> <span class='ocrx_word' id='word_1_725' title='bbox 2153 4348 2495 4387; x_wconf 87' lang='lat' dir='ltr'><strong>communem</strong></span> <span class='ocrx_word' id='word_1_726' title='bbox 2527 4335 2693 4389; x_wconf 88' lang='lat' dir='ltr'><strong>totius</strong></span> <span class='ocrx_word' id='word_1_727' title='bbox 2723 4336 2873 4391; x_wconf 89' lang='lat' dir='ltr'><strong>orbis</strong></span> <span class='ocrx_word' id='word_1_728' title='bbox 2903 4350 3210 4405; x_wconf 80' lang='lat' dir='ltr'><strong>qmeramus</strong></span> <span class='ocrx_word' id='word_1_729' title='bbox 3240 4336 3448 4390; x_wconf 85' lang='lat' dir='ltr'><strong>ruinam</strong></span> <span class='ocrx_word' id='word_1_730' title='bbox 3476 4376 3491 4395; x_wconf 83' lang='lat'><strong>.</strong></span> <span class='ocrx_word' id='word_1_731' title='bbox 3523 4344 3583 4390; x_wconf 90' lang='lat' dir='ltr'><strong>ut</strong></span> 
     </span>
    </p>
   </div>
   <div class='ocr_carea' id='block_1_90' title="bbox 1975 4425 3585 4497">
    <p class='ocr_par' dir='ltr' id='par_1_90' title="bbox 1975 4425 3585 4497">
     <span class='ocr_line' id='line_1_90' title="bbox 1975 4425 3585 4497; baseline 0.001 -17"><span class='ocrx_word' id='word_1_732' title='bbox 1975 4433 2098 4496; x_wconf 89' lang='lat' dir='ltr'><strong>post</strong></span> <span class='ocrx_word' id='word_1_733' title='bbox 2125 4440 2311 4480; x_wconf 91' lang='lat' dir='ltr'><strong>casum</strong></span> <span class='ocrx_word' id='word_1_734' title='bbox 2342 4426 2460 4493; x_wconf 84' lang='lat' dir='ltr'><strong>ejus</strong></span> <span class='ocrx_word' id='word_1_735' title='bbox 2480 4436 2879 4497; x_wconf 88' lang='lat' dir='ltr'><strong>consequenter</strong></span> <span class='ocrx_word' id='word_1_736' title='bbox 2900 4427 3045 4481; x_wconf 88' lang='lat' dir='ltr'><strong>Deus</strong></span> <span class='ocrx_word' id='word_1_737' title='bbox 3074 4428 3293 4496; x_wconf 82' lang='lat' dir='ltr'><strong>erigens</strong></span> <span class='ocrx_word' id='word_1_738' title='bbox 3324 4425 3585 4493; x_wconf 67' lang='lat' dir='ltr'><strong>prtedice-</strong></span> 
     </span>
    </p>
   </div>
   <div class='ocr_carea' id='block_1_91' title="bbox 1976 4520 3585 4590">
    <p class='ocr_par' dir='ltr' id='par_1_91' title="bbox 1976 4520 3585 4590">
     <span class='ocr_line' id='line_1_91' title="bbox 1976 4520 3585 4590; baseline 0.001 -15"><span class='ocrx_word' id='word_1_739' title='bbox 1976 4529 2085 4575; x_wconf 85' lang='lat' dir='ltr'><strong>tur.</strong></span> <span class='ocrx_word' id='word_1_740' title='bbox 2117 4520 2457 4590; x_wconf 86' lang='lat' dir='ltr'><strong>Quicumque</strong></span> <span class='ocrx_word' id='word_1_741' title='bbox 2503 4530 2587 4575; x_wconf 75' lang='lat' dir='ltr'><strong>est</strong></span> <span class='ocrx_word' id='word_1_742' title='bbox 2632 4522 2684 4574; x_wconf 90' lang='lat' dir='ltr'><strong>in</strong></span> <span class='ocrx_word' id='word_1_743' title='bbox 2720 4521 2827 4576; x_wconf 89' lang='lat' dir='ltr'><strong>isto</strong></span> <span class='ocrx_word' id='word_1_744' title='bbox 2880 4522 3033 4585; x_wconf 87' lang='lat' dir='ltr'><strong>orbe,</strong></span> <span class='ocrx_word' id='word_1_745' title='bbox 3078 4528 3203 4575; x_wconf 86' lang='lat' dir='ltr'><strong>ante</strong></span> <span class='ocrx_word' id='word_1_746' title='bbox 3247 4520 3585 4577; x_wconf 85' lang='lat' dir='ltr'><strong>erectionem</strong></span> 
     </span>
    </p>
   </div>
   <div class='ocr_carea' id='block_1_92' title="bbox 1977 4612 3586 4686">
    <p class='ocr_par' dir='ltr' id='par_1_92' title="bbox 1977 4612 3586 4686">
     <span class='ocr_line' id='line_1_92' title="bbox 1977 4612 3586 4686; baseline 0.001 -19"><span class='ocrx_word' id='word_1_747' title='bbox 1977 4612 2193 4667; x_wconf 87' lang='lat' dir='ltr'><strong>cecidit.</strong></span> <span class='ocrx_word' id='word_1_748' title='bbox 2236 4612 2293 4667; x_wconf 93' lang='lat' dir='ltr'><strong>Si</strong></span> <span class='ocrx_word' id='word_1_749' title='bbox 2342 4623 2525 4667; x_wconf 90' lang='lat' dir='ltr'><strong>autem</strong></span> <span class='ocrx_word' id='word_1_750' title='bbox 2570 4613 2788 4677; x_wconf 89' lang='lat' dir='ltr'><strong>cecidit,</strong></span> <span class='ocrx_word' id='word_1_751' title='bbox 2845 4621 3249 4684; x_wconf 83' lang='lat' dir='ltr'><strong>consequenter</strong></span> <span class='ocrx_word' id='word_1_752' title='bbox 3292 4614 3586 4686; x_wconf 67' lang='lat' dir='ltr'><strong>erigi-udus</strong></span> 
     </span>
    </p>
   </div>
   <div class='ocr_carea' id='block_1_93' title="bbox 278 4688 3584 4775">
    <p class='ocr_par' dir='ltr' id='par_1_93' title="bbox 278 4688 3584 4775">
     <span class='ocr_line' id='line_1_93' title="bbox 278 4688 3584 4775; baseline 0.004 -25"><span class='ocrx_word' id='word_1_753' title='bbox 278 4715 373 4751; x_wconf 85' lang='lat' dir='ltr'><strong>sua</strong></span> <span class='ocrx_word' id='word_1_754' title='bbox 402 4711 451 4751; x_wconf 87' lang='lat' dir='ltr'><strong>et</strong></span> <span class='ocrx_word' id='word_1_755' title='bbox 468 4700 913 4773; x_wconf 84' lang='lat' dir='ltr'><strong>insuaprudentia</strong></span> <span class='ocrx_word' id='word_1_756' title='bbox 932 4702 1157 4756; x_wconf 76' lang='lat' dir='ltr'><strong>extendit</strong></span> <span class='ocrx_word' id='word_1_757' title='bbox 1188 4703 1383 4756; x_wconf 82' lang='lat' dir='ltr'><strong>ctelum.</strong></span> <span class='ocrx_word' id='word_1_758' title='bbox 1414 4704 1479 4757; x_wconf 79' lang='lat' dir='ltr'><strong>Et</strong></span> <span class='ocrx_word' id='word_1_759' title='bbox 1502 4718 1600 4758; x_wconf 90' lang='lat' dir='ltr'><strong>nos</strong></span> <span class='ocrx_word' id='word_1_760' title='bbox 1632 4704 1798 4773; x_wconf 79' lang='lat' dir='ltr'><strong>igitur</strong></span> <span class='ocrx_word' id='word_1_761' title='bbox 1819 4704 1871 4758; x_wconf 92' lang='lat' dir='ltr'><strong>in</strong></span> <span class='ocrx_word' id='word_1_762' title='bbox 1902 4688 1955 4748; x_wconf 83' lang='lat' dir='ltr'><strong>D</strong></span> <span class='ocrx_word' id='word_1_763' title='bbox 1981 4706 2114 4763; x_wconf 90' lang='lat' dir='ltr'><strong>fuit:</strong></span> <span class='ocrx_word' id='word_1_764' title='bbox 2143 4722 2308 4761; x_wconf 91' lang='lat' dir='ltr'><strong>nemo</strong></span> <span class='ocrx_word' id='word_1_765' title='bbox 2355 4706 2559 4775; x_wconf 88' lang='lat' dir='ltr'><strong>quippe</strong></span> <span class='ocrx_word' id='word_1_766' title='bbox 2598 4707 2718 4761; x_wconf 89' lang='lat' dir='ltr'><strong>sine</strong></span> <span class='ocrx_word' id='word_1_767' title='bbox 2762 4722 2890 4762; x_wconf 88' lang='lat' dir='ltr'><strong>casu</strong></span> <span class='ocrx_word' id='word_1_768' title='bbox 2928 4707 3262 4763; x_wconf 75' lang='lat' dir='ltr'><strong>sublevatur.</strong></span> <span class='ocrx_word' id='word_1_769' title='bbox 3307 4707 3364 4764; x_wconf 89' lang='lat' dir='ltr'><strong>Si</strong></span> <span class='ocrx_word' id='word_1_770' title='bbox 3399 4717 3584 4762; x_wconf 89' lang='lat' dir='ltr'><strong>autem</strong></span> 
     </span>
    </p>
   </div>
   <div class='ocr_carea' id='block_1_94' title="bbox 279 4797 1871 4871">
    <p class='ocr_par' dir='ltr' id='par_1_94' title="bbox 279 4797 1871 4871">
     <span class='ocr_line' id='line_1_94' title="bbox 279 4797 1871 4871; baseline 0.007 -26"><span class='ocrx_word' id='word_1_771' title='bbox 279 4803 468 4848; x_wconf 88' lang='lat' dir='ltr'><strong>nostra</strong></span> <span class='ocrx_word' id='word_1_772' title='bbox 499 4804 640 4850; x_wconf 81' lang='lat' dir='ltr'><strong>terra</strong></span> <span class='ocrx_word' id='word_1_773' title='bbox 664 4797 908 4871; x_wconf 87' lang='lat' dir='ltr'><strong>(dictum</strong></span> <span class='ocrx_word' id='word_1_774' title='bbox 939 4806 1021 4852; x_wconf 90' lang='lat' dir='ltr'><strong>est</strong></span> <span class='ocrx_word' id='word_1_775' title='bbox 1049 4798 1250 4869; x_wconf 85' lang='lat' dir='ltr'><strong>quippe</strong></span> <span class='ocrx_word' id='word_1_776' title='bbox 1278 4798 1343 4852; x_wconf 91' lang='lat' dir='ltr'><strong>ad</strong></span> <span class='ocrx_word' id='word_1_777' title='bbox 1373 4798 1543 4853; x_wconf 85' lang='lat' dir='ltr'><strong>Adam</strong></span> <span class='ocrx_word' id='word_1_778' title='bbox 1572 4816 1585 4852; x_wconf 91' lang='lat'><strong>:</strong></span> <span class='ocrx_word' id='word_1_779' title='bbox 1631 4798 1793 4854; x_wconf 86' lang='lat' dir='ltr'><strong>Terra</strong></span> <span class='ocrx_word' id='word_1_780' title='bbox 1819 4817 1871 4856; x_wconf 90' lang='lat' dir='ltr'><strong>es</strong></span> 
     </span>
    </p>
   </div>
   <div class='ocr_carea' id='block_1_95' title="bbox 351 4950 1863 5031">
    <p class='ocr_par' dir='ltr' id='par_1_95' title="bbox 351 4950 1863 5031">
     <span class='ocr_line' id='line_1_95' title="bbox 351 4950 1863 5031; baseline 0.006 -26"><span class='ocrx_word' id='word_1_781' title='bbox 351 4960 377 4987; x_wconf 73' lang='grc'>⁸</span> <span class='ocrx_word' id='word_1_782' title='bbox 417 4950 474 5006; x_wconf 85' lang='grc' dir='ltr'><strong>1η</strong></span> <span class='ocrx_word' id='word_1_783' title='bbox 507 4952 698 5009; x_wconf 63' lang='lat' dir='ltr'><strong>Greece</strong></span> <span class='ocrx_word' id='word_1_784' title='bbox 746 4956 1072 5031; x_wconf 54' lang='grc' dir='ltr'><strong>ἀρκούμενος.</strong></span> <span class='ocrx_word' id='word_1_785' title='bbox 1128 4956 1299 5031; x_wconf 71' lang='lat' dir='ltr'><strong>Yertit</strong></span> <span class='ocrx_word' id='word_1_786' title='bbox 1340 4958 1701 5029; x_wconf 85' lang='lat' dir='ltr'><strong>Hieronymus</strong></span> <span class='ocrx_word' id='word_1_787' title='bbox 1735 4963 1863 5029; x_wconf 88' lang='lat' dir='ltr'><strong>:qui</strong></span> 
     </span>
    </p>
   </div>
   <div class='ocr_carea' id='block_1_96' title="bbox 278 5027 1861 5097">
    <p class='ocr_par' dir='ltr' id='par_1_96' title="bbox 278 5027 1861 5097">
     <span class='ocr_line' id='line_1_96' title="bbox 278 5027 1861 5097; baseline 0.006 -21"><span class='ocrx_word' id='word_1_788' title='bbox 278 5033 567 5097; x_wconf 73' lang='lat' dir='ltr'><strong>contempta</strong></span> <span class='ocrx_word' id='word_1_789' title='bbox 606 5043 736 5079; x_wconf 81' lang='lat' dir='ltr'><strong>vana</strong></span> <span class='ocrx_word' id='word_1_790' title='bbox 767 5027 971 5097; x_wconf 79' lang='lat' dir='ltr'><strong>gloria;</strong></span> <span class='ocrx_word' id='word_1_791' title='bbox 1010 5027 1152 5097; x_wconf 90' lang='lat' dir='ltr'><strong>quod</strong></span> <span class='ocrx_word' id='word_1_792' title='bbox 1184 5030 1357 5097; x_wconf 91' lang='lat' dir='ltr'><strong>ipsum</strong></span> <span class='ocrx_word' id='word_1_793' title='bbox 1402 5027 1563 5086; x_wconf 82' lang='lat' dir='ltr'><strong>habet</strong></span> <span class='ocrx_word' id='word_1_794' title='bbox 1592 5049 1730 5085; x_wconf 87' lang='lat' dir='ltr'><strong>unus</strong></span> <span class='ocrx_word' id='word_1_795' title='bbox 1758 5027 1861 5086; x_wconf 77' lang='lat' dir='ltr'><strong>Re—</strong></span> 
     </span>
    </p>
   </div>
   <div class='ocr_carea' id='block_1_97' title="bbox 272 5096 1859 5171">
    <p class='ocr_par' dir='ltr' id='par_1_97' title="bbox 272 5096 1859 5171">
     <span class='ocr_line' id='line_1_97' title="bbox 272 5096 1859 5171; baseline 0.007 -23"><span class='ocrx_word' id='word_1_796' title='bbox 272 5096 375 5165; x_wconf 69' lang='grc' dir='ltr'><strong>εἰει)</strong></span> <span class='ocrx_word' id='word_1_797' title='bbox 420 5096 679 5152; x_wconf 84' lang='lat' dir='ltr'><strong>Biblioth.</strong></span> <span class='ocrx_word' id='word_1_798' title='bbox 726 5096 922 5171; x_wconf 61' lang='lat' dir='ltr'><strong>cortex.</strong></span> <span class='ocrx_word' id='word_1_799' title='bbox 966 5096 1118 5171; x_wconf 69' lang='lat' dir='ltr'><strong>Alter</strong></span> <span class='ocrx_word' id='word_1_800' title='bbox 1161 5096 1325 5156; x_wconf 65' lang='lat' dir='ltr'><strong>habet</strong></span> <span class='ocrx_word' id='word_1_801' title='bbox 1358 5122 1370 5155; x_wconf 87' lang='lat'><strong>:</strong></span> <span class='ocrx_word' id='word_1_802' title='bbox 1402 5103 1489 5171; x_wconf 89' lang='lat' dir='ltr'><strong>qui</strong></span> <span class='ocrx_word' id='word_1_803' title='bbox 1530 5114 1859 5159; x_wconf 76' lang='lat' dir='ltr'><strong>contennens</strong></span> 
     </span>
    </p>
   </div>
   <div class='ocr_carea' id='block_1_98' title="bbox 274 5169 1861 5243">
    <p class='ocr_par' dir='ltr' id='par_1_98' title="bbox 274 5169 1861 5243">
     <span class='ocr_line' id='line_1_98' title="bbox 274 5169 1861 5243; baseline 0.007 -24"><span class='ocrx_word' id='word_1_804' title='bbox 274 5170 735 5243; x_wconf 13' lang='lat' dir='ltr'><strong>canumigAIoriam.</strong></span> <span class='ocrx_word' id='word_1_805' title='bbox 766 5170 906 5238; x_wconf 88' lang='lat' dir='ltr'><strong>Quid</strong></span> <span class='ocrx_word' id='word_1_806' title='bbox 936 5169 1253 5243; x_wconf 28' lang='lat' dir='ltr'><strong>si‘legamus</strong></span> <span class='ocrx_word' id='word_1_807' title='bbox 1284 5192 1295 5225; x_wconf 90' lang='lat'>:</span> <span class='ocrx_word' id='word_1_808' title='bbox 1330 5169 1422 5243; x_wconf 83' lang='lat' dir='ltr'><strong>qui</strong></span> <span class='ocrx_word' id='word_1_809' title='bbox 1457 5183 1722 5229; x_wconf 88' lang='lat' dir='ltr'><strong>contentus</strong></span> <span class='ocrx_word' id='word_1_810' title='bbox 1758 5194 1861 5230; x_wconf 87' lang='lat' dir='ltr'><strong>una</strong></span> 
     </span>
    </p>
   </div>
   <div class='ocr_carea' id='block_1_99' title="bbox 272 5239 1863 5311">
    <p class='ocr_par' dir='ltr' id='par_1_99' title="bbox 272 5239 1863 5311">
     <span class='ocr_line' id='line_1_99' title="bbox 272 5239 1863 5311; baseline 0.008 -20"><span class='ocrx_word' id='word_1_811' title='bbox 272 5242 479 5311; x_wconf 86' lang='lat' dir='ltr'><strong>gloria?</strong></span> <span class='ocrx_word' id='word_1_812' title='bbox 508 5239 655 5296; x_wconf 89' lang='lat' dir='ltr'><strong>Sane</strong></span> <span class='ocrx_word' id='word_1_813' title='bbox 687 5243 735 5294; x_wconf 89' lang='lat' dir='ltr'><strong>id</strong></span> <span class='ocrx_word' id='word_1_814' title='bbox 768 5244 944 5295; x_wconf 86' lang='lat' dir='ltr'><strong>oratio</strong></span> <span class='ocrx_word' id='word_1_815' title='bbox 964 5239 1151 5297; x_wconf 70' lang='lat' dir='ltr'><strong>Grzeca</strong></span> <span class='ocrx_word' id='word_1_816' title='bbox 1182 5239 1440 5309; x_wconf 84' lang='lat' dir='ltr'><strong>postulat,</strong></span> <span class='ocrx_word' id='word_1_817' title='bbox 1470 5257 1525 5300; x_wconf 89' lang='lat' dir='ltr'><strong>et</strong></span> <span class='ocrx_word' id='word_1_818' title='bbox 1550 5247 1710 5301; x_wconf 88' lang='lat' dir='ltr'><strong>facile</strong></span> <span class='ocrx_word' id='word_1_819' title='bbox 1738 5248 1863 5303; x_wconf 90' lang='lat' dir='ltr'><strong>inde</strong></span> 
     </span>
    </p>
   </div>
   <div class='ocr_carea' id='block_1_100' title="bbox 280 5312 1363 5382">
    <p class='ocr_par' dir='ltr' id='par_1_100' title="bbox 280 5312 1363 5382">
     <span class='ocr_line' id='line_1_100' title="bbox 280 5312 1363 5382; baseline 0.005 -17"><span class='ocrx_word' id='word_1_820' title='bbox 280 5312 501 5382; x_wconf 76' lang='lat' dir='ltr'><strong>Vulgata</strong></span> <span class='ocrx_word' id='word_1_821' title='bbox 536 5314 691 5366; x_wconf 82' lang='lat' dir='ltr'><strong>lcCtiO</strong></span> <span class='ocrx_word' id='word_1_822' title='bbox 717 5312 928 5368; x_wconf 85' lang='lat' dir='ltr'><strong>detorta</strong></span> <span class='ocrx_word' id='word_1_823' title='bbox 956 5322 1061 5368; x_wconf 90' lang='lat' dir='ltr'><strong>est.</strong></span> <span class='ocrx_word' id='word_1_824' title='bbox 1105 5314 1363 5371; x_wconf 78' lang='lat' dir='ltr'><strong>HUETIUS.</strong></span> 
     </span>
    </p>
   </div>
   <div class='ocr_carea' id='block_1_101' title="bbox 344 5381 1862 5457">
    <p class='ocr_par' dir='ltr' id='par_1_101' title="bbox 344 5381 1862 5457">
     <span class='ocr_line' id='line_1_101' title="bbox 344 5381 1862 5457; baseline 0.008 -23"><span class='ocrx_word' id='word_1_825' title='bbox 344 5381 372 5420; x_wconf 65' lang='grc' dir='ltr'>δ</span> <span class='ocrx_word' id='word_1_826' title='bbox 395 5381 398 5382; x_wconf 59' lang='grc'><strong><em>⁷</em></strong></span> <span class='ocrx_word' id='word_1_827' title='bbox 419 5384 637 5457; x_wconf 75' lang='lat' dir='ltr'><strong>Vulgati</strong></span> <span class='ocrx_word' id='word_1_828' title='bbox 668 5384 1002 5439; x_wconf 85' lang='lat' dir='ltr'><strong>inhabitatus.</strong></span> <span class='ocrx_word' id='word_1_829' title='bbox 1057 5390 1121 5441; x_wconf 75' lang='lat' dir='ltr'><strong>At</strong></span> <span class='ocrx_word' id='word_1_830' title='bbox 1154 5389 1400 5457; x_wconf 78' lang='lat' dir='ltr'><strong>sequiori</strong></span> <span class='ocrx_word' id='word_1_831' title='bbox 1454 5404 1655 5456; x_wconf 50' lang='lat' dir='ltr'><strong>genere</strong></span> <span class='ocrx_word' id='word_1_832' title='bbox 1682 5390 1862 5445; x_wconf 84' lang='lat' dir='ltr'><strong>Raba-</strong></span> 
     </span>
    </p>
   </div>
   <div class='ocr_carea' id='block_1_102' title="bbox 275 5455 1866 5533">
    <p class='ocr_par' dir='ltr' id='par_1_102' title="bbox 275 5455 1866 5533">
     <span class='ocr_line' id='line_1_102' title="bbox 275 5455 1866 5533; baseline 0.006 -25"><span class='ocrx_word' id='word_1_833' title='bbox 275 5470 375 5508; x_wconf 92' lang='lat' dir='ltr'><strong>nus</strong></span> <span class='ocrx_word' id='word_1_834' title='bbox 408 5457 572 5533; x_wconf 65' lang='lat' dir='ltr'><strong>juxta</strong></span> <span class='ocrx_word' id='word_1_835' title='bbox 603 5455 882 5533; x_wconf 74' lang='lat' dir='ltr'><strong>Cra-cum,</strong></span> <span class='ocrx_word' id='word_1_836' title='bbox 911 5467 966 5533; x_wconf 73' lang='lat' dir='ltr'><strong>ut</strong></span> <span class='ocrx_word' id='word_1_837' title='bbox 996 5470 1049 5533; x_wconf 85' lang='lat' dir='ltr'><strong>et</strong></span> <span class='ocrx_word' id='word_1_838' title='bbox 1077 5455 1372 5533; x_wconf 61' lang='lat' dir='ltr'><strong>Origo-nem</strong></span> <span class='ocrx_word' id='word_1_839' title='bbox 1398 5455 1866 5533; x_wconf 21' lang='lat' dir='ltr'><strong>etillieronymum</strong></span> 
     </span>
    </p>
   </div>
   <div class='ocr_carea' id='block_1_103' title="bbox 273 5526 1424 5598">
    <p class='ocr_par' dir='ltr' id='par_1_103' title="bbox 273 5526 1424 5598">
     <span class='ocr_line' id='line_1_103' title="bbox 273 5526 1424 5598; baseline 0.006 -18"><span class='ocrx_word' id='word_1_840' title='bbox 273 5526 537 5580; x_wconf 81' lang='lat' dir='ltr'><strong>continuo</strong></span> <span class='ocrx_word' id='word_1_841' title='bbox 565 5534 843 5598; x_wconf 80' lang='lat' dir='ltr'><strong>accepisse</strong></span> <span class='ocrx_word' id='word_1_842' title='bbox 873 5528 1101 5584; x_wconf 68' lang='lat' dir='ltr'><strong>inferius</strong></span> <span class='ocrx_word' id='word_1_843' title='bbox 1121 5531 1424 5587; x_wconf 69' lang='lat' dir='ltr'><strong>coiistabit.</strong></span> 
     </span>
    </p>
   </div>
   <div class='ocr_carea' id='block_1_104' title="bbox 350 5599 1871 5669">
    <p class='ocr_par' dir='ltr' id='par_1_104' title="bbox 350 5599 1871 5669">
     <span class='ocr_line' id='line_1_104' title="bbox 350 5599 1871 5669; baseline 0.006 -18"><span class='ocrx_word' id='word_1_844' title='bbox 350 5608 371 5637; x_wconf 74' lang='grc' dir='ltr'><strong>ε</strong></span> <span class='ocrx_word' id='word_1_845' title='bbox 416 5599 586 5653; x_wconf 75' lang='lat' dir='ltr'><strong>Penes</strong></span> <span class='ocrx_word' id='word_1_846' title='bbox 630 5599 836 5653; x_wconf 82' lang='lat' dir='ltr'><strong>Raban.</strong></span> <span class='ocrx_word' id='word_1_847' title='bbox 870 5601 1009 5668; x_wconf 88' lang='lat' dir='ltr'><strong>quod</strong></span> <span class='ocrx_word' id='word_1_848' title='bbox 1050 5602 1302 5662; x_wconf 79' lang='lat' dir='ltr'><strong>habitata,</strong></span> <span class='ocrx_word' id='word_1_849' title='bbox 1327 5603 1382 5656; x_wconf 89' lang='lat' dir='ltr'><strong>id</strong></span> <span class='ocrx_word' id='word_1_850' title='bbox 1406 5614 1502 5669; x_wconf 88' lang='lat' dir='ltr'><strong>est,</strong></span> <span class='ocrx_word' id='word_1_851' title='bbox 1526 5604 1664 5658; x_wconf 88' lang='lat' dir='ltr'><strong>orbis</strong></span> <span class='ocrx_word' id='word_1_852' title='bbox 1705 5612 1871 5660; x_wconf 79' lang='lat' dir='ltr'><strong>terra-</strong></span> 
     </span>
    </p>
   </div>
   <div class='ocr_carea' id='block_1_105' title="bbox 274 5670 1867 5742">
    <p class='ocr_par' dir='ltr' id='par_1_105' title="bbox 274 5670 1867 5742">
     <span class='ocr_line' id='line_1_105' title="bbox 274 5670 1867 5742; baseline 0.006 -20"><span class='ocrx_word' id='word_1_853' title='bbox 274 5685 392 5723; x_wconf 87' lang='lat' dir='ltr'><strong>rum</strong></span> <span class='ocrx_word' id='word_1_854' title='bbox 421 5670 475 5742; x_wconf 74' lang='lat' dir='ltr'><strong>in</strong></span> <span class='ocrx_word' id='word_1_855' title='bbox 504 5671 764 5739; x_wconf 85' lang='lat' dir='ltr'><strong>sapientia</strong></span> <span class='ocrx_word' id='word_1_856' title='bbox 794 5670 890 5726; x_wconf 85' lang='lat' dir='ltr'><strong>Dei</strong></span> <span class='ocrx_word' id='word_1_857' title='bbox 919 5673 1174 5742; x_wconf 81' lang='lat' dir='ltr'><strong>fabriCota</strong></span> <span class='ocrx_word' id='word_1_858' title='bbox 1205 5674 1292 5729; x_wconf 86' lang='lat' dir='ltr'><strong>sit.</strong></span> <span class='ocrx_word' id='word_1_859' title='bbox 1346 5673 1453 5730; x_wconf 80' lang='lat' dir='ltr'><strong>Nec</strong></span> <span class='ocrx_word' id='word_1_860' title='bbox 1504 5677 1659 5730; x_wconf 84' lang='lat' dir='ltr'><strong>valde</strong></span> <span class='ocrx_word' id='word_1_861' title='bbox 1711 5676 1867 5732; x_wconf 84' lang='lat' dir='ltr'><strong>ablu-</strong></span> 
     </span>
    </p>
   </div>
   <div class='ocr_carea' id='block_1_106' title="bbox 275 5741 1867 5812">
    <p class='ocr_par' dir='ltr' id='par_1_106' title="bbox 275 5741 1867 5812">
     <span class='ocr_line' id='line_1_106' title="bbox 275 5741 1867 5812; baseline 0.004 -16"><span class='ocrx_word' id='word_1_862' title='bbox 275 5742 408 5796; x_wconf 92' lang='lat' dir='ltr'><strong>dunt</strong></span> <span class='ocrx_word' id='word_1_863' title='bbox 452 5741 515 5795; x_wconf 73' lang='grc' dir='ltr'><strong>Β.</strong></span> <span class='ocrx_word' id='word_1_864' title='bbox 546 5757 676 5797; x_wconf 87' lang='lat' dir='ltr'><strong>mss.</strong></span> <span class='ocrx_word' id='word_1_865' title='bbox 708 5760 873 5809; x_wconf 87' lang='lat' dir='ltr'><strong>penes</strong></span> <span class='ocrx_word' id='word_1_866' title='bbox 907 5741 1181 5812; x_wconf 81' lang='lat' dir='ltr'><strong>Huctium,</strong></span> <span class='ocrx_word' id='word_1_867' title='bbox 1222 5746 1359 5799; x_wconf 91' lang='lat' dir='ltr'><strong>orbis</strong></span> <span class='ocrx_word' id='word_1_868' title='bbox 1392 5757 1649 5801; x_wconf 87' lang='lat' dir='ltr'><strong>terrarum</strong></span> <span class='ocrx_word' id='word_1_869' title='bbox 1682 5748 1737 5801; x_wconf 88' lang='lat' dir='ltr'><strong>in</strong></span> <span class='ocrx_word' id='word_1_870' title='bbox 1780 5765 1867 5803; x_wconf 88' lang='lat' dir='ltr'><strong>sa-</strong></span> 
     </span>
    </p>
   </div>
   <div class='ocr_carea' id='block_1_107' title="bbox 278 5813 1865 5891">
    <p class='ocr_par' dir='ltr' id='par_1_107' title="bbox 278 5813 1865 5891">
     <span class='ocr_line' id='line_1_107' title="bbox 278 5813 1865 5891; baseline 0.005 -24"><span class='ocrx_word' id='word_1_871' title='bbox 278 5813 475 5884; x_wconf 87' lang='lat' dir='ltr'><strong>pientia</strong></span> <span class='ocrx_word' id='word_1_872' title='bbox 506 5813 605 5869; x_wconf 88' lang='lat' dir='ltr'><strong>Dei</strong></span> <span class='ocrx_word' id='word_1_873' title='bbox 637 5815 920 5885; x_wconf 83' lang='lat' dir='ltr'><strong>fabricatus</strong></span> <span class='ocrx_word' id='word_1_874' title='bbox 948 5817 1032 5870; x_wconf 85' lang='lat' dir='ltr'><strong>sit.</strong></span> <span class='ocrx_word' id='word_1_875' title='bbox 1066 5815 1321 5873; x_wconf 88' lang='lat' dir='ltr'><strong>Concinit</strong></span> <span class='ocrx_word' id='word_1_876' title='bbox 1358 5816 1647 5876; x_wconf 80' lang='lat' dir='ltr'><strong>Rabanicae</strong></span> <span class='ocrx_word' id='word_1_877' title='bbox 1673 5820 1865 5891; x_wconf 88' lang='lat' dir='ltr'><strong>impri-</strong></span> 
     </span>
    </p>
   </div>
   <div class='ocr_carea' id='block_1_108' title="bbox 1980 4798 3585 4872">
    <p class='ocr_par' dir='ltr' id='par_1_108' title="bbox 1980 4798 3585 4872">
     <span class='ocr_line' id='line_1_108' title="bbox 1980 4798 3585 4872; baseline -0.001 -15"><span class='ocrx_word' id='word_1_878' title='bbox 1980 4810 2197 4857; x_wconf 90' lang='lat' dir='ltr'><strong>erectus</strong></span> <span class='ocrx_word' id='word_1_879' title='bbox 2228 4809 2330 4867; x_wconf 86' lang='lat' dir='ltr'><strong>est,</strong></span> <span class='ocrx_word' id='word_1_880' title='bbox 2356 4798 2636 4854; x_wconf 89' lang='lat' dir='ltr'><strong>videamus</strong></span> <span class='ocrx_word' id='word_1_881' title='bbox 2664 4815 2786 4871; x_wconf 87' lang='lat' dir='ltr'><strong>quae</strong></span> <span class='ocrx_word' id='word_1_882' title='bbox 2816 4802 2971 4855; x_wconf 88' lang='lat' dir='ltr'><strong>ruina</strong></span> <span class='ocrx_word' id='word_1_883' title='bbox 3001 4802 3363 4872; x_wconf 73' lang='lat' dir='ltr'><strong>prmcesserit.</strong></span> <span class='ocrx_word' id='word_1_884' title='bbox 3383 4800 3585 4856; x_wconf 87' lang='lat' dir='ltr'><strong>Omnes</strong></span> 
     </span>
    </p>
   </div>
   <div class='ocr_carea' id='block_1_109' title="bbox 1971 4963 3587 5046">
    <p class='ocr_par' dir='ltr' id='par_1_109' title="bbox 1971 4963 3587 5046">
     <span class='ocr_line' id='line_1_109' title="bbox 1971 4963 3587 5046; baseline 0.007 -29"><span class='ocrx_word' id='word_1_885' title='bbox 1971 4963 2075 5046; x_wconf 83' lang='lat' dir='ltr'><strong>mis</strong></span> <span class='ocrx_word' id='word_1_886' title='bbox 2115 4964 2336 5046; x_wconf 70' lang='lat' dir='ltr'><strong>lectioni</strong></span> <span class='ocrx_word' id='word_1_887' title='bbox 2366 4964 2751 5046; x_wconf 28' lang='lat' dir='ltr'><strong>Grtecust-rnv</strong></span> <span class='ocrx_word' id='word_1_888' title='bbox 2794 4968 3086 5039; x_wconf 81' lang='grc' dir='ltr'><strong>οἰκουμένην</strong></span> <span class='ocrx_word' id='word_1_889' title='bbox 3112 4970 3201 5024; x_wconf 78' lang='grc' dir='ltr'><strong>οὐκ</strong></span> <span class='ocrx_word' id='word_1_890' title='bbox 3238 4965 3401 5032; x_wconf 76' lang='grc' dir='ltr'><strong>ἄλλως</strong></span> <span class='ocrx_word' id='word_1_891' title='bbox 3437 4992 3587 5046; x_wconf 68' lang='grc' dir='ltr'><strong>γινο-</strong></span> 
     </span>
    </p>
   </div>
   <div class='ocr_carea' id='block_1_110' title="bbox 1971 5037 2822 5113">
    <p class='ocr_par' dir='ltr' id='par_1_110' title="bbox 1971 5037 2822 5113">
     <span class='ocr_line' id='line_1_110' title="bbox 1971 5037 2822 5113; baseline 0.001 -22"><span class='ocrx_word' id='word_1_892' title='bbox 1971 5037 2186 5113; x_wconf 45' lang='grc' dir='ltr'><strong>μέηηνβ</strong></span> <span class='ocrx_word' id='word_1_893' title='bbox 2200 5038 2259 5113; x_wconf 19' lang='grc' dir='ltr'><strong>Αέν</strong></span> <span class='ocrx_word' id='word_1_894' title='bbox 2376 5038 2529 5113; x_wconf 78' lang='grc' dir='ltr'>σοφίᾳ</span> <span class='ocrx_word' id='word_1_895' title='bbox 2555 5044 2643 5093; x_wconf 80' lang='grc' dir='ltr'><strong>τοῦ</strong></span> <span class='ocrx_word' id='word_1_896' title='bbox 2669 5046 2822 5113; x_wconf 72' lang='grc' dir='ltr'>βιοῦ.</span> 
     </span>
    </p>
   </div>
   <div class='ocr_carea' id='block_1_111' title="bbox 2044 5105 3575 5181">
    <p class='ocr_par' dir='ltr' id='par_1_111' title="bbox 2044 5105 3575 5181">
     <span class='ocr_line' id='line_1_111' title="bbox 2044 5105 3575 5181; baseline 0.005 -21"><span class='ocrx_word' id='word_1_897' title='bbox 2044 5105 2071 5181; x_wconf 52' lang='lat'><strong>£1</strong></span> <span class='ocrx_word' id='word_1_898' title='bbox 2114 5105 2371 5163; x_wconf 67' lang='lat' dir='ltr'><strong>[tabanus</strong></span> <span class='ocrx_word' id='word_1_899' title='bbox 2440 5105 2609 5181; x_wconf 75' lang='lat' dir='ltr'><strong>super</strong></span> <span class='ocrx_word' id='word_1_900' title='bbox 2645 5108 2821 5163; x_wconf 88' lang='lat' dir='ltr'><strong>decem</strong></span> <span class='ocrx_word' id='word_1_901' title='bbox 2874 5121 3173 5177; x_wconf 83' lang='lat' dir='ltr'><strong>potestatem</strong></span> <span class='ocrx_word' id='word_1_902' title='bbox 3219 5111 3465 5167; x_wconf 86' lang='lat' dir='ltr'><strong>habentes</strong></span> <span class='ocrx_word' id='word_1_903' title='bbox 3516 5114 3575 5169; x_wconf 84' lang='lat' dir='ltr'><strong>in</strong></span> 
     </span>
    </p>
   </div>
   <div class='ocr_carea' id='block_1_112' title="bbox 1970 5178 3581 5261">
    <p class='ocr_par' dir='ltr' id='par_1_112' title="bbox 1970 5178 3581 5261">
     <span class='ocr_line' id='line_1_112' title="bbox 1970 5178 3581 5261; baseline 0.007 -30"><span class='ocrx_word' id='word_1_904' title='bbox 1970 5178 2193 5261; x_wconf 62' lang='lat' dir='ltr'><strong>civitate,</strong></span> <span class='ocrx_word' id='word_1_905' title='bbox 2227 5182 2468 5261; x_wconf 76' lang='lat' dir='ltr'><strong>pressius</strong></span> <span class='ocrx_word' id='word_1_906' title='bbox 2500 5178 2564 5261; x_wconf 66' lang='lat' dir='ltr'><strong>ad</strong></span> <span class='ocrx_word' id='word_1_907' title='bbox 2585 5180 3011 5261; x_wconf 64' lang='grc' dir='ltr'><strong>ϐτωοιιιῐι,ύπέρ</strong></span> <span class='ocrx_word' id='word_1_908' title='bbox 3028 5183 3581 5255; x_wconf 73' lang='grc' dir='ltr'><strong>δέκκέξουσιάζοντας,</strong></span> 
     </span>
    </p>
   </div>
   <div class='ocr_carea' id='block_1_113' title="bbox 1972 5248 2632 5328">
    <p class='ocr_par' dir='ltr' id='par_1_113' title="bbox 1972 5248 2632 5328">
     <span class='ocr_line' id='line_1_113' title="bbox 1972 5248 2632 5328; baseline 0.005 -22"><span class='ocrx_word' id='word_1_909' title='bbox 1972 5256 2095 5314; x_wconf 80' lang='grc' dir='ltr'><strong>τοὺς</strong></span> <span class='ocrx_word' id='word_1_910' title='bbox 2117 5248 2276 5328; x_wconf 66' lang='grc' dir='ltr'><strong>⁸ἔξιθι-σιξ</strong></span> <span class='ocrx_word' id='word_1_911' title='bbox 2382 5261 2445 5328; x_wconf 75' lang='grc' dir='ltr'>τῇ</span> <span class='ocrx_word' id='word_1_912' title='bbox 2469 5252 2632 5328; x_wconf 69' lang='grc' dir='ltr'><strong>πόλει.</strong></span> 
     </span>
    </p>
   </div>
   <div class='ocr_carea' id='block_1_114' title="bbox 2046 5324 3573 5400">
    <p class='ocr_par' dir='ltr' id='par_1_114' title="bbox 2046 5324 3573 5400">
     <span class='ocr_line' id='line_1_114' title="bbox 2046 5324 3573 5400; baseline 0.006 -23"><span class='ocrx_word' id='word_1_913' title='bbox 2046 5324 2492 5400; x_wconf 40' lang='grc' dir='ltr'>ο-Εςριιιιχίιιιιικ</span> <span class='ocrx_word' id='word_1_914' title='bbox 2524 5326 2648 5400; x_wconf 86' lang='lat' dir='ltr'><strong>hinc</strong></span> <span class='ocrx_word' id='word_1_915' title='bbox 2690 5339 2878 5381; x_wconf 89' lang='lat' dir='ltr'><strong>vocem</strong></span> <span class='ocrx_word' id='word_1_916' title='bbox 2907 5328 3105 5394; x_wconf 89' lang='lat' dir='ltr'><strong>anima,</strong></span> <span class='ocrx_word' id='word_1_917' title='bbox 3157 5344 3319 5400; x_wconf 87' lang='lat' dir='ltr'><strong>quam</strong></span> <span class='ocrx_word' id='word_1_918' title='bbox 3366 5328 3573 5399; x_wconf 77' lang='lat' dir='ltr'><strong>vulgati</strong></span> 
     </span>
    </p>
   </div>
   <div class='ocr_carea' id='block_1_115' title="bbox 1972 5393 3574 5456">
    <p class='ocr_par' dir='ltr' id='par_1_115' title="bbox 1972 5393 3574 5456">
     <span class='ocr_line' id='line_1_115' title="bbox 1972 5393 3574 5456; baseline 0.005 -9"><span class='ocrx_word' id='word_1_919' title='bbox 1972 5393 2095 5448; x_wconf 86' lang='lat' dir='ltr'><strong>libri</strong></span> <span class='ocrx_word' id='word_1_920' title='bbox 2127 5406 2319 5449; x_wconf 88' lang='lat' dir='ltr'><strong>contra</strong></span> <span class='ocrx_word' id='word_1_921' title='bbox 2345 5398 2586 5450; x_wconf 60' lang='lat' dir='ltr'><strong>auctoris</strong></span> <span class='ocrx_word' id='word_1_922' title='bbox 2629 5411 2867 5452; x_wconf 85' lang='lat' dir='ltr'><strong>mentem</strong></span> <span class='ocrx_word' id='word_1_923' title='bbox 2923 5393 3347 5455; x_wconf 72' lang='lat' dir='ltr'><strong>interseréhant.</strong></span> <span class='ocrx_word' id='word_1_924' title='bbox 3402 5393 3574 5456; x_wconf 75' lang='lat' dir='ltr'><strong>nan-</strong></span> 
     </span>
    </p>
   </div>
   <div class='ocr_carea' id='block_1_116' title="bbox 1970 5466 3571 5538">
    <p class='ocr_par' dir='ltr' id='par_1_116' title="bbox 1970 5466 3571 5538">
     <span class='ocr_line' id='line_1_116' title="bbox 1970 5466 3571 5538; baseline 0.007 -20"><span class='ocrx_word' id='word_1_925' title='bbox 1970 5474 2130 5538; x_wconf 85' lang='lat' dir='ltr'><strong>tatam</strong></span> <span class='ocrx_word' id='word_1_926' title='bbox 2159 5475 2385 5520; x_wconf 82' lang='lat' dir='ltr'><strong>nostrum</strong></span> <span class='ocrx_word' id='word_1_927' title='bbox 2401 5477 2562 5522; x_wconf 89' lang='lat' dir='ltr'><strong>vocat</strong></span> <span class='ocrx_word' id='word_1_928' title='bbox 2580 5466 2847 5537; x_wconf 81' lang='lat' dir='ltr'><strong>Origenes</strong></span> <span class='ocrx_word' id='word_1_929' title='bbox 2873 5470 3132 5526; x_wconf 90' lang='lat' dir='ltr'><strong>mundum</strong></span> <span class='ocrx_word' id='word_1_930' title='bbox 3167 5482 3436 5538; x_wconf 85' lang='lat' dir='ltr'><strong>nostrum,</strong></span> <span class='ocrx_word' id='word_1_931' title='bbox 3470 5487 3571 5529; x_wconf 90' lang='lat' dir='ltr'><strong>nec</strong></span> 
     </span>
    </p>
   </div>
   <div class='ocr_carea' id='block_1_117' title="bbox 1971 5536 3570 5604">
    <p class='ocr_par' dir='ltr' id='par_1_117' title="bbox 1971 5536 3570 5604">
     <span class='ocr_line' id='line_1_117' title="bbox 1971 5536 3570 5604; baseline 0.005 -13"><span class='ocrx_word' id='word_1_932' title='bbox 1971 5536 2187 5593; x_wconf 87' lang='lat' dir='ltr'><strong>inlicior</strong></span> <span class='ocrx_word' id='word_1_933' title='bbox 2218 5540 2433 5604; x_wconf 85' lang='lat' dir='ltr'><strong>proprie</strong></span> <span class='ocrx_word' id='word_1_934' title='bbox 2458 5536 2719 5604; x_wconf 74' lang='lat' dir='ltr'><strong>mentem,</strong></span> <span class='ocrx_word' id='word_1_935' title='bbox 2756 5542 2871 5595; x_wconf 89' lang='lat' dir='ltr'><strong>sive</strong></span> <span class='ocrx_word' id='word_1_936' title='bbox 2903 5545 3139 5596; x_wconf 88' lang='lat' dir='ltr'><strong>animam</strong></span> <span class='ocrx_word' id='word_1_937' title='bbox 3174 5544 3377 5598; x_wconf 74' lang='lat' dir='ltr'><strong>debere</strong></span> <span class='ocrx_word' id='word_1_938' title='bbox 3406 5536 3570 5599; x_wconf 84' lang='lat' dir='ltr'><strong>intel-</strong></span> 
     </span>
    </p>
   </div>
   <div class='ocr_carea' id='block_1_118' title="bbox 1970 5608 3571 5688">
    <p class='ocr_par' dir='ltr' id='par_1_118' title="bbox 1970 5608 3571 5688">
     <span class='ocr_line' id='line_1_118' title="bbox 1970 5608 3571 5688; baseline 0.007 -27"><span class='ocrx_word' id='word_1_939' title='bbox 1970 5608 2086 5688; x_wconf 51' lang='grc' dir='ltr'><strong>μςῇ</strong></span> <span class='ocrx_word' id='word_1_940' title='bbox 2112 5612 2424 5688; x_wconf 77' lang='lat' dir='ltr'><strong>ai_oau_t_e_m,</strong></span> <span class='ocrx_word' id='word_1_941' title='bbox 2457 5613 2703 5688; x_wconf 75' lang='lat' dir='ltr'><strong>nequeiu</strong></span> <span class='ocrx_word' id='word_1_942' title='bbox 2733 5611 2926 5668; x_wconf 71' lang='lat' dir='ltr'><strong>Grtcctt</strong></span> <span class='ocrx_word' id='word_1_943' title='bbox 2956 5612 3140 5688; x_wconf 77' lang='lat' dir='ltr'><strong>haberi</strong></span> <span class='ocrx_word' id='word_1_944' title='bbox 3157 5613 3370 5688; x_wconf 68' lang='grc' dir='ltr'><strong>ψυχὴν,</strong></span> <span class='ocrx_word' id='word_1_945' title='bbox 3394 5630 3571 5688; x_wconf 85' lang='lat' dir='ltr'><strong>neque</strong></span> 
     </span>
    </p>
   </div>
   <div class='ocr_carea' id='block_1_119' title="bbox 1971 5679 3572 5807">
    <p class='ocr_par' dir='ltr' id='par_1_119' title="bbox 1971 5679 3572 5807">
     <span class='ocr_line' id='line_1_119' title="bbox 1971 5679 3572 5807; baseline 0.007 -74"><span class='ocrx_word' id='word_1_946' title='bbox 1971 5679 2025 5807; x_wconf 40' lang='lat' dir='ltr'><strong>in</strong></span> <span class='ocrx_word' id='word_1_947' title='bbox 2058 5679 2252 5764; x_wconf 77' lang='lat' dir='ltr'><strong>Latina</strong></span> <span class='ocrx_word' id='word_1_948' title='bbox 2286 5682 2601 5754; x_wconf 87' lang='lat' dir='ltr'><strong>Hieronymi</strong></span> <span class='ocrx_word' id='word_1_949' title='bbox 2645 5683 3103 5753; x_wconf 84' lang='lat' dir='ltr'><strong>interpretatione</strong></span> <span class='ocrx_word' id='word_1_950' title='bbox 3154 5679 3353 5743; x_wconf 74' lang='lat' dir='ltr'><strong>lectum</strong></span> <span class='ocrx_word' id='word_1_951' title='bbox 3394 5704 3427 5743; x_wconf 90' lang='lat' dir='ltr'><strong>a</strong></span> <span class='ocrx_word' id='word_1_952' title='bbox 3457 5679 3572 5743; x_wconf 75' lang='lat' dir='ltr'><strong>Ra-</strong></span> 
     </span>
     <span class='ocr_line' id='line_1_120' title="bbox 2009 5766 2399 5807; baseline -0.003 0"><span class='ocrx_word' id='word_1_953' title='bbox 2009 5766 2115 5807; x_wconf 71' lang='lat'><strong>300</strong></span> <span class='ocrx_word' id='word_1_954' title='bbox 2146 5770 2399 5807; x_wconf 76' lang='lat' dir='ltr'><strong>animam.</strong></span> 
     </span>
    </p>
   </div>
   <div class='ocr_carea' id='block_1_120' title="bbox 2009 5766 2399 5807">
    <p class='ocr_par' dir='ltr' id='par_1_120' title="bbox 2009 5766 2399 5807">
     <span class='ocr_line' id='line_1_121' title="bbox 2009 5766 2399 5807; baseline -0.003 0"><span class='ocrx_word' id='word_1_955' title='bbox 2009 5766 2115 5807; x_wconf 86' lang='lat' dir='ltr'><strong>ano</strong></span> <span class='ocrx_word' id='word_1_956' title='bbox 2146 5770 2399 5807; x_wconf 77' lang='lat' dir='ltr'><strong>animam.</strong></span> 
     </span>
    </p>
   </div>
   <div class='ocr_carea' id='block_1_121' title="bbox 2048 5822 3575 5905">
    <p class='ocr_par' dir='ltr' id='par_1_121' title="bbox 2048 5822 3575 5905">
     <span class='ocr_line' id='line_1_122' title="bbox 2048 5822 3575 5905; baseline 0.01 -29"><span class='ocrx_word' id='word_1_957' title='bbox 2048 5822 2065 5861; x_wconf 73' lang='grc' dir='ltr'><em>τ</em></span> <span class='ocrx_word' id='word_1_958' title='bbox 2117 5823 2320 5881; x_wconf 85' lang='lat' dir='ltr'><strong>lterum</strong></span> <span class='ocrx_word' id='word_1_959' title='bbox 2362 5839 2552 5881; x_wconf 88' lang='lat' dir='ltr'><strong>vocem</strong></span> <span class='ocrx_word' id='word_1_960' title='bbox 2593 5826 2769 5881; x_wconf 89' lang='lat' dir='ltr'><strong>anima</strong></span> <span class='ocrx_word' id='word_1_961' title='bbox 2820 5826 2946 5885; x_wconf 92' lang='lat' dir='ltr'><strong>hinc</strong></span> <span class='ocrx_word' id='word_1_962' title='bbox 2996 5830 3299 5890; x_wconf 85' lang='lat' dir='ltr'><strong>amovimus</strong></span> <span class='ocrx_word' id='word_1_963' title='bbox 3335 5878 3349 5905; x_wconf 92' lang='lat'><strong>,</strong></span> <span class='ocrx_word' id='word_1_964' title='bbox 3409 5848 3575 5905; x_wconf 89' lang='lat' dir='ltr'><strong>quam</strong></span> 
     </span>
    </p>
   </div>
  </div>
