4104 6336
574 263 680 316 (ΙΞῚ

1837 263 1898 321 S.
1941 258 2212 322 EUSEBﬂ
2250 257 2638 319 HIEBONYMI

3744 264 3833 321 52%

574 378 890 436 corruimus
931 393 1030 450 per
1074 390 1364 450 peccatum
1406 382 1459 437 in
1490 382 1683 439 orbem
1726 380 1834 455 (At.
1870 379 2029 453 orbe]
2061 390 2175 438 ter—
2202 385 2253 447 Α
2282 396 2396 435 ram
2425 380 2523 436 ibis
2556 377 2716 451 (Gen.
2744 395 2822 443 ut.
2863 380 2986 447 10),
3019 392 3117 433 cur
3140 386 3362 449 prapter
3388 378 3667 449 caelestem,
3691 382 3734 438 ei
3762 385 3836 453 qui

574 491 796 531 rarum.
841 475 909 531 Et
947 474 1212 532 Dominus
1248 477 1341 545 qui
1377 478 1538 548 erigit
1567 478 1769 544 elisos,
1812 476 2051 533 elevavit
2083 490 2186 534 nos

578 569 827 639 iacentes
862 567 1044 641 (Psal.
1079 570 1289 640 chtv).
1333 569 1390 624 lu
1436 571 1607 625 Adam
1643 586 1840 630 omnes
1872 571 2139 626 morimur
2169 587 2182 624 :

577 668 744 729 atque
767 660 840 715 ita
870 662 1093 718 corruit
1115 662 1266 719 orbis
1296 670 1596 731 terrarum,
1631 674 1686 719 et
1717 663 1920 734 indiget
1947 662 2188 719 erectio-

580 769 669 820 ne,
701 764 759 808 ut
784 755 837 808 in
855 750 1080 810 Christo
1098 770 1293 811 onmes
1324 756 1689 812 viviﬁccmur.
1723 756 1893 827 lgitur
1909 756 2187 826 duplicem

583 847 931 903 intellectum
952 848 1020 903 de
1037 849 1172 903 orbe
1195 848 1554 904 tradidimus:
1582 865 1747 905 unum
1776 849 2053 920 quomodo
2071 850 2188 906 sin-

578 940 961 1012 gulaeanimze,
995 941 1368 997 authabitatze
1389 944 1520 1011 sint,
1547 951 1638 999 aut
1662 942 1926 999 descrtm:
1955 943 2187 998 alterum

575 1034 853 1107 quomodo
877 1036 1163 1091 universus
1185 1036 1334 1091 orbis
1356 1037 1518 1109 795
1557 1039 1709 1092 orbis
1739 1038 1941 1108 pariter
1968 1038 2187 1094 cecide-

578 1128 670 1182 rit.
708 1128 775 1184 Et
798 1129 850 1182 in
877 1145 973 1183 sua
1002 1128 1281 1197 prudentia
1310 1130 1538 1184 extendit
1562 1130 1764 1185 cwlum.
1808 1130 1924 1186 Non
1969 1130 2190 1186 fortuito

579 1222 845 1292 sapientia
880 1222 930 1277 in
952 1222 1076 1279 cmli
1099 1222 1417 1278 extensione
1438 1221 1889 1297 [At.ostensione]
1917 1233 2189 1295 assumpta

581 1323 699 1370 est:
730 1314 979 1370 invenies
1004 1322 1058 1370 et
1093 1316 1145 1371 in
1169 1314 1481 1370 Proverbiis
1512 1315 1716 1372 dictum
1752 1336 1765 1371 ;
1809 1317 2061 1372 Dominus
2099 1335 2189 1371 sa-

580 1411 776 1481 pientia
820 1409 1059 1473 fundavit
1107 1419 1323 1476 terram,
1366 1412 1675 1481 praeparavit
1716 1410 1870 1466 cmlos
1915 1412 2192 1483 prudentia

589 1504 773 1573 (Prov.
797 1521 877 1572 tu,
904 1504 1021 1575 19).
1055 1504 1152 1559 Est
1181 1519 1310 1576 ergo
1339 1505 1518 1576 aliqua
1555 1505 1838 1575 prudentia
1875 1507 1966 1563 Dei
1991 1548 2004 1569 ,
2029 1522 2189 1576 quam

588 1597 716 1651 nolo
748 1607 804 1651 ut
836 1605 991 1652 extra
1017 1596 1299 1652 Christum
1326 1598 1593 1667 requiras.
1623 1598 1817 1653 Omnia
1837 1599 2040 1668 quippe
2071 1612 2193 1667 qua:

589 1702 713 1746 sunt
749 1692 863 1755 Dei,
895 1690 1149 1747 Christus
1175 1699 1259 1746 est
1286 1710 1299 1746 :
1326 1691 1442 1761 ipse
1472 1690 1739 1761 sapientia
1769 1691 1908 1761 ejus,
1946 1692 2058 1760 ipse
2082 1691 2194 1745 lor-

2287 473 2580 542 imaginem
2609 473 2848 529 caelestis
2894 480 3090 541 portat,
3122 486 3230 527 non
3271 473 3548 529 conveniat
3571 472 3703 529 dici:
3735 476 3839 533 Cte-

2289 570 2399 626 lum
2428 586 2488 627 es
2514 615 2528 639 ,
2559 578 2615 626 et
2638 570 2690 625 in
2728 570 2928 626 coelum
2962 568 3066 623 ibis
3093 568 3116 618 ‘t
3156 566 3537 637 Unusquisque
3572 578 3736 625 autem
3761 586 3840 627 uo-

2289 674 2460 720 strum
2482 707 2496 732 ,
2529 673 2622 720 aut
2649 666 2889 720 cmlestia
2916 663 3056 719 facta
3092 661 3274 727 habet,
3305 671 3396 717 aut
3421 671 3621 719 terrena
3646 681 3658 718 :
3685 664 3725 717 si
3752 674 3841 723 ter-

2289 775 2418 815 rena
2452 760 2590 815 facta
2629 770 2778 825 sunt,
2810 757 2878 813 ad
2908 767 3200 827 cegnatam
3235 756 3341 812 sibi
3370 766 3563 811 terram
3605 756 3843 815 deducunt

2290 869 2414 909 eum
2458 854 2550 923 qui
2598 852 2932 907 thesaurizat
2975 865 3040 908 ea
3082 852 3138 906 in
3169 859 3351 918 terra,
3393 856 3449 904 et
3489 864 3591 905 non
3631 849 3680 904 in
3706 849 3839 906 ctelo.

2293 946 2640 1015 Rursumque
2672 946 2786 1000 haec
2809 960 2929 1013 quae
2955 944 3107 1014 iusta
3135 942 3393 999 virtutem
3418 951 3566 1013 gesta
3588 952 3721 1008 sunt,
3741 945 3842 1000 the-

2292 1041 2691 1095 saurizatorem
2744 1053 2902 1094 suum
2942 1038 3013 1093 ad
3052 1038 3428 1108 proquinquas
3465 1036 3565 1093 sibi
3610 1036 3838 1095 ctelorum

2295 1130 2551 1200 regiones
2597 1130 2928 1187 subvehunt.
2996 1129 3061 1185 Et
3102 1129 3325 1197 iunxit:
3372 1127 3605 1185 Educens
3632 1130 3771 1185 nubes
3794 1130 3845 1183 ab

2295 1235 2522 1281 extremo
2563 1236 2714 1280 terra:
2766 1223 2884 1294 (Ps.
2924 1239 3142 1288 cssxnv,
3176 1224 3257 1295 7).
3304 1222 3604 1279 Istiusmodi
3639 1222 3848 1293 diSputa-

2295 1320 2373 1373 tio
2402 1327 2457 1374 et
2484 1320 2535 1374 in
2562 1318 2777 1375 Psalmo
2810 1333 2981 1387 nuper
3008 1316 3221 1382 incidit,
3250 1326 3305 1373 et
3326 1317 3530 1372 dictum
3552 1324 3633 1372 est
3658 1330 3682 1367 a
3716 1315 3848 1370 nobis

2296 1410 2568 1479 quomodo
2615 1410 2757 1465 Deus
2796 1410 3049 1465 eduxerit
3094 1410 3267 1465 nubes
3309 1408 3379 1465 ab
3416 1416 3655 1463 extremo
3697 1416 3846 1463 term.

2296 1504 2449 1571 Quod
2476 1502 2698 1574 quidem
2728 1519 2871 1559 nunc
2900 1517 3114 1557 rursum
3139 1502 3389 1572 cogimur
3411 1508 3709 1565 retractare,
3736 1507 3785 1553 nt
3806 1498 3849 1554 bi

2297 1596 2391 1666 qui
2419 1596 2736 1662 audierunt,
2774 1596 3089 1662 plenissime
3110 1611 3229 1665 qua:
3258 1594 3437 1649 sciunt
3458 1590 3849 1656 reminiscantur,

2297 1703 2352 1749 et
2375 1694 2426 1748 hi
2457 1693 2547 1764 qui
2594 1706 2699 1747 non
2731 1690 3098 1746 interfuerunt
3127 1732 3140 1753 ,
3178 1698 3271 1745 aut
3298 1687 3449 1743 oltliti
3492 1695 3643 1752 sunt,
3680 1692 3852 1740 textum

586 1784 784 1847 titudo,
818 1783 937 1854 ipse
962 1783 1347 1849 sanctiﬁcatio,
1381 1784 1494 1854 ipse
1521 1783 1752 1853 iustitia,
1780 1786 1896 1855 ipse
1924 1782 2189 1840 sanctitas
2218 1779 2267 1844 B
2295 1786 2565 1842 sermonis
2586 1793 2902 1854 agnoscant,
2926 1798 3087 1852 quem
3116 1791 3265 1849 tunc,
3287 1788 3449 1850 prout
3472 1777 3737 1845 valuimus,
3757 1775 3851 1830 exi—

585 1886 637 1931 et
681 1876 1018 1944 redemptio,
1068 1875 1204 1944 ipse,
1234 1882 1293 1929 ut
1334 1874 1402 1929 ad
1447 1890 1686 1944 prtesens
1737 1876 1975 1941 veniam,
2027 1873 2191 1930 etiam

589 1969 899 2039 prudentia.
933 1968 1040 2025 Sed
1072 1982 1194 2024 cum
1237 1968 1310 2024 sit
1356 1983 1521 2023 unum
1561 1967 1615 2025 in
1645 1967 1949 2038 subiacenti
1977 1982 2073 2038 pro
2101 1983 2196 2024 va-

590 2061 786 2117 rietate
816 2074 1072 2117 sensuum
1098 2059 1332 2116 diversis
1352 2060 1633 2117 vocabulis
1656 2068 2016 2130 nuncupatur.
2036 2058 2195 2116 Aliud

588 2154 862 2224 signiticet
901 2153 1198 2219 sapientia,
1231 2152 1378 2208 aliud
1400 2153 1627 2222 iustitia.
1661 2152 1893 2220 Quando
1921 2154 2066 2209 enim
2111 2168 2198 2209 sa-

590 2250 797 2317 pientia
831 2247 857 2276 "
896 2246 1119 2313 dicitur,
1167 2246 1455 2315 disciplina
1504 2245 1605 2300 ista
1660 2245 1968 2302 divinarum
2008 2260 2195 2303 rerum

591 2344 1063 2408 humanarumque
1088 2340 1391 2407 institutio,
1422 2339 1642 2410 quando
1667 2340 1899 2409 iustitia,
1933 2340 2196 2397 distribu-

592 2444 678 2489 tor
709 2445 762 2491 et
787 2435 952 2504 iudex
981 2434 1300 2491 meritorum
1337 2434 1694 2505 signiﬁcatur.
1726 2433 1959 2501 Quando
1999 2434 2201 2491 sancti-

592 2538 675 2582 tas
714 2529 805 2583 illa
837 2528 1014 2587 virtus
1042 2529 1395 2597 describitur,
1425 2544 1545 2599 quas
1571 2528 1860 2585 credentes
1895 2529 2006 2585 Deo
2035 2527 2202 2583 efﬁcit

591 2631 834 2678 sanctos.
862 2620 939 2677 lta
966 2636 1100 2692 ergo
1126 2620 1153 2662 ι’
1177 2621 1310 2678 mihi
1338 2630 1395 2677 et
1426 2620 1716 2690 prudentia
1739 2623 1856 2690 eius
1883 2620 2202 2690 intelligitur

593 2718 841 2775 doctrina
872 2728 927 2773 et
955 2718 1354 2775 demonstratio
1394 2717 1660 2773 bonarum
1708 2732 1773 2773 ac
1813 2717 2076 2771 malarum
2116 2732 2203 2775 re-

595 2827 715 2867 rum
747 2857 761 2879 ,
792 2814 914 2868 sive
943 2824 1281 2873 neutrarum,
1312 2819 1476 2879 atque
1509 2811 1560 2865 in
1592 2809 1736 2864 hunc
1767 2809 1983 2865 modum
2014 2820 2203 2865 exten-

592 2906 744 2961 disse
782 2920 926 2960 nunc
964 2904 1167 2960 dicitur
1214 2904 1413 2960 coelum
1462 2904 1514 2958 in
1556 2902 1867 2973 prudentia.
1907 2901 2195 2969 Quomodo

596 3010 777 3055 autem
813 2998 1142 3056 extendatur
1171 3000 1368 3056 cretum
1400 3041 1413 3063 ,
1444 2997 1777 3055 extendente
1806 3013 1928 3055 eum
1971 2998 2206 3067 pruden-

601 3098 711 3149 tia:
753 3093 890 3149 Audi
929 3094 1177 3163 quoniam
1227 3091 1437 3148 extendi
1484 3089 1661 3155 t-erba,
1711 3101 1759 3143 et
1794 3106 1899 3145 non
1937 3089 2207 3147 intendisti

2300 1878 2534 1935 buitnus.
2563 1878 2811 1933 Diximus
2835 1885 3015 1931 autem
3054 1886 3273 1931 sanctos
3304 1890 3429 1931 esse
3460 1873 3640 1929 nubes.
3673 1871 3852 1927 Etenim

2302 1971 2406 2027 hoc
2430 1971 2574 2041 quod
2616 1971 2882 2040 scriptum
2912 1977 3035 2024 est:
3075 1965 3278 2023 Veritas
3309 1976 3401 2021 tua
3444 1981 3596 2031 usque
3629 1964 3690 2018 ad
3728 1961 3855 2015 nubes

2303 2062 2428 2134 (Ps.
2462 2078 2629 2130 xxxv,
2662 2061 2739 2133 6),
2775 2076 2881 2115 non
2917 2069 3093 2130 potest
3125 2058 3315 2115 referri
3346 2059 3414 2114 ad
3449 2055 3742 2113 iuauimales
3776 2067 3857 2108 nu-

2302 2158 2400 2214 bes
2434 2176 2444 2210 :
2479 2156 2573 2212 sed
2590 2158 2794 2211 veritas
2824 2155 2917 2211 Dei
2950 2168 3122 2224 usque
3151 2152 3218 2208 ad
3272 2152 3396 2208 illas
3443 2153 3607 2207 nubes
3637 2157 3729 2211 est,
3750 2159 3848 2216 qua

2304 2252 2531 2309 audiunt
2562 2250 2871 2306 mandatum
2900 2248 3145 2314 Domini,
3176 2257 3231 2303 et
3262 2257 3528 2303 noverunt
3555 2260 3653 2317 quo
3680 2241 3851 2316 pluvias

2311 2345 2329 2385 ί
2362 2344 2604 2403 deferant
2635 2385 2650 2407 ,
2688 2353 2741 2399 et
2772 2358 2800 2396 a
2824 2341 3023 2414 quibus
3048 2354 3141 2395 eas
3170 2341 3524 2411 suspendant.
3552 2338 3619 2393 De
3636 2332 3858 2393 hisnuhi-

2308 2441 2408 2495 bus
2434 2440 2637 2496 dictum
2664 2447 2777 2494 est:
2812 2436 2878 2490 Et
2919 2434 3175 2491 mandabo
3207 2434 3428 2509 nubibus
3453 2433 3593 2497 meis,
3627 2447 3682 2485 ne
3705 2427 3858 2503 pluant

2306 2548 2460 2604 super
2501 2548 2612 2588 eam
2652 2530 2865 2585 imbrem
2912 2527 3069 2601 (Isai.
3094 2544 3146 2593 ν,
3178 2526 3253 2598 6).
3295 2528 3372 2582 De
3409 2528 3490 2582 his
3526 2525 3782 2592 enimqum
3800 2533 3854 2574 ex

2308 2627 2481 2681 denso
2524 2621 2647 2696 (Al.
2682 2620 2941 2695 densato]
2979 2636 3105 2676 aere
3135 2621 3397 2675 dicuntur
3416 2627 3679 2683 constare,
3708 2614 3746 2667 si
3772 2626 3859 2665 non

2306 2718 2468 2773 fuerit
2494 2716 2695 2787 pluvia,
2725 2730 2831 2769 non
2876 2715 3134 2784 praecepit
3160 2714 3297 2769 Deus
3324 2730 3395 2769 ne
3426 2714 3605 2783 pluant
3636 2722 3777 2779 super
3795 2706 3858 2759 vi-

2309 2818 2997 2879 ncam,autquamcumque
3011 2808 3285 2878 regionem
3301 2808 3555 2863 imbrem:
3571 2804 3658 2860 sed
3671 2799 3861 2855 omnino

2311 2920 2415 2960 non
2448 2912 2742 2973 apparent,
2788 2910 2848 2957 ut
2882 2901 2934 2955 in
2965 2901 3126 2955 tertio
3160 2899 3475 2968 Regnorum
3508 2898 3640 2955 libro
3672 2893 3865 2964 legimus

2311 2996 2399 3070 [Ill
2419 2998 2549 3068 Reg.
2578 2996 2772 3067 xvtn):
2814 2994 3035 3064 quando
3071 2994 3122 3051 in
3162 3002 3413 3063 tempore
3444 2988 3690 3047 siccitatis
3724 2984 3865 3038 nubes

2312 3089 2455 3145 nulla
2482 3086 2762 3158 apparuit,
2787 3094 2841 3141 et
2863 3092 3051 3157 postea
3072 3084 3225 3155 iuxta
3250 3081 3590 3157 pt'oiiltetiam
3610 3078 3729 3135 Elite
3748 3073 3867 3130 lutu-

596 3188 707 3260 [ΑΙ.
738 3186 1032 3259 attendisti]
1064 3186 1249 3256 (Prov.
1278 3203 1315 3249 ι,
1345 3184 1461 3259 24).
1508 3186 1717 3245 Asserit
1741 3186 1941 3256 quippe
1962 3226 1978 3253 ,
2009 3196 2205 3243 exten-
2230 3176 2277 3241 C
2313 3199 2385 3243 rce
2419 3184 2609 3253 pluvia:
2640 3180 2852 3251 signum
2896 3179 2947 3232 in
2978 3177 3207 3248 vestigio
3236 3176 3473 3235 hominis
3496 3183 3755 3231 ostensum
3779 3172 3864 3260 est,

595 3282 806 3339 sionem
837 3282 1126 3351 quamdam
1150 3295 1278 3337 esse
1325 3279 1617 3337 verborum
1671 3280 1923 3339 similiter
1954 3288 2013 3335 ut
2053 3294 2202 3337 nunc

597 3377 799 3433 dicitur
824 3375 980 3440 cmli;
1020 3376 1173 3445 juxta
1220 3374 1353 3431 illud
1383 3390 1603 3445 quoque
1646 3378 1791 3445 quod
1822 3375 1872 3429 in
1929 3376 2035 3430 alio
2081 3375 2202 3431 loco

597 3471 861 3539 St‘l‘iplllm
913 3478 1036 3527 est:
1089 3469 1193 3536 Qui
1223 3469 1453 3525 extendit
1481 3470 1668 3523 coelum
1707 3478 1761 3523 ut
1796 3469 1977 3537 pellem
2022 3467 2199 3541 (Psal.

601 3582 691 3621 cut
718 3607 731 3625 .
760 3565 796 3621 2
823 3570 860 3633 ).
890 3563 1220 3621 Extenditur
1249 3574 1431 3621 autem
1461 3564 1641 3619 anima
1666 3574 1874 3627 nostra,
1903 3580 2025 3632 qua:
2057 3564 2206 3633 prius

599 3661 777 3716 fuerat
803 3667 1113 3725 contracta,
1141 3670 1204 3716 ut
1231 3660 1404 3729 possit
1429 3676 1599 3730 capax
1627 3674 1752 3716 esse
1779 3660 2063 3730 sapientiae
2086 3661 2202 3717 Del.

600 3754 804 3809 Verum
837 3762 897 3810 ut
924 3753 989 3808 ad
1021 3754 1370 3823 propositum
1403 3762 1765 3817 revertamur,
1796 3752 2030 3807 diximus
2060 3753 2204 3821 quod

602 3848 892 3917 prudentia
922 3859 943 3887 ι·
977 3848 1095 3917 eius
1124 3847 1321 3903 cmlum
1347 3846 1544 3901 factum
1574 3847 1664 3911 sit,
1705 3854 1760 3901 et
1804 3861 1945 3901 nunc
1974 3844 2209 3901 afﬁrma-

602 3954 725 3993 mus
755 3953 850 3994 eos
880 3938 970 4008 qui
994 3938 1277 3994 ccelestem
1310 3937 1587 3995 hominem
1620 3945 1860 4007 portant,
1894 3951 2017 3993 esse
2041 3934 2068 3974 ιι
2098 3952 2210 3993 οω-

602 4032 709 4087 los.
732 4031 788 4088 Si
824 4032 968 4089 enim
1000 4031 1066 4088 ad
1099 4039 1419 4103 peccatores
1441 4030 1639 4089 dicitur
1669 4049 1680 4085 :
1707 4031 1870 4087 Terra
1896 4032 2047 4097 estis,
2078 4043 2124 4087 et
2153 4033 2208 4087 in

605 4134 801 4179 terram
828 4122 1014 4191 ibitis,',
1035 4138 1204 4193 quare
1232 4138 1344 4177 non
1368 4123 1578 4179 dicatur
1604 4122 1670 4179 ad
1695 4122 1899 4191 justum
1931 4123 2085 4192 cuius
2124 4133 2210 4181 est

606 4232 832 4288 regnum
883 4216 1172 4282 caelorum,
1213 4214 1423 4271 Caelum
1467 4230 1557 4282 es,
1595 4227 1649 4273 et
1688 4217 1740 4271 in
1802 4216 2002 4273 etelum
2058 4217 2205 4275 ibis?

610 4320 634 4348 ο
661 4312 769 4367 Aut
792 4312 837 4367 si
869 4321 1092 4381 propter
1123 4310 1372 4367 choicqu
1395 4309 1596 4366 dicitur
1616 4311 1664 4366 ei
1694 4310 1785 4380 qui
1811 4318 1989 4380 portat
2016 4310 2207 4382 imagi-

605 4420 730 4460 nem
763 4406 964 4473 choici,
995 4405 1160 4478 796
1193 4403 1246 4461 id
1272 4412 1359 4459 est
1388 4403 1616 4467 terreni;
1654 4401 1813 4458 Terra
1842 4420 1927 4471 es,
1960 4413 2008 4458 et
2029 4405 2083 4461 in
2110 4413 2208 4461 ter-

2308 3291 2473 3351 atque
2508 3278 2581 3333 ita
2604 3284 2725 3347 post
2766 3274 2965 3330 nubem
2997 3272 3385 3344 conglobatam
3428 3271 3597 3327 imber
3624 3258 3869 3321 descendit

2307 3373 2372 3429 ad
2396 3382 2589 3429 terras.
2622 3368 2742 3423 Istis
2762 3382 2889 3425 vero
2911 3366 3062 3438 (ιιιδεὶ
3087 3365 3518 3421 subsistentibus
3546 3359 3759 3419 nubibus
3777 3351 3863 3425 [ΑΙ.

2312 3461 2560 3535 nebulis]
2600 3461 2823 3533 iubetur
2875 3460 3109 3530 pluviam
3164 3457 3475 3522 continere,
3509 3470 3630 3511 eum
3681 3449 3867 3515 indigna

2313 3557 2475 3613 fuerit
2520 3557 2700 3610 anima
2744 3554 2919 3611 imbre
2970 3552 3179 3611 (scelesti
3230 3561 3283 3608 et
3336 3550 3539 3609 dicitur
3580 3566 3590 3601 ε
3640 3535 3868 3597 Mundabo

2313 3650 2474 3726 797
2514 3647 2734 3703 nubibus
2778 3662 2839 3699 ne
2880 3644 3064 3712 pluunt
3096 3659 3253 3713 super
3301 3659 3415 3698 eam
3460 3640 3685 3697 imbrem.
3716 3634 3871 3700 Itaque

2312 3744 2436 3815 [ΑΙ.
2466 3742 2541 3799 lta
2568 3741 2584 3815 ]
2620 3740 2991 3810 unusquisque
3023 3748 3337 3795 sanetorum
3376 3736 3543 3791 nubes
3564 3740 3661 3787 est.
3692 3726 3870 3797 Moyses

2313 3836 2483 3892 nubes
2513 3844 2649 3899 erat,
2683 3842 2732 3889 et
2768 3833 2920 3902 quasi
2953 3830 3128 3887 nubes
3160 3828 3524 3899 loquebatur:
3559 3819 3772 3881 Attende,
3793 3828 3872 3867 ra-

2314 3933 2441 3996 lum,
2487 3940 2534 3985 et
2557 3931 2761 3997 loquar,
2792 3937 2839 3980 et
2868 3926 3053 3981 audiat
3100 3935 3236 3980 terra
3259 3938 3527 3977 sermones
3562 3934 3621 3974 et
3659 3928 3738 3968 ore
3760 3922 3869 3964 πιθο-

2317 4026 2696 4093 Exspectentur
2745 4020 2875 4092 [AL
2914 4017 3224 4092 Exspectet]
3274 4026 3329 4073 ttt
3379 4015 3553 4088 pluvia
3594 4008 3732 4065 verba
3780 4015 3871 4056 mea

2314 4120 2509 4192 (Deut.
2539 4133 2691 4173 xxxii
2714 4117 2756 4186 ).
2784 4116 2839 4173 Si
2890 4132 2995 4171 non
3047 4115 3237 4170 fuisset
3267 4114 3461 4177 nubes,
3511 4115 3782 4179 numquam
3809 4096 3874 4152 di—

2315 4216 2519 4271 xisset:
2551 4212 2927 4283 Exspectantur
2953 4220 3011 4264 ut
3053 4210 3225 4277 pluvia
3269 4225 3343 4262 rei
3359 4209 3423 4263 ba
3455 4222 3588 4270 mea,
3615 4211 3659 4257 et
3700 4198 3877 4283 descen-

2315 4309 2439 4363 dant
2468 4314 2521 4361 ut
2572 4322 2658 4361 ros
2711 4304 2918 4375 eloquia
2961 4320 3095 4359 mea.
3127 4302 3291 4370 Quasi
3348 4300 3522 4357 nubes
3558 4293 3787 4351 dicebat:
3820 4282 3876 4341 Ut

2314 4402 2501 4459 imbres
2550 4416 2707 4470 super
2737 4398 3079 4472 gramen,'ut
3130 4396 3320 4462 pruina
3351 4395 3370 4468 [
3396 4395 3484 4451 Al.
3518 4389 3685 4463 pluvia
3708 4384 3724 4456 Ι
3749 4392 3876 4451 suptt‘

607 4563 784 4623 neque
814 4547 1098 4623 Origenes,
1128 4543 1555 4623 nequeAllieron.
1580 4539 1750 4623 juxta
1784 4541 2058 4623 puriorem
2089 4541 2195 4595 Ra-
2223 4544 2277 4603 D
2304 4539 2502 4623 factum
2525 4538 2611 4620 sit.
2668 4537 2846 4591 Evicit
2875 4546 3057 4619 autem
3082 4534 3153 4587 ita
3171 4529 3877 4623 Iescribeadum‘f‘uffjﬂ'

606 4613 733 4676 bani
763 4613 1044 4673 lectionem
1074 4613 1256 4671 habet.
1289 4614 1429 4683 Quid
1473 4614 1545 4667 sit
1573 4613 1806 4667 habitata
1837 4623 2013 4667 nostra
2038 4613 2193 4683 iuxta

611 4693 866 4761 Origenis
915 4703 1136 4743 sensum
1166 4686 1431 4761 diximus.

685 4755 967 4819 “VRcctius
996 4773 1163 4831 penes
1187 4758 1302 4813 Ral)
1321 4774 1396 4810 tn.
1426 4755 1636 4827 quando
1683 4757 1939 4829 sapientia
1982 4757 2196 4831 dicitur,

613 4833 905 4902 disciplinis
933 4828 1301 4902 te'divinarum
1350 4828 1791 4898 humanarumque
1836 4843 2009 4880 rerum
2054 4828 2204 4880 insti-

612 4900 960 4961 tuit.‘Gr:ece
991 4911 1075 4961 est
1105 4921 1115 4954 :
1141 4900 1222 4956 ὅτε
1270 4904 1360 4975 μὲν
1404 4902 1502 4975 γὰρ
1550 4902 1757 4975 σοφίαν,
1790 4905 1878 4975 tria
1924 4901 2206 4975 interdum

612 4921 737 4960 luit.
773 4921 960 4961 uraece
991 4921 1075 4961 eSt
1105 4921 1115 4954 :
1141 4922 1222 4956 οτε
1270 4922 1360 4975 μεν
1404 4924 1471 4974 γα
1550 4922 1612 4955 σο
1652 4922 1757 4964 ιαν,
1790 4922 1878 4958 την
1924 4921 2202 4971 amomum

610 4977 888 5050 λαμϐάνεις
939 4980 1037 5050 τῶν
1081 4974 1232 5050 Δθείων
1275 4976 1382 5050 uoti
1412 4921 1782 5050 δςξὲρωπῗδωγη
1814 4970 1878 5050 ad
1940 4972 2202 5024 verbum:

617 5042 840 5114 Quando
870 5046 1201 5115 sapientiam,
1251 5042 1587 5115 disciplinam
1617 5044 1810 5111 accipis
1856 5043 2215 5099 [minimarum

619 5122 1011 5175 divinarumque
1039 5131 1236 5171 rerum.

684 5191 713 5229 ι)
746 5192 872 5246 Mss.
906 5185 970 5243 Β.
1006 5197 1141 5243 teste
1172 5185 1388 5246 Huetio.
1438 5196 1492 5241 et
1541 5185 1793 5245 [tabanus
1848 5185 2034 5256 legunt
2077 5204 2089 5239 :
2127 5186 2213 5239 Ito

621 5280 742 5336 ergo
782 5263 863 5314 hic
890 5259 1369 5336 prudentiamejus
1402 5257 1631 5336 intelligo
1661 5274 1777 5336 cunt
1802 5259 2043 5336 doctrina
2070 5267 2142 5311 est
2165 5268 2213 5311 et

622 5328 993 5390 demonstratio
1030 5348 1049 5387 :
1103 5328 1326 5385 omnino
1387 5328 1639 5402 proprius
1712 5329 1780 5383 ad
1835 5328 2089 5384 Graecum
2158 5337 2212 5386 et

622 5420 826 5461 VCI'IlISo

696 5488 717 5516 ο
753 5480 924 5531 Antea
952 5477 1254 5545 incongrue
1280 5482 1442 5545 atque
1463 5472 1715 5545 Auctoris
1745 5471 1909 5526 menti
1932 5474 2208 5526 contrario

621 5563 786 5601 sensu
818 5543 1291 5618 legebatur,‘quod
1310 5543 1586 5618 prudentia
1612 5543 1972 5618 hujussajculi
2012 5545 2065 5598 in
2096 5561 2207 5618 mnf

623 5619 731 5671 tum
778 5615 887 5672 sitﬁ
918 5615 1250 5683 Lectionum,
1294 5615 1451 5687 quam
1499 5630 1597 5671 nos
1651 5615 2009 5687 restituimus,
2065 5616 2204 5681 quod

622 5690 899 5759 prudentia
941 5692 1053 5760 ejus
1088 5689 1268 5744 caelum
1296 5685 1488 5760 factum
1539 5690 1626 5753 sit,
1674 5685 2039 5760 suppeditavit
2088 5686 2198 5741 Ra-

624 5758 744 5813 ban.
766 5758 1062 5831 probatque
1084 5775 1222 5815 unus
1240 5761 1383 5831 apud
1410 5759 1657 5814 l'luetium
1686 5758 1885 5831 Regius
1911 5773 1991 5812 ms
2023 5760 2197 5825 ;alter

624 5778 744 5813 nan.
766 5778 1062 5883 pronaique
1084 5778 1222 5815 “IIIIS
1240 5778 1383 5825 πῖ)υο
1410 5778 1657 5814 ιίυειιιιῐιι
1687 5778 1885 5831 negtus
1911 5778 1991 5812 ms
2023 5778 2191 5825 μυιθι·

617 5832 761 5886 enim
810 5830 969 5899 paulo
996 5846 1083 5886 um
1132 5830 1337 5886 abludit
1364 5873 1377 5899 ,
1436 5831 1574 5901 quod
1623 5830 1899 5900 prudentia
1946 5831 2191 5885 sarculum

2306 4599 2476 4664 tionis
2507 4611 2701 4674 series,
2732 4620 2841 4661 tmn
2869 4607 3143 4675 praecipue
3169 4605 3399 4661 Graecus
3424 4599 3676 4675 Origenis
3699 4601 3875 4653 textus,

2303 4684 2534 4793 ὶλὲἔομον
2556 4685 2675 4757 περὶ
2691 4673 2784 4739 ντοῦ
2812 4673 2898 4737 τὸὲν
2923 4673 3132 4754 cupavo»
3153 4681 3205 4734 ἂν
3230 4682 3473 4754 φρονήσει
3498 4673 3761 4755 γεγονέναι.
3865 4731 3873 4749 ι

2457 4756 2526 4793 Ita
2595 4755 2847 4793 Rstlmnns‘
2923 4754 3051 4793 ηιιίιι
3122 4752 3239 4793 inst).
3286 4750 3450 4793 etiam
3503 4746 3753 4793 (ὶιοιρθηοδ
3802 4753 3873 4789 καί

2457 4756 2528 4810 Ita
2595 4746 2870 4817 It'ahanus,
2906 4746 3052 4823 quin
3121 4746 3450 4823 ipse"etiam
3503 4746 3753 4823 Origenes
3800 4746 3876 4823 ita!

2309 4826 2452 4884 αὐτοί
2482 4829 2605 4881 εἰσιν
2636 4811 2868 4901 οὐραγόςί
2903 4811 3061 4901 Falso
3088 4811 3245 4875 alitea
3297 4811 3622 4901 legebatur;
3659 4811 3876 4901 εαςιεείςτ.

2385 4873 2631 4951 gis-illinc
2664 4873 2845 4957 vcrb»:
2882 4905 2973 4949 aut
2995 4896 3039 4949 si
3071 4902 3276 4961 prapter
3296 4873 3555 4953 clinicum,
3581 4883 3760 4955 qtneiu
3784 4873 3881 4961 vul-

2311 4971 2452 5040 gatis
2488 4971 2752 5040 hactenus
2782 4967 3027 5040 deerant,
3062 4981 3129 5020 ex
3164 4960 3393 5040 Babano
3427 4961 3755 5040 suffeeimlts,
3804 4960 3881 5040 (κζ’

2319 5028 2479 5110 gente
2534 5042 2650 5107 ipso
2680 5038 2874 5093 Grch
2927 5028 3247 5110 Adamantii
3277 5043 3467 5110 testu.
3501 5032 3531 5094 ἦ
3559 5030 3641 5110 at"?
3686 5028 3877 5110 μένηῖῗῗ

2536 5090 2867 5179 νβλίιιδγβέιὲέ
2896 5090 3189 5187 glossema,
3232 5105 3287 5159 id
3336 5116 3423 5187 est.
3446 5090 3652 5187 terreni,
3686 5090 3880 5187 Τθςξίιξιξ

2317 5159 2529 5241 ἷιΪῘΙἸΗτί
2558 5200 2707 5237 oram
2742 5159 3078 5239 amendatos.
3113 5159 3321 5235 (lactem
3352 5178 3517 5231 etiam
3552 5175 3665 5242 eius
3700 5159 3882 5242 peritu“

2597 5235 2806 5308 riisdetn'
2830 5253 3053 5307 Rabano
3089 5262 3141 5306 et
3171 5250 3363 5305 Graeco
3389 5235 3760 5320 emendantes:
3789 5235 3877 5320 Ι)ςρ

2316 5345 2409 5382 cur
2457 5335 2665 5400 prapter
2691 5325 2943 5380 caelestem
2969 5324 3036 5389 ei,
3066 5332 3184 5377 erat
3212 5330 3527 5400 quaprOpter
3547 5391 3559 5400 _
3578 5313 3879 5400 etelestijlli

2315 5409 2427 5454 tum
2457 5375 2701 5453 ’conrvenit
2758 5413 2853 5467 pro
2906 5375 3340 5459 non'convenial,
3407 5375 3513 5447 sub
3547 5375 3880 5451 interrogant“

2320 5483 2475 5527 nota.
3610 5522 3613 5525 _

2394 5546 2409 5580 ί
2465 5542 2665 5597 Vitiose
2699 5557 2864 5609 penes
2894 5539 3176 5596 Rabmum
3207 5536 3342 5608 quod
3365 5548 3467 5605 pro
3494 5548 3614 5604 quo,
3647 5537 3695 5584 et
3735 5528 3881 5609 pcnff

2311 5590 3234 5681 “detinuidiﬂgr'dnt-p—r‘oﬁdeferanl
3309 5590 3430 5673 qtitc
3463 5590 3577 5676 ipsa
3602 5590 3878 5687 filleildgﬂg

2308 5672 2919 5743 restituenda"lectione
2969 5672 3078 5736 nos
3113 5672 3442 5735 monuerunt
3479 5672 3721 5746 {Optime
3766 5672 3880 5718 rem

2305 5758 2527 5818 Graecus
2548 5764 2640 5815 τοῦ
2673 5759 3024 5828 ἐκπέμπουσιν
3060 5755 3231 5811 αὐτὸν.
