4128 6346
350 266 468 327 69.9

954 266 1397 327 TRANSLATIO
1438 266 1874 325 llOMlLlARUM
1916 266 1943 323 ί

2045 266 2241 327 GENIS
2277 267 2342 324 1N
2387 269 2761 327 JEREMIAM.
2804 268 2971 327 HOM.
3014 269 3081 327 ν.

3557 273 3664 331 6'30

345 389 551 458 fenum,
582 386 706 456 quia
721 400 907 441 nomen
928 383 1141 440 Domini
1162 386 1412 441 invocavi.
1439 384 1705 442 Similiter
1724 384 1957 440 etlsaias
1985 389 2033 449 Α
2064 384 2141 439 ris
2173 384 2292 450 Dei,
2323 384 2680 454 fortitudinis,
2707 396 2763 441 et
2784 386 3095 445 dilectionis
3109 388 3482 447 etcharitatis.
3502 389 3665 447 Potes

342 490 412 535 ut
440 480 610 535 nubes
629 480 951 550 loquebatur
978 496 990 533 :
1016 472 1175 547 Audi,
1197 480 1403 547 caelum,
1425 489 1471 535 et
1494 479 1705 533 auribus
1728 479 1953 547 percipe,

336 581 506 639 terra,
535 573 786 643 quoniam
820 571 1075 627 Dominus
1108 573 1306 627 locutus
1327 581 1403 627 est
1428 572 1448 644 (
1475 570 1606 625 Isai.
1631 559 1656 626 ἰ
1681 572 1722 639 ).
1749 569 1955 639 thuia

341 665 468 735 ipse
497 667 668 721 nubes
697 675 835 729 erat,
871 677 927 721 et
962 667 1171 721 sciebat
1200 668 1337 722 alias
1379 666 1552 721 nubes
1595 664 1956 735 comprophe-

340 767 532 815 tantes
563 762 690 829 sibi,
725 761 849 817 ideo
875 761 1181 817 vaticinans
1209 761 1415 817 aiebat:
1450 760 1716 816 Mandabo
1737 759 1957 816 nubibus

336 857 493 921 meis,
519 873 582 911 ne
616 856 798 927 pluaut
827 872 982 927 super
1020 873 1135 911 eam
1176 856 1413 910 imbrem.
1443 856 1500 912 Si
1531 865 1707 911 autem
1730 856 1840 925 jam
1872 852 1954 909 dio

336 947 580 1003 dicimus
630 950 724 1019 qui
765 958 890 1003 sunt
941 949 1134 1014 nubes,
1162 949 1445 1003 videamus
1493 947 1763 1018 quomodo
1812 948 1953 1003 Deus

344 1042 552 1098 educat
586 1044 759 1098 nubes
800 1044 868 1096 ab
896 1055 1147 1098 extremo
1178 1054 1359 1098 terrm.
1409 1043 1495 1097 Ait
1526 1042 1811 1099 Salvator:
1850 1041 1952 1106 Qui

334 1137 451 1189 stult
476 1139 530 1189 in
552 1138 694 1191 vobis
713 1153 823 1193 esse
843 1138 1063 1208 primus,
1090 1139 1157 1191 sit
1179 1138 1409 1190 onmium
1429 1135 1767 1204 novissimus(
1793 1133 1947 1189 Matt.

329 1242 393 1282 lx
420 1225 462 1298 ).
504 1227 757 1283 Servavit
788 1228 892 1283 hoc
921 1230 1234 1283 tnandatum
1270 1228 1489 1293 Paulus,
1514 1238 1569 1283 et
1594 1226 1694 1281 luit
1718 1226 1950 1283 novissi-

328 1335 459 1375 mus
490 1321 543 1375 in
574 1326 674 1376 hoc
705 1321 908 1375 mundo
934 1321 1157 1376 dicens:
1194 1321 1330 1375 Puto
1353 1322 1488 1376 enim
1524 1320 1665 1377 Deus
1690 1336 1782 1377 nos
1816 1336 1946 1390 apo-

329 1411 505 1467 stolos
522 1415 828 1468 novissimos
850 1416 1094 1482 ostendit,
1116 1417 1266 1486 quasi
1295 1416 1666 1486 mortiﬁcatos;
1703 1416 1823 1485 quia
1840 1413 1947 1487 [ΑΙ.

329 1508 534 1581 quasi]
565 1512 921 1580 spectaculum
957 1512 1078 1581 facti
1108 1526 1285 1566 sumus
1319 1513 1373 1565 in
1399 1510 1498 1566 hoc
1529 1510 1724 1564 mundo
1753 1509 1951 1582 angelis

324 1611 376 1655 et
403 1602 703 1657 hominibus
735 1604 789 1677 (l
822 1604 940 1658 (ἔον.
968 1619 1018 1659 tv
1046 1603 1086 1673 ).
1118 1604 1174 1661 Si
1201 1605 1321 1674 quis
1351 1619 1483 1675 ergo
1514 1613 1737 1659 sanctus
1768 1611 1952 1657 custo-

332 1694 502 1751 diens
530 1705 869 1768 praeceptum
902 1698 1204 1755 Salvatoris
1233 1697 1411 1755 lactus
1438 1696 1604 1754 fuerit
1634 1698 1685 1752 in
1714 1695 1816 1753 hac
1840 1697 1948 1752 vita

2055 486 2109 533 et
2137 476 2254 547 ipse
2279 478 2348 535 de
2383 478 2684 549 Scripturis
2716 480 2816 537 hos
2842 492 3030 538 ventos
3060 497 3421 553 congregare,
3447 494 3502 541 ot
3533 484 3664 541 isto-

2057 588 2177 628 rum
2224 572 2514 643 spirituum
2570 573 2820 631 invenire
2866 574 3172 632 thesauros.
3234 574 3342 633 Ubi
3390 583 3523 635 sunt
3569 576 3661 633 isti

2057 668 2343 725 thesauri?
2394 668 2580 738 utique
2627 676 2649 705 °
2702 668 2755 724 in
2799 683 2908 737 quo
2956 681 3084 725 sunt
3127 669 3370 727 thesauri
3418 669 3665 729 scientia)

2056 763 2394 820 absconditi:
2429 770 2482 818 in
2514 762 2729 820 Christo
2760 763 2949 821 sedem
2991 763 3214 820 habent.
3249 764 3378 819 Inde
3405 765 3662 821 oriuntur

2054 856 2112 912 hi
2141 857 2382 926 spiritus,
2420 865 2477 911 ιιι
2525 856 2664 911 alius
2704 855 2923 925 sapiens
2970 857 3064 921 sit,
3096 855 3233 910 alius
3278 856 3484 924 fidelis,
3517 856 3662 913 alius

2054 951 2322 1018 eruditus,
2353 960 2409 1006 et
2438 951 2577 1007 alius
2603 950 2751 1005 aliud
2778 949 2903 1022 [Αι.
2934 950 3363 1023 quodcumque]
3390 951 3658 1011 donorum

2055 1042 2153 1099 Dei
2179 1043 2472 1112 possideat.
2504 1044 2609 1099 Alii
2642 1044 2776 1098 enim
2807 1059 2898 1114 per
2922 1042 3164 1112 spiritum
3195 1041 3352 1096 datur
3380 1059 3544 1098 sermo
3574 1060 3662 1099 sa-

2054 1137 2286 1207 pientiu’,
2336 1137 2428 1190 alii
2477 1152 2639 1193 sermo
2693 1135 2919 1191 scientia:
2939 1138 3101 1208 juxta
3137 1134 3375 1189 eumdem
3411 1135 3653 1206 spiritum

2053 1231 2147 1286 alii
2173 1232 2302 1301 ﬁdes
2324 1231 2377 1285 in
2407 1232 2584 1287 eodem
2614 1231 2802 1297 spiritu
2838 1228 2903 1301 (Ι
2946 1226 3090 1295 Cor.,
3124 1225 3257 1299 xu).
3312 1226 3510 1282 Eduxit
3537 1244 3659 1301 ergo

2054 1325 2213 1380 nubes
2240 1326 2302 1382 ab
2325 1334 2552 1381 extremo
2579 1335 2751 1391 terras,
2778 1333 2822 1378 et
2844 1323 3053 1395 fulgura
3084 1322 3136 1377 in
3168 1321 3403 1391 pluviam
3430 1322 3571 1392 fecit,
3612 1332 3660 1377 et

2054 1418 2233 1473 eduxit
2285 1428 2458 1473 ventos
2483 1416 2547 1470 de
2598 1416 2856 1473 thesauris
2901 1415 3033 1480 suis,
3063 1422 3119 1471 et
3153 1412 3310 1485 juxta
3351 1412 3660 1471 misericor-

2052 1511 2197 1567 diam
2226 1511 2319 1567 Dei
2347 1509 2415 1567 ad
2444 1511 2542 1565 hos
2570 1510 2859 1565 thesauros
2892 1523 2993 1563 nos
3021 1520 3347 1563 occursuros
3372 1520 3658 1574 speramus

2054 1602 2175 1675 (At.
2209 1600 2521 1673 putamus].
2558 1601 2623 1657 Et
2661 1602 2786 1672 quia
2834 1599 3023 1669 plures
3052 1608 3181 1654 sunt
3213 1597 3481 1664 thesauri,
3514 1596 3658 1654 forte

2046 1701 2208 1770 juxta
2239 1699 2488 1755 ordinem
2540 1697 2941 1768 resurgentium
2970 1696 3073 1753 erit
3101 1704 3156 1751 et
3195 1694 3410 1766 requies
3440 1695 3492 1749 in
3543 1692 3658 1750 the-

327 1789 694 1856 "OViSSimus.
729 1792 829 1847 iste
849 1791 913 1845 Sil
951 1790 1158 1856 nubes;
1190 1800 1244 1847 θι
1274 1791 1456 1847 educi!
1490 1790 1752 1846 Dominus
1782 1790 1951 1845 nubes
1979 1793 2029 1855 B
2056 1796 2233 1851 sauris
2262 1793 2379 1850 Dei.
2412 1792 2565 1860 Quod
2587 1801 2771 1847 autem
2802 1790 2925 1847 dico
2952 1787 3263 1846 istiusmodi
3291 1795 3410 1843 est:
3440 1785 3652 1843 Resur-

325 1897 442 1937 non
477 1898 508 1937 a
538 1883 735 1953 primis
762 1892 945 1950 terrae,
980 1899 1084 1939 non
1112 1899 1143 1939 a
1171 1884 1509 1949 consulibus,
1542 1899 1648 1939 non
1679 1898 1710 1939 a
1739 1892 1761 1919 ίι
1795 1883 1947 1938 duci-

323 1974 456 2041 bus,
489 1991 599 2032 non
626 1992 655 2033 a
684 1976 944 2035 divitibus
970 1993 984 2037 ;
1040 1977 1185 2033 Beati
1230 1979 1365 2033 enim
1396 1992 1672 2047 pauperes,
1704 1975 1947 2045 quoniam

322 2078 557 2124 vestrum
584 2080 657 2125 est
688 2086 902 2143 regnum
931 2072 1174 2125 caelorum
1205 2071 1223 2142 (
1252 2069 1448 2125 Matth.
1482 2084 1516 2123 v
1540 2070 1581 2140 ).
1619 2068 1780 2125 Vides
1805 2083 1945 2141 quo.

322 2164 498 2219 modo
528 2164 598 2219 ab
639 2164 904 2220 extremis
932 2163 1132 2220 educat
1165 2166 1306 2219 Deus
1332 2162 1359 2201 ιι
1403 2173 1457 2219 et
1482 2158 1743 2231 corporet
1770 2161 1945 2217 nebu-

322 2257 408 2313 las
433 2261 458 2311 ‘t
489 2258 788 2327 Propterea
821 2258 865 2312 si
896 2258 1148 2314 volumus
1180 2257 1351 2314 nubes
1380 2256 1519 2323 fieri,
1564 2255 1630 2313 ad
1660 2270 1797 2326 quas
1824 2271 1947 2326 per-

321 2352 514 2405 veniat
546 2350 747 2407 veritas
774 2350 893 2415 Dei,
928 2350 1207 2406 novissimi
1233 2349 1476 2407 omnium
1508 2348 1723 2418 ﬁatnus,
1756 2360 1809 2405 et
1838 2360 1943 2407 tam

319 2446 554 2512 allecto,
587 2462 748 2517 quam
790 2460 958 2515 Opere
1001 2444 1122 2517 [ΑΙ.
1156 2444 1291 2518 ore]
1323 2446 1606 2501 dicamus:
1643 2443 1781 2500 Puto
1811 2446 1948 2502 enim

322 2557 426 2595 nos
458 2539 596 2595 Dens
644 2541 905 2611 apostolos
942 2540 1243 2595 novissimos
1283 2539 1520 2593 ostendit.
1554 2536 1713 2607 Quod
1759 2537 1806 2591 si
1837 2551 1944 2594 non

319 2634 435 2687 sim
463 2631 772 2703 apostolus,
807 2632 932 2689 licet
966 2642 1147 2687 tamen
1180 2630 1314 2685 mihi
1356 2629 1476 2687 ﬁeri
1528 2639 1857 2699 extremum,
1889 2640 1946 2687 ut

321 2726 579 2782 edocens
623 2726 796 2783 nubes
828 2724 973 2781 Deus
993 2725 1073 2779 .ab
1103 2733 1349 2781 extremo
1393 2732 1574 2788 terrae,
1606 2722 1803 2779 educat
1833 2739 1940 2778 me.

319 2821 395 2875 Et
430 2821 643 2893 fulgura
678 2821 731 2874 in
763 2820 991 2890 pluviam
1038 2821 1159 2891 fecit
1201 2818 1344 2889 (Ps.
1392 2832 1617 2887 cxxxw,
1650 2820 1678 2873 7
1704 2818 1744 2887 ).
1776 2817 1946 2876 Aiunt

320 2915 665 2971 naturalium
689 2928 980 2970 causarum
1005 2912 1500 2984 scrutatores,quia
1524 2910 1733 2983 fulgura
1756 2926 1821 2967 ex
1837 2927 1939 2967 nu-

320 3010 475 3066 bium
504 3009 792 3065 collisione
814 3019 1169 3079 generentur,
1206 3009 1259 3062 in
1292 3022 1496 3065 morem
1521 3006 1733 3065 silicum
1758 3006 1943 3063 durio-
1984 3048 1987 3053 .

321 3121 473 3167 rum,
507 3118 650 3175 quos
673 3119 795 3160 eum
827 3102 1189 3174 comploseris
1216 3102 1341 3167 sibi,
1370 3101 1586 3158 medius
1616 3116 1683 3158 ex
1713 3100 1795 3157 his
1830 3099 1944 3157 ela-

2049 1888 2224 1945 reCtio
2248 1895 2592 1943 mortuorum
2619 1884 2672 1942 in
2698 1882 3025 1954 quihusdam
3042 1880 3333 1936 ordinibus
3346 1877 3526 1935 futura
3550 1886 3657 1937 est.

2051 1983 2141 2038 Ait
2167 1984 2368 2053 quippe
2396 1980 2717 2052 apostolus:
2755 1977 3115 2049 Unusquisque
3142 1984 3315 2030 autem
3351 1982 3576 2049 resurget
3601 1973 3655 2029 in

2047 2094 2143 2134 suo
2173 2079 2353 2133 ordine
2385 2078 2403 2149 (
2430 2076 2446 2132 Ι
2498 2075 2645 2141 Cor.,
2679 2090 2746 2130 xv
2771 2072 2824 2144 ),
2854 2082 2910 2129 et
2941 2087 3049 2129 non
3097 2079 3154 2125 ut
3193 2070 3328 2128 libet
3357 2069 3657 2125 miScentur

2049 2172 2269 2229 ordines
2314 2170 2751 2240 resurgentium:
2785 2167 2924 2223 alius
2973 2163 3109 2221 ordo
3140 2163 3245 2219 erit
3284 2162 3338 2217 in
3388 2162 3481 2217 illo
3512 2170 3566 2219 ct
3597 2160 3652 2217 in

2047 2268 2142 2323 illo
2171 2272 2428 2323 thesauro
2459 2265 2577 2331 Dei,
2611 2271 2669 2320 et
2693 2263 2830 2319 alius
2854 2262 2989 2318 ordo
3020 2262 3075 2316 in
3102 2259 3210 2316 alio
3235 2258 3362 2315 etin
3399 2256 3505 2311 alio
3540 2254 3655 2315 the-

2048 2375 2212 2419 sauro
2230 2361 2338 2415 Dei.
2364 2358 2459 2415 Isti
2474 2371 2666 2413 omnes
2683 2354 2927 2411 thesauri
2946 2368 3108 2406 unum
3128 2349 3333 2407 habent
3353 2348 3516 2421 799
3535 2348 3654 2402 tlte-

2047 2466 2294 2517 Sanrum,
2316 2452 2365 2505 in
2388 2465 2490 2521 quo
2507 2458 2625 2503 sunt
2653 2445 2885 2502 thesauri
2915 2443 3186 2514 sapientia:
3204 2451 3251 2495 et
3275 2439 3500 2496 scientia:
3530 2438 3651 2493 abs-

2045 2546 2241 2602 conditi
2281 2543 2516 2613 (Coloss.
2549 2557 2608 2609 ιι,
2643 2538 2733 2611 3).
2770 2540 2837 2595 Et
2888 2536 3162 2609 quomodo
3194 2533 3447 2605 possideo
3489 2548 3648 2589 unam

2047 2651 2101 2697 et
2128 2637 2580 2709 pretiosissimam
2610 2634 2960 2705 margaritam
2994 2644 3087 2699 per
3122 2628 3306 2695 plures
3334 2626 3470 2681 alias
3510 2640 3652 2681 tuar-

2046 2734 2249 2806 garitas
2277 2750 2291 2785 :
2323 2733 2403 2789 sic
2425 2732 2583 2786 venio
2606 2728 2671 2782 ad
2700 2728 3015 2799 thesaurum
3045 2722 3446 2788 thesaurorum,
3472 2726 3526 2775 et
3552 2719 3650 2775 Do-

2047 2828 2253 2883 minum
2284 2824 2652 2889 dontinorum,
2704 2827 2760 2877 et
2791 2832 2976 2893 regem
3024 2830 3237 2887 regum,
3284 2828 3408 2869 cum
3456 2811 3653 2883 dignus

2044 2917 2203 2975 fuero
2251 2914 2534 2987 spiritibus
2585 2913 2637 2967 in
2691 2909 2787 2965 Dei
2836 2906 3106 2962 thesauris
3158 2901 3647 2959 comtnorautihus.

2045 3008 2244 3065 Eduxit
2275 3008 2409 3064 enim
2432 3012 2603 3061 ventos
2626 3002 2689 3060 de
2714 3000 2971 3058 thesauris
2992 2998 3099 3053 suis
3124 2996 3296 3070 (Psal.
3321 2995 3464 3066 x111).
3496 2993 3651 3064 Infa-

2045 3112 2217 3157 tuatus
2258 3110 2329 3157 est
2363 3100 2527 3154 omnis
2576 3097 2729 3151 homo
2765 3096 2827 3148 ab
2863 3092 3076 3149 scientia
3120 3087 3273 3163 (Jer.
3306 3105 3398 3156 xx,
3431 3086 3497 3142 14
3521 3086 3562 3159 >.
3595 3085 3654 3143 Si

320 3199 475 3254 bitur
506 3198 684 3268 ignis;
733 3206 895 3270 atque
926 3197 997 3252 ita
1045 3211 1165 3251 cum
1216 3196 1433 3267 fulgure
1463 3196 1667 3266 pariter
1709 3204 1767 3251 et
1798 3196 1941 3251 toni-
1965 3185 2012 3254 C
2045 3198 2223 3255 etnnis
2245 3197 2406 3253 homo
2430 3194 2729 3249 infamatus
2756 3198 2838 3245 est
2859 3188 2928 3245 ab
2948 3184 3195 3251 scientia,
3229 3192 3283 3240 et
3313 3181 3517 3239 Paulus
3544 3180 3642 3237 ho-

321 3300 447 3347 trua
502 3292 750 3362 mugire;
807 3291 1052 3347 tonitruo
1109 3290 1317 3347 scilicet
1368 3290 1604 3345 sonitum
1659 3288 1934 3345 indicante

325 3397 352 3426 ο
388 3400 712 3451 concussus,
753 3392 809 3441 et
838 3382 1054 3453 fulgure
1081 3384 1245 3456 798
1275 3383 1489 3438 excussi
1520 3382 1740 3437 luminis
1765 3381 1932 3438 clari-

324 3486 515 3535 tatem.
551 3476 609 3535 Si
638 3476 955 3535 intellexisti
978 3478 1286 3546 exemplum
1314 3491 1326 3529 :
1352 3475 1637 3533 considera
1670 3490 1813 3533 nunc
1835 3491 1930 3531 nu-

326 3574 429 3629 bes
461 3572 771 3629 rationales.
802 3570 1018 3644 Moyses
1036 3571 1210 3629 nubes
1229 3578 1345 3627 erat
1371 3587 1384 3627 :
1408 3570 1569 3629 Jesus
1588 3570 1736 3629 Nave
1762 3571 1935 3631 nubes

324 3678 486 3726 erat:
536 3668 629 3725 isti
661 3669 703 3724 si
748 3682 934 3724 secum
981 3667 1275 3737 loquantur
1304 3665 1321 3738 [
1346 3666 1430 3723 At.
1464 3665 1889 3738 colloquantur]
1920 3705 1935 3735 ,

327 3780 397 3820 ex
441 3763 791 3821 sermonibus
817 3777 1009 3818 eorum
1058 3762 1271 3833 fulgura
1313 3762 1533 3819 micant.
1569 3762 1837 3820 Jeremias
1883 3774 1938 3820 et

325 3856 543 3914 Baruch
568 3856 740 3913 nubes
765 3864 945 3921 erant,
972 3857 1409 3912 sermocinentur
1432 3856 1688 3921 invicem,
1709 3865 1762 3913 et
1782 3855 1936 3911 vide-

324 3950 459 4006 bitis
509 3949 738 4007 rutilare
770 3949 1006 4019 fulgura.
1042 3948 1203 4004 Potes
1228 3957 1279 4003 et
1315 3956 1368 4003 tu
1403 3948 1516 4029 ipse
1546 3947 1613 4002 de
1642 3946 1939 4018 Scripturis

328 4044 544 4099 sanctis
594 4044 651 4099 in
699 4043 845 4099 hunc
892 4042 1116 4101 modum
1148 4040 1173 4081 ά
1228 4042 1475 4099 invenire
1503 4056 1820 4109 concursus,
1870 4056 1938 4099 ex

327 4139 528 4208 quibus
561 4138 696 4207 ignis
726 4136 1032 4193 emittatur.
1084 4136 1158 4194 Ut
1186 4144 1369 4192 autem
1401 4135 1468 4191 ad
1515 4150 1716 4192 novum
1749 4135 1938 4195 Testa-

328 4242 577 4286 mentum
608 4230 908 4298 veniamus,
947 4231 1146 4287 Paulus
1175 4240 1230 4286 et
1256 4230 1512 4287 Silvanus
1532 4229 1653 4287 dua:
1681 4230 1853 4287 nubes
1883 4231 1937 4287 in

330 4339 500 4378 unum
534 4333 935 4388 convenerunt,
961 4334 1016 4379 et
1038 4339 1168 4381 ecce
1191 4332 1360 4380 totum
1387 4321 1647 4381 mundum
1680 4323 1939 4393 Epistulae

328 4432 520 4473 eorum
556 4418 763 4487 fulgore
787 4418 1137 4475 illuminant:
1173 4418 1412 4492 Fulgura
1439 4419 1491 4473 in
1531 4417 1762 4491 pluviam
1793 4418 1935 4490 fecit,

327 4520 378 4566 et
401 4510 578 4567 eduxit
598 4522 773 4566 ventos
794 4512 857 4566 de
884 4510 1137 4567 thesauris
1161 4512 1307 4583 suis(
1330 4510 1423 4567 Ps.
1448 4527 1666 4579 cxxuv,
1701 4513 1730 4567 7
1756 4514 1796 4583 ).
1832 4511 1936 4569 Er-

2037 3307 2127 3346 mo
2151 3298 2257 3355 est,
2290 3286 2491 3345 Paulus
2514 3284 2809 3343 iniatuatus
2828 3291 2913 3338 est
2934 3280 3002 3335 ab
3025 3276 3273 3333 scientia.
3293 3273 3376 3329 Ea:
3398 3280 3542 3344 parte
3570 3287 3654 3326 co-

2035 3385 2347 3458 gnoscimus,
2364 3391 2411 3436 et
2429 3396 2491 3435 ex
2504 3386 2651 3450 parte
2668 3371 3091 3450 prophetamus(l
3105 3369 3223 3425 Cor.
3251 3366 3393 3439 χιιι).
3410 3364 3650 3458 Infatua-

2035 3457 2121 3534 tus
2150 3477 2218 3531 ab
2249 3474 2501 3537 scientia,
2533 3469 2723 3527 videns
2748 3483 2845 3540 per
2861 3461 3375 3538 speculum,videns
3394 3458 3448 3514 in
3476 3457 3642 3529 aenig-

2036 3582 2203 3639 mate,
2238 3566 2640 3641 portiunculam
2670 3562 2963 3638 quamdam
2995 3560 3210 3624 videns,
3242 3567 3297 3613 et
3344 3555 3389 3612 si
3421 3554 3500 3611 sic
3551 3569 3648 3609 cx-

2037 3665 2187 3737 pedit
2213 3664 2418 3725 dicere,
2446 3660 2616 3732 ipsius
2647 3670 2863 3730 quoque
2906 3650 3267 3725 portiunculae
3297 3656 3506 3721 partem
3542 3646 3643 3702 mi-

2037 3761 2246 3815 nimam
2279 3768 2701 3825 recognoscens.
2749 3746 3068 3805 Ecoutrario
3108 3754 3288 3801 autem
3325 3740 3344 3781 τ
3374 3740 3645 3811 intelliges

2038 3853 2166 3924 quid
2200 3852 2268 3906 sit
2295 3869 2308 3906 :
2342 3848 2647 3918 Infatuatus
2672 3853 2743 3899 est
2771 3843 2937 3899 ontnis
2963 3840 3113 3893 homo
3138 3836 3201 3893 ab
3224 3836 3457 3891 scientia.
3483 3832 3645 3889 Com-

2040 3946 2323 4017 paratione
2352 3951 2700 4013 peccatorum
2731 3934 3063 4002 Jerusalem,
3097 3930 3462 3989 Sodomorum
3504 3943 3636 4001 pec-

2038 4053 2217 4099 catum
2256 4039 2462 4110 justitia
2486 4046 2592 4093 est.
2644 4032 2946 4102 Justiﬁcata
2976 4038 3049 4084 est
3087 4028 3243 4093 enim,
3276 4027 3379 4092 ait,
3412 4023 3643 4081 Sodoma

2039 4152 2103 4191 ex
2130 4144 2176 4190 te
2216 4132 2235 4206 (
2261 4131 2452 4187 Matth.
2484 4146 2515 4185 ι
2539 4133 2580 4198 ).
2610 4124 2900 4197 Quomodo
2932 4138 3062 4194 ergo
3107 4136 3214 4177 non
3265 4119 3461 4174 habent
3485 4117 3647 4188 justi-

2040 4229 2170 4286 tiam
2197 4225 2558 4283 Sodomorum
2584 4227 2803 4293 peecata
2834 4233 2929 4288 per
2957 4230 3037 4283 se,
3067 4214 3161 4270 sed
3194 4213 3262 4269 ad
3294 4212 3642 4269 collationem

2041 4322 2309 4393 majorum
2381 4318 2652 4377 scelerum
2705 4315 3071 4387 justilicantur
3117 4328 3131 4366 :
3193 4310 3275 4365 sic
3332 4306 3645 4364 econtrario

2040 4416 2264 4473 scientia
2290 4415 2442 4471 Pauli
2472 4412 2538 4468 ad
2572 4411 2724 4466 illam
2752 4410 3027 4465 caelestem
3052 4404 3360 4472 scientiam,
3395 4401 3463 4457 ad
3489 4402 3641 4473 illum

2043 4517 2480 4566 consummatum
2528 4504 2753 4560 rationis
2783 4502 2907 4573 [.4t.
2960 4493 3251 4569 lectionis]
3303 4494 3642 4551 intellectum

328 4618 471 4673 gone
503 4602 556 4656 bi
586 4602 733 4657 venti
762 4603 855 4672 qui
880 4618 1047 4672 super
1077 4582 1550 4673 terramperllant
1582 4605 1633 4657 in
1668 4582 1937 4659 thesauris
1963 4582 2016 4642 D
2042 4602 2267 4659 stultitia
2300 4606 2612 4668 reputatur.
2643 4594 2851 4649 Idcirco
2880 4593 3169 4662 infamatus
3196 4599 3268 4644 est
3295 4590 3460 4643 omnis
3487 4587 3642 4642 homo

332 4694 433 4750 Dei
464 4704 611 4767 sunt,
646 4704 701 4750 et
736 4712 841 4750 non
883 4694 1078 4750 horum
1110 4705 1193 4752 est
1228 4705 1414 4751 natura
1464 4696 1768 4765 manifesta,
1804 4713 1938 4768 quo-

337 4788 503 4843 modo
533 4797 591 4845 et
620 4805 727 4862 qua
776 4789 989 4847 ratione
1018 4792 1363 4847 subsistant?
1395 4792 1500 4849 Sed
1548 4803 1674 4849 sunt
1715 4793 1934 4864 quidam

332 4890 624 4938 ventorum
659 4883 926 4948 thesauri,
959 4883 1204 4939 thesauri
1232 4884 1541 4955 spirituum,
1570 4886 1804 4955 Spiritus
1828 4885 1937 4957 [ΑΙ.

332 4974 621 5048 thesauri]
654 4974 940 5045 Sapientia:
992 4986 1047 5031 et
1091 4977 1427 5041 intellectus,
1463 4979 1685 5049 spiritus
1725 4978 1937 5035 consilii

332 5080 386 5126 et
412 5069 655 5137 virtutis,
677 5069 902 5141 spiritus
926 5071 1174 5129 scientiae
1199 5082 1250 5127 et
1276 5071 1513 5141 pietatis,
1538 5072 1759 5145 spiritus
1780 5073 1938 5129 timo-

406 5245 431 5273 "
474 5236 746 5290 llactenns
778 5234 1010 5289 obtinuit
1030 5235 1321 5307 judicibus,
1347 5232 1705 5291 dissentiente
1733 5235 1925 5292 Grmco

336 5310 439 5381 dare
468 5310 776 5381 ἡγουμένων,
809 5317 861 5361 et
890 5306 1075 5363 vetere
1094 5306 1562 5381 Rabanilet-tione.

406 5379 432 5418 ¹⁷
474 5378 637 5434 Falso
663 5389 715 5433 et
742 5380 1038 5446 incongrue
1064 5393 1225 5434 sensu
1261 5378 1459 5447 vulgati
1491 5379 1751 5435 hactenus
1784 5394 1926 5448 prte-

337 5453 581 5508 ferehant
616 5452 708 5505 has
739 5466 1014 5515 corporeus
1056 5450 1289 5515 nebulas,
1324 5468 1419 5515 pro
1463 5460 1510 5504 et
1555 5460 1787 5521 corporet
1831 5469 1922 5506 ne-

338 5522 507 5588 bulas,
550 5525 690 5592 quod
723 5539 789 5577 ex
832 5522 1035 5578 Rabani
1066 5523 1380 5578 testimonio
1411 5537 1506 5577 nos
1552 5523 1928 5578 substituimus

336 5597 604 5651 clamante
630 5594 823 5650 Graeco
854 5593 1636 5667 Atlatnanliimiampurort-oui',
1662 5594 1803 5665 quod
1828 5604 1929 5660 est,

336 5667 389 5720 in
418 5682 607 5741 corpus
634 5676 804 5739 cognt,
844 5666 1244 5741 sivegcorporet.

414 5748 435 5774 ο
481 5736 713 5793 scilicet
748 5736 1121 5801 concussionis,
1171 5740 1287 5793 sive
1329 5736 1636 5792 collisionis.
1682 5737 1936 5792 Bahanus

338 5824 618 5865 concursus
646 5810 777 5881 legit
802 5829 812 5864 :
846 5820 1003 5865 antea
1030 5818 1148 5865 erat
1172 5827 1476 5865 concussum
1493 5827 1510 5877 ;
1537 5818 1648 5865 tum
1674 5825 1804 5865 vero
1827 5826 1940 5865 ma-

2042 4698 2105 4751 ab
2134 4695 2370 4750 scientia.
2404 4692 2534 4746 Tale
2562 4688 2819 4760 quiddam
2868 4685 3260 4752 Ecclesiastes,
3291 4695 3349 4738 ut
3377 4682 3637 4752 arbitror,

2040 4787 2457 4859 deprehendens
2485 4784 2681 4841 eﬂ'atus
2731 4790 2854 4838 est:
2886 4777 3036 4847 Dixi,
3073 4788 3097 4827 Β
3128 4779 3381 4851 sapientia
3409 4778 3642 4851 efﬁciar.

2039 4895 2086 4941 et
2112 4886 2225 4956 ipsa
2254 4880 2510 4953 elongavit
2537 4895 2593 4934 se
2611 4895 2641 4931 a
2668 4893 2747 4933 me
2774 4876 2980 4946 longius
3005 4890 3160 4945 quam
3186 4883 3317 4939 erat,
3342 4884 3388 4927 et
3415 4871 3433 4945 [
3458 4874 3541 4927 Al.
3577 4872 3643 4944 ο]

2039 4977 2147 5032 alta
2180 4973 2533 5048 profunditas,
2558 4972 2673 5044 quis
2698 4970 2920 5025 inveniet
2951 4985 3061 5021 eam
3090 4968 3110 5040 (
3136 4966 3333 5022 Eccles.
3359 4981 3456 5033 vlt,
3490 4964 3556 5021 M
3578 4965 3597 5036 )
3619 4965 3645 5019 ἳ

2041 5073 2309 5131 Volumus
2354 5068 2609 5140 quiddam
2643 5068 2713 5140 (si
2738 5063 2888 5136 licet)
2912 5063 3181 5121 audenter
3212 5062 3227 5133 ι
3256 5053 3341 5119 Δι’.
3375 5060 3641 5119 audenter

2033 5236 2127 5292 lim
2151 5235 2321 5290 sonitu
2349 5248 2447 5304 pro
2468 5232 2715 5289 sonitum.

2105 5305 2131 5344 ἀ
2174 5305 2323 5361 Haud
2351 5293 2508 5360 'male
2539 5301 2818 5360 interserit
2845 5299 3100 5355 Bahanus
3128 5295 3361 5351 nubium.
3398 5293 3513 5351 Alia
3556 5304 3641 5350 est

2033 5380 2086 5435 in
2118 5379 2311 5435 Graeco
2343 5377 2632 5432 sententia.

2109 5461 2131 5488 θ
2174 5451 2380 5506 Raltan.
2414 5451 2587 5520 utique
2611 5450 2663 5503 in
2692 5463 2772 5512 eo,
2796 5447 2848 5499 in
2878 5460 2982 5515 quo
3011 5451 3129 5497 sunt
3155 5440 3382 5495 thesauri
3409 5438 3639 5494 scientias

2031 5523 2337 5578 absconditi.

2113 5595 2131 5633 ί
2176 5595 2301 5648 Mss.
2332 5593 2485 5663 Regii
2519 5606 2686 5657 penes
2715 5589 2993 5654 Hnetium,
3024 5584 3330 5658 intelligeret
3356 5600 3374 5638 :
3400 5583 3515 5653 ipse
3545 5597 3641 5640 au-

2041 5678 2149 5723 lem
2178 5666 2421 5736 intelligis
2452 5665 2600 5734 legit.

2115 5748 2138 5784 8
2183 5727 2592 5792 Penes'liaban.
2625 5735 2829 5805 sapiens
2857 5730 3081 5801 efﬁciar.
3130 5728 3189 5785 In
3219 5727 3409 5786 Graeco
3440 5737 3525 5785 est
3554 5746 3645 5783 ao-

2043 5812 2368 5885 φισθήσομαι.
