4128 6346
441 278 542 337 651

436 396 571 452 licet
594 395 612 470 J
673 393 856 451 dicere
899 410 915 448 :

441 488 725 556 mundum,
778 485 1068 542 evacuavit
1108 484 1369 553 seipsum,
1421 487 1483 534 ut
1525 478 1883 535 evacuatione
1928 474 2048 544 ejus

444 584 683 639 mundus
712 580 1097 648 compleretur.
1128 576 1185 632 Si
1216 588 1396 630 autem
1442 574 1543 628 hoc
1575 571 1719 643 quod
1766 566 2051 624 descendit

444 676 497 730 in
546 672 809 729 mundum
842 669 1131 725 evacuavit
1181 683 1262 736 se,
1311 665 1595 722 evacuatio
1639 664 1754 732 ipsa
1783 658 2049 729 sapientia

445 777 529 821 est
556 784 568 818 :
602 764 862 835 quoniam
888 761 1030 832 quod
1061 763 1262 831 fatuum
1289 768 1364 814 est
1391 757 1509 825 Dei,
1540 755 1827 828 sapientius
1852 761 1925 807 est
1953 752 2048 805 ho-

444 859 665 914 minibus
693 855 901 929 (lCor.
934 871 976 922 1,
1002 856 1074 910 25
1094 854 1135 924 ).
1170 855 1225 909 Si
1258 869 1362 924 ego
1411 851 1535 923 [AL
1571 864 1703 919 ergo
1730 847 1749 920 ]
1779 847 2047 902 dixissem

443 955 612 1026 800
665 953 869 1007 fatuum
918 950 1054 1015 Dei,
1113 948 1388 1019 quomodo
1444 958 1683 1014 aucupes
1736 955 2052 997 sermonum

447 1024 724 1111 meorum,
759 1052 815 1097 et
862 1056 1079 1113 semper
1117 1041 1290 1095 dediti
1320 1038 1388 1094 ad
1418 1036 1844 1101 criminandum,
1892 1024 2055 1089 vene-

448 1148 603 1195 natas
646 1140 702 1194 in
732 1154 817 1194 me
868 1139 1085 1208 linguas
1129 1135 1452 1192 vibrarent?
1492 1133 1648 1206 Nunc
1694 1147 1825 1186 vero
1854 1130 2055 1184 Paulus

448 1236 605 1307 quasi
652 1235 894 1305 sapiens,
950 1241 1005 1288 et
1046 1241 1368 1301 potestatem
1413 1228 1623 1283 habens
1674 1225 2053 1297 apostolicam,

448 1347 616 1387 ausus
646 1339 729 1384 est
755 1329 963 1393 dicere,
993 1341 1208 1381 omnem
1236 1324 1564 1394 sapientiam
1599 1332 1897 1386 terrenam,
1935 1334 2057 1390 qua:

452 1426 506 1480 in
538 1441 622 1490 se,
652 1440 772 1495 qua:
805 1425 860 1476 in
888 1422 1076 1488 Petro,
1104 1436 1227 1491 quze
1278 1424 1330 1474 in
1358 1420 1575 1474 caeteris
1604 1416 1871 1486 apostolis
1915 1425 2055 1482 erat,

449 1535 571 1589 quae
597 1518 649 1572 in
688 1518 853 1572 istum
900 1514 1161 1569 mundum
1200 1513 1588 1579 descenderat,
1620 1510 1905 1565 Stultitiam
1936 1523 2059 1564 esse

449 1611 551 1667 Dei
594 1628 607 1663 :
648 1610 715 1664 ad
764 1608 1231 1678 comparationem
1281 1604 1486 1676 quippe
1534 1604 1684 1659 illius
1738 1601 2055 1674 sapientiae,

453 1719 611 1775 quam
645 1712 898 1757 terrenus
922 1717 1031 1755 non
1063 1702 1211 1770 capit
1241 1699 1433 1753 locus:
1469 1697 1535 1752 ad
1566 1698 1710 1751 illam
1734 1696 2058 1765 sapientiam

1678 267 1740 325 S.
1783 260 2059 322 EUSEBII
2099 257 2488 317 HIERONYMI

962 391 1215 463 quoniam
1286 389 1389 443 hoc
1459 384 1602 458 quod
1661 382 1947 440 descendit
1994 381 2046 435 in
2075 379 2401 451 Avldeatur
2431 358 2753 444 acerrimus,
2782 375 2991 430 fatuum
3022 387 3147 429 eum
3171 381 3226 429 et
3249 371 3599 443 insipientem
3624 382 3747 426 esse

3635 248 3746 308 632

2152 470 2515 530 convincam?
2546 469 2639 526 Sic
2678 468 2841 538 igitur
2869 468 2936 522 ad
2969 467 3157 522 mundi
3205 467 3525 539 sapientiam
3570 465 3750 521 stulti-

2153 564 2423 620 ficandam
2457 577 2563 617 non
2601 569 2689 616 est
2721 574 2858 629 opus
2889 558 3213 629 sapientiam
3246 558 3338 612 Dei
3367 556 3708 612 descendere
3730 596 3748 623 ,

2153 668 2358 715 etcum
2392 672 2455 711 ea
2502 655 2803 719 colluctari,
2848 668 2969 725 quae
3015 652 3269 707 deorsum
3312 660 3398 707 est
3440 651 3749 722 sapientia,

2152 755 2317 826 802
2347 751 2442 807 sed
2475 750 2673 806 sufficit
2718 751 2924 803 fatuum
2957 747 3054 802 Dei
3083 747 3375 817 :qunniam
3406 750 3607 815 fatuam
3654 742 3753 798 Dei

2155 846 2445 916 sapientius
2476 853 2549 898 est
2582 841 2898 907 hominibus,
2932 849 2979 895 et
3010 839 3275 909 inﬁrmum
3301 836 3401 891 Dei
3440 837 3625 907 fortius
3654 834 3755 888 Ito-

2156 939 2395 1003 minibus,
2428 947 2483 993 et
2513 938 2696 991 omnia
2728 933 3007 991 contraria
3036 932 3285 988 Salvator
3314 944 3469 985 meus
3488 942 3544 984 et
3570 927 3754 983 Domi-

2158 1049 2261 1088 nus
2288 1030 2606 1101 assumpsit,
2637 1036 2694 1084 ut
2739 1026 3029 1084 contrariis
3058 1022 3325 1079 dissolvat
3362 1019 3668 1085 contraria,
3700 1026 3756 1075 et

2158 1142 2258 1182 nos
2297 1127 2683 1181 confirmentur
2715 1122 2784 1177 ab
2818 1119 3135 1176 infirmitate
3179 1116 3298 1187 ejus
3329 1114 3453 1188 [AL
3500 1110 3673 1184 Jesu]
3702 1118 3761 1168 et

2158 1221 2432 1292 sapientes
2458 1217 2806 1273 efficiamura
2831 1215 2978 1268 fatuo
3008 1213 3148 1281 ejus,
3179 1220 3230 1265 et
3260 1210 3313 1264 in
3337 1207 3440 1263 hoc
3466 1204 3574 1278 [ΑΙ.
3610 1202 3753 1275 lucc]

2162 1313 2455 1370 introducti
2486 1311 2756 1383 possimus
2784 1307 3082 1364 ascendere
3110 1305 3175 1360 ad
3207 1303 3531 1374 sapientiam
3562 1307 3620 1355 et
3649 1298 3760 1354 vir-

2163 1417 2328 1462 tutem
2354 1405 2474 1474 Dei,
2507 1405 2693 1461 Jesutu
2721 1400 2996 1458 Christum
3031 1398 3318 1453 Dominum
3352 1406 3638 1457 nostrum,
3670 1391 3759 1446 cui

2161 1506 2245 1554 est
2265 1496 2436 1568 gloria
2463 1503 2518 1550 et
2547 1493 2835 1564 imperium
2864 1492 2917 1546 in
2945 1489 3147 1545 saecula
3174 1485 3524 1543 saeculorum.
3555 1482 3756 1537 Amen.

2678 1603 2964 1661 HOMILIA
3003 1602 3256 1658 SEXTA.

2166 1703 2349 1759 Sermo
2370 1702 2457 1774 qui
2486 1706 2655 1773 factus
2685 1708 2758 1754 est
2784 1699 2853 1751 ad
2878 1696 3161 1751 Jeremiam
3191 1712 3223 1747 a
3256 1691 3513 1757 Domino,
3539 1691 3714 1745 dicens
3739 1704 3762 1745 :

449 1814 574 1869 quae
602 1798 847 1853 caelestis
892 1805 996 1862 est,
1023 1811 1145 1866 qua:
1173 1794 1358 1849 mundi
1403 1793 1633 1847 limitem
1678 1790 1918 1853 excedit,
1955 1791 2060 1845 hoc
2090 1797 2137 1857 B
2238 1796 2376 1849 Audi
2404 1794 2554 1849 verba
2588 1791 2902 1847 Testamenti
2943 1789 3097 1859 hujus
3127 1786 3395 1857 (Jerem.,
3427 1798 3501 1849 st,
3530 1785 3624 1852 t);
3656 1781 3761 1837 Us-

450 1893 592 1964 quod
625 1891 908 1947 descendit
958 1891 1022 1944 ad
1055 1890 1308 1945 homines
1336 1888 1547 1942 fatuum
1592 1887 1684 1941 Dei
1720 1893 1821 1941 est.
1856 1884 2060 1965 Verum

451 1986 688 2056 idipsum
730 1986 936 2040 fatuum
972 1985 1067 2039 Dei
1098 1987 1399 2054 sapientius
1441 1992 1528 2038 est
1558 1981 1909 2036 hominibus:
1942 1979 2065 2051 qui-

453 2080 553 2135 bus
588 2079 944 2134 hominibus?
971 2094 1081 2134 non
1105 2079 1292 2149 utique
1320 2077 1522 2143 stultis,
1553 2075 1648 2132 sed
1680 2074 2021 2146 sapientibus
2046 2090 2059 2127 :

454 2176 605 2231 dicas
653 2176 782 2231 licet
809 2184 835 2212 ἃ
881 2175 1156 2245 sapientes
1183 2174 1366 2230 saeculi
1411 2172 1588 2238 istius,
1621 2171 1735 2227 sive
1763 2170 2060 2241 principes,

454 2268 570 2323 sive
599 2275 753 2323 vates
794 2268 917 2323 istis
948 2267 1290 2336 sapientibus
1320 2265 1532 2333 saeculi,
1579 2265 1683 2319 hoc
1713 2263 1853 2335 quod
1884 2278 2061 2333 expo-

453 2362 663 2417 suimus
690 2380 702 2415 :
755 2361 989 2415 Fatuum
1020 2361 1117 2415 Dei
1146 2360 1436 2431 sapientius
1457 2370 1529 2412 est
1558 2357 1872 2412 hominibus.
1901 2356 2062 2411 Mira-

456 2456 569 2511 bile
612 2454 871 2527 quiddam
904 2456 1157 2511 volnmus
1197 2457 1443 2510 inserere
1475 2471 1488 2507 :
1519 2454 1777 2523 quoniam
1805 2452 2063 2522 sapientia

458 2551 643 2604 mundi
670 2551 892 2605 stultitia
917 2560 993 2606 est
1014 2551 1156 2621 apud
1182 2550 1350 2605 Deum
1373 2551 1391 2619 (
1418 2549 1439 2604 Ι
1462 2549 1583 2605 Cor.
1609 2564 1647 2614 ι,
1675 2548 1747 2604 25
1771 2548 1812 2619 ),
1842 2558 1896 2604 et
1923 2547 2061 2602 infa-

456 2646 629 2700 tuavit
668 2646 808 2700 Deus
839 2646 1162 2715 sapientiam
1207 2644 1418 2700 mundi.
1452 2643 1479 2683 δ
1509 2642 1643 2699 Nam
1693 2644 1746 2698 in
1794 2642 2063 2713 sapientia

456 2754 555 2794 sua
582 2737 870 2793 infatuavit
900 2739 1221 2807 sapientiam
1255 2737 1477 2793 mundi:
1516 2751 1617 2793 nec
1646 2745 1829 2806 potest
1868 2750 2065 2805 capere

456 2831 784 2902 sapientiam
819 2832 911 2886 Dei
938 2830 1201 2901 sapientia
1235 2830 1444 2896 mundi,
1470 2838 1527 2885 ut
1564 2845 1685 2886 esse
1713 2830 1946 2885 stultitia
1980 2843 2065 2884 ar-

458 2931 674 2992 guatur.
702 2921 888 2993 Neque
910 2924 1054 2977 enim
1082 2922 1340 2993 dignatur
1366 2921 1635 2993 sapientia
1660 2922 1755 2977 Dei
1785 2921 1852 2975 ad
1877 2920 2063 2976 mundi

459 3017 785 3086 sapientiam
830 3027 851 3054 ο
902 3016 1334 3072 convincendam
1388 3025 1497 3071 tota
1541 3015 1912 3083 descendere,
1967 3015 2063 3071 sed

458 3110 643 3178 potius
670 3106 695 3144 ά
727 3109 999 3164 modicum
1030 3109 1172 3178 quod
1201 3111 1572 3164 necessarium
1622 3108 1740 3171 fuit,
1787 3109 1929 3178 quod
1984 3107 2063 3161 fa-

2235 1904 2339 1960 que
2368 1887 2434 1942 ad
2472 1901 2595 1942 eum
2644 1886 2822 1939 locum
2857 1883 2909 1937 in
2953 1896 3061 1952 quo
3089 1880 3291 1935 dicitur
3320 1896 3333 1933 :
3368 1876 3613 1932 Conversi
3643 1881 3764 1929 sunt

2234 1985 2303 2038 ad
2332 1982 2628 2053 iniquitates
2654 1990 2864 2052 patrum
2888 1993 3102 2032 suorum
3129 1976 3147 2043 (
3163 1974 3325 2039 lbid.,
3359 1973 3427 2029 10

2166 2080 2205 2147 ξεῖ
2233 2077 2397 2149 θοι
2425 2074 2586 2130 Juxta
2619 2070 2861 2126 historiae
2890 2068 3109 2139 quidem
3138 2066 3420 2122 veritatem
3452 2079 3562 2119 non
3598 2077 3766 2134 nega-

2165 2187 2284 2228 mus
2310 2169 2658 2241 prscsentiam
2689 2165 2906 2221 Domini
2939 2163 3112 2219 nostri
3143 2162 3274 2218 Jesu
3317 2160 3522 2217 Christi
3562 2173 3766 2227 corpo-

2164 2266 2354 2322 raliter
2385 2263 2606 2330 l‘actam,
2639 2269 2693 2317 et
2723 2259 2820 2315 toti
2853 2257 3053 2313 mundo
3084 2256 3350 2322 illuxisse,
3376 2253 3598 2323 quando
3625 2249 3763 2306 Ver-

2166 2363 2281 2415 bum
2305 2375 2429 2413 caro
2452 2358 2643 2429 factum
2667 2363 2763 2419 est,
2791 2362 2838 2408 et
2860 2351 3111 2405 habitavit
3131 2352 3183 2404 in
3204 2349 3347 2403 nobis
3373 2346 3555 2421 (Joau.
3581 2362 3619 2411 ι,
3648 2344 3762 2417 li).

2164 2452 2388 2524 Oportet
2419 2460 2596 2505 autem
2630 2462 2792 2503 nosse
2812 2488 2827 2513 ,
2865 2445 3118 2516 quoniam
3150 2452 3205 2499 et
3233 2452 3523 2513 antequam
3553 2452 3762 2509 corpus

2166 2558 2473 2608 assumeret
2520 2549 2587 2604 ad
2642 2557 2858 2603 sanctos
2895 2561 3109 2617 quoque
3155 2543 3440 2601 descendit
3482 2560 3495 2596 :
3547 2552 3602 2597 et
3643 2548 3770 2611 post

2168 2646 2305 2701 hanc
2328 2643 2674 2715 przesentiam
2705 2642 3044 2712 corporalem
3074 2639 3139 2695 ad
3174 2640 3346 2695 caelos
3372 2638 3546 2693 victor
3570 2650 3765 2691 ascen-

2167 2739 2322 2807 deus,
2352 2751 2542 2791 rursus
2584 2735 2652 2789 ad
2685 2748 2783 2788 nos
2814 2734 3014 2789 veniet.
3046 2732 3103 2788 Si
3136 2733 3216 2787 vis
3260 2732 3424 2803 hujus
3452 2731 3530 2786 rei
3569 2744 3767 2799 capere

2168 2839 2567 2904 argumentum,
2606 2828 2851 2883 ausculta
2889 2827 3033 2897 quod
3061 2826 3262 2882 dicitur
3287 2845 3299 2879 :
3328 2826 3513 2882 Sermo
3553 2825 3641 2897 qui
3684 2825 3768 2895 fa-

2168 2933 2281 2978 ctus
2311 2933 2385 2977 est
2414 2938 2569 2992 super
2606 2920 2889 2975 Jeremiam
2931 2936 2962 2972 α
2991 2918 3237 2985 Domino,
3268 2919 3445 2974 dicens
3466 2936 3492 2981 ,:
3515 2917 3673 2982 Audi,
3713 2926 3769 2973 et

2169 3018 2396 3087 reliqua.
2429 3016 2563 3085 Quis
2592 3015 2739 3069 enim
2780 3024 2864 3069 est
2908 3012 2995 3068 hic
3041 3028 3223 3069 sermo
3251 3013 3338 3083 qui
3389 3012 3561 3068 factus
3609 3020 3693 3067 est
3732 3026 3766 3067 a

2168 3113 2425 3178 Domino,
2460 3111 2574 3165 sive
2598 3109 2663 3163 ad
2688 3108 3005 3176 Jeremiam,
3042 3110 3157 3164 sive
3186 3110 3251 3162 ad
3287 3106 3482 3161 Isaiam
3508 3149 3523 3174 ,
3551 3106 3666 3160 sive
3695 3102 3766 3160 ad

461 3210 611 3257 tuum
643 3203 734 3256 Dei
763 3212 901 3265 erat,
933 3213 985 3257 ut
1021 3204 1121 3257 hoc
1148 3218 1321 3272 parvo
1364 3213 1419 3259 et
1470 3203 1617 3257 fatuo
1648 3203 1741 3257 Dei
1768 3201 2061 3257 infamare.
2092 3193 2138 3256 C
2169 3204 2469 3276 quemlibet
2496 3204 2921 3273 prophetarum?
2947 3204 3030 3259 An
3055 3204 3145 3258 ille
3167 3210 3253 3256 est
3277 3202 3368 3273 qui
3390 3208 3509 3256 erat
3533 3201 3583 3254 in
3616 3200 3767 3269 prin-

461 3305 550 3349 tur
576 3295 760 3350 saeculi
790 3296 1077 3365 sapientia.
1122 3304 1144 3332 θ
1174 3295 1293 3350 Νοη
1318 3297 1464 3349 enim
1511 3295 1725 3367 valebat
1753 3296 1939 3349 saeculi
1974 3309 2061 3348 sa-

461 3389 665 3459 pientia
715 3388 1139 3459 magnitudinem
1174 3388 1228 3442 in
1258 3403 1319 3443 se.
1349 3388 1620 3443 venientis
1651 3389 1930 3457 sapientia:
1964 3389 2063 3442 im-

461 3490 656 3552 potens
704 3481 993 3536 sustinere.
1028 3478 1231 3535 Verum
1284 3481 1593 3551 exemplum
1630 3481 2061 3549 interponamus,

462 3584 522 3628 ut
556 3574 842 3644 perspicue
890 3574 1062 3644 possit
1103 3574 1331 3645 intelligi
1388 3575 1660 3645 quomodo
1709 3576 1913 3630 fatuum
1966 3575 2064 3631 Dei

465 3672 687 3724 stultam
721 3669 913 3724 fecerit
937 3669 1257 3737 sapientiam
1293 3670 1479 3723 mundi
1507 3686 1521 3724 :
1560 3671 1754 3738 fingam
1788 3669 2066 3738 pauIiSper

466 3780 574 3833 me,
610 3765 702 3833 qui
730 3763 933 3835 aliquid
954 3762 1151 3833 putorf
1183 3779 1365 3830 nosse,
1393 3778 1517 3819 cum
1543 3765 1835 3834 insipiente
1857 3764 2062 3835 aliquo,

465 3866 517 3910 et
542 3856 815 3910 inerudito
836 3856 1429 3920 conferresermonem,
1445 3856 1685 3926 quiniltil
1702 3859 1990 3928 intelligat,
2006 3860 2059 3913 ni

464 3948 539 4001 hil
570 3948 733 4020 θοι
770 3958 942 4003 acuta:
973 3948 1357 4018 disputationis
1407 3950 1729 4020 interroget.
1769 3950 2065 4021 Numquid-

467 4057 592 4096 nam
617 4057 753 4111 opns
782 4042 915 4097 mihi
944 4052 1028 4098 est
1051 4043 1115 4095 ad
1150 4044 1293 4098 illius
1325 4043 1607 4097 stultitiam
1642 4052 1666 4089 ις
1692 4044 2025 4113 arguendam
2046 4087 2061 4111 ,

466 4132 803 4188 dialemicam
850 4134 1226 4199 calliditatem,
1277 4145 1331 4189 et
1363 4135 1755 4204 profundorum
1800 4152 2062 4193 sensuum

466 4240 691 4280 acumen
721 4227 1025 4283 adhibere?
1072 4228 1259 4284 Nonne
1292 4228 1359 4283 ad
1411 4230 1569 4286 unius
1602 4232 1939 4286 sertuunculi
1980 4235 2064 4302 ja-

466 4327 612 4374 ctum
635 4320 759 4374 vilis
799 4332 853 4375 et
896 4321 1125 4389 modici,
1156 4324 1246 4393 qui
1295 4333 1475 4379 tamen
1502 4323 1649 4380 illius
1677 4325 2055 4397 intelligentia:

2166 3297 2309 3366 cipio
2336 3297 2477 3366 apud
2512 3296 2728 3350 Deum?
2759 3296 2870 3363 Ego
2902 3296 3086 3351 nescio
3113 3295 3261 3349 aliud
3292 3294 3519 3349 verbum
3550 3291 3769 3347 Domini

2167 3400 2371 3461 praeter
2400 3392 2599 3460 ipsum,
2631 3390 2699 3444 de
2724 3405 2832 3458 quo
2875 3390 3003 3445 dicit
3037 3390 3383 3460 Evangelista
3419 3404 3434 3442 :
3469 3386 3537 3442 In
3573 3386 3770 3460 princi-

2167 3485 2252 3557 pio
2296 3493 2408 3539 erat
2453 3482 2680 3537 Verbum
2725 3482 2835 3556 [AL
2884 3482 3095 3556 sermo],
3138 3492 3183 3537 et
3224 3482 3445 3538 Verbum
3484 3492 3593 3537 erat
3626 3482 3769 3554 apud

2169 3579 2356 3645 Deum,
2387 3589 2432 3633 et
2464 3578 2602 3633 Deus
2632 3588 2743 3635 erat
2776 3578 3003 3634 Verbum
3033 3578 3222 3650 (Joan.
3248 3624 3261 3647 ,
3291 3596 3344 3645 ι,
3380 3576 3471 3648 1).
3512 3580 3628 3634 lloc
3671 3594 3766 3633 att-

2174 3685 2281 3727 tem
2311 3674 2452 3728 scire
2479 3673 2764 3739 debemus,
2789 3673 2911 3743 quia
2939 3672 3053 3727 haec
3071 3674 3142 3727 sit
3167 3672 3375 3727 utilitas
3401 3670 3766 3739 credentium,

2172 3766 2217 3821 si
2252 3782 2431 3821 sermo
2474 3766 2541 3820 ad
2582 3765 2829 3835 singulos
2859 3781 3105 3837 quosque
3148 3767 3259 3821 fiat.
3284 3764 3423 3832 Quid
3453 3763 3585 3819 mihi
3621 3764 3765 3820 enim

2171 3859 2392 3929 prodest
2431 3858 2476 3912 si
2509 3859 2808 3913 descendat
2851 3860 2905 3913 in
2933 3858 3213 3920 mundum.
3245 3866 3303 3914 et
3330 3872 3433 3929 ego
3458 3857 3633 3928 ipsum
3659 3873 3766 3913 non

2174 3951 2447 4005 habeam?
2493 3951 2532 4004 E
2578 3951 2796 4011 diverso
2836 3961 3016 4005 autem
3062 3953 3222 4006 etiam
3270 3952 3314 4003 si
3359 3950 3426 4003 ad
3458 3949 3768 4005 universum

2172 4045 2432 4099 mundum
2474 4059 2581 4099 non
2620 4046 2844 4114 veniat,
2879 4053 2933 4099 et
2964 4061 3066 4115 ego
3096 4045 3291 4099 similis
3329 4043 3485 4099 fuero
3533 4043 3769 4113 prophe-

2172 4150 2370 4207 tarum,
2398 4140 2572 4194 habeo
2601 4140 2800 4209 ipsum.
2835 4139 3021 4194 Dicam
3052 4150 3257 4205 autem,
3289 4139 3412 4210 quia
3438 4148 3495 4195 et
3524 4140 3591 4193 ad
3623 4138 3770 4209 Moy-

2168 4251 2286 4300 sen,
2318 4245 2373 4291 et
2401 4237 2468 4289 ad
2499 4235 2790 4291 Jeremiam
2815 4278 2828 4301 ,
2862 4245 2913 4289 et
2946 4235 3009 4288 ad
3052 4235 3251 4290 Isaiam
3279 4276 3293 4299 ,
3327 4243 3385 4289 et
3426 4233 3494 4288 ad
3526 4234 3769 4303 singulos

2166 4344 2411 4400 quosque
2438 4329 2927 4400 sanctorum802
2952 4328 3094 4383 idem
3126 4342 3309 4383 sermo
3334 4328 3727 4383 commcaverit
3753 4344 3766 4379 :

538 4443 565 4472 ⁸
606 4433 697 4511 Sic
715 4440 911 4502 praeter
928 4431 1137 4511 Raban.
1163 4450 1293 4511 mss.
1322 4451 1535 4511 quoque
1556 4435 1902 4511 Regiipenes
1927 4440 2062 4495 Hue-
2090 4445 2143 4505 D
2168 4441 2472 4507 sapientiam
2505 4438 2709 4510 (suppl.
2742 4441 2865 4500 Dei)
2898 4450 2952 4494 ut
2984 4440 3207 4495 stultitia
3231 4457 3339 4495 esse
3368 4451 3638 4511 arguatur,
3674 4457 3766 4496 sa-

465 4506 597 4559 tium
648 4505 871 4569 legunt:
913 4504 1130 4559 tametsi
1175 4505 1265 4560 ille
1297 4504 1565 4577 vulgatam
1614 4504 1898 4564 lcetiouem
1930 4513 2060 4566 reti-

467 4578 607 4640 nuit,
658 4577 976 4645 sapientibus
1005 4577 1181 4629 διεδηιὶ
1224 4578 1396 4643 istius,
1430 4581 1533 4633 sive
1575 4580 1917 4648 principibus,
1952 4585 2058 4637 sive

464 4650 611 4702 vanis
630 4649 760 4713 istis,
785 4659 919 4710 etc.,
947 4664 1067 4716 quae
1096 4658 1154 4701 ut
1184 4650 1236 4703 in
1266 4651 1480 4704 czetcris
1502 4653 1638 4705 bene
1664 4653 1877 4714 habeat,
1914 4657 1963 4707 in
1992 4670 2057 4709 eo

460 4731 608 4795 certe
645 4717 788 4795 falsa
834 4729 935 4779 est,
984 4720 1125 4788 quod
1155 4722 1301 4795 fanis
1347 4736 1445 4790 pro
1476 4724 1795 4795 vateshlegil.
1846 4723 2059 4791 Optime

458 4793 605 4865 enim
634 4787 1082 4865 Gr1t3_t3tls_lexltts,
1111 4787 1561 4865 κᾷνᾼγτούς-σοφούς
1589 4787 1732 4865 sinu}
1761 4804 1852 4851 τοῦ
1881 4787 2060 4859 uicino;

463 4862 653 4946 ‘t'od‘mp
676 4903 690 4923 ,
725 4860 823 4917 εἴτε
856 4860 1124 4946 diplomata;
1157 4856 1276 4946 ἐξτε
1304 4856 1567 4941 προφῆτας
1590 4908 1603 4927 ,
1638 4856 1736 4921 τῶν
1785 4856 2059 4946 ἀρχόντοῷ

460 4942 553 5005 τοῦ
581 4936 761 4993 αἰῶνος
790 4936 977 4988 redi-ou
1004 4937 1061 4988 τὸ
1088 4937 1259 5005 μωρὸν
1278 4936 1369 4991 rei)
1399 4944 1557 5004 Θεοῦ,
1590 4946 1696 4991 etc.

534 5004 567 5080 bi
588 5006 671 5080 ΙδῑΔ
698 5009 811 5057 haec
845 5004 1119 5080 pericope,
1145 5004 1282 5058 Nam
1305 5008 1358 5059 in
1383 5010 1638 5075 sapientia
1664 5026 1757 5062 sua
1776 5011 2056 5080 infamavit

452 5078 760 5152 sapientiam
788 5076 987 5152 mundi,
1017 5079 1067 5152 in
1094 5080 1605 5152 hactenusvulgatis
1632 5076 1844 5145 deerat,
1868 5094 2056 5152 estque

450 5148 504 5201 in
527 5148 1046 5223 promptuarbitrari
1065 5149 1206 5218 quod
1229 5150 1298 5223 ob
1320 5150 1566 5215 ejusdem
1592 5153 1791 5219 mundi,
1812 5154 1865 5207 in
1890 5148 2051 5223 quam

451 5234 643 5292 vocem
672 5219 892 5287 desinit,
926 5234 1226 5284 recursum,
1251 5220 1318 5273 ab
1336 5223 1658 5292 Antiquario
1680 5219 2055 5281 l‘ueritsolem-

448 5291 505 5345 ni
536 5292 687 5357 lapsu
724 5293 1111 5359 praetermissa.
1151 5292 1436 5347 Manifesto
1463 5291 1607 5347 enim
1645 5297 1841 5349 nedum
1873 5296 2051 5352 Raba-

445 5376 550 5415 nus
597 5364 746 5437 legit,
782 5363 877 5437 sed
909 5374 961 5417 et
992 5378 1122 5437 mss.
1154 5362 1305 5433 Regii
1340 5380 1504 5433 penes
1534 5364 1784 5421 ﬂuetium
1813 5385 1827 5420 :
1856 5384 2051 5437 quant-

444 5446 608 5502 quam
643 5435 693 5487 hi
724 5436 942 5507 gravius
989 5436 1040 5488 in
1094 5437 1450 5507 sequentibus
1488 5447 1731 5506 peccant.
1774 5435 2050 5507 Expresse

442 5515 649 5579 autem,
683 5506 824 5576 quod
859 5506 936 5560 rei
969 5518 1130 5575 caput
1160 5518 1265 5571 est,
1296 5506 1348 5561 in
1379 5507 1572 5562 Graeco
1606 5510 1818 5578 scripsit
1854 5506 2044 5579 Orige-

442 5588 572 5653 nes,
592 5574 694 5651 ἄρα
723 5580 774 5630 ὲν
815 5582 967 5653 σοφίᾳ
1010 5574 1237 5653 ἐμώρανε
1265 5585 1355 5638 τήν
1374 5582 1560 5653 σοφίαν
1586 5588 1677 5635 τοῦ
1709 5574 1924 5653 uda-pou,
1954 5574 2045 5639 Rat

435 5645 729 5730 οὐ-δύνᾴται
754 5645 995 5730 χωρῆσξκι
1022 5645 1339 5730 ὲὴν’σοφίᾳγ,
1367 5652 1434 5730 iv:
1449 5645 1662 5727 ἐλεγχθῇ
1686 5645 1837 5730 μωρᾶ
1864 5645 1990 5710 sinat
2015 5658 2046 5715 ἡ

433 5724 527 5798 rei
567 5722 762 5798 saepe},
792 5724 961 5798 copia.
1005 5726 1138 5798 Qua:
1176 5722 1376 5798 reddas
1414 5722 1646 5798 Latino,"
1676 5722 1850 5793 utique
1878 5730 1929 5779 in
1959 5744 2045 5780 sa-

430 5792 628 5856 pientia
658 5792 933 5861 infamavit
963 5793 1273 5863 sapientiam
1320 5795 1519 5863 mundi,
1550 5812 1638 5850 nec
1662 5792 1827 5866 potest
1855 5815 2041 5870 capere

2167 4513 2359 4580 pientia
2386 4513 2583 4565 mundi.
2614 4514 2977 4579 Quamobrem
3009 4524 3065 4567 et
3093 4528 3218 4566 mox
3244 4512 3555 4567 suffecimus
3580 4528 3645 4568 ex
3675 4529 3773 4569 co-

2167 4583 2290 4638 detn
2317 4582 2539 4637 Rabauo
2564 4599 2725 4639 voces
2752 4585 3062 4654 sapientiam
3093 4584 3208 4647 Dei,
3256 4600 3375 4653 quae
3403 4586 3651 4648 deerant,
3688 4586 3772 4640 in-

2168 4654 2452 4709 commodo
2483 4669 2646 4710 sensu
2691 4668 2856 4725 atque
2896 4657 3112 4710 hiulco:
3161 4672 3304 4710 nunc
3335 4664 3528 4723 pra-ter
3560 4656 3770 4713 Rabani

2171 4726 2535 4780 testimonium
2566 4725 2849 4796 Grmciqtie
2878 4738 3061 4781 textus
3085 4729 3463 4781 auctoritatem
3503 4730 3617 4797 ipsa
3646 4744 3770 4782 ora-

2171 4799 2331 4852 tionis
2359 4798 2527 4851 series
2554 4805 2757 4867 optime
2780 4800 3087 4852 restitutum
3112 4800 3286 4851 locmn
3319 4800 3532 4866 probat.

2245 4879 2266 4907 ε
2308 4868 2573 4935 Corrupte
2616 4870 2669 4923 in
2718 4870 2948 4938 vulgatis
2992 4871 3272 4923 obtinebat
3314 4871 3765 4935 commiscendatn,

2170 4956 2263 5011 pro
2295 4941 2714 5011 convincendum,
2752 4940 2895 5006 quod
2920 4957 2983 4995 ex
3017 4940 3239 4995 Rabano
3271 4942 3627 5009 restituituus,
3658 4944 3771 4997 cla-

2167 5021 2347 5087 mante
2368 5010 2559 5087 Grtgco
2579 5020 2732 5087 textu
2756 5014 2836 5067 ἵνα
2856 5011 3100 5087 ῥλεγχθῇ.

2233 5082 2259 5119 ά
2301 5083 2427 5137 Mss.
2461 5081 2609 5149 Regii
2657 5099 2820 5147 penes
2853 5081 3128 5147 Hui-tium,
3157 5084 3246 5136 sed
3267 5084 3438 5152 potius
3480 5087 3764 5156 modicum,

2156 5154 2255 5295 :tot'
2285 5164 2380 5219 est,
2414 5156 2787 5210 incarnationis
2810 5165 3209 5210 sacramentum.
3247 5155 3390 5222 Quid
3419 5154 3768 5211 necessarium

2185 5236 2275 5280 uit.

2185 5236 2275 5280 uit.

2236 5307 2257 5334 θ
2298 5297 2590 5354 Sufficiunt
2629 5298 2746 5353 hmc
2785 5300 2950 5354 verba
2977 5316 3099 5367 quae
3136 5300 3188 5354 iu
3222 5309 3380 5354 antea
3414 5299 3646 5370 vulgatis
3671 5301 3771 5356 dev

2156 5380 2313 5425 erant
2357 5371 2674 5440 imperfecto
2705 5382 2798 5425 aut
2827 5372 2980 5425 nullo
3011 5387 3173 5427 sensu
3202 5392 3215 5427 :
3266 5388 3371 5424 non
3400 5373 3538 5424 enim
3562 5373 3768 5426 valebat

2154 5443 2331 5495 surculi
2378 5442 2658 5509 sapientia,
2702 5454 2821 5512 post
2865 5444 3148 5497 Rabanum
3197 5458 3327 5497 mss.
3362 5458 3579 5512 quoque
3611 5444 3763 5514 Regii

2156 5528 2321 5584 penes
2345 5514 2618 5578 Huetium,
2652 5514 2843 5569 Graeco
2874 5514 2994 5584 ipso
3026 5522 3172 5569 textu
3202 5514 3555 5583 suffragan;e.

2229 5583 2247 5622 ί
2283 5589 2450 5639 Antea
2482 5587 2761 5655 legebatur
2781 5583 2909 5652 esse,
2938 5586 3303 5642 dissentiente
3334 5588 3527 5641 Graeco
3554 5584 3758 5644 εἰδέναι.

2152 5655 2409 5711 Rabanns
2440 5658 2689 5727 castigat,
2726 5674 2895 5711 nosse.

2228 5738 2252 5775 ιε
2284 5727 2440 5798 Apud
2486 5730 2695 5784 llabau.
2745 5729 2815 5783 ad
2857 5729 3000 5782 illius
3049 5729 3325 5784 stultitiam
3374 5730 3761 5801 coarguendam

2154 5800 2437 5856 dialectica:
2463 5802 2587 5855 artis
2622 5811 2670 5853 et
2700 5802 3107 5872 profundorum,
3138 5811 3246 5858 etc.
