4128 6346
343 301 443 361 653

909 293 1353 354 TRANSLATIO
1392 291 1829 352 HOMILIARUM
1867 288 2193 353 ORIGENIS
2229 294 2296 352 IN
2337 292 2711 355 JEREMIAM.
2754 296 2925 355 HOM.
2958 296 3047 354 Vl.

3527 294 3631 352 654

336 425 392 474 et
417 412 548 471 illud
580 412 728 487 quod
771 426 800 466 a
834 412 1064 468 Domino
1091 410 1372 484 discipulis
1399 409 1603 467 dictum
1636 420 1720 466 est
1748 429 1763 466 :
1797 407 1933 465 Ecce
1956 426 2011 488 Α
2036 412 2128 483 qui
2154 412 2207 467 in
2240 412 2484 470 Ecclesia
2530 413 2793 469 habitant.
2827 414 2955 470 Haec
2983 422 3065 471 est
3093 412 3287 469 civitas
3318 411 3499 484 magni
3529 411 3638 469 Re-

336 527 428 581 ego
458 509 720 563 vobiscum
740 524 857 562 sum
878 507 1116 561 omnibus
1138 505 1315 561 diebus
1337 520 1499 577 usque
1518 505 1587 558 ad
1604 520 1933 559 consumma-

334 604 528 657 tionem
553 601 735 656 steculi
761 600 941 671 (Matt.
967 599 1183 669 xxvut),
1209 614 1375 669 opere
1398 606 1673 653 servatum
1695 606 1780 654 est
1804 605 1933 653 ante

334 696 632 751 adventum
681 708 874 761 suum,
906 708 1067 764 quem
1102 691 1355 747 omnibus
1386 689 1769 745 manifestavit.
1805 690 1937 745 Erat

332 792 532 861 qu'ppe
554 805 677 844 cum
703 788 906 858 Moyse,
931 802 1053 841 cum
1082 787 1243 854 Isaia,
1273 800 1395 842 cum
1420 786 1678 841 omnibus
1706 785 1932 841 sanctis.

329 884 621 956 Quomodo
649 883 792 940 enim
824 890 1076 953 poterant
1102 879 1252 936 eﬂ'ari
1286 894 1598 935 sermonem
1629 887 1656 916 α
1687 879 1782 933 Dei
1815 878 1935 934 sine

330 978 507 1048 ipsius
529 974 802 1031 sermonis
826 974 1101 1029 adventu?
1130 972 1258 1027 Haec
1289 984 1469 1028 autem
1501 986 1601 1027 nos
1622 972 1714 1043 qui
1742 971 1935 1027 Eccleo

329 1071 539 1127 siastici
571 1084 782 1135 sumus,
814 1069 986 1139 magis
1008 1067 1274 1123 debemus
1301 1067 1610 1136 advertere,
1649 1066 1740 1135 qui
1775 1066 1933 1121 volu-

325 1182 449 1221 mus
476 1165 734 1221 eumdem
766 1164 933 1219 Deum
961 1178 1087 1220 esse
1130 1164 1283 1234 legis,
1313 1172 1367 1218 et
1411 1162 1710 1233 Evangelii,
1754 1162 1931 1230 ipsum

328 1259 502 1315 Deum
545 1267 602 1314 et
649 1257 976 1327 antiquitus,
1008 1266 1063 1312 et
1106 1272 1270 1323 nunc,
1320 1264 1375 1311 et
1417 1255 1471 1310 in
1509 1258 1689 1309 omnia
1736 1255 1932 1309 smcula

325 1352 681 1418 saeculorum,
721 1353 914 1406 Amen.
960 1349 1098 1407 Sunt
1143 1350 1364 1421 quidam
1406 1350 1498 1420 qui
1535 1350 1791 1416 Opinione
1838 1363 1933 1404 sua

326 1457 571 1503 veterem
622 1446 965 1501 divinitatem
1015 1446 1083 1501 ab
1146 1460 1208 1499 ea
1268 1459 1391 1516 qua:
1446 1447 1501 1499 in
1558 1442 1777 1499 Christo
1832 1460 1932 1500 an-

326 1541 641 1604 nuntiatur,
673 1538 936 1594 dividant.
983 1537 1094 1593 Nos
1132 1554 1301 1593 unum
1348 1538 1600 1593 novimus
1642 1539 1807 1593 Deum
1832 1581 1847 1607 ,
1880 1549 1935 1594 et

327 1634 384 1688 in
414 1636 716 1702 prmterito,
750 1641 805 1687 et
833 1633 886 1686 in
921 1632 1199 1702 praesenti.
1228 1647 1392 1687 unum
1419 1630 1693 1688 Christum
1725 1642 1779 1689 et
1807 1641 1934 1689 tunc

325 1734 385 1782 et
410 1724 576 1780 modo
597 1726 876 1792 similiter,
899 1735 948 1781 et
980 1741 1145 1780 unum
1176 1725 1442 1796 Spiritum
1485 1736 1732 1782 sanctum
1761 1770 1774 1795 ,
1808 1741 1929 1782 cum

2034 506 2139 577 gis,
2172 504 2289 562 haec
2309 517 2391 562 est
2418 506 2557 563 visio
2590 509 2756 578 pacis.
2789 507 2900 563 Pax
2941 509 3141 579 quippe
3183 506 3238 563 in
3269 506 3450 574 nobis,
3479 506 3523 561 si
3555 515 3635 561 ta-

2036 614 2160 653 men
2194 598 2290 653 lilii
2319 601 2465 670 pacis
2489 615 2699 666 sumus,
2729 600 3119 671 multiplicatur
3149 610 3203 654 ct
3230 598 3495 654 cernitur.
3527 598 3636 653 Au-

2036 690 2141 744 dite
2170 705 2300 762 ergo
2327 692 2478 746 verba
2507 694 2797 747 testamenti
2820 692 2997 763 hujus,
3025 702 3069 745 et
3101 689 3373 761 loquimini
3402 690 3471 743 ad
3495 689 3633 744 viros

2034 781 2067 836 Ι
2075 783 2198 848 uda,
2217 794 2261 837 et
2284 783 2633 839 inhabitantes
2650 783 2965 853 Jerusalem,
2992 795 3039 838 et
3062 784 3242 838 dicetis
3263 784 3333 837 ad
3359 799 3444 837 eos
3463 798 3481 838 :
3503 781 3553 837 11
3556 798 3633 838 tce

2036 876 2160 932 dicit
2202 877 2458 934 Dominus
2490 898 2508 935 :
2557 878 2871 934 Maledictus
2920 879 3072 932 homo
3116 879 3205 947 qui
3253 894 3357 932 non
3406 877 3634 932 audierit

2035 971 2185 1027 verba
2234 976 2521 1029 testamenti
2559 975 2739 1047 hujus,
2789 974 2927 1043 quod
2969 973 3234 1028 mandauit
3274 973 3505 1043 patribus
3548 987 3634 1027 ve-

2034 1067 2156 1122 stris
2191 1066 2343 1139 (Jer.
2373 1084 2469 1139 xu,
2494 1071 2552 1135 2,
2586 1070 2620 1124 5
2647 1070 2687 1139 ).
2722 1068 2855 1137 Quis
2887 1067 3056 1139 magis
3090 1067 3240 1122 audit
3270 1066 3438 1121 verba
3467 1074 3634 1123 testa-

2036 1162 2227 1230 menti,
2273 1162 2418 1232 quod
2469 1158 2770 1217 mandavitd
2823 1161 2965 1216 Deus
3004 1159 3285 1231 patrihus?
3315 1158 3423 1215 Nos
3451 1158 3542 1228 qui
3576 1159 3632 1215 in

2034 1254 2252 1313 Christo
2274 1258 2548 1313 credimus
2577 1301 2592 1325 ,
2624 1273 2689 1312 an
2715 1256 2793 1313 illi
2819 1256 2909 1327 qui
2938 1271 3037 1311 nec
3062 1254 3234 1327 Moysi
3260 1253 3630 1321 crediderunt,

2035 1350 2162 1406 dum
2192 1351 2247 1405 in
2271 1351 2493 1407 Christo
2520 1367 2627 1407 non
2660 1352 2936 1407 crcdunt‘!
2964 1349 3031 1406 ad
3062 1364 3201 1420 quos
3228 1349 3476 1406 Salvator
3506 1348 3584 1404 ait
3611 1364 3626 1403 :

2036 1445 2101 1502 Si
2126 1446 2396 1500 crederetis
2430 1446 2623 1517 Moysi,
2668 1446 2941 1500 crederetis
2982 1445 3155 1513 utique
3197 1453 3244 1498 et
3284 1444 3431 1507 mihi,
3463 1441 3527 1496 de
3550 1458 3630 1497 me

2034 1540 2170 1593 enim
2194 1538 2285 1594 ille
2310 1540 2557 1612 scripsit:
2580 1537 2643 1596 Si
2670 1548 2843 1594 autem
2866 1539 3051 1594 litteris
3078 1538 3221 1594 illius
3251 1554 3355 1593 non
3388 1536 3629 1603 creditis,

2033 1634 2289 1703 quomodo
2312 1634 2473 1688 verbis
2494 1634 2620 1687 meis
2650 1633 2896 1687 credituri
2926 1631 3048 1687 estis
3071 1632 3252 1706 (Joan.
3277 1648 3333 1697 v,
3357 1630 3451 1696 46)
3473 1631 3496 1686 2
3521 1629 3626 1685 Ιιεμ

2034 1742 2137 1795 que
2156 1726 2229 1781 illi
2245 1727 2413 1798 Moysi
2438 1725 2545 1799 [ΑΙ.
2573 1724 2817 1798 Moysen]
2841 1741 2947 1782 non
2971 1726 3347 1791 crediderunt,
3373 1740 3476 1782 nos
3500 1739 3631 1780 vere

327 1820 519 1889 Patre,
552 1828 605 1874 et
632 1819 772 1874 Filio
796 1820 1213 1890 sempiternum.
1241 1820 1367 1876 Haec
1391 1833 1610 1892 prepter
1635 1821 1758 1885 hoc,
1783 1822 1927 1892 quod
1961 1822 2005 1882 Β
2033 1820 2319 1876 credentes
2365 1820 2418 1874 in
2474 1818 2710 1885 Christo,
2758 1819 3036 1875 credimus
3092 1827 3441 1885 testamento,
3484 1817 3631 1887 quod

326 1914 530 1970 lectum
563 1923 647 1968 est
679 1930 692 1966 :
728 1912 912 1969 Sermo
943 1914 1031 1984 qui
1072 1914 1237 1985 factus
1276 1923 1351 1969 est
1387 1930 1544 1985 super
1577 1913 1861 1968 Jeremiam
1903 1930 1934 1968 a

327 2005 558 2061 Domino
580 2006 753 2062 dicens
782 2023 799 2060 :
830 2007 959 2077 quid
1005 2022 1135 2077 ergo
1167 2008 1345 2075 dicat,
1380 2016 1438 2064 et
1479 2023 1577 2063 nos
1624 2009 1930 2063 audiamus.

325 2100 518 2154 Audite
553 2101 704 2154 verba
744 2102 1033 2154 testamenti
1077 2099 1267 2169 huius,
1299 2110 1347 2155 et
1392 2102 1660 2172 loquimini
1692 2102 1760 2155 ad
1800 2104 1934 2158 viros

324 2192 502 2259 Juda,
544 2203 593 2249 et
624 2193 971 2249 inhabitantes
1007 2193 1133 2267 [AL
1167 2193 1578 2268 inhabitatores]
1616 2195 1931 2251 Jerusalem.

329 2283 450 2340 Viri
482 2285 619 2341 Juda
653 2300 753 2340 nos
781 2301 970 2342 sumus
999 2295 1219 2357 propter
1245 2284 1550 2355 Christum,
1578 2303 1678 2343 nec
1707 2288 1930 2343 dubium

327 2388 437 2442 est,
470 2378 613 2449 quod
646 2377 822 2452 [quia]
853 2378 1120 2434 Dominus
1158 2388 1347 2435 noster
1384 2396 1450 2435 cx
1477 2380 1612 2435 Juda
1641 2391 1792 2436 ortus
1839 2382 1933 2436 sit.

330 2471 546 2527 Nomen
569 2487 788 2544 quoque
816 2472 995 2538 ipsum
1032 2472 1171 2529 Juda
1200 2474 1243 2527 si
1273 2474 1426 2544 juxta
1466 2474 1778 2541 Scripturas
1810 2491 1937 2547 pro-

330 2565 537 2621 bavero
588 2566 655 2620 ad
710 2565 988 2621 Christum
1039 2566 1274 2635 referri,
1337 2566 1365 2606 δ
1417 2568 1518 2623 viri
1575 2569 1739 2641 803
1796 2568 1933 2625 Juda

332 2675 442 2715 non
473 2671 635 2715 erunt
685 2660 956 2717 increduli
996 2660 1217 2718 Christo
1243 2661 1418 2717 Judaei
1444 2702 1458 2727 ,
1490 2663 1586 2718 sed
1618 2678 1715 2718 nos
1744 2662 1836 2734 qui
1878 2663 1933 2717 in

331 2753 554 2809 Christo
593 2754 889 2811 credimus.
932 2753 1111 2823 Juda,
1156 2766 1203 2811 te
1244 2755 1545 2811 collaudant
1591 2759 1777 2828 fratres
1811 2758 1885 2811 tui
1915 2772 1933 2809 :

333 2863 521 2902 manus
560 2856 663 2902 tua:
706 2863 859 2919 super
880 2848 1091 2903 dorsum
1133 2850 1461 2903 inimicorum
1512 2860 1719 2905 tuorum
1760 2850 1931 2922 (Gen.

329 2954 524 3006 vattt,
549 2939 641 3009 8).
673 2940 753 2997 Te
780 2942 1026 2997 laudant.
1056 2941 1173 2997 Non
1215 2943 1369 2998 illttm
1414 2943 1607 2999 Judam
1649 2945 1815 3000 lilium
1846 2945 1936 3001 Ja-

330 3034 439 3089 eob
488 3035 686 3091 fratres
733 3038 816 3091 sui
865 3037 1239 3105 laudaverunt,
1274 3039 1371 3095 sed
1412 3055 1554 3095 nunc
1581 3039 1773 3096 ludam
1821 3041 1935 3096 lau-

331 3129 466 3184 dant
516 3128 714 3186 fratres
751 3132 858 3187 sui.
902 3133 993 3188 Ait
1032 3134 1236 3203 quippe
1288 3138 1390 3189 iste
1436 3134 1602 3189 Judas
1636 3153 1649 3189 :
1687 3134 1933 3189 Narrabo

2038 1916 2292 1970 traditum
2320 1923 2409 1971 est
2439 1930 2535 1984 per
2564 1916 2807 1987 Moysen.
2833 1924 2888 1970 et
2930 1915 2995 1970 ad
3031 1928 3130 1969 nos
3170 1913 3391 1983 dicitur,
3422 1927 3489 1969 ne
3518 1928 3631 1967 ma-

2037 2009 2220 2064 ledicti
2270 2008 2463 2063 fiamus
2510 2026 2524 2063 :
2570 2008 2882 2063 Maledictus
2928 2008 3081 2062 homo
3123 2008 3209 2079 qui
3257 2025 3358 2061 non
3406 2006 3633 2062 audierit

2036 2104 2192 2157 verba
2225 2104 2513 2158 testamenti
2540 2102 2710 2176 804
2738 2103 2918 2175 hujus,
2963 2103 3100 2174 quod
3116 2102 3379 2156 mandavit
3402 2100 3632 2174 patribus

2037 2200 2236 2254 uestris.
2271 2200 2411 2268 Ergo
2436 2197 2514 2252 illi
2559 2196 2834 2253 maledicti
2864 2205 3011 2265 sunt,
3042 2210 3217 2267 neque
3269 2194 3414 2250 enim
3445 2193 3631 2249 audie-

2037 2302 2167 2348 runt.
2200 2298 2609 2356 testamentum,
2658 2289 2803 2360 quod
2847 2290 3125 2345 mandavit
3173 2288 3317 2344 Deus
3339 2289 3630 2360 patribus:

2037 2384 2104 2440 In
2127 2386 2210 2438 die
2229 2428 2243 2452 ,
2273 2384 2466 2455 inquit,
2500 2399 2604 2455 qua
2628 2382 2783 2438 eduxi
2806 2399 2892 2439 eos
2917 2383 2981 2438 de
3001 2392 3140 2437 terra
3170 2380 3416 2453 Egypti,
3442 2380 3505 2435 de
3524 2381 3634 2451 for-

2038 2493 2162 2531 nace
2186 2481 2374 2547 ferrea.
2402 2485 2426 2514 ε
2455 2476 2521 2531 Ει
2543 2490 2642 2531 nos
2670 2476 2855 2531 eduxit
2890 2476 3032 2531 Deus
3056 2474 3125 2532 de
3147 2485 3291 2530 terra
3322 2472 3541 2547 Egypti
3564 2473 3635 2531 de

2037 2572 2262 2627 fornace
2291 2570 2465 2627 ferrea
2493 2588 2506 2625 :
2537 2570 3358 2641 maximejuxtaintelligentem
3397 2567 3450 2624 id
3490 2568 3635 2639 quod

2038 2668 2300 2736 scriptum
2329 2674 2414 2722 est
2454 2668 2507 2721 in
2533 2664 3115 2739 JoannisApocalypsi
3142 2709 3155 2733 ,
3187 2663 3311 2732 quia
3335 2662 3510 2728 locus,
3541 2661 3633 2716 ubi

2035 2760 2323 2817 crucifixus
2340 2768 2426 2816 est
2448 2759 2732 2827 Dominus,
2757 2769 2984 2815 vocetur
3012 2757 3374 2823 sttiritualiter
3396 2755 3635 2813 Sodoma

2035 2865 2092 2912 et
2115 2855 2405 2928 Egypttts.
2436 2854 2493 2911 Si
2515 2856 2661 2911 enim
2687 2853 3047 2925 spiritualiter
3073 2850 3341 2923 Egyptus
3366 2850 3633 2921 quiSpiam

2038 2952 2373 3015 nominatur,
2416 2958 2471 3004 et
2510 2964 2618 3004 non
2659 2960 2741 3003 est
2785 2947 3052 3019 {Egyptus
3092 2944 3393 3002 secundum
3433 2944 3636 2999 intelli-

2034 3048 2270 3118 gentiam
2307 3044 2644 3116 corporalem
2675 3061 2688 3097 :
2722 3044 2862 3098 haud
2893 3043 3119 3098 dubium
3165 3050 3270 3107 est,
3312 3040 3441 3108 quin
3473 3039 3519 3094 si
3551 3039 3636 3094 in-

2039 3143 2315 3199 tellexeris
2341 3140 2634 3213 Egyptum
2688 3139 3059 3209 spiritualem,
3101 3144 3155 3190 et
3198 3134 3398 3190 exieris
3433 3133 3502 3189 de
3529 3148 3591 3188 ea
3618 3175 3633 3198 ,

331 3239 519 3278 nomen
544 3234 688 3278 tuum
730 3226 978 3295 fratribus
1008 3228 1154 3293 meis,
1187 3229 1240 3281 in
1267 3228 1438 3282 medio
1475 3227 1721 3285 Ecclesiae
1752 3242 1773 3269 ο
1803 3247 1931 3284 can-
1961 3225 2007 3291 C
2039 3246 2096 3293 tu
2123 3238 2198 3293 sis
2224 3237 2510 3307 egrediens
2540 3249 2606 3289 ex
2640 3243 2782 3288 terra
2814 3229 3033 3303 Atlgypti
3063 3229 3131 3284 de
3171 3228 3395 3283 fornace
3427 3225 3631 3291 ferrea,

329 3316 454 3371 tabo
473 3318 565 3372 tibi
587 3317 705 3389 (Ps.
735 3334 854 3386 XXI,
881 3318 997 3390 23).
1033 3320 1235 3374 Dicitur
1264 3319 1331 3375 ad
1363 3320 1514 3375 illum
1540 3321 1737 3376 ludam
1769 3340 1780 3375 :
1815 3320 1935 3376 Ma-

330 3429 433 3467 nus
460 3423 562 3467 tua:
582 3430 739 3483 super
778 3416 987 3469 dorsum
1016 3415 1346 3468 inimicorum
1370 3423 1597 3469 tuorum.
1631 3415 1734 3471 Ubi
1776 3430 1934 3485 repe—

329 3505 478 3561 ritur
505 3506 595 3562 ille
626 3506 795 3562 Judas
843 3521 1005 3577 super
1037 3506 1259 3561 dorsum
1308 3508 1652 3563 inimicorum
1702 3523 1926 3565 suorum

332 3614 530 3655 manus
558 3614 686 3655 suas
710 3601 999 3671 posuisse?
1031 3601 1266 3657 Historia
1299 3601 1433 3657 nihil
1462 3602 1531 3658 de
1570 3619 1635 3657 eo
1668 3603 1776 3660 tale
1802 3620 1931 3661 con-

332 3693 576 3764 scripsit.
610 3695 667 3750 Si
697 3702 878 3750 autem
905 3694 1226 3752 consideres
1257 3696 1554 3751 adventum
1586 3698 1796 3752 Domini
1827 3699 1932 3755 mei

336 3785 468 3857 [AL
498 3787 711 3860 nostri]
738 3788 867 3844 Jesu
898 3787 1137 3855 Christi,
1169 3789 1481 3846 destruenti
1520 3791 1809 3857 Zabnlum,
1839 3807 1942 3847 ex-

332 3880 623 3949 epoliantis
653 3882 987 3953 principatus
1016 3891 1073 3937 et
1097 3890 1395 3952 potestates
1443 3894 1461 3955 ί
1486 3884 1503 3938 l
1532 3882 1654 3939 Cor.
1689 3902 1779 3952 xv,
1802 3885 1928 3958 24),

331 3978 574 4029 ostentui
604 3990 701 4031 eos
729 3976 997 4040 facientis,
1033 3986 1088 4032 et
1135 3977 1525 4047 triumphantis
1558 3978 1611 4032 in
1656 3978 1826 4049 ligno,
1855 3980 1936 4035 vi-

333 4068 499 4124 debis
524 4069 798 4139 quomodo
824 4084 994 4141 super
1019 4070 1181 4124 istum
1205 4068 1398 4125 ludam
1423 4072 1690 4141 completa
1716 4072 1785 4126 sit
1808 4087 1934 4142 pro-

334 4162 520 4232 phetia
556 4162 784 4219 dicens:
817 4163 1006 4219 Manus
1033 4174 1136 4218 tua:
1163 4181 1316 4236 super
1354 4166 1564 4219 dorsum
1608 4166 1932 4221 inimicorum

334 4264 567 4309 tuorum.
603 4255 667 4310 Et
698 4270 842 4311 nunc
867 4270 990 4311 cum
1015 4256 1082 4311 ad
1106 4256 1254 4311 viros
1282 4256 1423 4312 Juda
1464 4272 1645 4314 sermo
1677 4259 1734 4313 fit
1755 4300 1770 4326 ,
1800 4260 1936 4315 nulli

333 4347 565 4404 dubium
598 4359 682 4404 est
724 4351 858 4421 quin
890 4351 955 4405 ad
986 4350 1332 4406 Christianos
1361 4366 1543 4407 sermo
1583 4353 1674 4408 liat
1713 4365 1936 4425 propter

334 4444 613 4499 Christum
635 4490 649 4513 ,
700 4446 788 4515 qui
821 4460 886 4501 ex
919 4446 1059 4500 tribu
1089 4445 1228 4501 Juda
1265 4457 1428 4502 natus
1457 4456 1560 4503 est.
1606 4448 1689 4502 Fit
1719 4464 1936 4519 quoque

333 4551 517 4595 sermo
542 4549 597 4596 et
621 4539 690 4595 ad
721 4539 1089 4596 inhabitantes
1117 4542 1450 4611 Jerusalem,
1492 4543 1703 4599 scilicet
1730 4545 1799 4600 ad
1833 4559 1930 4600 eos

2035 3342 2091 3389 et
2133 3333 2231 3387 tibi
2272 3332 2504 3387 dicatur.
2551 3328 2741 3383 Audite
2778 3343 2945 3381 vocem
2991 3341 3173 3389 meam,
3204 3332 3252 3376 et
3280 3320 3435 3392 facite
3472 3321 3631 3391 juxta

2038 3431 2148 3485 haec
2177 3427 2369 3482 omnia.
2397 3425 2600 3480 Deinde
2622 3421 2981 3492 repromissio
3007 3419 3102 3473 Dei
3128 3427 3212 3473 est
3236 3417 3301 3470 ad
3324 3415 3629 3480 audientes,

2036 3523 2079 3578 si
2111 3522 2341 3577 fecerint
2366 3531 2721 3589 quiscumque
2752 3512 3079 3585 praeceperit
3114 3509 3375 3564 Dominus
3402 3506 3586 3562 dicens
3616 3519 3630 3559 :

2042 3615 2106 3669 Et
2138 3614 2281 3669 eritis
2305 3610 2429 3665 mihi
2457 3611 2513 3664 in
2552 3608 2801 3680 papulum
2823 3649 2835 3671 ,
2880 3613 2928 3659 et
2954 3621 3044 3677 ego
3083 3619 3170 3658 ero
3205 3601 3344 3655 vobis
3386 3600 3439 3653 in
3465 3597 3632 3652 Deum

2036 3707 2188 3782 (Jer.
2216 3721 2293 3771 χι,
2322 3702 2409 3775 4).
2436 3703 2551 3757 Νοη
2592 3702 2770 3756 omnis
2816 3698 2907 3769 qui
2945 3712 3004 3752 se
3047 3695 3307 3767 populum
3356 3691 3450 3747 Dei
3503 3689 3636 3744 dicit

2037 3818 2180 3865 esse,
2213 3799 2442 3869 populus
2489 3795 2582 3851 Dei
2631 3805 2735 3851 est.
2760 3792 3076 3848 Judmorum
3118 3786 3349 3858 populus
3376 3783 3632 3855 populum

2038 3909 2099 3951 se
2130 3892 2418 3949 venditans
2448 3889 2566 3952 Dei,
2596 3885 2795 3941 meruit
2829 3883 3043 3948 audire,
3080 3880 3217 3949 Quia
3257 3894 3361 3933 non
3407 3874 3635 3947 papulus

2040 4005 2182 4044 meus
2202 4003 2292 4041 vos
2319 4003 2336 4040 :
2359 3995 2414 4039 et
2445 3984 2645 4039 dictum
2670 3991 2755 4037 est
2782 3980 2849 4035 ad
2875 3994 2999 4033 eum
3029 3995 3041 4033 :
3078 3976 3201 4031 Non
3219 3973 3446 4045 populus
3467 3986 3631 4026 mens.

2042 4084 2107 4138 Et
2135 4095 2347 4137 rursum
2381 4079 2483 4133 iste
2514 4076 2742 4146 populus
2769 4082 2999 4129 vocatus
3027 4079 3113 4127 cst
3147 4068 3165 4109 τ
3199 4084 3305 4124 ηοη
3349 4066 3585 4138 populus
3620 4081 3634 4119 :

2042 4174 2158 4245 Ipsi
2180 4174 2316 4227 enim
2338 4170 2573 4227 annulati
2617 4178 2735 4223 sunt
2770 4184 2872 4233 me,
2917 4167 3111 4236 inquit,
3156 4178 3313 4230 super
3336 4178 3440 4215 non
3468 4160 3636 4214 Deum

2038 4268 2058 4339 (
2088 4267 2237 4321 Deut.
2271 4281 2441 4331 χχχιι,
2469 4265 2534 4318 21
2567 4264 2607 4333 ).
2644 4263 2718 4317 De
2757 4261 2864 4315 illis
2894 4259 3029 4314 dicit
3060 4276 3071 4312 :
3104 4257 3449 4311 lrritaverunt
3470 4270 3549 4307 me
3584 4252 3635 4306 in

2038 4361 2194 4416 idolis
2221 4360 2350 4423 suis,
2381 4367 2427 4412 et
2461 4373 2553 4428 ego
2582 4354 2869 4413 tumulabor
2896 4370 2985 4409 eos
3015 4366 3169 4422 super
3194 4366 3296 4403 non
3322 4356 3541 4418 gentem.
3569 4343 3637 4398 In

2039 4461 2238 4524 gentem
2260 4459 2432 4504 autem
2478 4449 2804 4519 insipientem
2840 4444 3051 4498 irritabo
3083 4458 3190 4496 eos.
3241 4440 3355 4495 Nos
3384 4440 3552 4508 igitur
3582 4438 3635 4493 in

2038 4546 2300 4616 populum
2329 4545 2422 4599 Dei
2457 4542 2580 4598 facti
2612 4555 2822 4606 sumus,
2852 4548 2908 4594 ct
2932 4535 3511 4606 annuutiaturjustitia
3544 4549 3640 4605 po-

411 4708 438 4737 ι
471 4699 685 4769 Vulgati
710 4698 977 4755 hactenus
1000 4714 1194 4753 manco
1213 4708 1376 4768 atque
1401 4699 1723 4768 imperfecto
1746 4715 1930 4769 sensu,
1961 4703 2012 4763 D
2040 4700 2161 4755 dua:
2190 4698 2427 4768 periodi,
2470 4698 2619 4753 nullo
2660 4706 2945 4769 constante
2990 4710 3155 4769 sensu
3179 4739 3193 4760 ,
3244 4695 3297 4751 in
3333 4712 3492 4751 unam
3535 4711 3634 4750 co-

335 4789 600 4826 sermones
626 4773 735 4827 sine
766 4769 863 4826 Dei
883 4774 1047 4841 ipsius
1077 4770 1299 4823 adventu
1328 4786 1346 4823 .°
1379 4786 1500 4836 nos,
1532 4788 1791 4824 sermones
1814 4771 1931 4839 Dei,

336 4844 450 4896 sine
481 4846 642 4914 ipsius
669 4846 919 4898 sermonis
940 4844 1557 4914 adventuirestituituus,
1592 4845 1761 4897 larem
1798 4859 1935 4910 prte-

338 4913 549 4987 fet’entc-
577 4914 771 4971 Graeco
813 4926 982 4982 textu,
1026 4923 1139 4975 πῶς
1162 4913 1407 4971 δύνανται
1435 4918 1614 4987 ἐκεῖνοι
1640 4913 1783 4987 λόγον
1807 4923 1935 4970 Θεοῦ

334 4986 681 5053 λελαληκέναι,
712 4995 804 5045 τοῦ
852 4987 997 5061 λόγον
1026 4993 1120 5044 τοῦ
1150 4992 1280 5061 Θεοίῦ
1309 4992 1380 5057 μή
1412 4986 1821 5061 ἐπιδημήᾳαύτος
1848 4989 1937 5041 αὐ-

335 5067 479 5125 τοῖςς
510 5069 565 5113 et
595 5061 821 5114 llabano
851 5058 1074 5114 totidem
1103 5060 1287 5112 verbis
1319 5063 1613 5127 repositam
1648 5058 1936 5113 lectionem

338 5131 697 5200 approbante.

411 5202 440 5241 ι)
472 5203 855 5272 Supplevimus
884 5217 1075 5258 vocem
1120 5202 1249 5267 uiri,
1283 5216 1402 5268 quae
1442 5202 1662 5266 deerat,
1714 5208 1825 5256 tum
1869 5217 1934 5258 ex

339 5273 836 5351 Babanilectione,
872 5286 923 5329 et
972 5274 1188 5351 Graeco,
1239 5272 1420 5351 ἄνδρες
1458 5272 1646 5342 Ἰούδα,
1695 5288 1819 5328 cum
1867 5289 1935 5330 ex

338 5347 625 5415 ipsiusmet
664 5348 841 5402 Huetii
870 5348 1214 5412 conjectura.

417 5429 441 5457 ο
477 5420 648 5473 Penes
680 5419 913 5486 Raltan.,
942 5419 1119 5490 hymni
1144 5416 1447 5488 sacriﬁcabo
1471 5427 1539 5483 te,
1556 5416 1657 5488 leg.
1684 5416 1811 5472 fort.
1829 5433 1961 5475 uno.

341 5490 511 5561 verbo
540 5490 910 5561 hytnniﬁcabo,
942 5489 1007 5544 ad
1039 5489 1212 5546 Graec.
1246 5491 1482 5550 ὑμνήσω.

413 5560 438 5598 ἀ
470 5560 667 5617 Deerat
694 5560 892 5616 numen
924 5561 1085 5623 Dens,
1114 5562 1259 5632 quod
1290 5564 1495 5616 Itaban.
1524 5569 1579 5616 et
1599 5560 1777 5617 Graec.
1810 5575 1936 5629 sup-

342 5636 514 5704 plent.
561 5633 727 5690 Levia
760 5634 1009 5705 quaedam
1045 5635 1096 5689 id
1127 5649 1296 5705 genus
1335 5649 1480 5704 szepe
1522 5633 1647 5689 alibi
1693 5634 1938 5688 restitui-

343 5723 488 5763 mus.

420 5790 442 5817 θ
473 5779 673 5847 Verba,
706 5776 771 5833 Et
797 5794 891 5832 nos
920 5778 1101 5833 eduxit
1139 5774 1282 5832 Deus
1320 5777 1386 5839 de
1423 5786 1557 5833 terra
1589 5775 1832 5850 Αἴθρη)ιῂ
1878 5779 1941 5833 de

345 5853 557 5922 fornace
586 5853 777 5922 ferrea,
809 5866 931 5906 cum
982 5851 1035 5904 in
1081 5851 1344 5907 hactenus
1384 5852 1612 5920 vulgatis
1645 5850 1936 5920 deessent,

2044 4773 2316 4825 alueraot.
2350 4770 2621 4825 RecurStts
2647 4768 2891 4837 ejusdem
2921 4769 3066 4823 veris
3100 4768 3286 4838 ferrea,
3323 4778 3379 4822 ιιι
3406 4784 3525 4837 qttzn
3556 4770 3635 4824 in-

2044 4852 2125 4898 ter
2153 4852 2439 4909 utramque
2489 4850 2615 4895 sunt
2662 4841 2822 4894 verba
2872 4841 3228 4909 Antiquarius
3270 4840 3501 4895 solemni
3550 4857 3638 4895 er-

2043 4930 2170 4970 rore
2218 4914 2547 4977 prieteritet,
2597 4912 2651 4965 in
2684 4926 2850 4966 causa
2890 4912 3006 4967 fuit.
3057 4911 3254 4967 Vetum
3303 4921 3362 4967 ut
3405 4911 3533 4965 nihil
3566 4911 3637 4967 de

2044 4988 2167 5039 aliis
2198 4985 2510 5040 Editotibus
2541 4984 2743 5043 dicam.
2776 4984 3025 5038 llttcliuttt
3060 4991 3252 5039 saltem
3287 4998 3512 5038 monere
3542 4985 3636 5037 tle-

2044 5058 2236 5113 buerat
2276 5057 2521 5123 Grsrt'us,
2556 5071 2714 5123 quem
2746 5054 2800 5109 in
2835 5056 3061 5109 adtet‘sa
3095 5056 3343 5110 Columna
3386 5054 3633 5120 excudit,

2047 5140 2257 5193 textus,
2290 5132 2381 5184 Kal
2409 5131 2544 5201 ἡμᾶς
2569 5131 2814 5202 ἐξήγαγεν
2842 5127 2866 5183 ὁ
2894 5129 3016 5188 Θεὸς
3054 5130 3107 5182 ἐκ
3131 5136 3222 5202 τῆς
3251 5128 3511 5201 Αἰγύπτου
3530 5166 3543 5188 ,
3585 5127 3637 5202 ἐκ

2039 5210 2131 5277 τῆς
2156 5204 2374 5275 καμίνου
2388 5199 2479 5277 τῆς
2505 5199 2752 5277 σιδηρᾶς-ζ
2778 5202 3001 5277 [salta-rat
3029 5199 3189 5277 κοιτοὶ.Δ
3213 5199 3479 5277 θιςεζμυω
3508 5200 3640 5251 toti-

2041 5276 2163 5328 dem
2196 5268 2358 5330 verba
2408 5274 2598 5328 Latine
2626 5268 2859 5335 'sonant,
2899 5274 2962 5325 lzt
3005 5287 3099 5324 nos
3128 5271 3302 5324 eduxit
3325 5268 3465 5322 Deus
3488 5309 3501 5329 .
3527 5278 3633 5323 clc.

2042 5346 2151 5401 Nos
2196 5362 2263 5401 ex
2302 5344 2528 5400 thbano
2568 5357 2830 5415 praeterea
2871 5342 3185 5398 sulfccimus
3229 5357 3242 5395 :
3289 5352 3344 5397 et
3388 5343 3639 5415 superius

2043 5433 2259 5487 quoque
2292 5412 2589 5488 Scripturte
2638 5417 3009 5472 testimonium
3054 5417 3301 5485 pristina:
3345 5412 3637 5483 integritati

2044 5490 2401 5547 reddidimus.

2122 5562 2141 5601 ί
2167 5561 2310 5617 ΝιΙιίΙ
2341 5562 2709 5618 dubitavimus
2735 5561 2803 5615 ad
2832 5560 2912 5617 rei
2935 5561 3238 5622 veritatem.
3266 5568 3319 5614 et
3346 5558 3405 5614 S.
3436 5558 3637 5611 Docto-

2040 5634 2114 5689 ris
2148 5647 2409 5697 mentem,
2433 5637 2560 5701 quin
2594 5636 2769 5703 ipsum
2800 5649 3015 5704 quoque
3044 5634 3333 5701 Origenent
3367 5632 3418 5684 in
3448 5630 3639 5685 Graeco

2041 5709 2099 5763 οὐ
2124 5707 2264 5775 λαὸς,
2296 5724 2418 5775 quae
2447 5707 2657 5774 deerat,
2688 5705 2921 5775 negandi
2955 5704 3300 5776 particulam,
3336 5718 3438 5757 non
3470 5717 3640 5776 popu-

2044 5780 2145 5843 lus,
2175 5773 2260 5833 ltic
2286 5773 2541 5847 supplere
2576 5795 2589 5832 :
2626 5773 2840 5835 tametsi
2862 5773 3011 5833 illam
3039 5775 3092 5831 in
3121 5776 3325 5832 Latinis
3351 5773 3637 5831 codicibus

2044 5865 2150 5906 non
2180 5850 2563 5908 invenerimus.
