4104 6336
546 256 652 317 635

1802 263 1861 318 Β.
1906 259 2176 320 EUSEBII
2214 260 2597 319 ΙΠΕΒΟΝἹΜΙ

3705 269 3798 326 6‘56

545 380 693 451 pulo,
723 380 814 452 qui
859 391 1113 436 nascetur
1153 380 1222 435 de
1266 379 1545 451 gentibus.
1589 379 1696 436 Iste
1736 382 1881 437 enim
1911 380 2142 450 p0pulus
2170 378 2218 440 Α
2246 378 2334 448 qui
2360 394 2463 433 non
2489 378 2714 432 audierit
2747 378 2901 435 verba
2944 380 3236 434 testamenti
3264 380 3438 451 hujus.
3464 379 3528 436 Et
3555 381 3677 438 dixit
3703 383 3798 438 Do-

547 475 727 529 subito
778 475 1059 528 nascitur:
1094 485 1146 529 et
1191 475 1242 527 in
1288 473 1549 542 prepheta
1600 476 1861 544 scriptum
1918 484 2001 529 θαι
2036 493 2046 528 :
2082 474 2143 529 Si

545 578 670 623 nata
714 578 789 622 est
834 584 957 640 gens
1004 570 1054 622 in
1096 570 1270 623 tentet.
1323 569 1550 637 Quando
1598 570 1851 625 Salvator
1902 569 2146 624 ascendit

547 663 614 717 ad
668 663 870 725 cmlos,
914 670 969 716 et
1026 662 1373 716 crediderunt
1425 677 1528 716 una
1570 663 1657 717 die
1688 664 1928 731 quinque
1977 661 2141 715 millia

550 754 687 827 (Act.
729 768 806 817 tv,
836 752 870 807 4
892 758 935 823 ),
964 762 1019 807 et
1043 753 1151 808 alia
1180 754 1268 809 die
1296 753 1475 809 addita
1507 762 1631 807 sunt
1656 754 1754 808 tria
1783 753 1947 807 millia
1975 770 1987 806 :
2016 767 2143 808 vere

548 854 677 902 tunc
703 846 801 900 fuit
834 861 1058 901 eernere
1093 846 1350 916 populum
1385 849 1434 900 in
1462 847 1634 901 semel
1671 854 1852 901 natum
1886 859 2144 900 sermone

548 939 665 1001 Dei,
695 949 751 995 et
800 952 1024 995 re'icnte
1073 942 1345 1005 sterilem,
1392 942 1811 1012 parturientem,
1867 942 1931 995 ad
1981 955 2140 1008 quam

544 1032 745 1087 dicitur
787 1048 799 1085 :
847 1031 1066 1095 Laztare,
1124 1036 1337 1099 sterilis,
1384 1051 1498 1104 qua?
1545 1052 1645 1090 non
1702 1036 1885 1105 paris;
1936 1050 2143 1105 erumpe

546 1137 593 1181 et
627 1127 794 1181 clama
832 1143 946 1198 qua:
992 1144 1095 1182 non
1130 1130 1356 1199 pnrturis
1382 1144 1398 1183 :
1425 1131 1543 1199 quia
1583 1130 1757 1201 plures
1791 1131 1889 1198 ﬁlii
1927 1130 2142 1185 deserta:

548 1222 713 1291 magis
740 1237 893 1291 quam
921 1225 1033 1294 ejus
1072 1238 1188 1292 quis!
1215 1223 1368 1276 habet
1399 1224 1567 1277 virum
1594 1224 1746 1293 (Gen.
1779 1240 1852 1290 tv,
1882 1224 1997 1294 9.7).
2034 1225 2140 1279 De-

542 1323 686 1368 Serta
728 1316 970 1369 Ecclesia
1016 1330 1045 1369 a
1088 1315 1251 1386 Lege,
1282 1317 1501 1372 deserta
1528 1338 1552 1369 ;ι
1586 1318 1698 1372 Deo
1734 1328 1875 1374 erat.
1926 1319 2142 1373 llahens

544 1420 726 1465 autem
771 1412 934 1485 805
995 1412 1166 1467 virum
1223 1420 1493 1485 synagoga
1552 1413 1749 1484 Legem
1815 1415 2051 1469 habebat
2085 1420 2143 1469 et

546 1503 742 1559 Deum.
773 1505 909 1573 Quid
941 1520 1076 1576 ergo
1106 1507 1394 1576 polliCetur
1426 1508 1603 1562 Dens?
1634 1507 1794 1562 Eritis
1823 1509 1948 1562 mihi
1976 1510 2028 1562 in
2054 1526 2142 1581 p0-

549 1597 755 1667 pulum.
800 1608 849 1653 et
898 1615 990 1669 ego
1033 1617 1122 1655 era
1168 1602 1310 1655 nobis
1338 1604 1391 1655 in
1425 1601 1608 1655 Deum.
1639 1603 1754 1658 Non
1785 1612 1864 1657 cst
1893 1607 2136 1661 omnium

545 1691 719 1757 Deus,
763 1693 859 1767 sed
906 1708 1094 1748 eorum
1143 1705 1347 1751 tantum
1394 1698 1591 1767 quibus
1641 1712 1700 1752 se
1750 1698 1975 1769 largitus
2020 1708 2131 1764 est,

546 1788 818 1859 quomodo
850 1789 1175 1859 patriarcha:
1214 1791 1291 1845 illi
1343 1791 1408 1847 ad
1460 1806 1619 1862 quem
1672 1792 1805 1848 dicit
1841 1811 1853 1847 :
1890 1792 2000 1864 Ego
2029 1810 2142 1849 sum

544 1877 688 1933 Deus
738 1889 858 1934 tuus
909 1878 1081 1949 (Gen.
1117 1896 1253 1946 xui,
1306 1883 1381 1953 1)
1420 1902 1431 1937 :
1478 1893 1535 1938 et
1573 1900 1788 1940 rursum
1825 1886 1916 1940 alii
1963 1904 1975 1940 :
2031 1886 2140 1960 Ego

541 1970 683 2026 Deus
719 1989 805 2027 ero
836 1971 978 2028 Deus
1022 1982 1143 2029 tuus
1197 1974 1408 2045 (Exod.
1441 1993 1587 2047 χχιιι,
1635 1980 1744 2050 liii)
1772 1997 1784 2033 :
1815 1995 2025 2037 necnon
2071 1981 2140 2037 de

545 2065 664 2121 aliis
694 2084 706 2120 :
738 2066 864 2135 Ero,
900 2069 1094 2139 inquit,
1128 2068 1270 2125 Deus
1311 2088 1506 2126 eorum.
1552 2073 1790 2130 Putasne
1842 2076 2140 2148 aliquando

543 2163 934 2231 Consequimur
981 2164 1031 2218 id
1083 2166 1228 2235 quod
1278 2182 1375 2236 per
1416 2168 1663 2239 singulos
1706 2170 1849 2237 dico,
1901 2180 1960 2226 ut
1996 2172 2139 2228 Deus

538 2254 782 2310 Omnium
819 2256 912 2311 list
945 2256 1089 2314 Deus
1123 2271 1330 2316 noster.
1375 2260 1428 2317 Si
1464 2277 1645 2320 autem
1678 2267 1757 2321 vis
1801 2268 2017 2337 plenius
2052 2271 2136 2323 di-

542 2361 721 2415 scere,
755 2363 981 2418 quorum
1027 2352 1096 2407 sit
1142 2355 1303 2422 Deus,
1337 2366 1391 2410 et
1436 2358 1634 2427 quibus
1679 2360 2000 2418 vocabulum
2058 2364 2140 2419 sui

542 2447 779 2504 nominis
822 2448 1087 2521 largiatur
1130 2472 1143 2507 :
1189 2452 1329 2525 Ego,
1363 2455 1562 2525 inquit,
1600 2455 1736 2511 Deus
1763 2459 2060 2528 Abraham,
2094 2470 2141 2516 et

543 2539 685 2596 Deus
732 2539 913 2610 Isaac,
960 2552 1007 2598 et
1054 2544 1192 2600 Deus
1230 2545 1400 2602 Jacob
1431 2549 1644 2619 (Exod.
1695 2566 1772 2617 nt,
1808 2553 1881 2624 6)
1924 2572 1935 2607 :
1977 2555 2140 2626 idque

540 2633 718 2706 ipsum
752 2651 1033 2708 expOnens
1062 2639 1318 2697 Salvator
1357 2645 1433 2699 ait
1479 2663 1491 2699 :
1538 2645 1681 2701 Deus
1726 2659 1899 2703 autem
1936 2666 2038 2705 non
2067 2660 2142 2707 est

540 2739 893 2799 mortuorum,
928 2734 1018 2787 sed
1066 2737 1298 2790 vivorum
1345 2736 1519 2807 (Luc.
1579 2755 1670 2809 xx,
1717 2740 1844 2813 58).
1888 2742 2022 2811 Quis
2054 2754 2140 2801 est

544 2824 831 2879 mortuus?
858 2823 1057 2897 Utique
1087 2841 1365 2899 peccator,
1391 2832 1480 2901 qui
1514 2846 1618 2887 non
1644 2833 1803 2890 liabet
1825 2836 2095 2893 dicentem
2123 2857 2135 2895 :

542 2913 658 2987 Ego
710 2934 824 2972 sum
873 2920 974 2973 vita
1012 2920 1216 2993 (Joan.
1269 2938 1346 2989 XI,
1375 2926 1505 2996 25),
1553 2929 1645 2997 qul
1679 2928 1880 2985 habent
1922 2943 2140 2988 mortua

541 3021 747 3077 opera,
777 3010 868 3079 qui
915 3013 1146 3067 necdum
1195 3015 1571 3084 ptenitentiam
1610 3019 1719 3089 egit
1768 3020 1836 3076 ab
1882 3025 2140 3093 operibus

542 3103 772 3155 mortuis
817 3120 829 3156 :
874 3102 941 3158 de
972 3120 1078 3173 quo
1109 3105 1226 3178 [Αι.
1261 3108 1481 3183 quibus]
1510 3110 1806 3181 Apostolus
1836 3115 1908 3170 ait
1953 3133 1966 3172 :
2015 3116 2138 3173 Non

2246 472 2417 525 minus
2445 469 2515 525 ad
2540 487 2656 525 me:
2681 469 2814 544 Lege
2838 473 2986 527 verba
3009 472 3109 526 ista
3131 474 3182 525 in
3205 472 3408 528 civitate
3423 472 3457 527 J
3464 477 3580 541 uda,
3612 484 3654 531 et
3675 486 3802 531 extra

2244 562 2536 619 Jerusalem
2556 564 2691 631 (Jer.
2724 581 2801 629 χι,
2838 565 2916 637 6).
2945 574 2971 605 α
3001 567 3064 620 lit
3095 565 3177 621 his
3207 566 3297 636 qtti
3328 567 3488 637 806
3512 565 3637 623 foris
3670 578 3800 638 sunt,

2248 658 2477 727 legimus
2508 661 2669 713 verba
2701 659 2906 727 divina,
2944 668 3302 730 provocantes
3328 674 3422 715 eos
3461 660 3525 715 ad
3570 661 3800 719 salutem.

2252 751 2417 807 Verba
2441 757 2726 809 testamenti
2752 757 2928 826 hujus,
2953 765 3000 809 et
3024 756 3181 825 facite
3202 754 3318 812 illa.
3345 755 3408 811 Et
3429 758 3557 811 dixit
3575 757 3803 815 Dominus

2245 845 2312 898 ad
2348 862 2427 899 me
2450 861 2469 899 :
2493 845 2712 900 Inventa
2738 857 2812 901 est
2839 847 3104 919 colligatio
3134 850 3189 903 in
3219 848 3341 903 viris
3366 846 3507 904 Juda
3529 859 3575 905 et
3603 850 3653 904 in
3678 852 3803 907 ltabi-

2246 937 2469 990 tantibus
2498 936 2813 993 Jerusalem.
2847 939 2902 995 Si
2928 942 3342 1009 peccaverimus
3371 956 3467 997 nos
3491 941 3580 1011 qui
3605 953 3803 1012 propter

2244 1028 2519 1085 Christum
2559 1029 2585 1069 δ
2616 1032 2913 1089 Christiani
2940 1049 3222 1099 vocamur,
3252 1041 3309 1089 et
3340 1034 3543 1089 inventi
3570 1033 3804 1092 fuerimus

2245 1122 2296 1175 in
2331 1138 2559 1179 numero
2584 1132 2957 1193 peccatorum,
2984 1136 3038 1181 et
3069 1126 3139 1182 de
3166 1126 3325 1181 nobis
3351 1127 3546 1182 dicitur
3570 1144 3583 1182 :
3608 1126 3806 1186 Inventa

2242 1226 2315 1268 est
2347 1215 2614 1287 colligatio
2640 1218 2691 1271 in
2725 1220 2849 1272 viris
2874 1218 3036 1282 Juda,
3073 1230 3120 1272 et
3150 1221 3204 1273 in
3243 1220 3585 1275 habitantibus
3608 1218 3804 1278 Jerusa-

2244 1309 2342 1363 lem
2389 1308 2524 1378 (Jer.
2581 1327 2653 1371 χι,
2686 1312 2761 1382 9).
2793 1313 2928 1368 Cum
2974 1315 3025 1368 in
3054 1314 3298 1370 Ecclesia
3331 1315 3423 1370 Dei
3453 1314 3587 1371 tales
3612 1326 3732 1371 sunt
3758 1316 3805 1374 in

2243 1405 2443 1475 quibus
2493 1407 2799 1474 reperiatur
2847 1408 3075 1477 laqueus
3130 1408 3462 1478 iniquitatis,
3513 1417 3569 1465 et
3611 1410 3803 1466 vincula

2247 1500 2472 1569 peccati,
2522 1502 2575 1555 in
2622 1510 2830 1557 tantmn
2865 1513 2920 1559 nt
2950 1503 2999 1559 id
3027 1504 3169 1575 quod
3198 1505 3267 1560 de
3297 1512 3578 1574 peccatore
3606 1503 3802 1572 dicitur,

2244 1593 2324 1651 eis
2366 1596 2542 1650 valeat
2582 1598 2874 1651 convenire
2920 1615 2933 1651 :
2984 1597 3221 1655 Vinculis
3260 1608 3578 1670 peccatorum
3618 1613 3803 1653 suorum

2244 1689 2597 1760 unusquisque
2625 1693 2997 1765 constringitur
3036 1693 3227 1763 (Prov.
3290 1711 3346 1760 v,
3378 1692 3505 1765 22),
3552 1703 3669 1749 tunc
3692 1693 3809 1748 dicit

2170 1772 2219 1837 Β
2251 1785 2392 1839 Deus
2433 1802 2443 1837 :
2487 1783 2711 1840 Inventa
2747 1797 2822 1841 est
2855 1788 3124 1859 colligatio
3158 1791 3213 1844 in
3253 1790 3381 1845 uiris
3420 1789 3585 1845 Juda.
3631 1789 3806 1845 Verum

2246 1893 2351 1932 non
2386 1878 2693 1933 invenietur
2719 1879 2998 1951 colligatio
3027 1883 3079 1936 in
3109 1882 3287 1939 nobis.
3337 1882 3618 1951 Quomodo
3646 1892 3807 1938 autem

2247 1986 2352 2027 non
2389 1974 2700 2028 invenietur
2729 1975 3007 2046 colligatio
3040 1976 3093 2031 in
3128 1978 3305 2045 nobis,
3334 1979 3381 2033 si
3413 1992 3578 2049 usque
3606 1977 3666 2032 ad
3692 1976 3813 2033 hanc

2248 2067 2437 2122 horam
2468 2068 2746 2139 colligatio
2777 2069 2827 2125 in
2855 2071 3177 2141 quibusdam
3209 2084 3312 2128 est.
3343 2072 3488 2130 Sed:
3515 2072 3661 2128 Solre
3683 2087 3810 2127 omne

2248 2161 2505 2216 vinculum
2538 2164 2843 2233 iniquitatis,
2874 2166 3096 2221 dissolve
3129 2166 3467 2238 obligationes
3496 2166 3811 2221 uiolentarunt

2243 2258 2721 2325 commutationum,
2754 2275 2952 2313 omnem
2991 2262 3423 2330 ronscriptionem
3464 2261 3686 2329 iniquam
3714 2258 3810 2313 dis-

2244 2351 2380 2420 sipa.
2416 2348 2628 2421 Frange
2667 2354 3008 2407 esurientibus
3042 2371 3227 2421 partem
3269 2364 3417 2409 tuum
3475 2351 3638 2426 (lsas'.
3680 2364 3812 2413 Uilla

2245 2443 2323 2514 6).
2357 2444 2576 2499 Inventa
2611 2454 2695 2500 est
2725 2460 2856 2511 ergo
2888 2448 3164 2515 Colligatio
3207 2448 3260 2503 in
3292 2447 3429 2502 viris
3456 2445 3613 2513 Juda,
3650 2444 3698 2499 in
3728 2442 3810 2497 ha-

2247 2539 2543 2595 bitantibus
2584 2540 2903 2596 Jerus;iletn.
2965 2541 3211 2595 Conversi
3253 2552 3375 2597 sunt
3415 2540 3484 2593 ad
3543 2537 3812 2608 iniquitates

2245 2640 2449 2700 patrum
2491 2649 2705 2687 suorum
2745 2633 2977 2702 priorum
3024 2632 3171 2703 (Jer.
3217 2650 3291 2697 x1,
3348 2633 3470 2704 10).
3505 2644 3525 2672 ο
3573 2627 3808 2688 Conversi

2244 2736 2371 2781 Sunt
2416 2728 2481 2781 ad
2527 2728 2858 2798 iniquitates.
2900 2728 3175 2794 Quorum?
3207 2729 3319 2783 Non
3371 2730 3448 2783 ait
3492 2725 3809 2796 simpliciter,

2246 2830 2475 2888 patrum,
2508 2820 2602 2875 sed
2634 2836 2756 2875 cum
2787 2820 3182 2887 additamento,
3215 2834 3432 2893 patrum
3457 2836 3660 2876 suorum
3693 2817 3812 2886 prio-

2246 2930 2380 2968 rum.
2418 2914 2660 2970 Diximus
2687 2914 2800 2970 διες
2832 2915 2901 2970 de
2929 2915 3087 2969 nobis
3118 2914 3245 2979 dici,
3273 2925 3329 2971 et
3364 2914 3447 2969 his
3479 2915 3569 2984 qui
3596 2913 3645 2969 in
3675 2909 3813 2967 nobis

2247 3020 2371 3064 sunt
2402 3017 2735 3079 peccatores.
2769 3009 3058 3077 Quomodo
3104 3010 3264 3079 igitur
3300 3011 3401 3081 qui
3429 3010 3567 3066 inter
3593 3021 3684 3061 nos
3707 3011 3813 3060 sunt

2248 3112 2585 3179 peccatores,
2618 3104 2872 3158 conversi
2909 3113 3035 3158 sunt
3064 3104 3130 3158 ad
3175 3104 3496 3173 iniquitates
3522 3114 3739 3175 patrum,
3767 3110 3816 3158 et

543 3210 747 3249 rursum
796 3197 1189 3267 fundamentum
1228 3203 1486 3273 jacientes
1542 3206 1857 3275 paenitentia!
1911 3209 1975 3262 ab
2018 3226 2135 3280 ape-

2248 3175 2459 3266 pitrnni
2489 3212 2706 3251 suorum
2740 3198 3017 3269 priorum?
3050 3197 3305 3268 Dttplices
3346 3199 3606 3255 habemus
3633 3208 3812 3268 patres,

542 3285 688 3341 ribus
732 3291 950 3343 mortuis
995 3291 1012 3363 (
1044 3290 1202 3346 Hebr.
1237 3308 1309 3359 νι,
1348 3294 1433 3365 if).
1467 3296 1524 3351 Si
1568 3313 1698 3367 ergo
1728 3299 1870 3355 Deus
1909 3318 2015 3358 non
2058 3315 2140 3360 est

545 3377 688 3432 Deus
740 3390 1112 3449 mortuorum,
1166 3386 1261 3442 sed
1290 3388 1587 3446 viventium
1633 3410 1646 3447 :
1686 3405 1743 3448 et
1785 3396 1986 3452 scimus
2016 3413 2138 3455 esse

542 3473 813 3529 viventem
866 3491 990 3531 eum
1037 3481 1125 3549 qui
1176 3495 1536 3539 conversatur
1577 3487 1631 3540 in
1659 3488 1900 3555 Christo,
1946 3502 2002 3547 ut
2046 3496 2137 3550 liat

543 3567 816 3639 particeps
863 3571 982 3640 ejus
1020 3590 1033 3627 :
1068 3576 1188 3628 etsi
1221 3578 1465 3631 volumus
1497 3589 1632 3636 utet
1658 3581 1795 3637 Deus
1824 3594 2012 3641 noster
2042 3590 2135 3657 sit,

539 3664 919 3720 renuntiemus
970 3668 1230 3735 operibus
1278 3675 1540 3741 mortuis,
1593 3684 1650 3731 ut
1693 3678 2133 3747 pollicitationem

539 3769 691 3810 suam
724 3758 774 3811 in
800 3759 956 3813 nobis
981 3763 1249 3830 compleat
1275 3764 1579 3823 dicenszEt
1600 3786 1688 3824 ero
1709 3774 1848 3826 vobis
1877 3775 1929 3828 in
1949 3774 2132 3844 Deum,

540 3855 596 3899 ut
631 3858 852 3903 statuam
897 3850 1009 3922 [ΑΙ.
1036 3857 1277 3910 suscitem
1307 3862 1679 3929 testimonium,
1712 3865 1842 3936 ctc.]
1863 3870 2134 3939 juramen-

543 3948 651 3993 tum
689 3958 875 4010 meum,
908 3949 1046 4016 quod
1066 3952 1245 4023 juravi
1281 3955 1510 4023 patribus
1536 3958 1712 4011 vestris
1743 3960 1867 4013 dare
1900 3962 2005 4032 |Al.
2042 3965 2139 4017 da-

538 4043 714 4091 turum
769 4038 868 4111 me]
917 4041 1021 4096 illis
1051 4050 1239 4098 terram
1270 4049 1515 4117 ﬂuentem
1542 4048 1625 4102 lac
1654 4060 1699 4104 et
1729 4051 1827 4105 mel
1869 4052 2001 4123 (lar.
2057 4072 2132 4126 χι,

541 4132 622 4197 4).
656 4130 896 4187 Observa
929 4136 1056 4203 quid
1084 4137 1230 4193 dicat
1265 4158 1276 4192 :
1314 4140 1969 4217 Statuomjuramentum,
1997 4151 2134 4219 quod

535 4223 714 4293 juravi
741 4227 973 4298 patribus
1005 4233 1205 4295 vestris,
1238 4233 1363 4289 dare
1405 4236 1513 4290 illis
1549 4248 1737 4293 terrain
1767 4244 2011 4313 ﬂuentem
2055 4245 2135 4302 lae

542 4324 590 4370 et
621 4319 742 4375 mel.
781 4320 907 4375 Haec
938 4323 1081 4377 enim
1117 4340 1220 4379 non
1250 4335 1331 4381 est
1359 4336 1501 4383 terra
1531 4330 1600 4385 de
1623 4346 1722 4401 qua
1756 4334 2008 4390 Salvator
2034 4338 2131 4392 do-

540 4413 651 4464 cuit
692 4412 882 4469 diccns
926 4435 939 4470 :
981 4415 1133 4472 Beati
1169 4421 1340 4489 ntites,
1390 4425 1638 4494 quoniam
1668 4425 1770 4493 ipsi
1799 4428 2133 4497 possidebunt

539 4510 729 4559 terram
771 4506 790 4580 (
824 4505 975 4563 Matt.
1011 4526 1063 4578 v,
1105 4512 1140 4566 4
1167 4514 1211 4585 ).
1261 4513 1467 4571 Deinde
1513 4517 1578 4572 ad
1632 4518 1748 4575 huic
1774 4536 1893 4591 qua:
1925 4523 2132 4580 dixerat

542 4594 716 4664 Deus,
768 4601 1034 4671 propheta
1082 4609 1390 4678 respondit,
1441 4610 1492 4665 id
1537 4622 1618 4667 est
1650 4614 1794 4669 adid
1827 4617 1969 4686 quod
2017 4620 2133 4676 ait:

541 4688 854 4747 dia/edictus
902 4696 1054 4752 homo
1094 4702 1181 4767 qui
1227 4718 1329 4756 non
1378 4704 1606 4760 audierit
1656 4708 1807 4763 verba
1848 4716 2136 4770 testamenti

538 4783 696 4856 hujus
737 4785 872 4857 (Jer.
935 4805 1013 4856 χι,
1043 4791 1096 4862 5)
1140 4811 1151 4847 :
1194 4805 1247 4849 et
1277 4796 1406 4851 dicit
1446 4778 1568 4851 :‘Et
1594 4805 1868 4873 respondi,
1901 4816 1949 4860 et
1979 4808 2089 4862 dixi
2114 4826 2134 4865 :

537 4873 684 4942 Fiat,
712 4877 949 4935 Domine.
980 4882 1117 4951 Quid
1145 4893 1229 4939 est
1249 4889 1392 4959 quod
1420 4891 1494 4944 ait
1518 4908 1531 4946 ε
1560 4891 1704 4961 Fiat,
1735 4893 1997 4955 Domine?
2017 4901 2135 4957 Uti-

536 4985 644 5041 que
686 4971 739 5027 id
790 4975 933 5045 quod
984 4981 1355 5049 pronuntiavit
1386 4984 1526 5041 Deus
1569 5004 1580 5041 :
1629 4987 1942 5048 Mil/edictus
1972 4994 2130 5052 Itonia

608 5092 827 5179 {Antea
865 5093 1144 5179 legebatur
1171 5098 1425 5179 continua
1460 5104 1601 5160 serie
1648 5108 1799 5179 quasi
1834 5108 2126 5179 Scriptum

533 5164 931 5241 testimonium,
959 5176 1003 5241 et
1046 5169 1146 5235 his,
1182 5173 1269 5239 qui
1300 5173 1428 5241 faris
1454 5186 1596 5230 sunt.
1637 5164 1826 5233 A'udite
1850 5164 2129 5240 iverbad‘i:

532 5236 650 5319 vina
677 5240 1130 5319 prorocantianos
1156 5236 1223 5294 ad
1255 5236 1472 5319 salutem
1495 5265 1511 5302 :
1534 5248 1671 5309 sive.
1709 5236 2126 5319 Legimusrerba

535 5308 716 5361 divina
740 5313 1073 5385 prouocantia
1099 5329 1183 5367 eos
1208 5316 1276 5367 ad
1296 5317 1535 5385 salutem,
1563 5322 1645 5375 eui
1664 5308 1888 5377 lectioni
1906 5308 2127 5381 enim;

532 5393 651 5461 cum
712 5380 901 5449 primis
936 5393 1113 5461 textus
1148 5386 1232 5441 hic
1265 5380 1587 5459 refragatur.
1622 5398 1713 5447 ttat
1746 5404 1852 5456 τοῖς
1882 5394 1978 5461 ἔξω
2006 5402 2129 5455 ἁνα-

530 5456 842 5540 γιείὼσμομεν
870 5458 992 5517 τοὺς
1020 5457 1196 5529 λόγους
1239 5468 1329 5515 τοῦ
1362 5456 1487 5517 Θέοὖ
1514 5507 1526 5529 ,
1549 5466 1989 5540 Δπρσυνειλούμενοι
2036 5475 2127 5526 αὐ-

530 5526 652 5585 τοὺς
679 5527 762 5605 ἐπξ
782 5533 1059 5607 σωίτηρίαν,
1084 5526 1213 5607 tot);
1231 5533 1406 5607 λόγους
1428 5526 1521 5595 τῆξ
1543 5526 1803 5602 διὰθήκης,
1830 5526 1933 5593 etc.
1964 5541 2125 5598 Favet

528 5608 682 5676 vero,
717 5598 984 5667 simulque
1017 5617 1139 5655 cum
1166 5598 1366 5679 _Gr:te'i:o
1399 5608 1519 5659 iltllt'.
1543 5598 1802 5663 concinit?
1834 5627 1993 5679 qtt'ltn
2037 5633 2120 5667 re-

526 5671 808 5748 posuimus
839 5684 1125 5748 uitiis_ms.
1165 5674 1229 5728 Β.
1274 5692 1442 5746 penes
1477 5680 1727 5734 llttctiuin
1771 5671 1989 5738 :E'tiam
2038 5687 2118 5742 his

526 5740 617 5824 qui
648 5740 773 5824 fo'ris
803 5749 958 5824 sunt,
984 5743 1201 5824 (agitans
1224 5740 1374 5803 verba
1405 5751 1581 5804 diuina
1607 5793 1620 5816 ,
1660 5766 1997 5824 provocantes
2027 5740 2112 5813 eos

528 5806 600 5863 ad
636 5808 873 5865 salutent.
918 5806 1083 5870 Verba
1110 5815 1425 5877 Testantenti
1465 5806 2109 5896 liujui,retc.

2243 3298 2430 3343 cinna
2478 3291 2688 3357 species
2730 3299 2815 3344 est
2866 3291 3224 3359 pessimorum
3270 3302 3510 3362 patrum.
3557 3291 3812 3359 Siquidem

2242 3392 2528 3453 antequam
2560 3383 2941 3449 crederemus,
2989 3384 3237 3441 diabolus
3278 3394 3437 3455 pater
3484 3395 3665 3442 noster
3705 3383 3811 3449 fuit,

2241 3487 2298 3530 ut
2320 3492 2506 3531 sermo
2537 3475 2893 3547 Evangelicus
2918 3477 3176 3540 ostendit,
3212 3478 3439 3533 dicens:
3475 3478 3569 3533 Vos
3602 3478 3662 3532 ds
3689 3485 3817 3545 patre

2241 3577 2443 3632 Zabulo
2468 3579 2578 3631 nati
2610 3580 2727 3632 estis
2759 3576 2943 3651 (loqu.
3003 3595 3113 3643 vni,
3147 3577 3242 3649 4i)
3264 3597 3276 3632 :
3301 3596 3428 3636 cum
3456 3590 3628 3636 autem
3655 3577 3814 3634 credi.

2240 3673 2442 3741 dimus,
2492 3674 2613 3728 lacti
2656 3689 2839 3727 sumus
2874 3675 2966 3726 lilii
3002 3674 3117 3729 Dei.
3159 3675 3216 3730 Si
3249 3690 3385 3745 ergo
3414 3682 3538 3745 post
3567 3674 3676 3729 hate
3702 3685 3815 3742 pec-

2239 3767 2575 3829 caverimus,
2612 3767 2982 3822 convertimur
3010 3768 3074 3822 ad
3116 3769 3442 3838 iniquitates
3485 3776 3685 3839 patrum
3715 3778 3810 3821 non

2239 3862 2580 3931 simpliciter,
2634 3859 2728 3915 sed
2763 3868 2974 3930 patrum
3020 3862 3281 3930 priorum.
3330 3863 3417 3917 Ad
3462 3860 3813 3932 probationem

2241 3963 2421 4009 autem
2474 3954 2633 4023 hujus
2680 3955 2786 4021 rei,
2838 3955 2960 4024 quia
3009 3954 3251 4024 duplices
3300 3955 3571 4010 habemus
3615 3959 3812 4024 patres,

2238 4049 2439 4103 utimur
2468 4058 2521 4102 et
2551 4048 2713 4102 David
2740 4048 3078 4117 testimonio,
3112 4050 3164 4102 in
3193 4050 3619 4121 quadragesimo
3642 4054 3816 4117 qusrto

2236 4143 2450 4213 psalmo
2484 4142 2553 4195 ita
2585 4142 2817 4197 dicentis
2850 4159 2862 4194 :
2897 4143 3053 4209 Audi,
3105 4141 3238 4211 ﬁlia,
3282 4152 3331 4196 et
3370 4144 3518 4210 vide,
3555 4150 3602 4197 et
3642 4138 3815 4194 inclina

2235 4252 2415 4291 aurem
2448 4248 2608 4303 tuam,
2646 4236 2807 4307 807
2851 4246 2898 4289 et
2948 4236 3237 4290 obliviscere
3279 4238 3542 4309 papulum
3589 4247 3744 4297 tuum,
3776 4239 3819 4284 et

2236 4332 2446 4386 domum
2483 4332 2644 4398 patris
2675 4332 2752 4385 tui
2797 4330 2915 4394 (Ps.
2943 4346 3086 4397 xuv,
3119 4331 3231 4401 Η).
3257 4334 3430 4397 Quasi
3459 4342 3612 4401 pater
3636 4329 3815 4399 quippe

2236 4428 2433 4494 caspit:
2468 4425 2624 4490 Audi,
2657 4425 2793 4492 filia.
2823 4424 2964 4493 Ergo
2994 4424 3238 4492 duplices
3269 4427 3447 4481 nOstri
3477 4436 3654 4494 patres
3684 4426 3813 4475 sunt.

2238 4523 2345 4579 Sed
2372 4523 2721 4585 obliviscere,
2750 4521 2948 4590 inquit,
2975 4517 3194 4574 domum
3225 4522 3398 4590 patris
3424 4521 3503 4576 tui
3532 4517 3736 4589 prioris.
3764 4511 3812 4565 Si

2241 4617 2401 4689 igitur
2429 4616 2626 4671 oblitus
2656 4614 2875 4669 domum
2910 4614 3078 4682 patris
3107 4615 3181 4668 tui
3216 4614 3421 4683 prioris
3452 4628 3637 4667 rursus
3665 4606 3814 4664 lueris

2240 4710 2305 4764 ad
2336 4718 2554 4781 peccata
2586 4720 2912 4773 conversus,
2945 4705 3184 4761 incidisti
3230 4706 3280 4761 in
3312 4706 3363 4763 id
3395 4704 3543 4777 quod
3575 4720 3707 4759 nunc
3740 4701 3813 4754 di-

2237 4806 2377 4860 citur
2410 4814 2713 4873 peccatum.
2748 4798 2992 4856 Conversi
3031 4810 3150 4855 sunt
3186 4801 3253 4854 ad
3284 4803 3589 4875 iniquitates
3628 4809 3816 4872 patrum

2234 4916 2442 4955 suorum
2471 4899 2721 4966 priorum.
2743 4896 3071 4950 Dicebamus
3102 4894 3593 4950 dudumZabulnm
3626 4903 3814 4963 patrem

2236 5007 2477 5052 nostrum
2520 4992 2713 5056 fuisse,
2766 5000 3052 5061 antequam
3085 4988 3227 5044 Deus
3260 4988 3439 5044 lat-tus
3472 4991 3546 5045 sit
3583 4996 3748 5060 pater,
3778 4984 3816 5037 si

2230 5126 2444 5186 quoque
2473 5118 2610 5186 erat,
2646 5108 2846 5186 eodem
2866 5107 3062 5186 Iinctio
3090 5114 3225 5161 teste
3253 5124 3265 5160 :
3290 5104 3479 5186 'Etiam
3509 5117 3559 5186 et
3594 5107 3672 5186 his
3703 5104 3817 5176 foris

2231 5178 2373 5238 sunt.
2406 5183 2588 5235 .tudite
2618 5179 2767 5235 verba
2793 5180 2965 5234 divina
2997 5180 3328 5248 provocantis
3366 5197 3457 5233 eos
3489 5181 3559 5234 ad
3587 5178 3814 5243 salutem,

2230 5257 2381 5310 verba
2411 5253 2704 5307 testamenti
2727 5253 2907 5321 huius,
2938 5264 3044 5305 etc.

2304 5327 2329 5365 ιι
2363 5328 2486 5380 Mss.
2525 5326 2673 5394 ltcgti
2712 5340 2890 5401 penes
2914 5325 3209 5401 ‘llnetium,
3245 5324 3345 5377 viri
3372 5324 3521 5378 Juda
3554 5334 3814 5401 uocantum:

2231 5398 2487 5452 etinventi
2512 5399 2702 5464 fuerint
2728 5398 2779 5449 in
2806 5395 2952 5449 nobis
2968 5396 3089 5448 nodi
3111 5398 3585 5464 peccatornmmtti
3615 5395 3815 5450 lectioni

2233 5470 2342 5525 fere
2378 5470 2627 5538 proprior
2654 5484 2731 5523 cet
2758 5469 2980 5524 Grmcus
3012 5480 3210 5522 textus.

2308 5554 2329 5581 ε
2363 5546 2492 5610 Qum
2528 5542 2654 5596 hinc
2686 5542 3093 5607 subsequuntur
3128 5540 3191 5593 ειά
3222 5539 3386 5593 ﬁnem
3436 5557 3610 5609 usque
3643 5550 3820 5610 pei‘pco

2228 5631 2343 5670 ram
2396 5632 2551 5668 nom-
2607 5616 2658 5667 in
2714 5615 2903 5666 Isaiam
2947 5613 3213 5673 llomilize,
3261 5628 3385 5676 qua!
3439 5612 3815 5683 Hieronymum

2224 5686 2579 5756 interpretem
2625 5687 2981 5756 mentiuntur,
3012 5697 3245 5756 suntque
3271 5698 3297 5734 ει
3333 5683 3495 5737 nobis
3528 5687 3577 5738 in
3614 5686 3818 5756 Appen-

2218 5759 2340 5814 dice
2375 5754 2564 5825 quarti
2612 5756 2768 5809 Tomi
2831 5755 3029 5816 editas,
3078 5755 3369 5823 subjuncta
3423 5767 3554 5812 sunt
3604 5754 3817 5812 totidem

2218 5830 2402 5887 verbis
2432 5831 2498 5885 ad
2527 5827 2645 5900 ejus
2677 5828 3079 5884 mutilationem
3114 5825 3501 5897 supplendam.
