4128 6346
420 289 524 346 (37

961 283 1408 343 TRANSLATIO
1445 283 1884 342 HUMILIARUM
1922 282 2253 344 ORIGENlS
2295 283 2360 342 IN
2399 283 2776 344 JEREMIAM.
2821 283 2991 342 “OM.
3035 283 3148 342 VII.
3238 291 3240 294 ’

3607 284 3715 344 658

422 420 606 468 tamen
655 421 806 464 nunc
852 421 961 464 non
999 404 1266 460 habemus
1295 403 1462 460 etiam
1492 401 1760 459 Zabulum
1808 411 2016 473 patrem
2045 403 2098 466 Α
2125 407 2248 472 post
2276 397 2570 456 adventum
2599 397 2727 456 lesu
2763 397 2965 454 Christi
3011 399 3232 467 impleta
3265 411 3390 454 esse
3417 413 3541 468 qua:
3568 396 3714 455 dicte

418 503 566 576 quod
598 502 764 560 etiam
791 499 862 558 de
890 500 1120 556 Joannis
1149 498 1382 569 epistola
1413 498 1798 568 approbamus,
1827 495 1882 554 in
1909 511 2016 568 qua

2120 500 2244 548 sunt
2259 489 2596 548 mortiﬁcatis
2618 489 2880 546 membris
2902 490 3106 546 nostris
3127 504 3293 562 super
3307 498 3515 564 terram
3538 530 3556 558 ,
3587 505 3713 548 cum

421 598 495 656 ita
543 596 845 654 scribitur:
875 591 1058 648 Omnis
1099 592 1190 662 qui
1231 601 1496 662 peccatum
1545 590 1692 662 facit,
1728 606 1792 648 ex
1818 588 2018 645 Zabulo
2117 585 2228 656 jam
2255 599 2360 640 non
2385 594 2642 654 operetur
2663 582 2772 655 [ΑΙ.
2799 583 3078 656 operatur]
3104 595 3248 641 terra
3267 599 3434 655 opera
3457 599 3578 656 sua,
3598 600 3708 644 non

421 702 579 750 natus
604 699 679 744 est
712 687 895 762 (Joan.
946 703 1025 750 ιιι,
1059 686 1141 757 8).
1185 686 1371 742 Toties
1395 702 1463 741 ex
1491 684 1693 742 Zabulo
1723 684 2016 750 nascimur,

418 783 634 856 quoties
664 796 976 855 peccamus.
1011 779 1203 836 lnl‘elix
1237 779 1340 836 iste
1365 778 1459 850 qui
1486 793 1705 848 semper
1728 785 2022 848 generatur

419 895 454 938 a
505 879 730 936 Zabulo.
781 877 1128 948 Rursumque
1171 875 1398 932 multum
1443 875 1630 930 beatus
1671 875 1761 946 qui
1801 887 2021 944 semper

422 988 498 1030 ex
531 972 643 1028 Deo
676 972 936 1028 nascitur.
979 969 1166 1039 Neque
1210 970 1356 1024 enim
1398 967 1565 1024 semel
1597 967 1771 1024 dicam
1811 969 2018 1037 justum

425 1083 497 1126 ex
526 1069 637 1126 Deo
667 1075 880 1132 natum,
913 1065 1011 1121 sed
1059 1080 1156 1135 per
1183 1064 1393 1134 singula
1423 1064 1640 1122 virtutis
1670 1078 1836 1132 opera
1879 1079 2025 1120 sem-

427 1176 527 1233 per
565 1159 748 1231 justus
795 1157 1040 1214 nascitur
1075 1155 1245 1230 808
1284 1172 1350 1212 ex
1400 1155 1532 1212 Deo.
1578 1156 1692 1212 lloc
1738 1164 1918 1212 autem
1966 1164 2024 1213 ut

422 1253 644 1327 plenius
690 1251 864 1324 possit
910 1251 1150 1322 probari,
1183 1250 1348 1306 etiam
1395 1249 1462 1305 de
1503 1247 1801 1305 Salvatoris
1849 1249 2023 1304 nostri

422 1345 742 1418 quotidiana
787 1344 1073 1401 nativitate
1113 1343 1399 1410 dicamus,
1445 1342 1650 1415 liquido
1689 1343 1739 1398 id
1783 1342 2022 1413 injustis

423 1439 744 1497 obtinentes
788 1439 934 1510 quod
977 1439 1032 1496 in
1073 1437 1306 1494 Domino
1352 1439 1722 1510 praecesserit.
1769 1437 2022 1494 Salvator

427 1543 623 1592 noster
670 1531 929 1603 splendor
977 1543 1059 1591 est
1104 1533 1316 1604 gloriae,
1366 1533 1625 1603 splendor
1671 1541 1854 1590 autem
1913 1549 2022 1590 non

427 1629 607 1686 semel
650 1627 918 1695 nascitur,
945 1635 1001 1684 et
1027 1627 1287 1699 deinceps
1321 1627 1525 1684 desinit
1562 1628 1709 1684 nasci
1737 1645 1748 1684 :
1773 1627 2020 1699 quoties-

423 1739 665 1795 cumque
709 1730 888 1780 ortum
943 1722 1108 1780 fuerit
1148 1723 1333 1780 lumen
1377 1731 1403 1761 ⁸
1429 1763 1446 1790 ,
1499 1738 1564 1780 ex
1606 1737 1716 1793 quo
1763 1723 2023 1792 splendor

2123 680 2258 736 ﬁant
2285 679 2426 750 apud
2452 678 2658 749 justum
2692 692 2780 744 ea,
2811 677 3006 748 quibus
3035 687 3193 736 antea
3225 693 3356 736 caro
3399 677 3713 746 fovebatur,

2123 787 2230 829 non
2261 773 2568 839 fornicatio,
2600 786 2708 827 non
2734 771 3100 839 immunditia,
3127 788 3234 830 non
3258 771 3286 814 δ
3313 773 3452 829 ultra
3478 774 3714 842 luxuria,

2124 883 2232 922 non
2265 866 2534 922 idolorum
2567 865 2823 933 servitus,
2869 879 2977 922 non
3021 864 3302 923 beneﬁcia.
3351 866 3611 924 Dominus
3639 867 3719 924 lo-

2121 961 2310 1033 quitur
2352 978 2366 1016 :
2416 959 2554 1026 Quid
2585 959 2802 1031 putatis,
2830 959 2952 1030 quia
2975 961 3088 1014 veni
3113 975 3290 1030 pacem
3319 961 3524 1018 mittere
3560 979 3716 1036 super

2125 1057 2353 1112 terram?
2380 1054 2502 1110 Non
2529 1055 2646 1112 ueni
2683 1069 2862 1126 pacem
2898 1053 3125 1120 mittere,
3153 1053 3241 1108 sed
3269 1055 3499 1124 gladium
3520 1053 3714 1128 (Matt.

2125 1149 2334 1220 xxxiv).
2357 1149 2501 1208 Vere
2515 1156 2812 1220 antequam
2835 1147 2926 1206 ille
2943 1146 3327 1216 descenderet,
3350 1164 3457 1208 non
3475 1160 3592 1207 erat
3609 1152 3721 1222 gla-

2125 1243 2246 1300 dius
2273 1259 2436 1313 super
2469 1252 2690 1307 terram,
2728 1256 2904 1312 neque
2930 1257 3060 1300 caro
3090 1241 3518 1311 concupiscebat
3550 1245 3718 1319 809

2121 1337 2384 1394 adversus
2405 1336 2679 1406 spiritum,
2709 1351 2885 1407 neque
2907 1335 3133 1404 Spiritus
3153 1337 3417 1394 adversus
3457 1350 3708 1394 carnem.

2125 1429 2358 1500 Quando
2387 1438 2567 1488 autem
2599 1431 2772 1498 venit,
2823 1435 2881 1488 et
2921 1428 3100 1486 edocti
3129 1443 3338 1494 sumus,
3369 1444 3490 1500 quae
3536 1431 3718 1488 carnis

2125 1542 2316 1596 quch
2370 1525 2481 1583 sint
2527 1524 2776 1594 spiritus,
2809 1534 2864 1580 et
2891 1523 3142 1582 doctrina
3183 1522 3302 1596 ejus
3329 1523 3485 1594 quasi
3505 1523 3718 1594 gladius

2127 1619 2406 1674 immissus
2437 1617 2624 1674 divisit
2651 1632 2899 1682 carnem,
2929 1617 2980 1672 id
3010 1625 3097 1674 est
3126 1625 3326 1672 terram
3349 1631 3378 1670 a
3407 1617 3633 1686 spiritu,
3667 1627 3723 1674 et

2126 1711 2510 1770 exterminavit
2536 1727 2656 1768 eam
2683 1709 2752 1783 (ll
2775 1708 2898 1766 Cor.
2923 1725 2997 1776 tv,
3029 1709 3143 1782 i0),
3172 1710 3297 1780 quia
3341 1708 3719 1766 mortiﬁcatio-

423 1827 628 1888 orltur,
678 1819 842 1876 toties
887 1817 1064 1874 oritur
1103 1824 1159 1874 et
1204 1816 1466 1887 splendor
1514 1816 1726 1887 glorize.
1773 1815 2026 1874 Salvator
2055 1801 2104 1864 B
2131 1804 2636 1864 nemJesuCltristi
2673 1802 3112 1860 circumferimus
3144 1804 3197 1858 in
3225 1817 3459 1878 corpore
3504 1812 3716 1870 nostro,

427 1921 621 1968 noster
655 1911 928 1982 sapientia
973 1919 1058 1966 est
1095 1910 1213 1966 Dei.
1259 1908 1534 1978 Sapientia
1581 1925 1712 1966 vero
1764 1909 2026 1982 splendor

423 2013 515 2062 est
554 2004 691 2062 lucis
721 2017 963 2062 atteram.
1008 2001 1099 2061 Sic
1128 2002 1292 2074 igitur
1324 2001 1573 2059 Salvator
1600 2016 1820 2072 semper
1847 2001 2026 2060 nasci-

427 2109 536 2166 tur,
569 2109 625 2156 et
651 2099 859 2154 idcirco
891 2097 1060 2154 dicit:
1086 2097 1220 2154 Ante
1259 2113 1436 2152 omnes
1481 2095 1639 2152 colles
1679 2105 1892 2167 generat
1921 2111 2021 2160 me,

429 2209 563 2258 non,
604 2201 664 2258 ut
701 2191 923 2263 quidam
966 2191 1108 2246 male
1147 2192 1367 2260 legunt,
1401 2190 1684 2260 generavit.
1718 2187 1780 2247 Si
1809 2202 2024 2257 semper

429 2303 496 2344 ex
526 2287 692 2344 Patre
734 2287 978 2344 nascitur
1005 2285 1287 2351 Dominus,
1324 2284 1489 2342 etiam
1521 2295 1574 2338 tu
1611 2285 1664 2340 in
1710 2282 2022 2342 similitudi-

427 2396 553 2436 nem
585 2380 708 2451 ejus
736 2389 945 2438 tantum
977 2377 1292 2450 adoptionis
1317 2366 1582 2446 scriptum
1617 2375 1848 2442 habens,
1880 2390 2027 2432 sem-

430 2488 528 2542 per
565 2472 848 2545 generaris
875 2488 904 2527 a
932 2473 1046 2531 Deo
1089 2487 1188 2542 per
1235 2471 1480 2541 singulos
1532 2469 1871 2535 intellectus,
1925 2483 2027 2540 per

429 2568 644 2638 singula
671 2581 862 2638 opera,
890 2575 946 2623 et
971 2565 1208 2626 el‘ticeris
1237 2565 1380 2622 illius
1408 2565 1506 2620 Dei
1535 2565 1586 2620 in
1617 2563 1836 2620 Christo
1871 2561 2022 2628 lesu,

425 2663 518 2718 cui
551 2673 634 2720 est
681 2661 855 2734 gloria
899 2670 953 2718 et
998 2660 1290 2730 imperium
1336 2661 1390 2716 in
1431 2659 1628 2716 saecula
1674 2658 2021 2716 saeculorum.

429 2759 628 2816 Amen.

895 2850 1182 2908 llOMlLlA
1238 2849 1557 2906 SEPTIMA.

437 2946 514 3003 De
542 2961 608 3004 eo
637 2948 777 3018 quod
803 2950 1066 3017 scriptum
1097 2955 1183 3002 est
1217 2963 1240 3018 7:
1282 2944 1660 3018 Externtiuata
1677 2955 1750 2998 est
1780 2945 2026 3018 αιτιοιιηὶ-

503 3019 589 3073 nio
633 3016 802 3074 omnis
831 3030 1002 3086 terra;
1029 3028 1085 3078 et
1127 3019 1179 3078 in
1211 3017 1354 3077 istud
1385 3036 1396 3074 :
1431 3016 1752 3076 Cinctorium
1782 3016 2022 3090 (Jcretu.

505 3107 603 3158 xu,
639 3091 729 3160 11,
761 3101 814 3146 et
843 3107 995 3159 xxtu,
1034 3092 1108 3161 l).

2126 1912 2176 1956 et
2211 1915 2317 1956 non
2351 1898 2584 1954 vivimus
2605 1898 2751 1956 ultra
2772 1896 2929 1968 juxta
2954 1911 3199 1966 carnem,
3235 1896 3366 1954 vivit
3393 1904 3573 1954 autem
3603 1897 3716 1968 spi-

2127 1997 2281 2062 ritus,
2315 2003 2370 2050 et
2393 1994 2724 2052 seminamus
2752 2006 2860 2046 non
2899 1991 2953 2050 in
2978 2006 3167 2060 carne,
3208 1990 3304 2048 sed
3335 1991 3388 2046 in
3417 1989 3636 2061 Spiritu,
3662 1997 3723 2046 ut

2128 2106 2237 2146 non
2263 2097 2530 2146 metamus
2554 2086 2957 2157 corruptionem
2989 2085 3058 2142 de
3085 2099 3273 2151 carne,
3305 2085 3402 2140 sed
3427 2083 3496 2142 de
3525 2085 3719 2157 spiritu

2127 2183 2292 2238 vitam
2314 2190 2576 2237 aeternam
2605 2178 2805 2251 (Galat.
2831 2195 2908 2246 vt,
2940 2176 3020 2249 8).
3051 2177 3261 2236 Dicitur
3314 2187 3496 2236 autem
3529 2192 3722 2248 pecca-

2129 2273 2380 2331 toribua:
2427 2272 2706 2330 Seminatis
2746 2273 3001 2336 triticum,
3033 2281 3082 2326 et
3129 2271 3308 2342 spinas
3361 2271 3552 2326 metitis
3579 2269 3718 2342 (Je'r.

2127 2381 2224 2432 xu,
2259 2363 2371 2438 15).
2402 2363 2502 2432 Qui
2533 2363 2679 2420 enim
2710 2378 2884 2430 neque
2910 2361 3066 2432 juxta
3109 2362 3446 2418 voluntatem
3476 2359 3724 2431 Scriptu-

2126 2477 2334 2528 rarum,
2371 2475 2546 2531 neque
2572 2459 2724 2532 juxta
2757 2456 2882 2514 lidci
2905 2458 3215 2514 veritatem
3251 2454 3461 2526 profert
3509 2453 3722 2525 eloquia

2131 2557 2250 2625 Dei,
2279 2555 2514 2612 seminat
2543 2553 2810 2618 triticum,
2833 2561 2890 2608 et
2941 2552 3098 2610 metit
3141 2550 3347 2622 spinas.
3380 2549 3495 2606 lloc
3551 2547 3726 2606 luere-

2130 2651 2220 2706 tici
2251 2649 2458 2706 faciunt
2488 2649 2578 2719 qui
2607 2647 2794 2720 legunt
2834 2645 3168 2719 Scripturas,
3210 2655 3265 2701 et
3294 2644 3476 2716 spinas
3508 2659 3616 2700 non
3655 2641 3726 2697 de

2130 2744 2286 2802 libris
2317 2743 2540 2810 sanctis,
2559 2741 2652 2798 sed
2675 2740 2743 2796 de
2777 2739 3012 2811 propriis
3041 2736 3293 2794 sensibus
3323 2744 3554 2791 metunt.
3585 2733 3726 2790 Cleri

2129 2853 2305 2894 eorum
2333 2853 2432 2892 non
2460 2834 2747 2906 proderunt
2776 2833 2870 2890 eis.
2917 2833 3044 2888 llmc
3071 2839 3199 2888 ante
3228 2846 3318 2888 me
3344 2829 3434 2888 alii
3455 2843 3726 2914 exposue-

2131 2943 2255 2989 runt
2278 2975 2290 2996 .
2323 2943 2376 2988 et
2408 2932 2533 3004 quia
2561 2946 2665 2986 nou
2691 2931 2938 3002 improbo
2970 2930 3478 3001 interpretationem
3503 2942 3722 2998 eorum,

2133 3028 2481 3084 consentiens
2510 3026 2756 3084 eamdem
2789 3024 3031 3096 profero,
3062 3038 3173 3081 non
3204 3023 3361 3092 quasi
3408 3023 3524 3093 ipse
3569 3037 3727 3092 repe-

2133 3121 2319 3186 rerim,
2373 3120 2468 3176 sed
2516 3129 2734 3190 reperta
2776 3118 2886 3188 jam
2921 3125 3199 3188 repetens,
3230 3125 3288 3170 ut
3329 3115 3462 3172 mibi
3497 3115 3724 3186 pariter,

502 3204 666 3278 807
697 3203 830 3274 QUiS
869 3215 951 3262 εει
991 3205 1091 3263 iste
1121 3205 1216 3282 qui
1251 3206 1382 3264 dicit
1421 3226 1435 3266 :
1485 3206 1711 3280 Pr0pter
1743 3222 1822 3262 me
1853 3215 2018 3262 exter-
2049 3201 2093 3268 C
2132 3214 2392 3285 vobisque
2433 3212 2704 3270 conducat
2733 3229 2747 3266 :
2782 3211 2827 3267 si
2857 3220 3034 3268 tamen
3066 3225 3185 3280 qua:
3210 3209 3440 3266 dicenda
3466 3217 3612 3274 sunt,
3638 3209 3721 3264 in-

436 3297 631 3352 minata
675 3305 748 3352 est
775 3298 1077 3356 exterminio
1119 3299 1284 3354 cumis
1313 3300 1494 3354 terra?
1519 3297 1767 3356 Christus
1801 3299 1918 3356 baro
1949 3299 2027 3356 lo'-

432 3388 651 3454 quitur:
680 3404 800 3444 nam
824 3399 951 3446 ante
977 3391 1272 3448 adventum
1302 3392 1420 3462 ejus
1451 3392 1619 3448 multa
1651 3393 1867 3461 quidem
1901 3409 2027 3463 pec-

429 3491 549 3537 cata
582 3481 805 3538 fuerunt
835 3482 890 3538 in
923 3485 1126 3556 populo
1155 3484 1342 3555 Israel,
1372 3484 1469 3546 sed
1502 3485 1766 3542 Dominus
1799 3487 2026 3544 vcnicns

433 3577 712 3650 prohibuit
762 3579 919 3644 talia,
969 3588 1026 3636 ut
1077 3582 1292 3650 penitus
1340 3581 1806 3654 relinquerentur,
1863 3591 1919 3638 et
1972 3584 2024 3638 in

432 3671 652 3743 longam
713 3673 1060 3734 traderentur
1113 3675 1510 3746 captivitatem.
1567 3675 1796 3746 Quando
1843 3685 2025 3732 autem

429 3767 856 3839 compleverunt
894 3785 1206 3830 mensuram
1249 3780 1463 3842 patrum
1501 3785 1749 3839 suorum,
1791 3781 1843 3828 ct
1874 3769 2026 3826 addi-

428 3859 630 3920 derunt
655 3861 722 3920 ad
754 3862 1088 3922 occisionem
1121 3863 1536 3936 prophetarum,
1565 3864 2028 3938 persecutionem-

429 3968 540 4026 que
583 3953 882 4026 justorum,
932 3966 988 4012 et
1035 3955 1336 4016 Salvator-is
1384 3955 1844 4024 interfectionem,
1897 3967 2025 4013 tunc

429 4047 763 4119 completum
790 4059 875 4108 est
894 4067 908 4104 :
935 4049 1386 4108 Dimitteturrobis
1406 4051 1590 4108 domus
1612 4062 1781 4108 uestra
1797 4053 2021 4108 deserta.

438 4145 504 4198 Et
533 4145 657 4216 quia
687 4145 793 4202 iste
823 4146 893 4203 ab
921 4147 1026 4218 eis,
1051 4161 1176 4218 quae
1221 4148 1273 4202 in
1307 4145 1605 4218 Evangelio
1637 4147 1839 4218 scripta
1875 4157 2022 4214 sunt,

434 4255 629 4312 passus
677 4251 797 4302 est:
831 4242 1038 4302 idcirco
1083 4259 1228 4304 nunc
1275 4244 1477 4304 dicitur
1521 4263 1534 4304 :
1578 4245 1898 4304 Exiet-minio
1937 4264 2026 4306 ea:-

432 4336 710 4390 terminata
757 4347 833 4391 est
870 4337 1036 4391 omnis
1075 4347 1232 4392 terra.
1277 4338 1445 4410 808
1491 4338 1644 4406 Qtiod
1685 4339 1730 4393 si
1773 4340 2026 4407 subtilius

434 4425 676 4482 volueris
727 4427 1034 4498 intelligere
1075 4445 1088 4482 ε
1129 4427 1352 4501 Propter
1373 4445 1454 4484 me
1477 4431 1818 4485 exterminata
1839 4443 1912 4486 est
1936 4447 2024 4486 ear-

434 4522 674 4576 terminio
721 4523 884 4578 omnis
925 4530 1064 4576 terra
1101 4538 1120 4578 :
1159 4522 1448 4580 considera
1480 4539 1596 4579 eam
1621 4540 1742 4595 quae
1776 4525 1828 4579 in
1859 4533 1911 4580 te
1939 4535 2023 4582 est

2132 3315 2316 3364 tentus
2366 3305 2582 3362 animus
2631 3305 2896 3376 excipiat.
2953 3303 3063 3360 Nos
3093 3305 3182 3375 qui
3241 3309 3496 3375 putamur
3521 3299 3722 3372 aliquid

2130 3417 2273 3471 esse,
2303 3400 2356 3458 id
2385 3408 2488 3468 est,
2522 3400 2611 3470 qui
2644 3399 2696 3456 in
2724 3399 3018 3458 clericatus
3065 3397 3216 3456 vobis
3243 3395 3433 3454 ordine
3469 3394 3724 3464 pratside-

2133 3512 2272 3558 mus,
2304 3495 2570 3558 intantum
2600 3501 2656 3548 ιιι
2685 3492 2904 3563 quidam
2937 3491 3004 3550 de
3033 3491 3228 3550 minori
3279 3488 3448 3562 gradu
3485 3488 3552 3544 ad
3582 3489 3725 3544 hunc

2131 3592 2308 3648 locum
2340 3589 2563 3660 cupiant
2589 3587 2899 3658 pervenire,
2933 3601 3096 3644 nosse
3138 3585 3350 3642 debetis
3374 3600 3481 3638 nou
3535 3583 3721 3640 statim

2131 3687 2183 3740 in
2236 3698 2303 3740 eo
2344 3698 2467 3740 esse
2523 3681 2851 3752 salvandos,
2881 3681 3010 3752 quia
3054 3679 3240 3738 clerici
3289 3694 3521 3746 sumus;
3569 3677 3724 3738 multi

2129 3780 2273 3836 enim
2303 3787 2356 3836 et
2389 3777 2695 3849 presbyteri
2747 3786 2999 3847 pereunt,
3039 3784 3094 3834 et
3143 3773 3265 3832 laici
3305 3774 3602 3832 beatissimi
3639 3788 3726 3832 re—
3818 3804 3823 3809 -

2132 3869 2585 3943 pariuntur;sed
2617 3870 2663 3926 si
2713 3868 2962 3926 ordinem
3020 3868 3313 3926 clericatus
3336 3877 3726 3926 etmereamur

2129 3964 2353 4037 pariter,
2381 3971 2436 4022 et
2465 3963 2783 4020 habeamus.
2809 3962 2942 4031 Quia
2997 3963 3161 4033 igitur
3208 3971 3335 4020 sunt
3374 3961 3591 4032 quidam
3615 3960 3726 4020 cle-

2130 4056 2229 4114 rici
2261 4071 2369 4116 non
2399 4057 2470 4114 ita
2493 4056 2760 4122 viventes,
2793 4063 2848 4112 ut
2881 4064 2935 4112 et
2981 4055 3082 4124 ipsi
3136 4071 3203 4112 ex
3255 4054 3452 4114 ordine
3508 4054 3727 4125 capiant

2129 4151 2386 4216 fructum,
2421 4159 2474 4208 et
2506 4158 2830 4210 ornamento
2870 4163 2988 4206 sua:
3035 4151 3147 4208 sint
3175 4148 3426 4221 dignitati
3463 4164 3476 4206 :
3521 4148 3728 4206 idcirco

2130 4246 2280 4300 aiunt
2305 4243 2397 4315 qui
2425 4249 2803 4312 exposuerunt
2821 4242 3146 4313 prophetam
3171 4251 3194 4282 ο
3221 4256 3368 4300 nunc
3396 4241 3673 4300 dicentem
3702 4255 3719 4297 :

2130 4335 2266 4391 Cleri
2289 4351 2465 4390 eorum
2510 4351 2614 4389 non
2646 4333 2930 4407 proderunt
2972 4333 3046 4388 eis
3077 4331 3213 4407 (Jer.
3237 4349 3334 4401 xu,
3363 4334 3455 4402 15)
3480 4350 3495 4400 ;
3523 4334 3726 4389 utilitas

2128 4431 2325 4501 quippe
2352 4427 2649 4486 clericatus
2676 4443 2784 4483 non
2814 4427 2868 4483 in
2896 4442 2963 4482 eo
2992 4438 3100 4496 est,
3131 4428 3175 4482 sl
3200 4429 3402 4498 aliquis
3423 4429 3478 4483 in
3511 4431 3728 4500 agmine

2129 4525 2314 4580 sedeat
2343 4525 2818 4598 presbyterorum,
2864 4521 2959 4576 sed
2992 4522 3036 4576 si
3065 4521 3221 4594 juxta
3254 4521 3434 4577 locum
3466 4537 3647 4594 suum,
3673 4535 3729 4584 et

429 4615 708 4684 quomodo
752 4615 1118 4674 exterminata
1174 4615 1245 4674 sit
1301 4624 1470 4683 terra,
1516 4628 1572 4674 et
1622 4627 1750 4676 tunc
1791 4617 2023 4688 videbis,
2054 4609 2108 4668 D
2133 4618 2282 4688 juxta
2311 4628 2582 4688 praecepta
2609 4613 2823 4674 Domini
2846 4613 3044 4686 dignus
3064 4613 3303 4674 incedat.
3327 4614 3557 4688 Verum,
3592 4617 3724 4676 cha-

505 4759 530 4788 α
569 4750 792 4828 Eadem,
839 4755 1386 4828 annotanteﬂlluctio
1413 4755 1865 4828 Origcnianorum
1916 4757 2014 4812 lib.

429 4821 488 4890 2,
523 4839 674 4880 ιιιιηι.
707 4823 799 4888 24,
835 4827 1004 4898 utitur
1033 4827 1391 4886 similitudine
1423 4821 1790 4884 Tt-Ftullianus
1825 4830 2022 4898 Apolo-

428 4905 566 4971 get.,_
593 4911 712 4967 cap.
747 4898 811 4954 2|
863 4913 875 4950 :
913 4895 1090 4971 Etiam
1112 4916 1228 4954 cum
1255 4901 1436 4956 radius
1466 4917 1531 4960 ea:
1572 4899 1680 4956 sole
1706 4895 2015 4971 porrigitur,

431 4968 600 5039 portio
643 4983 709 5022 ea:
735 4985 956 5023 summa.
987 4969 1094 5024 Sed
1123 4973 1202 5026 sol
1229 4972 1322 5025 erit
1350 4973 1402 5025 in
1431 4971 1604 5036 radio,
1641 4968 1763 5039 quia
1792 4968 1918 5028 solis
1945 4981 2019 5028 est

431 5037 642 5123 radius,
661 5056 780 5123 _nec
817 5052 1088 5123 separatur
1114 5043 1404 5123 substantia
1423 5086 1438 5109 ,
1467 5043 1557 5100 sed
1585 5037 1898 5123 extenditur.
1933 5042 2019 5123 ita

431 5108 497 5166 de
525 5110 726 5179 Spiritu
755 5108 988 5182 spiritus,
1023 5123 1070 5168 et
1099 5113 1163 5170 de
1190 5113 1298 5168 Deo
1341 5114 1514 5181 Deus,
1547 5126 1601 5170 ut
1649 5118 1816 5170 lumen
1845 5115 1908 5170 de
1935 5115 2018 5170 lu—

435 5182 872 5259 mineaccensmn
915 5201 932 5242 :
979 5195 1150 5259 manet
1195 5189 1396 5259 integra
1427 5183 1482 5244 ἰι
1511 5188 1771 5258 indefecta
1804 5188 2019 5248 materia

435 5257 648 5328 matrix,
680 5257 774 5310 etsi
817 5257 988 5328 plures
1022 5257 1144 5314 inde
1172 5257 1410 5316 traduces
1439 5257 1704 5328 qualitatis
1747 5261 2016 5314 mutueris.

438 5321 602 5407 {laet
625 5321 763 5397 quod
794 5321 857 5382 de
899 5327 1006 5407 Dea
1039 5331 1325 5407 profectum
1362 5321 1472 5407 ⁸(δι’,
1525 5331 1667 5386 Deus
1718 5339 1814 5394 est,
1849 5331 2022 5407 et-Dci

433 5393 705 5466 Filius,“
729 5416 863 5454 unus
901 5393 1069 5458 ambo.
1124 5393 1330 5470 Quibus
1361 5393 1474 5460 lucc
1507 5407 1774 5460 adsonant
1806 5393 1838 5458 e
1883 5403 2018 5458 libro

435 5478 622 5543 etintra
656 5471 918 5543 Praxeam
968 5489 1087 5543 cap.
1141 5479 1172 5529 9
1205 5519 1220 5543 ,
1260 5474 1414 5530 Pater
1459 5487 1566 5531 tota
1607 5475 1890 5530 substantia
1919 5484 2015 5531 est.

435 5536 608 5599 Filius
637 5559 753 5618 uero
781 5536 1050 5618 derivatio'
1075 5536 1230 5602 totius
1253 5557 1299 5604 et
1325 5551 1510 5618 portio.
1553 5549 1681 5606 sicut
1707 5549 1817 5618 ipse
1847 5546 2014 5616 pro/i-

434 5620 610 5670 tetur:
640 5613 982 5690 QuiaiPatgr
1013 5622 1184 5690 major
1229 5613 1444 5682 ute'est.
1486 5618 1646 5678 Uutle
1694 5613 1861 5690 liquet
1906 5613 2014 5688 quo

427 5696 594 5767 sensu
635 5686 873 5767 dixerit;
910 5686 1118 5767 Patr-erit
1146 5700 1190 5748 et
1213 5690 1408 5767 Filium
1431 5707 1478 5754 et
1506 5686 1763 5767 Spiritum
1785 5686 2020 5746 sanciunt

431 5761 586 5834 unius
631 5775 742 5814 esse
753 5761 1094 5834 substantiis,
1123 5774 1171 5820 et
1200 5765 1354 5818 unius
1383 5761 1570 5831 status,
1604 5774 1651 5819 et
1676 5765 1828 5818 unius
1872 5771 2019 5834 pote-

430 5829 611 5897 statis,
649 5839 696 5885 et
745 5829 943 5886 Filium
995 5829 1099 5890 non
1146 5837 1356 5892 aliunde
1401 5829 1652 5894 deducere
1681 5853 1734 5892 se
1761 5829 1916 5907 quain
1960 5834 2023 5890 de

2126 4756 2418 4831 substantia
2441 4753 2642 4831 Patris.
2680 4756 3017 4831 Augustinus
3041 4758 3162 4831 ipse
3190 4759 3605 4831 comparatione
3635 4777 3726 4818 ea-

2125 4827 2247 4884 dem
2291 4828 2700 4899 gcncrationem
2733 4827 2896 4884 Verbi
2928 4827 3167 4899 explicat
3201 4831 3298 4889 lib.
3319 4827 3392 4888 ’νι
3425 4832 3494 4888 de
3523 4831 3720 4892 Trinit.

2127 4901 2246 4974 ipso
2265 4900 2458 4974 initio,
2484 4898 2578 4954 sed
2605 4914 2708 4956 non
2745 4901 2934 4974 eadem
2967 4898 3095 4974 inde
3123 4903 3322 4974 Colligit
3353 4921 3365 4957 :
3395 4902 3519 4973 Ipse
3539 4906 3722 4974 Arius,

2126 4970 2325 5041 inquit,
2348 4970 2546 5030 dixisse
2571 4974 2772 5041 fertur:
2792 4972 2853 5028 Si
2876 4969 3054 5028 Filius
3072 4983 3171 5043 est,
3189 4969 3341 5034 unius
3364 4969 3440 5030 est
3465 4992 3483 5031 :
3504 4977 3547 5032 si
3571 4969 3730 5034 natus

2126 5053 2223 5110 est,
2258 5053 2365 5098 erat
2394 5053 2593 5116 tempus
2630 5045 2839 5114 quando
2873 5061 2976 5116 non
3014 5054 3122 5100 erat
3159 5044 3373 5114 Filius;
3401 5063 3504 5102 non
3532 5049 3726 5104 intelli-

2125 5131 2270 5185 gens,
2305 5115 2826 5191 etiant_natuut_esse,
2864 5115 2973 5191 Deo
2995 5119 3361 5191 sempiternum
3389 5135 3519 5191 esse,
3551 5131 3607 5173 ut
3655 5120 3723 5176 sit

2127 5184 2408 5262 ceteternus
2452 5184 2854 5262 Patriilius,
2898 5189 3031 5243 sicut
3058 5184 3326 5260 splendor,
3366 5190 3455 5262 qui
3493 5184 3723 5261 gignitur

2126 5260 2187 5313 ab
2221 5260 2359 5329 igne,
2393 5268 2546 5330 atque
2575 5257 2912 5328 di/funditur,
2947 5257 3144 5316 cowuus
3171 5261 3250 5317 illi
3274 5257 3448 5328 est,'et
3477 5257 3606 5318 esset
3637 5280 3722 5332 co-

2125 5339 2369 5402 nstemus,
2393 5333 2436 5386 si
2467 5341 2592 5386 esset
2615 5332 2749 5402 ignis
2781 5344 3025 5390 internus.

2194 5400 2222 5440 ι)
2255 5402 2356 5456 Pro
2379 5400 2937 5475 ultraluxuria,quod
2992 5420 3058 5458 cx
3105 5403 3327 5460 Rabano
3377 5404 3464 5460 llic
3514 5407 3719 5464 rescri-

2128 5473 2625 5542 psimus,vilioscin
2645 5473 2876 5544 vulgatis
2906 5476 3462 5544 obtinebat,adulterii
3490 5476 3720 5536 luxuria.

2123 5545 2490 5630 Dissenticbat
2515 5564 2652 5630 _vcru
2687 5559 2742 5630 et
2779 5549 3032 5630 Graecus,
3056 5551 3146 5604 οὐκ
3189 5550 3458 5624 ἀσέλγεια,
3496 5553 3720 5622 ipsaque

2123 5619 2387 5692 Orationis
2417 5620 2594 5692 series.
2613 5621 2752 5676 ratio
2781 5619 3120 5676 concinnior.

2202 5700 2223 5729 ο
2252 5691 2380 5748 Mss.
2403 5689 2780 5766 Alicgii'apudh
2809 5692 3084 5766 lluetium,
3130 5693 3218 5765 qui
3255 5705 3602 5766 exposuerunt
3633 5711 3718 5761 ea,

2121 5778 2239 5834 qua:
2259 5763 2509 5841 propheta
2561 5780 2698 5841 nunc
2728 5764 2881 5841 dixit.
2923 5763 3203 5836 Rabauus,
3252 5763 3340 5838 qui
3371 5777 3718 5841 exposuerunt

2121 5834 2426 5907 praphetam
2449 5834 2610 5903 hunc,
2633 5834 2786 5890 dixit.
