4104 6336
447 262 551 321 659

1728 277 1787 336 ι.
1835 278 2107 339 EUSEBII
2142 280 2525 339 HlERONYMl

3648 295 3751 354 640

448 378 671 447 rissimi,
723 384 890 440 nolite
944 393 1137 457 putare
1165 386 1268 444 hoc
1317 390 1485 463 810
1532 398 1736 449 tantum
1788 395 1859 453 de
1891 396 2049 455 nobis
2077 401 2126 463 Α
2153 400 2347 471 inquit,
2372 403 2582 474 sapiens
2607 402 2659 457 in
2685 404 2945 475 sapientia
2996 424 3110 477 sua,
3140 425 3229 464 nec
3279 411 3430 483 fortis
3455 412 3510 467 in
3540 414 3752 484 fortitu-

451 488 575 531 esse
597 476 801 533 dictum
836 495 851 545 ;
878 489 932 534 et
952 495 1072 548 nos,
1104 490 1157 537 et
1204 497 1301 537 vos
1329 497 1639 543 commonet
1667 488 1850 545 divina
1878 491 2049 560 maje-

449 577 588 638 stas,
618 579 675 624 ut
699 569 857 640 juxta
882 571 1289 645 Scripturarum
1323 592 1593 651 pracepta
1625 582 1892 652 vivamus,
1926 595 1981 639 et
2002 584 2047 639 si

447 660 527 715 sic
550 663 768 732 expedit
795 664 978 722 dicere
1002 684 1015 720 :
1038 667 1286 724 Potentes
1308 680 1540 741 potenter
1567 684 1818 732 tormenta
1848 679 2050 749 patien—

445 761 530 808 tur
553 753 661 827 [ΑΙ.
708 757 1023 832 patiuntur].
1057 760 1186 815 Plus
1229 778 1260 818 a
1290 778 1378 820 me
1428 766 1662 836 exigitur
1692 784 1855 840 quam
1889 786 1918 825 a
1942 771 2049 827 dia-

446 863 588 903 Cono
618 846 773 921 [Μεε.
828 852 960 924 Reg.
1012 853 1272 930 Zacono],
1323 857 1447 928 plus
1504 875 1532 915 a
1566 862 1799 921 diacono
1835 882 2045 936 quama

446 939 607 996 laico.
636 942 741 1011 Qui
771 959 902 1000 vero
935 951 1097 1002 totius
1122 948 1382 1007 Ecclesiae
1422 968 1604 1009 arcem
1636 964 1659 992 °
1683 957 1913 1025 obtinet,
1949 976 2047 1030 pro

445 1038 595 1095 omni
622 1040 865 1097 Ecclesia
898 1043 1091 1099 reddet
1119 1048 1407 1105 rationem.
1435 1048 1668 1121 Propter
1702 1052 1805 1108 hoc
1828 1063 2047 1124 aposto-

424 1134 533 1191 -lus
566 1136 766 1192 Paulus
796 1138 1077 1211 (videlicet
1111 1149 1170 1197 ut
1217 1142 1263 1197 is
1292 1144 1377 1198 cui
1427 1145 1642 1202 fuerant
1696 1151 1863 1205 multa
1893 1165 2045 1206 como

450 1230 637 1301 missa)
665 1230 848 1287 aiebat
880 1249 892 1284 :
925 1230 1017 1288 Sic
1058 1251 1156 1293 nos
1184 1236 1443 1290 existimet
1489 1237 1643 1294 homo
1675 1253 1731 1296 ut
1780 1244 2047 1300 ministros

450 1323 666 1389 Christi,
694 1335 743 1379 et
775 1328 1164 1399 dispensatores
1188 1342 1633 1389 sacramentorum
1668 1337 1785 1394 Dei.
1815 1338 1915 1393 Hic
1932 1345 2048 1413 jam

448 1419 702 1487 quceritur
749 1421 883 1474 inter
928 1421 1336 1493 dispensatores,
1363 1436 1418 1481 ut
1451 1428 1626 1491 fidelis
1664 1433 1782 1503 quis
1827 1434 2050 1490 invenia-

451 1518 533 1564 tur
560 1510 600 1577 (Ι
632 1510 753 1567 Cor.
780 1529 853 1579 tv,
887 1516 961 1585 l).
1021 1517 1289 1573 lntantum
1340 1536 1524 1576 rarum
1587 1534 1671 1578 est
1704 1525 1905 1581 bonum
1934 1528 2045 1583 dis-

449 1614 800 1672 pensatorem
846 1606 1110 1677 invenire,
1153 1622 1211 1665 ut
1266 1610 1444 1680 Iesus,
1476 1618 1569 1686 qui
1613 1625 1905 1686 antequam
1939 1619 2047 1674 ori-

446 1710 639 1751 rentur
659 1713 719 1752 ea
744 1715 868 1769 qum
890 1714 1047 1756 erant
1088 1702 1265 1759 futura
1291 1719 1639 1775 cognoverat,
1685 1711 1999 1781 loqueretur
2027 1730 2040 1765 ε

2153 496 2274 551 dine
2300 514 2421 565 sua,
2454 514 2546 551 nec
2574 497 2716 554 diues
2746 500 2800 555 in
2822 499 3018 556 divitiis
3068 505 3176 559 suis
3199 521 3217 569 ;
3238 506 3329 559 sed
3359 507 3412 559 in
3442 507 3542 562 isto
3563 510 3754 579 glorie-

2149 598 2233 643 tur
2253 590 2341 659 qui
2362 590 2642 661 gloriatur,
2680 593 2973 667 intelligere
3003 606 3052 649 et
3078 598 3211 652 scire
3239 601 3362 670 quia
3384 617 3479 671 ego
3502 619 3614 656 sum
3646 603 3755 659 Do-

2150 683 2319 736 minus
2351 682 2564 754 (Jerem.
2596 700 2674 753 ts,
2725 687 2817 755 25,
2875 687 2997 758 24).
3032 688 3126 743 Vis
3166 692 3412 761 gloriari,
3442 705 3496 750 et
3554 696 3755 766 gloria—

2149 780 2359 836 bundus
2404 798 2510 836 non
2566 782 2800 838 audire?
2828 782 3225 855 Confundimini
3253 805 3284 843 a
3313 791 3626 861 gloriatione
3667 809 3754 848 ue-

2150 884 2277 928 stra.
2308 874 2558 930 Gloriare
2587 886 2646 929 ut
2692 878 2973 945 apostolus
3023 878 3130 951 [ΑΙ.
3159 880 3374 936 additur
3423 884 3669 957 Paulus],
3698 894 3755 941 et

2150 967 2235 1021 die
2270 986 2282 1021 :
2312 968 2444 1022 Mihi
2472 978 2647 1023 autem
2682 971 2819 1024 absit
2867 973 3105 1043 gloriari,
3136 976 3239 1028 nisi
3266 976 3319 1029 in
3360 994 3513 1032 cruce
3546 977 3755 1035 Domini

2150 1064 2249 1116 mei
2281 1061 2410 1118 Jesu
2436 1063 2648 1128 Christi,
2682 1082 2774 1135 per
2795 1065 2906 1138 [AL
2939 1067 3169 1142 prapter]
3200 1087 3348 1141 quem
3381 1071 3508 1126 mihi
3529 1076 3755 1130 mundus

2149 1156 2430 1224 cruciﬁxus
2458 1168 2553 1221 est,
2579 1168 2625 1210 et
2667 1175 2763 1231 ego
2812 1161 3005 1213 mundo
3041 1160 3187 1231 (Gal.
3233 1180 3285 1217 γι
3317 1206 3331 1229 ,
3366 1164 3478 1236 Η).
3517 1164 3608 1219 Vis
3637 1168 3757 1235 glo-

2148 1249 2276 1304 riari
2303 1261 2351 1305 et
2380 1251 2704 1307 non'audire
2726 1272 2737 1308 :
2763 1254 3155 1326 Confundimini
3181 1259 3537 1329 agloriatione
3561 1273 3753 1332 vestra,

2149 1342 2272 1397 audi
2304 1342 2528 1398 Paulum
2554 1346 2901 1414 gloriantem,
2938 1358 2993 1403 et
3015 1349 3166 1405 disce
3198 1366 3317 1405 cum
3347 1353 3584 1419 lotjuitur
3617 1353 3754 1409 :Li-

2149 1435 2323 1491 benter
2344 1438 2606 1507 gloriabor
2634 1440 2685 1493 in
2707 1440 3101 1510 inﬁrmitatibus
3130 1445 3278 1510 meis,
3308 1456 3363 1499 ut
3392 1447 3644 1502 inhabitet
3696 1450 3755 1504 in

2147 1547 2227 1586 me
2258 1532 2414 1586 virtus
2461 1532 2680 1587 Christi.
2734 1535 2873 1590 Audi
2930 1553 3049 1604 qua:
3081 1538 3187 1591 sint
3221 1539 3425 1607 glorise,
3465 1542 3517 1594 in
3549 1542 3753 1611 quibus

2148 1639 2209 1680 se
2241 1635 2261 1663 ο
2287 1625 2368 1679 vir
2396 1626 2588 1681 ellerat
2618 1645 2627 1679 :
2676 1627 2741 1681 In
2786 1629 3047 1684 laboribus
3093 1632 3439 1688 abundanter.
3483 1635 3618 1704 Quis
3648 1636 3755 1692 hoc

2150 1728 2333 1789 potest
2362 1720 2543 1775 dicere
2569 1738 2581 1773 :
2616 1720 2681 1775 In
2710 1723 3003 1778 carceribus
3034 1740 3196 1793 supra
3228 1728 3455 1796 modum,
3486 1728 3540 1781 in
3567 1734 3756 1783 morti-

454 1789 584 1857 Quis
613 1802 764 1863 putas
795 1803 870 1847 est
891 1796 1067 1864 ﬁdelis
1089 1797 1420 1868 dispensator
1438 1810 1485 1854 et
1504 1802 1733 1868 sapiens,
1751 1821 1901 1871 quem
1920 1822 2037 1859 ron-
2072 1814 2122 1874 Β
2148 1810 2241 1864 bus
2265 1828 2421 1879 sirpe,
2453 1830 2484 1865 a
2531 1811 2733 1867 Juda'is
2761 1816 3034 1885 quinquies
3050 1817 3411 1891 quadragenas
3440 1837 3543 1874 una
3582 1823 3756 1879 minus

445 1888 608 1942 stituit
640 1888 898 1946 Dominus
944 1910 1099 1965 super
1135 1895 1393 1966 familiam
1439 1914 1604 1963 suam,
1654 1899 1783 1953 dare
1835 1901 1889 1954 in
1919 1910 2043 1955 lem-

444 1997 570 2052 pore
598 1983 789 2037 cibaria
832 1991 1091 2042 conservis
1139 1989 1291 2043 suis?
1339 1990 1355 2059 (
1390 1989 1515 2044 Luc.
1548 2008 1644 2061 xu,
1676 1991 1792 2064 ω.)
1828 1993 1896 2048 Ει
1920 2004 2044 2065 post

449 2076 702 2146 pusillum
728 2090 982 2134 causatus
1011 2081 1079 2135 de
1106 2082 1433 2153 quibusdam
1459 2085 1930 2155 dispensatoribus
1963 2090 2043 2142 in-

449 2170 568 2225 tulit
608 2171 800 2228 dicens
829 2187 844 2229 :
880 2174 944 2229 Si
973 2184 1149 2231 autem
1173 2178 1389 2246 incipiat
1432 2180 1603 2234 malus
1623 2197 1795 2236 servus
1817 2182 1995 2237 dicere
2020 2200 2039 2239 :

446 2264 687 2322 Moratur
722 2269 966 2325 dominus
1018 2287 1162 2327 meus
1188 2276 1380 2337 venire,
1405 2285 1451 2330 et
1481 2279 1687 2345 coeperit
1726 2279 1920 2333 aedere
1936 2296 2044 2333 ser-

446 2374 532 2413 vos
558 2369 603 2414 ct
622 2359 867 2426 ancillas,
891 2372 938 2416 et
965 2365 1251 2431 comedere,
1284 2376 1330 2421 et
1359 2367 1549 2433 bibere,
1580 2378 1627 2423 et
1672 2371 1934 2434 inebriari,
1962 2387 2044 2425 ve-

441 2453 518 2506 nit
562 2453 803 2509 dominus
828 2457 957 2510 servi
996 2458 1138 2513 illius
1169 2460 1221 2513 in
1244 2460 1329 2514 die
1358 2477 1457 2531 qua
1482 2478 1586 2515 non
1617 2474 1814 2531 sperat,
1843 2474 1891 2518 et
1916 2463 2046 2519 hora

438 2562 541 2615 qua
572 2549 764 2615 nescit,
789 2558 838 2603 et
858 2550 1042 2604 dividit
1070 2552 1239 2616 illum,
1272 2565 1318 2608 et
1349 2565 1549 2623 partem
1589 2556 1735 2611 illius
1775 2573 1891 2610 cum
1924 2559 2045 2624 inﬁ-

441 2640 638 2695 delibus
672 2643 816 2712 ponit
844 2643 998 2715 (Luc.
1023 2662 1122 2712 xu,
1154 2648 1377 2719 43,”).
1413 2648 1540 2703 Haec
1562 2649 1614 2703 in
1646 2665 1711 2705 eo
1736 2651 1882 2721 quod
1908 2652 2045 2706 scri-

442 2743 588 2803 ptqu
619 2745 702 2791 est
732 2754 744 2790 :
772 2734 910 2791 Cleri
938 2755 1118 2793 eorum
1165 2756 1265 2794 non
1315 2741 1599 2812 proderunt
1626 2744 1721 2796 eis.
1751 2743 2043 2800 Videamus

442 2839 623 2883 autem
656 2838 712 2883 et
742 2831 971 2900 reliquis
992 2834 1355 2888 necessariam
1401 2836 1828 2906 correptionem,
1858 2854 2039 2908 quam,

443 2928 503 2974 ut
533 2920 665 2975 mihi
713 2922 952 2993 videtur,
986 2925 1039 2979 in
1082 2926 1270 2980 morali
1301 2928 1424 2982 loco
1470 2928 1732 2983 debemus
1754 2933 2039 3001 accipere:

440 3013 835 3087 Confundimini
864 3034 895 3070 a
926 3019 1238 3090 gloriatione
1259 3033 1444 3085 vestra,
1463 3023 1526 3076 ab
1550 3023 1825 3094 opprobrio
1842 3025 1893 3077 in
1916 3040 2041 3078 con-

440 3122 622 3179 spectu
643 3108 853 3166 Domini
902 3109 1037 3186 (Jer.
1098 3130 1191 3180 xu,
1220 3114 1338 3186 l3).
1371 3115 1534 3170 Multa
1569 3123 1693 3170 sunt
1740 3117 1793 3171 in
1839 3118 2037 3188 quibus

2148 1904 2343 1974 accepi,
2379 1914 2453 1957 ter
2484 1905 2640 1977 virgis
2665 1922 2826 1960 cwsus
2854 1923 2991 1967 sum,
3022 1907 3179 1963 semel
3206 1910 3472 1982 lapidatus
3498 1930 3636 1977 sum,
3673 1926 3755 1969 ter

2147 1997 2482 2068 naufragium
2513 2014 2695 2067 passus
2722 2014 2838 2051 sum
2868 1998 2935 2068 (ll
2960 1997 3082 2055 Cor.
3110 2016 3180 2062 XI,
3200 2001 3432 2073 25-25)?
3467 2004 3755 2063 Discamus

2145 2087 2479 2145 differentias
2505 2090 2825 2159 gloriarum,
2844 2100 2901 2145 et
2927 2094 3224 2148 nonnullos
3238 2109 3359 2150 esse
3376 2099 3464 2166 qui
3485 2099 3751 2169 superbis

2144 2181 2469 2251 glorientur,
2504 2198 2625 2253 quze
2656 2181 2855 2237 rubore
2913 2183 3074 2253 digna
3134 2197 3282 2254 sunt,
3313 2203 3545 2259 quorum
3574 2192 3751 2261 gloria

2146 2284 2231 2331 est
2262 2275 2313 2328 in
2341 2274 2681 2330 confusione.
2702 2276 2757 2329 lu
2787 2276 2871 2329 liis
2890 2278 3093 2348 quippe
3112 2278 3441 2350 gloriantur,
3473 2300 3594 2352 qua:
3617 2299 3752 2341 cum

2146 2369 2369 2435 faciunt,
2426 2371 2682 2435 latebras,
2734 2380 2789 2426 et
2841 2381 3048 2427 secreta
3103 2375 3421 2444 perquirunt
3452 2376 3626 2449 (Phil.
3662 2393 3745 2445 ιιι,

2146 2462 2257 2532 l9).
2285 2462 2417 2515 Post
2451 2463 2567 2517 lucc
2597 2463 3011 2518 consideremus
3037 2464 3166 2534 quid
3197 2466 3266 2521 de
3292 2468 3564 2523 cinctorio
3602 2485 3751 2539 prte-

2146 2564 2359 2624 ceptum
2393 2556 2480 2608 sit.
2522 2554 2653 2609 Hrec
2689 2556 2814 2608 dicit
2856 2554 3111 2611 Dominus
3147 2574 3166 2613 :
3205 2558 3329 2613 Vide
3357 2570 3406 2613 et
3447 2563 3627 2632 accipe
3655 2563 3752 2617 tibi

2146 2648 2455 2702 cinctorium
2506 2650 2721 2713 lineam,
2750 2660 2796 2702 ct
2829 2650 3092 2705 circumda
3139 2652 3338 2705 lumbos
3389 2662 3525 2720 tuos,
3563 2665 3613 2709 et
3655 2673 3752 2728 per

2145 2737 2170 2777 ἀ
2193 2759 2384 2813 aquam
2417 2760 2513 2796 non
2545 2744 2811 2797 transibis.
2849 2743 2914 2797 Et
2935 2747 3111 2816 accepi
3137 2747 3443 2803 cinctoriunt
3464 2752 3752 2806 secundum

2144 2839 2354 2891 verbum
2403 2837 2614 2891 Domini
2643 2838 2711 2890 ad
2757 2854 2835 2890 tne
2882 2839 3063 2892 dicens
3102 2855 3120 2893 .'
3170 2841 3361 2911 Accipe
3414 2844 3747 2912 cinctorittm,

2142 2931 2281 3000 quod
2306 2932 2442 2984 circa
2481 2931 2681 2985 lumbos
2717 2940 2828 2984 tuos
2860 2942 2955 2995 est,
2986 2942 3034 2985 et
3085 2933 3212 2986 vade
3233 2935 3301 2987 ad
3328 2934 3665 3007 Euphratem,
3694 2949 3751 2993 et

2143 3024 2401 3078 absconde
2447 3023 2581 3077 illud
2630 3025 2680 3077 in
2713 3041 2929 3078 caverna
2978 3035 3139 3095 petra:
3171 3024 3302 3098 (Jer.
3360 3044 3479 3093 χιιι,
3508 3028 3753 3096 4).Ρ‹›εῑ

2142 3118 2258 3174 dies
2312 3119 2461 3173 venit
2497 3119 2785 3190 propheta,
2815 3128 2870 3175 et
2898 3122 3110 3187 accepit
3158 3121 3478 3177 cinctoriqu
3510 3122 3580 3178 de
3622 3124 3750 3180 loco

442 3203 749 3275 gloriantes
786 3205 1154 3275 insipientiam
1207 3219 1447 3263 nostram
1488 3210 1843 3265 ostendimus.
1878 3212 2037 3267 Verbi
2067 3205 2113 3268 C
2148 3213 2235 3266 ubi
2271 3212 2547 3267 inloderat
2605 3213 2737 3267 illud
2766 3255 2779 3277 ,
2842 3221 2897 3267 et
2937 3227 3067 3268 ecce
3114 3223 3523 3284 computruerat
3550 3256 3563 3281 ,
3598 3217 3751 3286 quod

440 3296 640 3366 gratia,
675 3298 718 3350 si
759 3298 849 3367 qui
903 3298 953 3353 in
1000 3299 1183 3354 multis
1230 3303 1670 3370 possessionibus
1706 3306 2033 3375 gloriantur,

438 3392 639 3448 dicitur
666 3395 748 3449 eis
781 3410 794 3448 :
830 3392 1229 3467 Confundimini
1254 3416 1286 3452 α
1313 3400 1624 3471 gloriatione
1649 3411 1837 3455 rastra.
1864 3402 1920 3457 Si
1946 3403 2036 3472 qui

436 3487 745 3557 gloriantur
795 3491 848 3544 in
908 3493 1124 3560 generis
1182 3492 1492 3559 nobilitate,
1543 3494 1745 3549 dicitur
1794 3495 1859 3549 ad
1893 3511 2032 3550 eos:

437 3585 832 3656 Confundimini
850 3605 882 3641 a
896 3588 1207 3659 gloriatione
1225 3598 1411 3643 uestra.
1429 3588 1483 3644 Si
1503 3590 1593 3659 qui
1618 3590 1935 3660 jactabuudi
1954 3592 2037 3645 in-

438 3680 643 3734 cedunt
678 3679 786 3751 [Αι.
822 3681 945 3751 quis
995 3682 1336 3737 laetabundus
1368 3683 1610 3755 incedis]
1642 3700 1808 3754 super
1831 3686 2034 3755 pretio-

437 3772 671 3826 sissimis
703 3774 973 3841 veSIibus,
1008 3789 1172 3844 super
1199 3775 1362 3829 domo
1397 3776 1582 3831 multis
1607 3788 1873 3832 exornata
1899 3778 2039 3831 divi-

438 3864 549 3930 tiis,
591 3865 766 3919 aliena
790 3876 874 3922 est
904 3870 1101 3939 quippe
1126 3868 1151 3906 δ
1186 3868 1300 3924 lure
1354 3871 1607 3939 gloriatio
1652 3888 1679 3925 a
1709 3872 2037 3943 gloriatione

446 3966 785 4025 sanctorum,
810 3959 1008 4014 dicitur
1034 3961 1100 4015 ad
1123 3977 1217 4017 eos
1248 3981 1261 4017 :
1288 3961 1683 4031 Confundimini
1712 3982 1743 4019 a
1761 3966 1867 4037 81
1880 3967 2042 4037 lgio-

435 4050 666 4104 riatione
696 4061 884 4106 vestra.
911 4053 1111 4108 Verum
1144 4054 1243 4110 lioc
1287 4072 1476 4126 parum
1500 4065 1601 4112 est.
1634 4057 1776 4114 Audi
1806 4060 1930 4127 quid
1957 4060 2036 4113 lo-

436 4151 634 4213 quatur
662 4144 714 4198 in
746 4143 986 4199 Jeremia
1033 4161 1216 4201 sermo
1247 4148 1486 4218 divinus,
1519 4149 1719 4220 jubens
1773 4160 1831 4205 ut
1878 4166 1944 4205 ne
1975 4152 2030 4206 in

439 4237 703 4306 sapientia
755 4237 973 4310 quidem
1023 4248 1206 4295 nostra
1253 4241 1591 4312 gloriemur:
1642 4243 1723 4298 Ne
1754 4245 2021 4315 glorietur,

509 4399 729 4453 nPlacet
778 4398 1106 4454 disserentis
1137 4398 1190 4454 in
1249 4401 1389 4454 hunc
1417 4400 1599 4455 locum
1652 4401 1833 4457 lluetii
1865 4402 2026 4457 verba

433 4470 769 4543 describere.
800 4471 953 4537 Loci,
989 4470 1088 4535 ait,
1123 4470 1338 4538 quidem
1374 4472 1544 4531 illitis.
1594 4474 1645 4527 in
1676 4490 1783 4541 quo
1808 4489 2029 4543 perma-

436 4544 545 4607 bat,
572 4541 907 4613 episcopum,
939 4545 1020 4598 vel
1056 4544 1463 4611 metrOpoIitam
1507 4544 1769 4615 Origenes
1810 4541 2030 4599 videtur

435 4616 790 4682 signiﬁcasse.
809 4616 916 4669 llas
941 4626 1119 4670 autem
1153 4616 1407 4670 liomilias
1427 4617 1694 4673 Ctesarem
1726 4616 2030 4672 Palaestinae

434 4687 603 4742 fuisse
653 4689 910 4740 recitatas
954 4690 1267 4741 verosimile
1297 4697 1400 4742 est.
1431 4688 1504 4742 lta
1534 4691 1616 4743 vel
1651 4689 2024 4744 Tlicoctislum

432 4760 747 4829 episcopum
779 4755 1195 4821 Czesarieusem,
1230 4761 1310 4813 vel
1358 4771 1508 4815 certe
1541 4761 1797 4829 Babylam
1833 4763 2025 4815 Antio-

432 4775 463 4813 e
506 4774 747 4825 tscopum
779 4774 1195 4821 uzesarteusem,
1230 4774 1310 4813 vel
1358 4774 1508 4815 certe
1541 4774 1797 4829 Batiytam
1833 4774 2025 4815 Antio-

432 4774 663 4885 elicitum
725 4829 1094 4900 patriarcliam
1149 4831 1472 4897 designavit.
1532 4832 1864 4902 Quamquam
1925 4833 2025 4900 Ty-

436 4918 633 4958 rumne
662 4902 771 4971 jam
802 4914 913 4954 tum
964 4904 1313 4968 concesserit,
1358 4915 1566 4958 certum
1603 4921 1709 4958 non
1740 4906 1929 4960 habeo.
1967 4906 2021 4959 Id

434 4990 565 5029 vero
591 4974 975 5044 Hieronymum
1007 4973 1345 5030 convertisse
1370 4977 1683 5031 verosimile
1712 4988 1796 5031 est
1823 4977 1886 5029 ad
1914 4977 2022 5031 [ὶοο

436 5061 653 5101 manum
688 5046 1004 5115 pontiticcm
1058 5044 1138 5106 (ιιι
1180 5046 1295 5113 ejus
1340 5047 1504 5100 verba
1549 5047 1809 5117 iudicant)
1862 5065 2022 5117 quem

432 5132 705 5173 summum
726 5116 1067 5171 sacerdotem
1090 5120 1327 5185 appellat
1357 5117 1509 5188 prter.
1539 5121 1590 5173 iit
1622 5116 1797 5174 Evan.
1818 5116 1887 5172 ad
1923 5121 2022 5175 Da-

438 5205 672 5252 masum,
701 5200 753 5242 et
780 5188 847 5241 de
874 5188 1029 5256 cujus
1061 5201 1327 5256 pttteSIate
1380 5191 1563 5244 multis
1595 5192 1816 5246 disserit
1849 5193 1899 5246 in
1934 5210 2021 5260 ep.

434 5263 498 5315 ad
550 5262 823 5316 eumdem.
862 5260 1211 5330 Quamquam,
1263 5260 1459 5331 inquit,
1490 5266 1565 5317 tui
1595 5281 1674 5318 me
1698 5274 1887 5318 terreat
1921 5283 2028 5319 ma-

434 5335 685 5408 gnitudo,
725 5332 908 5408 inritat
958 5341 1126 5408 ulmea
1182 5333 1496 5408 humanitas.
1532 5337 1575 5408 4
1601 5346 1804 5408 pastore
1844 5340 2024 5401 prwsi-

434 5399 579 5458 dium
606 5406 712 5460 ovis
735 5406 941 5477 ﬂagito.
978 5399 1225 5457 Facessat
1271 5406 1511 5462 invidia:
1543 5399 1761 5463 Romani
1784 5399 2024 5463 culminis

430 5477 640 5551 recedat
662 5478 873 5531 ambitio
876 5492 911 5551 _:
933 5492 1046 5529 cum
1074 5493 1366 5551 successore
1386 5480 1673 5551 piscatoris
1689 5490 1737 5533 et
1768 5480 2023 5551 discipulo

435 5547 602 5601 crucis
624 5549 825 5621 loquor.
862 5548 977 5621 Ego
1006 5547 1212 5602 nullum
1230 5547 1477 5621 primum,
1513 5552 1613 5605 nisi
1645 5547 1909 5603 Christum
1936 5570 2018 5605 se-

433 5634 617 5689 quens,
644 5619 944 5674 beatitudini
973 5630 1094 5689 tute,
1128 5622 1182 5674 id
1205 5619 1302 5688 est,
1336 5623 1594 5677 cathedrte
1619 5621 1762 5675 Petri
1791 5638 2024 5676 commu-

436 5691 589 5765 nione
618 5695 905 5765 consocior.
935 5691 1116 5765 Super
1154 5694 1299 5747 illam
1337 5707 1535 5762 petram
1586 5695 1899 5765 a’di/icatam
1922 5693 2025 5751 Ec-

434 5762 642 5835 clesium
680 5763 804 5814 scio.
842 5762 1165 5831 Quicumque
1216 5775 1361 5819 extra
1420 5768 1555 5821 hanc
1583 5762 1793 5820 domum
1832 5783 2024 5835 agnum

427 5834 724 5893 comederit,
752 5835 1004 5902 profanus
1031 5844 1125 5889 est.
1162 5835 1221 5889 Si
1250 5839 1367 5906 quis
1416 5840 1471 5892 in
1494 5856 1616 5893 arca
1647 5838 1761 5893 Noe
1786 5834 1885 5892 non
1913 5841 2023 5911 fne-

2144 3305 2277 3362 nulli
2313 3305 2431 3359 usui
2457 3317 2622 3361 esset.
2656 3307 2720 3360 Et
2752 3321 2819 3361 ne
2849 3307 2972 3376 quis
3006 3306 3163 3375 juxta
3196 3307 3532 3361 voluntatem
3578 3309 3751 3365 animi

2143 3400 2224 3453 sui
2258 3401 2325 3453 de
2356 3398 2457 3452 hoc
2506 3399 2628 3453 loco
2682 3398 2782 3452 sibi
2812 3407 3172 3469 praesumeret
3220 3399 3578 3467 intellectum,
3604 3401 3749 3456 dans

2147 3492 3259 3560 Dominusinterpretationioccasionem,
3281 3491 3489 3547 addidit
3510 3494 3698 3548 dicens
3729 3511 3745 3548 :

2148 3587 2299 3641 Sicut
2320 3588 2452 3640 enim
2484 3587 2714 3640 adliceret
2742 3587 3046 3639 cinctorinm
3078 3587 3216 3639 circa
3263 3586 3464 3640 lumbos
3491 3586 3743 3654 hominis,

2144 3682 2218 3734 sic
2247 3680 2569 3753 agglutinaei
2621 3681 2689 3732 ad
2735 3696 2814 3733 me
2844 3679 3056 3732 domum
3112 3676 3305 3742 Israel,
3339 3688 3388 3732 et
3418 3696 3617 3735 onmem
3643 3680 3751 3734 do-

2145 3789 2285 3825 mum
2314 3772 2477 3836 Juda,
2513 3782 2565 3824 ut
2595 3773 2773 3841 ﬁerent
2798 3772 2924 3824 mihi
2943 3772 2997 3825 in
3026 3772 3279 3843 populum
3312 3773 3657 3839 nominatum,
3690 3785 3749 3829 et

2141 3869 2193 3921 in
2217 3869 2625 3932 exsultationem,
2658 3878 2705 3921 et
2756 3866 3000 3937 gloriam,
3044 3875 3091 3918 et
3151 3882 3254 3919 non
3291 3867 3628 3920 obaudierunt
3658 3883 3747 3923 me

2143 3961 2361 4033 (Jerem.
2397 3978 2511 4027 xui,
2548 3960 2657 4032 lt).
2695 3961 2862 4029 Igitur
2920 3961 3184 4030 prorilteta
3248 3962 3299 4016 in
3354 3962 3472 4016 loco
3504 3978 3600 4032 pro
3628 3963 3749 4018 Deo

2140 4056 2460 4124 accipiatur,
2494 4057 2841 4109 circumtlans
2890 4054 3107 4108 lumbos
3153 4068 3281 4107 suos
3320 4054 3645 4109 cinCtorium
3673 4055 3745 4109 li-

2140 4165 2321 4213 neum,
2352 4150 2402 4202 id
2432 4158 2513 4204 est
2547 4149 2801 4217 potiulunt
2837 4149 2995 4201 lleus.
3027 4147 3364 4219 Agglutinavi
3393 4150 3602 4218 quippe,
3639 4149 3745 4218 ait,

2132 4244 2202 4298 ad
2228 4261 2305 4297 me
2329 4244 2538 4297 domum
2567 4244 2732 4316 812
2779 4240 2969 4309 Israel,
2995 4249 3052 4296 et
3093 4240 3500 4311 quodammodo
3521 4241 3740 4298 cincto-

2129 4402 2220 4470 rit,
2260 4402 2441 4470 peribit
2473 4409 2718 4471 regnante
2756 4399 2981 4471 diluvio.
3022 4397 3233 4471 Similia
3288 4397 3451 4452 liabet
3496 4399 3743 4456 Ambro-

2130 4468 2326 4528 siast'r-r
2357 4476 2408 4526 in
2442 4468 2559 4538 cap.
2588 4488 2641 4525 ιιι
2667 4486 2752 4540 ep.
2791 4471 2808 4524 l
2837 4471 2899 4521 ad
2924 4470 3065 4524 Tim.
3105 4487 3117 4523 :
3154 4468 3221 4524 Ut
3248 4486 3365 4523 cum
3390 4481 3528 4524 totus
3578 4488 3742 4525 mun-

2132 4546 2230 4598 dus
2267 4544 2360 4597 Dei
2389 4546 2475 4604 sit,
2506 4542 2738 4597 Ecclesia
2768 4553 2935 4595 tamen
2965 4542 3148 4614 domus
3196 4544 3310 4614 ejus
3334 4542 3558 4608 dicatur,
3581 4549 3743 4611 cujus

2132 4616 2285 4670 hodie
2310 4626 2477 4670 rector
2506 4625 2579 4668 est
2626 4614 2887 4668 Damasus
2921 4629 2939 4666 :
2988 4612 3295 4666 Romanum
3332 4615 3520 4668 itidem
3554 4617 3743 4684 ponti-

2136 4688 2285 4743 licem
2315 4705 2340 4739 τι
2378 4688 2571 4741 Ηιιίίιιο
2605 4686 2881 4751 designari
2941 4684 3219 4753 probabile
3266 4694 3369 4743 cst.
3404 4701 3525 4739 cum
3575 4690 3649 4739 ait
3679 4688 3736 4742 in

2134 4760 2591 4829 interpretatione
2621 4758 2862 4829 humilia:
2888 4757 2946 4809 l7
2972 4755 3225 4825 Origeuis
3250 4754 3529 4829 iuGeues.
3566 4775 3578 4810 :
3606 4756 3741 4813 Non

2129 4826 2331 4897 deﬁciet
2357 4833 2590 4904 princeps
2630 4845 2691 4904 ex
2709 4826 2964 4904 Juda,_i(l
2987 4838 3082 4904 est,
3124 4828 3207 4879 hic
3234 4828 3323 4895 qui
3358 4840 3473 4904 post
3505 4845 3740 4904 restirrg-

2127 4899 2365 4957 ctionem'
2399 4905 2513 4974 ejus
2534 4899 2561 4973 ‘(
2590 4900 2790 4955 Christi
2822 4900 2839 4969 )
2877 4899 3226 4953 Ecclesiarum
3284 4899 3527 4973 princeps
3577 4903 3735 4955 ordi-

2126 4985 2302 5029 natur.

2197 5046 2224 5085 b
2260 5047 2433 5101 Voces
2458 5044 2566 5098 haec
2594 5045 2836 5115 gloriatio
2859 5060 2927 5099 ex
2959 5044 3190 5098 R-ibauo
3238 5044 3573 5105 sull‘ecimus,
3598 5058 3744 5099 eon-

2128 5121 2399 5174 sentiente
2450 5117 2643 5173 Gt'u‘co
2671 5118 3127 5193 ξρκιιιηάῃοτρία
3160 5119 3324 5193 ἐστιν
3377 5119 3407 5175 ἡ
3447 5119 3741 5189 χαύχησις

2133 5197 2461 5265 χαυχήσεῳγς
2489 5189 2805 5261 animamur"
2838 5189 3124 5242 diritur'ex
3160 5189 3355 5242 iisdem
3390 5206 3745 5265 repnsntttitts

2132 5261 2230 5328 pro
2252 5261 2670 5317 dicit.Rabauus
2703 5272 2968 5332 praeterea
2993 5276 3106 5315 eum
3140 5276 3235 5328 pro
3267 5275 3352 5313 eos
3387 5261 3744 5317 colizerenter

2132 5335 2282 5390 Ieait.

2184 5352 2387 5461 gcllllss.
2426 5405 2577 5476 Regii
2623 5420 2790 5477 penes
2820 5405 3097 5472 lluetium,
3125 5404 3311 5477 quibus
3342 5420 3397 5458 se
3418 5404 3495 5458 vir
3520 5414 3743 5460 sanctus

2129 5479 2396 5547 e/ferebas.
2864 5526 2881 5531 -

2199 5548 2223 5586 (ι
2244 5549 2484 5606 Aunotat
2514 5550 2741 5606 Huetius
2765 5550 2948 5605 haberi
2973 5550 3112 5618 apud
3128 5548 3295 5619 LXX,
3311 5552 3367 5606 οὐ
3392 5547 3739 5606 διελεύσεται.

2133 5622 2317 5692 Vulg,
2345 5633 2389 5679 et
2438 5625 2509 5708 in.
2536 5639 2721 5708 aquarii
2781 5639 2882 5676 non
2912 5625 3103 5708 inferet;
3131 5623 3283 5688 illud,
3314 5622 3473 5705 quod.
3497 5621 3737 5708 llqbrmo

2130 5706 2417 5750 Consonat.
2466 5694 2591 5749 llzrc
2619 5695 2811 5774 eodem
2870 5694 3143 5774 recidunt,
3187 5695 3399 5774 nain_si
3429 5695 3611 5774 cinctu
3646 5707 3739 5746 re-

2130 5770 2345 5823 vinctus
2375 5782 2569 5837 aquam
2594 5768 2804 5829 subeat,
2830 5768 3021 5821 subire
3048 5781 3265 5837 quoque
3298 5767 3531 5821 cincmni
3551 5767 3737 5834 ipsum

2132 5856 2356 5897 necesse
2387 5850 2466 5896 ρει
2480 5882 2491 5894 .
