4128 6346
360 336 456 395 661

946 306 1379 384 TRANSLATIO
1419 303 1857 373 unumunum
1896 297 2225 360 OBIGENIS
2259 297 2326 355 IN
2366 295 2739 357 JEREMIAM.
2781 293 2949 355 ιιοιι.
2992 293 3128 355 vni.

3550 295 3659 355 612

357 456 501 513 rium
530 451 628 508 Dei
662 449 824 505 homo
876 446 1059 517 justus
1112 438 1368 497 θηρίων,
1419 434 1643 503 ρυωι-εε
1689 440 1851 498 quam
1882 421 1953 477 ob
1980 419 2031 480 Α
2059 414 2601 517 color-generationis
2633 414 2685 468 in
2719 413 2828 469 lino
2847 422 2951 517 est,
2975 411 3266 517 aliuchum
3297 409 3460 515 fuerit
3486 424 3649 481 opera

358 548 625 607 causam?
674 546 819 613 Lege
868 536 1209 596 Ezechielem
1250 575 1264 599 ,
1307 542 1363 589 et
1392 528 1638 598 intellige
1685 519 1958 596 quomodo

361 644 511 699 Deus
544 640 793 695 videatur
838 636 892 691 in
924 646 1179 703 corpore,
1209 637 1263 684 et
1312 622 1667 698 quamobrem
1697 636 1724 672 a
1756 614 1961 673 lumbis

358 736 483 805 ejus
524 748 695 804 usque
736 729 805 785 ad
838 726 1005 799 pedes
1060 725 1201 795 ignis
1238 726 1534 791 appareat,
1587 723 1642 771 et
1680 728 1709 767 a
1760 708 1961 765 lumbis

362 842 540 899 usque
569 825 636 881 ad
668 833 833 895 caput
855 822 1119 877 electrum
1152 814 1369 889 (Ezech.
1403 829 1443 879 ι,
1471 809 1563 881 27)
1599 825 1612 862 :
1646 817 1773 861 tunc
1804 811 1961 875 pote-

363 921 446 979 τίς
478 920 641 978 etiam
694 914 980 988 przrsentis
1022 910 1323 981 Scripturce
1363 904 1613 961 invenire
1668 901 1962 964 rationem,

365 1014 724 1087 quamobrem
754 1009 1050 1066 inferiores
1082 1004 1177 1060 Dei
1209 1013 1390 1074 partes
1415 1001 1591 1071 igneae
1613 1003 1759 1049 sunt.
1787 993 1967 1047 Renes

367 1107 749 1180 generatione,
784 1114 841 1159 et
868 1100 1037 1157 lumbi
1060 1099 1185 1169 igne
1212 1105 1525 1152 censentur.
1545 1089 1738 1148 Omnia
1767 1088 1968 1158 quippe

369 1218 494 1274 qua:
516 1216 585 1256 ex
611 1199 852 1261 coitu,et
879 1196 1156 1265 voluptate
1178 1200 1326 1258 sunt,
1347 1188 1594 1259 indigent
1620 1183 1966 1255 purgatione,

371 1306 429 1354 et
461 1297 580 1366 ipsa
611 1293 857 1365 purgatio
886 1289 1133 1345 immixta
1154 1295 1237 1343 est
1266 1285 1558 1355 supplicio.
1589 1282 1663 1337 Ea
1693 1294 1825 1335 vero
1848 1291 1971 1348 quae

371 1406 403 1446 a
431 1388 654 1445 renibus
708 1388 760 1441 in
792 1383 1077 1455 superiora
1134 1389 1488 1449 consurgunt,
1533 1373 1776 1431 libidinis
1804 1384 1970 1441 Opera

371 1499 474 1541 sua
505 1482 707 1536 virtute
765 1474 1199 1540 transcendunt,
1241 1471 1403 1542 quasi
1451 1466 1699 1540 quardam
1746 1463 1973 1519 materia

374 1576 565 1648 purior
594 1574 659 1629 ad
691 1571 881 1628 electri
915 1565 1339 1625 similitudinem
1393 1563 1727 1619 referuntur.
1766 1558 1975 1617 Dicitur

374 1671 580 1741 quippe
601 1668 868 1723 electrum
907 1677 1041 1718 auro
1101 1674 1221 1715 esse
1270 1657 1582 1728 pretiosius.
1619 1653 1757 1720 Quid
1819 1652 1977 1720 igitur

377 1762 650 1831 exemplis
695 1760 973 1829 Scriptura
1025 1756 1230 1819 utitur,
1284 1763 1343 1807 ut
1394 1750 1648 1806 ostendat
1677 1758 1973 1816 supernum

2062 509 2354 565 mundatus
2386 508 2493 579 [ΑΙ.
2520 522 2685 578 opere
2707 506 3074 579 mundatum].
3095 503 3479 562 Generationis
3505 505 3657 559 color

2062 604 2352 661 obscurior
2387 613 2503 668 est,
2542 612 2599 657 et
2628 603 2834 672 nigrior
2872 601 2984 673 [ΑΙ.
3017 610 3073 656 et
3112 602 3324 673 nigrum
3372 598 3653 671 dicimus],

2064 699 2248 769 operis
2273 706 2457 752 autem
2506 694 2761 751 lucidior.
2794 704 2817 731 θ
2856 694 2991 749 Tale
3018 694 3202 750 nescio
3239 693 3368 763 quid
3406 702 3460 748 et
3499 692 3659 748 nobis

2066 792 2122 847 in
2153 791 2379 846 exordio
2411 789 2635 845 evenit:
2666 788 2805 858 nigri
2848 788 2992 841 enim
3031 801 3221 842 sumus
3257 785 3476 857 quando
3507 799 3662 856 rege-

2068 901 2347 955 neramur,
2389 882 2613 954 quando
2640 881 2939 949 credimus,
2975 879 3197 950 quando
3224 880 3277 933 in
3308 879 3662 935 Canticorum

2070 984 2299 1039 Cantico
2331 981 2564 1036 dicimus
2598 998 2608 1034 :
2645 978 2815 1050 Nigra
2841 993 2956 1030 sum
2981 985 3029 1029 et
3055 976 3284 1048 speciosa
3312 973 3485 1043 (Cant.
3513 991 3550 1042 ι,
3582 973 3658 1045 4).

2069 1074 2424 1144 ίΕιΙιὶορίιιιιδ
2450 1071 2688 1127 similem
2717 1070 2979 1125 habemus
3008 1071 3244 1123 animam
3270 1066 3288 1106 ί
3320 1068 3664 1133 indecorem;

2073 1167 2352 1222 abluimur
2396 1175 2453 1220 ut
2499 1166 2695 1219 liamus
2730 1162 2982 1231 candidi,
3014 1170 3078 1216 ut
3108 1162 3343 1216 nitorem
3381 1160 3472 1231 qui
3510 1160 3668 1217 nobis

2074 1261 2274 1316 insitus
2294 1276 2359 1316 ex
2381 1268 2571 1314 natura
2596 1274 2704 1313 non
2727 1259 2927 1322 fuerat,
2945 1255 3228 1325 diligentia
3243 1269 3672 1324 consequamur,

2072 1353 2227 1424 juxta
2260 1352 2390 1407 illud
2414 1394 2427 1417 ,
2458 1351 2602 1420 quod
2645 1350 2697 1405 in
2728 1349 2921 1406 eodem
2951 1349 3073 1404 loco
3104 1346 3399 1403 scribitur:
3431 1345 3558 1411 Qua:
3598 1355 3672 1400 est

2077 1448 2177 1502 ista
2205 1462 2322 1518 qua:
2350 1446 2581 1500 ascendit
2612 1442 2889 1499 dealbata.’
2917 1450 2972 1498 et
2993 1440 3295 1497 efﬁciamur
3318 1440 3483 1495 limtm
3509 1436 3677 1511 814

2082 1537 2377 1595 candidum
2403 1548 2427 1585 ις
2462 1552 2791 1609 purumque.
2825 1538 3003 1605 Atque
3040 1533 3114 1589 ita
3152 1549 3278 1590 cum
3325 1533 3471 1604 digni
3511 1533 3683 1587 lueri-

2081 1648 2202 1686 mus
2231 1631 2498 1686 societate
2525 1630 2654 1695 Dei,
2683 1631 2736 1684 in
2769 1628 3092 1685 cinctorium
3131 1628 3248 1697 ejus
3284 1627 3548 1697 plicamur
3569 1626 3677 1700 [ΑΙ.

2082 1723 2428 1796 plectimur],
2469 1738 2647 1793 neque
2690 1722 2757 1778 ab
2799 1738 2866 1778 eo
2900 1720 3191 1791 aliquando
3233 1721 3575 1792 dcponimur,
3633 1720 3680 1776 si

382 1857 484 1913 Dei
506 1872 704 1926 corpus
752 1869 876 1910 esse
905 1851 1273 1922 magniﬁcum,
1308 1857 1362 1903 et
1388 1846 1616 1902 inferius
1660 1840 1868 1897 vilius?
1898 1838 1983 1893 ld-

2103 1833 2268 1873 .amen
2305 1818 2622 1884 candorem,
2655 1833 2818 1889 quem
2857 1816 3019 1873 nobis
3050 1825 3401 1872 concesserat
3423 1858 3436 1881 ,
3467 1830 3683 1883 semper

2159 1911 2171 1926 I
2236 1924 2245 1926 Α
2365 1924 2376 1926 ς
2425 1908 2494 1926 Πν
2593 1909 2654 1926 ’ΛΑ
2710 1908 2815 1926 ηᾼΙ
2877 1908 2960 1926 l_'
3019 1916 3061 1926 -ι
3104 1907 3272 1926 -κ--ηεγ-
3306 1906 3683 1926 ΛινΑ-μ---1η--1

382 1953 531 2007 circo
561 1966 708 2004 nunc
764 1946 1116 2003 introduxit“
1162 1942 1448 1997 Dominum
1498 1955 1565 1994 ex
1607 1938 1731 2007 igne
1768 1944 1821 1989 et
1866 1933 1980 1988 cle-

384 2052 507 2100 ctro
558 2042 973 2098 subsistentem.
1023 2039 1099 2092 Ex
1145 2052 1253 2107 quo
1306 2034 1679 2103 unusquisque
1732 2037 1978 2084 nostrum

388 2139 544 2211 juxta
568 2136 851 2193 exordium
903 2133 1200 2189 nativitatis
1229 2145 1345 2185 suae
1387 2128 1453 2183 ad
1485 2127 1662 2198 ignem
1704 2122 1937 2179 refertur
1967 2138 1979 2173 :

386 2233 542 2304 juxta
575 2231 814 2287 studium
842 2244 978 2285 vero
1008 2239 1062 2284 et
1089 2226 1417 2298 profectum,
1459 2223 1554 2277 Dei
1573 2235 1777 2290 corpus
1811 2216 1986 2273 elﬁci-

389 2337 480 2384 tur
511 2327 641 2382 illud
694 2326 971 2397 superius,
1003 2323 1133 2379 illud
1180 2338 1245 2377 ex
1294 2321 1525 2383 electro,
1555 2317 1625 2370 ab
1646 2316 1773 2385 igne
1803 2312 1981 2378 nobis,

389 2437 421 2476 a
454 2422 655 2494 ptenis,
688 2436 718 2475 a
768 2419 1014 2475 cruciatu
1060 2415 1503 2473 abscedentibus.
1552 2410 1803 2480 Adjtmge
1854 2420 1988 2477 ergo

391 2519 539 2573 circa
592 2516 832 2571 lumbum
874 2524 1024 2570 tuum
1077 2511 1399 2567 cinctorium
1452 2508 1675 2562 lincunt.
1724 2501 1883 2559 Cur?
1930 2509 1990 2555 ut

394 2608 722 2665 ostendatur
749 2606 979 2678 populus
1011 2618 1240 2673 regnum
1269 2615 1394 2655 esse
1419 2599 1531 2654 Dei.
1569 2597 1872 2651 Adversum
1896 2607 1991 2647 eos

391 2704 600 2773 quippe
629 2703 719 2771 qui
746 2700 934 2753 volunt
963 2698 1055 2752 Dei
1085 2710 1345 2751 accusare
1388 2691 1811 2762 providentiam,
1848 2685 1988 2742 resi-

392 2798 496 2852 stit
527 2804 583 2851 et
613 2795 847 2865 protegit
888 2793 981 2847 Dei
1032 2794 1112 2845 sui
1141 2804 1332 2861 opera,
1368 2804 1467 2843 nec
1498 2785 1633 2841 sinit
1678 2782 1883 2853 aliquid
1913 2782 1994 2836 in-

395 2889 600 2945 decens
630 2889 699 2943 de
730 2887 1016 2957 majestate
1047 2884 1165 2954 ejus
1190 2882 1417 2937 narrari.
1451 2879 1558 2936 Sed
1583 2894 1704 2934 cum
1736 2890 1996 2947 peccave-

394 2985 595 3049 rimus,
621 2995 680 3037 ut
701 2982 1028 3039 cinctorium
1079 2978 1208 3033 illud
1234 2976 1496 3048 propheta
1525 2973 1798 3043 deposuit,
1827 2979 1881 3025 et
1902 2969 1999 3023 ab-

399 3078 536 3150 iecit
563 3077 694 3132 illud
723 3077 778 3132 in
808 3076 1141 3145 Euphratem
1170 3072 1416 3135 ﬂuvium,
1447 3079 1504 3123 ut
1526 3066 1730 3123 ibidem
1769 3079 1996 3133 compu-

400 3178 670 3227 tresceret
693 3186 707 3222 :
727 3169 807 3225 sic
838 3179 893 3225 et
924 3184 1023 3223 nos
1048 3166 1268 3236 abjiciet
1307 3180 1336 3219 a
1367 3163 1563 3219 lumbis
1612 3164 1725 3216 suis
1756 3159 1921 3224 Dens,
1943 3166 1999 3212 et

401 3265 681 3336 projectos
722 3263 999 3331 relinquet
1027 3261 1095 3316 ad
1115 3226 1457 3330 'Ettphratettt
1487 3257 1711 3312 ﬂuvium
1751 3254 1997 3322 Mesopo-
2028 3226 2076 3292 ο

406 3358 611 3423 tamim,
638 3356 727 3411 tibi
779 3356 993 3429 Assyrii
1028 3355 1274 3409 habitant
1316 3352 1518 3408 inimici
1551 3350 1739 3413 Israel,
1774 3348 1863 3402 tibi
1896 3346 2002 3401 Ba-

405 3450 646 3523 bylonii,
672 3458 727 3505 et
755 3449 830 3504 ibi
851 3460 1253 3517 putrescemus.
1300 3446 1407 3501 Cur
1434 3444 1576 3499 enim
1612 3441 1774 3497 tantis
1805 3444 1857 3494 in
1891 3449 2004 3493 toto

408 3543 541 3600 orbe
571 3541 888 3598 ﬂuminibus
916 3539 1317 3612 prietermissis,
1350 3540 1418 3594 de
1446 3538 1630 3594 Judzea
1661 3536 1728 3590 ad
1762 3533 2007 3603 Euphra-
2047 3559 2052 3563 -

411 3646 522 3695 tem
553 3638 819 3709 propheta
852 3636 1187 3701 transmittit,
1214 3635 1317 3689 nisi
1348 3643 1407 3689 ut
1429 3641 1829 3689 sacramentum
1854 3629 2007 3700 juxta

412 3733 523 3789 vim
581 3732 817 3789 nominis
867 3731 1063 3787 doceat
1094 3729 1475 3785 intellectum?
1520 3726 1648 3781 Post
1689 3724 1807 3779 haec
1861 3738 2011 3794 quae-

414 3827 587 3883 rimus
617 3842 786 3896 quare
813 3824 1137 3880 cinctorium
1170 3822 1369 3877 Iineum
1394 3820 1626 3876 dicatur.
1654 3817 1681 3857 ι)
1712 3818 1910 3874 Linum
1944 3832 2008 3872 ex

416 3928 569 3976 terra
600 3917 878 3984 nascitur;
910 3933 1032 3972 nam
1053 3931 1176 3971 cum
1205 3930 1390 3971 semen
1416 3913 1534 3984 ejus
1568 3913 1618 3967 in
1646 3913 1867 3967 humum
1899 3910 2014 3967 fue-

416 4015 494 4070 rit
547 4012 843 4084 abjectum,
880 4009 1111 4081 primum
1156 4010 1210 4064 in
1254 4007 1498 4079 gramine
1531 4006 1777 4076 pullulat,
1814 4005 2015 4061 deinde

419 4118 484 4164 ut
511 4104 718 4162 inlinita
770 4116 1112 4175 praeteream,
1170 4101 1481 4157 demessum
1539 4099 1868 4156 transfertur
1919 4099 2014 4154 do-

421 4216 597 4265 mum,
630 4201 887 4270 pectitur,
918 4198 1152 4265 lavatur,
1187 4194 1403 4262 teritur,
1427 4193 1700 4262 tunditur,
1733 4204 1786 4250 et
1815 4192 2017 4265 ingenti

423 4295 511 4367 (ut
545 4297 617 4348 ita
646 4291 849 4365 dicam)
877 4306 1045 4363 opera
1075 4288 1369 4352 excutitur,
1400 4304 1505 4358 quo
1532 4289 1642 4343 tale
1693 4287 1784 4341 ﬁat
1811 4302 1878 4343 ex
1908 4301 2019 4357 quo

422 4388 591 4462 813
627 4389 799 4458 possit
842 4386 1170 4442 cinctorium
1196 4394 1244 4453 ε,
1284 4393 1383 4439 aut
1422 4382 1573 4438 aliud
1616 4382 1745 4453 quid
1803 4384 1857 4437 in
1890 4396 2021 4437 usus

428 4483 775 4539 necessarios
800 4480 1041 4550 onerari.
1068 4481 1137 4535 Et
1168 4495 1268 4534 nos
1291 4494 1422 4550 ergo
1453 4477 1692 4533 universi
1725 4478 1816 4547 qui
1853 4491 2021 4549 gene-

430 4576 703 4634 rationem
727 4574 993 4629 habemus
1021 4589 1088 4629 ex
1113 4583 1280 4641 terra,
1309 4568 1336 4609 ά
1360 4572 1452 4642 qui
1485 4571 1540 4626 in
1570 4570 1893 4627 cinctorium
1928 4569 2023 4626 Dei

431 4671 747 4743 plectimur,
787 4669 956 4726 multa
992 4682 1124 4724 cura
1160 4667 1491 4738 indigemus,
1532 4676 1595 4721 ut
1628 4676 1929 4736 pectamur,
1968 4677 2027 4724 ut

434 4764 703 4835 lavemur,
728 4775 787 4819 ut
812 4764 1052 4821 colorem
1087 4771 1249 4819 terra:
1271 4760 1615 4833 abjiciamus.
1645 4761 1800 4817 Alius
1825 4763 2028 4835 quippe

469 5000 484 5056 ι
511 4938 538 4967 ιι
566 4928 700 4985 Mss.
727 4927 888 4999 Reg.,
925 4926 1219 4982 introduxit
1271 4922 1480 4979 Domini
1509 4940 1697 4997 corpus
1747 4926 1960 4999 exigue
1988 4937 2036 4984 et

488 5014 648 5056 ectro.

439 5014 648 5057 ριεεινο.

510 5072 716 5129 bllaud
766 5080 917 5127 recte
962 5084 1129 5139 penes
1180 5068 1464 5125 Rabanum
1495 5110 1508 5135 ,
1565 5067 1756 5123 Linum
1788 5070 1850 5125 de
1900 5080 2037 5126 terra

442 5147 690 5217 pascitur.
721 5145 781 5200 Et
810 5144 969 5212 paulo
1000 5152 1121 5209 post
1141 5142 1205 5217 de
1231 5158 1394 5196 messe
1421 5157 1522 5212 pro
1534 5141 1855 5217 demessum.

518 5230 541 5258 ο
567 5221 695 5276 Mss.
742 5218 916 5283 Regii,
965 5215 1273 5269 cinctorium
1304 5214 1564 5281 componi,
1608 5224 1697 5267 aut
1725 5215 1874 5268 aliud
1915 5217 2041 5284 quid

446 5289 501 5344 in
545 5309 670 5347 usus
711 5289 1031 5345 necessarios
1071 5288 1326 5355 cooptari,
1362 5302 1457 5357 pro
1503 5300 1614 5356 quo
1647 5284 1836 5341 ultimo
1867 5289 2040 5344 verbo

447 5361 706 5419 Rabanus
739 5361 899 5417 habet
933 5360 1244 5431 comparari.

521 5433 547 5471 ἀ
581 5438 728 5491 tlanc
748 5437 970 5504 placuit,
993 5428 1114 5502 qua:
1136 5441 1189 5485 et
1208 5429 1265 5485 in
1296 5430 1528 5485 vetustis
1545 5428 1707 5504 codd.
1734 5430 2039 5504 obtinebat,

449 5502 761 5562 lectionem'
788 5520 856 5560 ex
900 5504 1122 5559 Rabanu
1167 5517 1465 5570 reponere,
1513 5503 1602 5572 qui
1643 5503 1695 5555 in
1737 5502 2047 5558 cinctorium

451 5576 551 5632 Dei
566 5580 862 5651 plectimur,
879 5585 1068 5651 utpote
1085 5572 1540 5651 Grai-coorigenis
1556 5574 1727 5651 tex‘tui
1748 5589 2046 5651 consonam

452 5639 628 5721 magis
675 5661 731 5705 et
772 5639 1233 5709 commodiorem,
1279 5649 1362 5700 καὶ
1391 5639 1560 5719 ’ἡμεῖς
1609 5639 1695 5701 οὖν
1724 5647 1910 5721 πάντες
1963 5653 2053 5707 τήν

455 5717 649 5795 γένέσιν
674 5722 889 5795 ἔχομεν,
918 5722 988 5782 ὡς
1014 5722 1281 5795 περίζωμᾳ
1299 5717 1563 5795 τοῦλθςοῦ.
1588 5730 1693 5773 etc.
1719 5717 1891 5773 Antea
1912 5729 2054 5787 erat,

457 5788 547 5848 aut
576 5788 924 5879 tntum,'quod
944 5796 999 5846 in
1042 5788 1353 5879 cinctorium
1379 5788 1480 5879 ρει
1508 5795 1761 5861 pectitur:
1786 5806 1929 5848 unus
1952 5807 2055 5848 ms.

458 5879 636 5936 penes
659 5861 938 5936 lluetium,
972 5872 1031 5919 ut
1061 5865 1230 5920 linum
1251 5861 1412 5934 quod,
1440 5871 1546 5920 etc.

2051 4624 2106 4686 D

2086 1910 2403 1966 habeamus.
2422 1908 2557 1964 Cum
2592 1908 2984 1978 itaqueJudtei,
3010 1916 3066 1963 et
3096 1907 3275 1963 omnis
3296 1906 3496 1962 domus
3516 1906 3687 1963 lsrael

2090 2002 2300 2071 indigni
2321 2000 2637 2058 exstiterint
2659 2001 2795 2066 Deo,
2829 2010 2883 2056 et
2916 2000 3145 2071 projecti
3172 2000 3282 2055 sint
3310 1999 3378 2055 ab
3403 2015 3492 2068 eo,
3526 1999 3686 2056 nobis

2087 2110 2186 2165 pro
2218 2094 2327 2148 illis
2357 2094 2643 2149 accinctus
2676 2102 2780 2148 est.
2823 2092 3011 2162 Neque
3049 2092 3193 2148 enim
3236 2094 3535 2163 putandum
3569 2100 3682 2159 est,

2088 2189 2415 2244 cinctoriqu
2446 2187 2795 2258 abjicientem
2829 2188 3098 2243 mansisse
3128 2188 3423 2243 incinctum
3457 2203 3471 2241 :
3502 2189 3685 2243 statim

2090 2294 2148 2338 ut
2176 2284 2304 2339 illos
2327 2282 2586 2354 projeeit,
2617 2284 2756 2337 alios
2778 2281 2886 2337 sibi
2905 2284 3207 2338 contexuit.
3232 2283 3344 2338 lloc
3366 2283 3688 2339 cinctorium

2094 2379 2338 2435 Ecclesia
2369 2388 2457 2434 est
2488 2378 2555 2432 de
2585 2377 2852 2435 Gentibus
2882 2388 3209 2451 congregata
3244 2398 3257 2434 :
3288 2395 3409 2449 qua:
3432 2380 3574 2435 scire
3596 2379 3690 2435 de-

2093 2472 2214 2541 bet,
2248 2472 2372 2543 qnia
2412 2472 2458 2527 si
2502 2471 2777 2541 prioribus
2815 2488 2920 2525 non
2954 2472 3202 2544 pepercit
3232 2473 3409 2538 Deus,
3444 2486 3545 2528 nec
3586 2471 3694 2526 sibi

2095 2573 2316 2635 parcet,
2374 2564 2422 2619 si
2473 2580 2596 2621 eum
2646 2564 3041 2633 dereliquerit,
3085 2566 3127 2620 si
3180 2579 3289 2621 non
3330 2565 3493 2621 fuerit
3531 2564 3694 2633 digna

2097 2658 2284 2715 lumbo
2313 2658 2452 2729 ejus,
2485 2658 2532 2714 si
2568 2672 2675 2712 non
2703 2657 2995 2713 adhaerens
3021 2658 3274 2725 Domino,
3302 2671 3440 2712 unus
3467 2655 3695 2727 Spiritus

2097 2751 2265 2806 fuerit
2290 2752 2341 2805 in
2371 2748 2596 2805 Christo
2620 2749 2772 2815 Jesu,
2802 2750 2887 2805 cui
2912 2761 2996 2807 est
3021 2750 3215 2821 gloria,
3241 2759 3299 2807 et
3324 2749 3616 2821 imperium
3642 2748 3697 2805 in

2098 2847 2298 2903 saecula
2328 2850 2680 2903 saeculorum.
2705 2842 2902 2901 Amen.

2588 2980 2875 3037 llOMlLlA
2913 2980 3211 3037 OCTAVA.

2104 3100 2181 3155 De
2208 3114 2273 3155 eo
2303 3096 2445 3169 quod
2478 3097 2743 3167 scriptum
2776 3105 2859 3152 est
2889 3113 2903 3150 :
2939 3094 3137 3150 Notum
3162 3096 3418 3169 fac‘mihi,
3452 3096 3697 3161 Domine,

2176 3181 2220 3226 et
2248 3167 2555 3241 cognoscam
2581 3169 2713 3241 (Jer.
2744 3186 2819 3233 χι,
2854 3170 2963 3237 18).
2992 3184 3162 3235 usque
3190 3167 3256 3241 ad
3287 3185 3408 3222 eum
3432 3170 3610 3241 lorum
3644 3170 3698 3225 in

2180 3239 2394 3384 quosi)".
2430 3258 2445 3297 ξ
2479 3239 2597 3309 Ite,
2624 3251 2927 3314 congregato
2968 3255 3142 3294 omnes
3185 3239 3371 3295 bestias
3402 3242 3517 3314 agri
3551 3240 3699 3313 (Jer.

2180 3330 2276 3377 xtl,
2371 3355 2383 3367 .

2180 3330 2276 3377 XII,
2303 3330 2383 3377 υ).

2177 3448 2342 3520 813
2375 3446 2429 3504 Si
2465 3447 2559 3502 Dei
2594 3446 2815 3515 eloquia
2862 3455 2989 3501 sunt
3034 3444 3087 3499 in
3125 3444 3268 3517 Lege
3297 3454 3353 3500 et
3386 3444 3705 3515 Prophetis,

2110 3540 2429 3611 Evangeliis
2458 3550 2510 3595 et
2539 3539 2849 3610 Apostolis,
2886 3546 3107 3609 oportet
3140 3537 3469 3608 discipulum
3504 3538 3596 3594 Dei
3628 3538 3710 3594 di-

2109 3635 2362 3691 vitiorum
2386 3648 2703 3690 sermonum
2729 3636 3049 3704 magistrum
3079 3633 3248 3689 Deum
3274 3634 3573 3690 ascribere.
3608 3634 3711 3700 Qui

2113 3730 2256 3786 enim
2284 3729 2430 3782 docet
2459 3726 2717 3781 hominem
2748 3727 3014 3781 scientiam
3046 3726 3162 3801 (Ps.
3198 3743 3349 3789 xcut.
3377 3727 3490 3800 10),
3516 3742 3711 3784 secun-

2114 3825 2243 3881 dum
2276 3824 2659 3889 Psalmistam,
2687 3822 2831 3878 Deus
2871 3832 2975 3877 est.
3005 3821 3259 3879 Salvator
3288 3838 3503 3893 quoque
3534 3822 3715 3893 perhi—

2116 3918 2209 3974 bet
2238 3915 2634 3983 testimonium,
2666 3914 2873 3969 nullum
2903 3914 3106 3971 debere
3136 3929 3301 3985 super
3330 3922 3504 3970 terras
3545 3914 3715 3985 magi-

2118 4023 2289 4070 strum
2315 4009 2642 4081 nuncupari,
2667 4009 2859 4065 dicens
2884 4026 2897 4063 :
2918 4008 2983 4063 Et
3014 4026 3122 4079 vos,
3158 4010 3316 4065 nolite
3342 4026 3524 4065 rorare
3552 4010 3717 4083 magi-

2119 4118 2283 4163 strum
2310 4122 2463 4178 super
2494 4114 2708 4159 terram.
2747 4102 2892 4159 Unus
2932 4103 3123 4175 quippe
3156 4114 3227 4160 est
3256 4105 3499 4177 magister
3532 4116 3715 4173 vester,

2122 4201 2282 4258 Pater
2306 4201 2395 4273 qui
2422 4201 2476 4254 in
2507 4200 2647 4255 ccelis
2676 4208 2748 4254 est
2784 4197 3002 4271 (Matth.
3034 4214 3189 4263 χχιιι,
3218 4200 3274 4266 8)
3303 4216 3317 4254 :
3347 4199 3505 4256 Pater
3535 4210 3717 4256 autem

2123 4299 2213 4370 qui
2246 4306 2332 4353 est
2372 4295 2427 4351 in
2457 4294 2645 4363 caelis,
2692 4294 2909 4349 erudiet
2939 4291 3057 4365 [ΑΙ.
3089 4292 3299 4367 erudit]
3330 4293 3579 4350 homines
3607 4292 3723 4349 sive

2125 4410 2222 4466 per
2252 4408 2334 4459 se,
2360 4391 2482 4446 sive
2513 4406 2612 4461 per
2634 4388 2861 4454 Filium,
2888 4389 3003 4444 sive
3027 4404 3122 4459 per
3145 4387 3408 4459 Spiritum
3434 4398 3719 4446 Sanctum:

2128 4496 2183 4544 et
2211 4494 2269 4541 ut
2296 4485 2362 4540 ad
2397 4485 2611 4540 minora
2642 4482 2959 4549 veniamus,
3000 4482 3182 4537 erudit
3209 4498 3304 4553 per
3336 4484 3593 4554 Paulum,
3629 4500 3725 4555 per

2128 4578 2385 4645 Petrum,
2422 4593 2521 4645 per
2559 4575 2726 4631 alium
2774 4573 3075 4645 quemlibet
3116 4586 3429 4632 sanctorum
3466 4594 3480 4632 :
3517 4587 3727 4634 tantum

2134 4674 2231 4731 Dei
2259 4672 2367 4746 [ΑΙ.
2401 4668 2565 4743 Deus]
2595 4669 2847 4738 spiritus,
2892 4677 2949 4723 et
2991 4667 3088 4724 Dei
3124 4682 3309 4726 sermo
3341 4670 3640 4728 descendat
3676 4681 3733 4729 et

2144 4769 2363 4825 doceat.
2395 4763 2506 4820 Cur
2537 4762 2656 4819 haec
2682 4761 2958 4818 diximus?
2985 4761 3240 4821 videlicet
3269 4766 3392 4837 quia
3419 4770 3684 4841 propheta
3721 4788 3735 4827 ς

2215 4937 2237 4965 θ
2274 4925 2373 4981 llic
2394 4936 2629 5007 quoque_
2644 4921 2922 5007 liabanum
2940 4922 3256 5007 describere
3278 4928 3465 5007 potius
3480 4930 3609 4986 fuit:
3638 4948 3735 5007 pro

2140 5000 2295 5057 hisce
2340 4998 2485 5052 enim
2519 4995 2721 5061 verbis,
2749 4996 2918 5067 nescio
2960 4997 3089 5067 quid
3122 5007 3172 5053 et
3203 4995 3369 5063 nobis.
3403 5017 3506 5056 una
3531 4995 3650 5059 erat
3680 5006 3731 5060 in

2138 5071 2387 5157 Vulgatis
2416 5067 2607 5157 vocula
2632 5067 2792 5157 quid.
2809 5066 3136 5157 L'utLuleuter
3156 5087 3287 5128 vero
3307 5072 3531 5130 Graecus
3553 5083 3737 5133 textus

2144 5151 2369 5201 τοιοῦτον
2407 5140 2493 5195 οὖν
2521 5162 2571 5214 τι
2600 5141 2684 5214 uoti
2703 5140 2795 5194 ἐπὶ
2821 5143 2978 5214 ἡμᾷςτ

2220 5215 2238 5254 f
2276 5214 2506 5287 Vocem_
2524 5210 2818 5287 indecorem
2847 5210 3054 5287 rectius
3086 5213 3214 5271 hinc
3234 5229 3521 5287 amoveas,
3556 5232 3737 5287 neque

2140 5288 2285 5344 enim
2334 5298 2424 5339 aut
2474 5283 2734 5338 Rabanus
2763 5284 2940 5352 novit,
2983 5295 3076 5339 aut
3121 5287 3172 5340 in
3219 5286 3409 5342 Graeco
3441 5299 3527 5346 est
3560 5283 3734 5348 textu.

2148 5360 2254 5435 Pro
2300 5373 2409 5412 uno
2436 5365 2619 5435 autem
2665 5355 2835 5435 verbo
2862 5357 3236 5435 subsequenti,
3287 5359 3568 5435 abluimur,
3609 5364 3742 5435 legit

2148 5432 2401 5487 Rabauus
2434 5428 2621 5481 deinde
2662 5443 2753 5481 cur
2780 5427 3060 5491 animati?
3091 5427 3310 5485 Graecus
3340 5429 3458 5488 fere
3500 5427 3744 5493 concinit

2151 5500 2261 5562 εἶτα
2286 5500 2725 5575 ἀποσμηχὸμεθα.

2226 5585 2250 5623 ις
2282 5576 2803 5647 [ρειαίυκιιιιῇιιιιιεξι.
2834 5587 3127 5644 purumque
3161 5590 3316 5645 aqua.
3345 5574 3431 5632 Ita
3461 5594 3600 5647 cum,
3633 5588 3738 5638 elc.

2156 5646 2265 5723 Nos
2300 5647 2366 5723 ad
2410 5645 2619 5699 Rabani
2646 5643 2935 5723 lectionem
2968 5643 3406 5723 expunet’aa'oce
3436 5643 3597 5723 aqua,
3626 5668 3750 5720 qua:

2159 5720 2429 5801 abundat,
2459 5731 2636 5801 neque
2662 5715 3071 5801 estin'Grmeo',
3102 5718 3441 5795 exordituur,
3472 5715 3753 5797 Atqueita,

2164 5801 2273 5849 etc.
2305 5789 2398 5847 Sic
2426 5799 2484 5846 et
2506 5782 2769 5857 Origenes
2798 5782 2907 5847 εἶτα
2933 5792 3037 5848 καί.
