4104 6336
495 288 603 351 648

1740 286 1798 347 S.
1841 278 2108 346 EUSEBli
2147 280 2523 342 lllERONYMl

3666 280 3761 351 en

498 410 699 465 Notam
728 408 814 479 fac
848 408 1000 472 mihi,
1031 408 1138 474 ait,
1172 404 1428 471 Domine,
1463 412 1509 459 et
1540 420 1867 477 cognoscam.
1913 404 2101 473 Neque
2129 402 2177 461 Δ
2205 400 2390 457 Veteri
2409 400 2763 455 Testamento
2793 398 2859 453 ad
2885 404 3088 454 tactum
3121 396 3253 469 ligni
3278 398 3444 455 dulcis
3472 400 3648 459 effecta
3668 420 3759 459 est.

493 504 641 560 enim
673 504 812 558 seire
841 514 1086 571 possum,
1118 500 1223 555 nisi
1254 508 1308 553 tu
1333 499 1463 555 mihi
1498 498 1851 555 revelaveris.
1877 497 1971 553 Sin
1996 513 2095 551 atto

497 607 641 663 tem,
673 597 1094 652 demouetraute
1139 603 1222 663 te,
1250 594 1419 667 814
1450 604 1639 665 potero
1685 593 1792 666 [ΑΙ.
1844 591 2098 665 potuero]

495 702 681 761 nosse,
714 690 860 762 quod
893 691 1100 758 nescio,
1132 699 1263 746 tunc
1290 691 1488 745 videbo
1523 691 1881 760 cogitationes
1913 689 2098 759 singus

497 786 707 851 lorum,
752 795 807 840 et
849 794 1182 856 cognoscam
1227 783 1357 855 quid
1404 786 1777 853 unusquisque
1822 788 2004 854 gerat,
2046 786 2100 837 et

494 878 652 947 cujus
694 879 765 932 sit
812 877 1114 932 voluntatis
1158 876 1263 948 [Αι.
1292 875 1591 949 voluntas].
1634 876 1759 931 llaec
1809 875 2097 945 propheta.

502 971 713 1027 Deinde
725 971 1009 1027 videamus
1030 970 1157 1043 quid
1171 968 1424 1026 Salvator
1449 964 1687 1038 loquitur
1714 970 1768 1025 in
1794 969 2058 1042 propheta
2084 984 2098 1022 :

499 1063 613 1134 Ego
656 1072 715 1117 ut
758 1078 924 1134 agnus
974 1065 1221 1118 innocens
1259 1066 1447 1118 ductus
1491 1065 1559 1117 ad
1598 1062 2007 1128 immolandum,
2054 1072 2101 1115 et

498 1158 803 1212 nesciebam.
858 1158 1140 1213 Adversum
1169 1174 1250 1212 me
1302 1159 1651 1229 cogitaverunt
1693 1157 1966 1211 consilium
2014 1155 2101 1209 ιιι-

501 1258 671 1304 centes
701 1248 947 1317 :Venite,
993 1253 1261 1305 mittatnus
1305 1249 1504 1323 lignum
1547 1252 1603 1304 in
1644 1266 1827 1320 panem
1870 1252 2004 1320 ejus,
2054 1256 2101 1303 et

502 1352 830 1397 conteremus
852 1354 971 1397 eum
993 1358 1026 1396 a
1057 1354 1196 1399 terra
1220 1346 1515 1408 viventium,
1546 1354 1593 1398 et
1628 1360 1813 1399 nomen
1843 1346 1958 1417 ejus
1998 1356 2103 1397 non

499 1435 867 1490 memorabitur
908 1430 1129 1508 amplius
1187 1433 1322 1507 (Jer.
1367 1450 1443 1507 ιι,
1496 1437 1606 1508 19).
1655 1438 1819 1492 lsalas
1864 1450 2099 1507 quoque,

501 1528 648 1600 quod
677 1528 928 1585 Christus
961 1539 1020 1585 ut
1048 1528 1169 1585 ovis
1201 1531 1269 1585 ad
1302 1529 1581 1587 victimam
1613 1530 1808 1585 ductus
1838 1530 1931 1598 sit,
1960 1537 2017 1584 et
2046 1539 2105 1584 ut

499 1639 674 1696 agnus
699 1638 885 1680 coram
923 1624 1183 1681 tondente
1216 1636 1276 1681 se
1306 1628 1426 1681 sine
1453 1636 1608 1695 voce,
1635 1625 1717 1680 sic
1746 1639 1855 1679 non
1887 1623 2105 1693 aperuit

499 1734 565 1774 os
595 1732 774 1786 suum,
810 1721 1127 1790 pronuntiat
1159 1738 1170 1775 :
1205 1730 1258 1776 et
1291 1721 1365 1775 ibi
1390 1720 1610 1789 quidem
1640 1720 1735 1775 ille
1757 1719 1825 1775 de
1854 1716 2096 1785 Christo,

2205 496 2318 567 Ego
2350 498 2550 567 quippe
2586 495 2697 561 alo,
2743 494 2944 565 Legem
2993 508 3100 549 non
3143 494 3505 561 intellectam,
3545 512 3763 552 amatam

2202 600 2401 661 aquam
2425 604 2566 644 esse.
2587 589 2720 643 Cum
2746 597 2930 643 autem
2957 588 3168 643 venerit
3193 587 3392 657 lignum
3415 586 3540 643 Jesu
3560 587 3763 659 Christi,

2204 690 2262 737 et
2291 696 2473 736 sermo
2519 681 2821 737 Salxatoris
2854 681 2959 736 mei
2991 665 3341 737 descenderit
3382 680 3435 735 in
3470 696 3617 749 eam,
3654 692 3768 739 tunc

2205 776 2545 843 dulcoratur,
2580 785 2636 832 et
2664 776 2724 831 fit
2754 776 3066 831 suavissimi
3097 777 3331 846 saporis,
3365 776 3632 832 intellecta
3683 794 3769 847 pao

2205 872 2336 926 riter
2374 878 2430 925 et
2472 870 2609 926 lecta
2655 871 2742 925 lex
2787 870 2981 943 Moysi.
3036 871 3297 926 Dicentes
3340 872 3541 943 igitur:
3581 871 3767 941 Venite,

2206 965 2472 1018 mittamus
2508 965 2710 1037 lignum
2744 965 2799 1019 in
2830 981 3017 1036 panem
3055 968 3187 1039 ejus,
3227 968 3385 1021 etiam
3422 967 3522 1021 hoc
3548 966 3769 1035 addunt,

2204 1068 2250 1114 et
2278 1068 2605 1115 conteremus
2631 1076 2746 1113 eum
2784 1060 2952 1132 816
2979 1076 3011 1113 a
3042 1070 3180 1114 terra
3215 1060 3517 1125 viventium,
3544 1071 3587 1113 et
3608 1076 3772 1115 nomen

2206 1156 2320 1225 ejus
2362 1172 2463 1208 non
2493 1154 2863 1209 memorabitur
2908 1154 3139 1226 amplius
3180 1152 3394 1227 (Jeretn.
3432 1169 3517 1219 at,
3556 1153 3665 1222 29).
3695 1154 3773 1210 Sic

2205 1249 2355 1304 enim
2384 1248 2537 1303 illum
2570 1247 3001 1316 interfecerunt,
3035 1248 3195 1319 quasi
3218 1262 3417 1303 nomen
3439 1246 3552 1317 ejus
3581 1248 3772 1316 penitus

2206 1341 2555 1397 eradicarent
2582 1340 2688 1413 [ΑΙ.
2724 1341 3056 1413 crederent].
3092 1340 3203 1399 Sed
3232 1341 3393 1397 Jesns
3421 1342 3523 1396 scit
3549 1357 3703 1411 quare
3727 1349 3777 1395 et

2207 1435 2487 1506 quomodo
2526 1437 2812 1488 moriatur.
2842 1434 3075 1503 Propter
3105 1433 3251 1505 quod
3279 1434 3356 1488 ait
3383 1450 3398 1488 :
3429 1433 3549 1488 Nisi
3577 1448 3775 1504 granum

2207 1532 2449 1601 frumenti
2496 1530 2689 1584 cadens
2721 1531 2774 1583 in
2813 1540 3006 1583 terram
3052 1539 3311 1583 mortuum
3352 1529 3535 1600 fuerit,
3563 1527 3587 1565 δ
3629 1529 3777 1599 ipsum

2205 1624 2375 1678 solum
2402 1634 2573 1679 manet
2594 1641 2613 1690 ;
2644 1626 2689 1678 si
2710 1639 2826 1678 vero
2847 1634 3106 1679 mortuum
3139 1624 3316 1694 fuerit,
3338 1623 3551 1677 multum
3576 1627 3778 1693 {ructant

2206 1717 2357 1784 a/fert
2405 1716 2550 1789 (Jer.
2613 1733 2722 1785 xu,
2771 1717 2902 1787 24).
2954 1719 3093 1789 Ergo
3157 1732 3306 1774 mors
3371 1716 3498 1773 lesn
3561 1714 3777 1779 Christi,

503 1812 601 1868 hic
628 1828 761 1869 vero
791 1814 859 1870 de
888 1829 951 1871 se
989 1815 1108 1886 ipse
1132 1812 1381 1870 Christus
1416 1828 1429 1870 :
1460 1813 1575 1885 Ego
1607 1811 1816 1883 inquit,
1849 1822 1903 1867 ut
1935 1826 2101 1885 agnus
2132 1799 2180 1862 Β
2207 1811 2353 1880 spica
2386 1810 2646 1866 frumenti
2695 1812 2832 1866 facta
2876 1820 2960 1866 est
2982 1850 2995 1875 ,
3040 1811 3352 1881 septuplnm
3399 1818 3454 1865 et
3482 1808 3640 1863 multo
3675 1820 3774 1862 am.

506 1906 752 1961 innocens
778 1908 964 1962 ductus
999 1907 1069 1963 ad
1098 1906 1506 1975 immolandum,
1540 1916 1587 1961 et
1617 1906 1901 1961 nesciebam
1942 1904 2098 1977 (Isai.

505 2008 601 2056 Lm
624 2036 638 2065 ,
669 2001 747 2075 7).
770 1996 891 2057 Nec
947 2000 1101 2058 addit
1139 2018 1260 2074 qum
1293 2014 1398 2057 non
1431 2000 1774 2074 cognoverit.
1807 1998 1922 2057 Non
1955 2002 2100 2058 enim

501 2094 678 2150 dixit:
713 2093 829 2149 Non
863 2095 1096 2165 cognovi
1144 2096 1317 2163 mala,
1356 2108 1464 2150 non
1507 2092 1736 2166 cognovi
1776 2095 1912 2151 bona
1937 2137 1950 2161 ,
1995 2108 2101 2150 non

500 2190 730 2259 cognovi
787 2200 1095 2258 peccatum,
1151 2189 1266 2245 sive
1304 2187 1655 2261 lnjnstitiam;
1702 2188 1866 2262 815
1914 2204 2100 2245 verum

502 2281 855 2350 simpliciter,
891 2298 999 2338 non
1039 2283 1293 2353 cognovi.
1326 2280 1449 2338 Tibi
1484 2282 1648 2353 igitur
1688 2283 2006 2353 dereliquit,
2045 2291 2102 2338 ut

500 2384 749 2441 quaeras,
774 2373 920 2444 quod
956 2373 1241 2429 nescierit.
1274 2373 1417 2445 Lege
1448 2372 1770 2444 Apostolum
1804 2392 1814 2427 :
1853 2374 1952 2441 Qui
1985 2388 2099 2429 cum

503 2475 770 2535 peccatum
811 2481 918 2520 non
956 2467 1308 2537 cegnovisset,
1348 2482 1441 2537 pro
1490 2468 1634 2521 nobis
1680 2476 1943 2536 peccatum
1984 2468 2104 2538 fecit

505 2556 571 2627 (il
598 2555 718 2612 Cor.
747 2572 825 2623 ιιι,
848 2557 965 2629 21).
987 2557 1279 2615 Peccatum
1301 2560 1508 2630 quippe
1535 2574 1717 2625 nosse,
1737 2574 1966 2630 peccare
1987 2570 2099 2617 est:

504 2658 562 2703 ut
585 2648 859 2718 justitiam
888 2666 1071 2717 nosse,
1101 2652 1250 2722 juste
1282 2660 1368 2707 est
1398 2666 1583 2724 agere.
1617 2653 1695 2707 Ex
1726 2667 1834 2721 quo
1874 2650 2102 2709 manife-

500 2752 646 2797 stum
676 2751 782 2807 est,
815 2756 939 2799 eum
982 2745 1076 2815 qui
1104 2744 1372 2816 justitiam
1412 2742 1703 2814 praedicat,
1738 2754 1792 2802 et
1846 2760 1954 2800 non
1995 2746 2104 2816 agit

503 2836 685 2906 jusle,
719 2840 932 2892 nescire
968 2838 1256 2907 justitiam.
1297 2838 1585 2893 Adversum
1633 2852 1710 2892 me
1754 2840 2102 2909 cogitaverunt

503 2931 777 2986 consilium
810 2933 1075 2988 dicentes:
1110 2932 1311 2995 Venite,
1336 2934 1598 2986 mittamus
1621 2930 1817 3003 lignunt
1841 2934 1891 2985 iu
1917 2948 2104 3003 partem

505 3026 639 3092 ejus.
671 3022 1006 3079 Crucilixum
1036 3041 1160 3081 esse
1190 3041 1218 3080 a
1250 3025 1457 3081 Judmis
1494 3026 1807 3090 Dominum,
1843 3026 1976 3080 nulli
2002 3024 2101 3080 du-

504 3116 655 3171 bium
696 3126 819 3173 est:
847 3126 901 3173 et
944 3132 1066 3173 cum
1106 3117 1209 3174 ltoe
1251 3126 1363 3173 tota
1406 3118 1663 3175 libertate
1704 3118 2101 3188 praedicamus,

2212 1906 2355 1973 ptius
2423 1904 2719 1959 restituens
2780 1919 2942 1974 quam
3014 1903 3189 1959 fuerat
3255 1903 3601 1959 seminatum.
3664 1900 3780 1954 Fin-

2206 2012 2399 2070 gamus
2462 2000 2608 2053 enim
2673 1998 2952 2069 paulisper
3020 2013 3129 2051 non
3198 1996 3373 2052 fuisse
3435 2009 3556 2051 eum
3621 1992 3781 2048 cruci-

2210 2093 2420 2158 fixum,
2478 2108 2657 2164 neque
2713 2104 2832 2161 post
2892 2102 3124 2148 mortem
3182 2094 3249 2147 ad
3306 2093 3514 2148 inferos
3572 2091 3783 2145 descen-

2207 2187 2358 2243 disse
2396 2206 2408 2244 :
2441 2188 2689 2257 sequitur
2715 2198 2774 2241 ut
2804 2188 2984 2243 solum
3012 2202 3242 2258 grunntu
3277 2196 3499 2243 maneat
3528 2185 3778 2249 frumenti,

2208 2290 2262 2337 et
2310 2281 2462 2335 tnulti
2494 2297 2604 2335 non
2640 2290 2939 2335 nascuntur
2959 2296 3027 2336 ex
3077 2296 3163 2335 eo.
3220 2280 3461 2335 Attende
3516 2278 3784 2345 diligenter

2207 2376 2420 2445 eloquia
2472 2376 2685 2441 diVina,
2718 2375 2845 2444 quid
2875 2376 2925 2430 in
2959 2391 3019 2430 se
3062 2376 3234 2429 velint
3287 2373 3546 2439 intelligi.
3576 2371 3783 2426 Granum

2206 2468 2451 2537 frumenti
2483 2471 2525 2522 si
2549 2486 2651 2522 non
2682 2468 2870 2521 cadens
2891 2468 2945 2520 in
2977 2478 3167 2521 terram
3198 2477 3463 2521 mortuum
3493 2465 3659 2536 fuerit,
3690 2477 3779 2514 non

2210 2562 2433 2616 multum
2459 2564 2689 2632 fructum
2713 2563 2863 2631 affert
2891 2560 3073 2633 (Joan.
3109 2577 3203 2628 xu,
3256 2561 3374 2634 14).
3409 2561 3549 2617 Hnrs
3569 2558 3685 2614 Jesu
3722 2557 3786 2609 is-

2208 2666 2290 2712 tos
2317 2673 2507 2713 omnes
2549 2656 2921 2713 fructificavit.
2948 2658 3003 2712 Si
3035 2666 3215 2712 autem
3242 2668 3397 2711 mora
3427 2662 3599 2708 tantas
3625 2648 3787 2704 attttlit

2210 2750 2416 2822 fruges,
2446 2754 2777 2808 resurrectio
2801 2750 2956 2822 cujus
2997 2749 3172 2806 futura
3214 2756 3301 2805 est
3349 2746 3646 2804 ubertatis?
3694 2743 3785 2797 Do-

2207 2848 2343 2902 mine
2368 2848 2634 2911 virtutnm,
2658 2847 2904 2918 judicans
2923 2850 3090 2920 justa,
3124 2844 3353 2917 probans
3375 2857 3540 2908 renes,
3560 2836 3782 2902 etcorda,

2207 2938 2407 2993 videam
2436 2955 2551 3007 quia
2578 2955 2644 2992 ea:
2673 2948 2721 2991 te
2754 2949 2853 3005 est,
2881 2938 3160 2991 vindictam
3199 2935 3264 2990 de
3292 2937 3371 2991 eis
3396 2936 3413 3003 (
3438 2934 3549 2988 Jer.
3581 2946 3651 2995 ιι,
3681 2926 3783 2995 20).

2212 3032 2535 3101 Prophetice
2565 3041 2708 3097 orat,
2760 3042 2818 3085 ut
2854 3032 3033 3086 videat
3062 3030 3362 3084 vindictam
3420 3029 3487 3083 de
3536 3028 3613 3081 eis
3659 3019 3786 3091 apud

2211 3124 2467 3189 Patrem;
2520 3125 2850 3179 circumdata
2893 3131 2979 3178 est
3027 3122 3229 3193 quippe
3281 3122 3355 3177 ab
3386 3120 3622 3176 exercitu
3649 3115 3788 3170 Jeru-

500 3211 780 3281 quomodo
809 3210 1127 3282 aptabimus
1153 3213 1205 3268 ei
1228 3254 1239 3273 ,
1265 3213 1408 3283 quod
1431 3214 1632 3268 dicitur
1662 3232 1672 3267 :
1707 3213 1993 3268 Adversum
2028 3232 2107 3270 me
2133 3199 2178 3263 C
2213 3220 2406 3280 salem.
2457 3229 2511 3273 et
2553 3219 3008 3288 appropinquavit
3030 3217 3317 3272 subversio
3346 3217 3491 3286 ejus,
3522 3222 3574 3268 et
3595 3212 3641 3266 id
3660 3204 3789 3280 quod

505 3308 857 3380 cogitaverunt
888 3308 1163 3361 consilium
1196 3308 1422 3363 dicentes
1455 3325 1473 3363 :
1504 3307 1608 3363 hoc
1644 3310 1786 3379 quod
1819 3307 2057 3364 inferunt
2092 3328 2105 3365 :

516 3400 718 3468 Venite,
752 3403 1014 3457 mittamus
1045 3403 1241 3472 lignum
1274 3406 1326 3457 iu
1358 3420 1544 3475 partem
1574 3408 1710 3476 ejus,
1745 3405 1922 3459 nimia:
1958 3404 2102 3458 diffi-

506 3495 721 3551 cultatis
754 3505 858 3551 est.
903 3496 1068 3552 Panis
1112 3497 1237 3552 Jesu
1283 3513 1393 3567 quo
1436 3500 1731 3561 nutriatur,
1766 3513 1948 3552 sermo
1989 3499 2107 3567 ejus

507 3586 923 3659 interpretatur.
951 3588 1087 3658 Quia
1117 3592 1279 3660 igitur
1304 3591 1536 3647 docente
1567 3607 1656 3658 eo,
1679 3593 1969 3647 voluerunt
1991 3591 2109 3662 qni-

508 3674 632 3735 dam
666 3681 982 3738 scandalum
1017 3698 1219 3751 ponere
1251 3684 1514 3740 doctrinm
1544 3684 1686 3755 ejus,
1718 3678 2109 3755 crucifigeutes

508 3789 632 3827 eum
670 3774 975 3829 dixerunt:
1018 3773 1216 3844 Venite,
1263 3777 1532 3831 mittamus
1579 3778 1776 3848 lignum
1822 3779 1875 3832 in
1924 3794 2110 3846 panem

507 3868 623 3936 ejus
651 3863 872 3937 (Jerem.
905 3882 991 3936 χι,
1020 3868 1127 3937 i9).
1158 3867 1291 3923 Cum
1321 3869 1464 3924 enim
1497 3869 1666 3924 verbo
1700 3869 1829 3924 Jesu
1857 3877 1911 3925 et
1941 3870 2105 3925 disci-

509 3956 669 4027 plinae
700 3958 819 4026 ejus
848 3959 1205 4030 conjungitur
1235 3961 1476 4031 magistri
1506 3962 1806 4026 crucifixio,
1833 3963 1885 4017 in
1917 3979 2107 4032 panem

506 4051 711 4121 lignum
741 4051 996 4108 mittitur.
1025 4054 1088 4108 Et
1121 4055 1197 4108 illi
1230 4055 1450 4124 quidem
1476 4065 1500 4093 ο
1529 4055 1850 4112 insidiantes
1881 4057 2107 4113 dicant:

521 4140 721 4213 Venite,
750 4147 1016 4201 mittamus
1048 4148 1246 4219 lignum
1275 4150 1328 4202 iu
1356 4166 1542 4219 partem
1565 4154 1695 4223 ejus.
1725 4151 1838 4222 Ego
1864 4167 1993 4206 vero
2015 4151 2112 4207 ad-

509 4230 761 4293 mirabile
778 4239 1031 4309 quiddam
1052 4240 1303 4295 inferant.
1324 4241 1555 4313 Lignuut
1582 4244 1808 4298 missum
1832 4244 1885 4298 in
1913 4261 2107 4314 partem

508 4332 657 4403 ejus,
692 4350 889 4404 panem
939 4334 1072 4392 fecit
1114 4335 1421 4391 meliorem.
1459 4337 1779 4408 Exemplum
1819 4340 2009 4409 accipe
2043 4339 2110 4395 de

510 4424 629 4496 lege
662 4420 853 4499 Moysi.
885 4427 1036 4486 Sicut
1066 4428 1293 4500 lignum,
1321 4429 1464 4500 quod
1497 4431 1723 4485 missum
1756 4439 1842 4486 est
1871 4433 1924 4486 in
1954 4447 2109 4486 ama-

511 4533 625 4573 rum
670 4535 900 4591 aquam,
945 4514 1075 4577 fecit
1120 4522 1336 4579 dulcem
1390 4540 1403 4577 ε
1455 4522 1533 4579 sic
1579 4523 1787 4595 lignum
1840 4526 2109 4597 passionis

2209 3312 2412 3366 dictum
2459 3310 2526 3365 ad
2558 3327 2678 3365 eam
2702 3311 2874 3366 fuerat
2906 3329 2916 3364 :
2949 3310 3083 3364 Ecce
3136 3310 3429 3363 dimittetur
3451 3306 3586 3360 vobis
3625 3305 3788 3357 donius

2210 3415 2377 3458 vestra
2405 3404 2606 3457 deserta
2656 3403 2888 3475 (Matth.
2926 3419 3079 3466 xxtu,
3131 3404 3201 3458 '58
3224 3401 3269 3473 ),
3308 3401 3640 3471 completum
3693 3401 3785 3449 est.

2219 3495 2436 3550 Videant
2461 3512 2582 3567 ergo
2602 3512 2717 3567 qua?
2745 3513 2810 3549 ea:
2834 3506 2879 3550 te
2909 3506 3009 3561 est,
3039 3493 3321 3548 vindictam
3358 3494 3424 3550 de
3447 3495 3556 3559 eis;
3593 3489 3707 3561 quia
3729 3485 3789 3538 ad

2211 3600 2257 3643 te
2288 3589 2504 3645 revelavi
2525 3590 2957 3661 justiﬁcationem
2986 3605 3170 3643 meant.
3208 3586 3499 3658 Propterea
3538 3584 3643 3639 hinc
3680 3577 3791 3633 dicit

2213 3684 2463 3739 Dominus
2489 3686 2542 3737 in
2574 3688 2708 3738 viros
2750 3686 2835 3754 qui
2884 3692 3001 3737 sunt
3033 3683 3087 3737 in
3130 3681 3423 3747 Anathoth,
3449 3683 3539 3753 qui
3578 3680 3793 3749 quorum

2210 3778 2441 3831 animam
2468 3792 2658 3843 meam,
2691 3777 2782 3844 qui
2808 3777 2985 3829 dicunt
3018 3790 3036 3830 :
3080 3775 3203 3829 Non
3236 3773 3573 3849 prophetabis
3623 3772 3673 3823 in
3710 3783 3793 3821 n0-

2213 3872 2346 3923 iuinc
2378 3870 2611 3936 Domini,
2636 3871 2867 3941 alioquin
2909 3869 3150 3924 morieris
3198 3870 3253 3923 in
3302 3869 3544 3923 manibus
3599 3860 3792 3918 nostris.

2214 3963 2347 4019 Ecce
2380 3966 2596 4021 visitabo
2616 3984 2709 4037 ego
2730 3966 2784 4020 in
2819 3967 2891 4019 eis
2919 3981 2938 4020 :
2950 3968 3172 4039 juvenes
3197 3980 3380 4019 eorum
3404 3962 3581 4035 gladio
3604 3957 3793 4020 cadent,

2209 4071 2256 4116 et
2283 4063 2377 4130 ﬁlii
2406 4078 2581 4117 eorum
2618 4072 2662 4118 et
2685 4064 2808 4131 ﬁlia:
2848 4063 3129 4117 morientur
3178 4062 3234 4115 in
3276 4062 3442 4132 fame,
3490 4068 3536 4114 et
3581 4052 3797 4124 reliquie

2211 4172 2390 4211 eorum
2414 4172 2514 4211 non
2539 4164 2704 4211 erant.
2744 4156 3002 4222 Quoniam
3041 4155 3286 4209 inducant
3314 4155 3458 4210 mola
3517 4164 3672 4219 super
3722 4146 3796 4199 itte

2213 4250 2501 4306 habitantes
2550 4252 2603 4305 in
2656 4250 2938 4316 Anatltoth,
2992 4251 3046 4304 in
3084 4266 3223 4304 anno
3270 4247 3586 4305 uisitationis
3636 4255 3799 4299 eorum

2213 4341 2441 4415 (Jerem.
2500 4360 2573 4409 xl,
2619 4342 2851 4417 21-23).
2908 4344 3234 4415 Figuraliter
3280 4358 3429 4398 nunc
3486 4341 3603 4415 [ΑΙ.
3638 4329 3799 4404 nunc]

2215 4453 2411 4494 nomen
2441 4439 2715 4494 Auatltoth
2744 4441 3058 4495 assumitur.
3093 4437 3291 4493 Totum
3318 4448 3509 4494 autem
3531 4432 3800 4493 Judaicum

2214 4543 2614 4587 sacramentum
2649 4534 2699 4586 in
2742 4547 2808 4587 eo
2836 4542 2939 4586 est.
2990 4531 3390 4602 Interpretatur
3435 4531 3642 4601 quippe
3670 4524 3800 4580 Ana-

507 4606 959 4669 Cltristimissum
994 4616 1047 4671 itt
1080 4617 1387 4673 doctrinam
1413 4619 1554 4690 ejus,
1585 4619 1711 4675 fecit
1742 4595 1935 4687 panem
1959 4619 2105 4674 illius
2133 4595 2187 4657 Ῑ)
2215 4624 2393 4689 thotlt,
2427 4625 2715 4680 obedientia
2745 4643 2763 4679 :
2789 4627 2928 4693 Quia
2972 4640 3107 4696 ergo
3141 4595 3472 4681 uobedientia
3636 4621 3686 4676 itt
3717 4616 3803 4672 illo

512 4702 839 4763 dulciorem.
872 4708 1014 4766 Ante
1044 4712 1192 4767 enim
1221 4729 1379 4783 quam
1402 4714 1788 4771 immitteretur
1808 4715 2014 4785 lignum
2048 4716 2099 4770 iu

511 4815 704 4870 panem
740 4799 880 4872 ejus,
910 4803 1129 4873 quando
1160 4807 1535 4863 tantummodo
1567 4808 1721 4878 panis
1746 4820 1885 4878 erat,
1913 4817 1969 4864 et
1995 4825 2103 4864 non

509 4901 629 4949 erat
654 4893 888 4965 lignum,
911 4895 966 4951 in
996 4897 1320 4954 universam
1351 4909 1550 4955 terram
1577 4916 1683 4955 non
1706 4902 1916 4957 exierat
1936 4917 2105 4958 sonus

505 4986 625 5056 ejus
656 5003 669 5039 ι
706 4997 897 5057 postea
931 4996 1065 5044 vero
1094 4998 1256 5057 quam
1285 4992 1974 5063 assumpsit,fortitudinem
2007 5012 2103 5067 per

509 5078 749 5149 lignum,
797 5087 926 5136 tunc
963 5078 1021 5137 in
1063 5085 1376 5139 universum
1428 5084 1616 5141 orbem
1671 5084 1937 5157 passionis
1986 5087 2106 5159 ejus

507 5171 900 5231 disseminatus
932 5186 1017 5231 est
1045 5190 1249 5233 sermo.
1284 5174 1342 5234 In
1387 5180 1542 5250 cujus
1581 5182 1752 5253 figura
1782 5193 1836 5239 et
1865 5199 2006 5255 aqua
2047 5185 2102 5241 in

579 5318 604 5349 η
632 5306 712 5369 Ad
746 5308 887 5370 hunc
933 5318 1156 5372 modum
1179 5335 1246 5373 ex
1274 5312 1484 5375 Rabaui
1518 5322 1754 5380 lectione
1793 5326 2109 5383 emendavi-

509 5392 669 5468 inttsu
705 5384 1012 5468 insidiantes
1039 5388 1240 5468 dicunt,
1283 5408 1405 5446 cum
1439 5394 1726 5468 hactenus
1773 5399 1917 5468 turpi
1972 5414 2106 5455 sane

510 5454 708 5539 tuendo
748 5458 1044 5539 obtineret,
1079 5462 1180 5539 nisi
1206 5463 1386 5539 dantes
1413 5466 1613 5522 dicunt.
1640 5454 2107 5539 Crimeus'quoqtte

511 5529 945 5613 archetypusjta
976 5533 1188 5613 monuit
1232 5536 1669 5613 restituendum;
1711 5538 1875 5595 habet
1910 5529 2104 5608 'eniin,

513 5602 805 5687 ἐκεξνξιλμξν
834 5604 885 5687 ἐξ
926 5602 1195 5687 ἐπιςουλῆς
1236 5602 1972 5687 βουλευσάμενοινλεγέτωσαν,
1996 5602 2105 5687 etc;

584 5667 612 5706 ιι
644 5667 882 5753 Deerant
918 5674 1128 5745 pridem
1165 5667 1363 5753 Δἰείιιίιω
1397 5667 1539 5737 senii
1587 5667 2108 5753 contextusverbe,

512 5738 685 5828 ipsum
705 5745 874 5827 solum
904 5738 1072 5802 manet
1089 5765 1107 5812 ;
1132 5748 1176 5828 si
1204 5738 2112 5828 reromortuumifueritjlegebatur

514 5822 721 5880 autem,
756 5821 857 5871 nisi
886 5834 1101 5888 granum
1137 5821 1380 5892 frumenti
1415 5821 1687 5883 cadens'in
1738 5821 1927 5884 terram
1969 5846 2111 5884 mor-

2216 4728 2237 4757 ε
2268 4719 2466 4789 populo
2499 4718 2622 4785 fuit,
2656 4720 2795 4775 sicut
2828 4735 3053 4790 regnum
3084 4719 3241 4789 ejus:
3284 4726 3340 4774 et
3394 4719 3601 4774 factum
3630 4725 3711 4770 est
3738 4709 3802 4766 de

2214 4828 2382 4883 regno
2416 4813 2488 4878 id,
2518 4814 2658 4883 quod
2688 4816 2942 4869 novimus
2969 4814 3298 4885 praedicmm
3326 4833 3339 4869 :
3365 4815 3652 4887 Auferetur
3678 4822 3805 4863 aro-

2214 4906 2290 4959 bis
2346 4918 2561 4977 regnum
2583 4903 2698 4974 Dei,
2743 4914 2790 4961 et
2832 4908 3037 4962 dabitur
3056 4904 3194 4979 genti
3218 4905 3432 4979 facienti
3478 4901 3804 4979 fructusrias

2214 4996 2434 5068 (Matth.
2468 5015 2580 5066 χχι,
2608 5000 2730 5071 45);
2765 5018 2908 5056 ntmc
2939 5016 3153 5072 quoque
3182 5004 3280 5055 viri
3313 5001 3405 5072 qui
3435 5011 3568 5055 sunt
3596 4998 3648 5053 in
3672 4996 3809 5052 Ana-

2211 5090 2394 5159 tltotlt,
2425 5091 2586 5165 817
2616 5092 2718 5150 hoc
2756 5102 2844 5151 est
2894 5096 2945 5151 in
2995 5096 3340 5159 obcdieutitt,
3390 5101 3653 5167 quierunt
3695 5088 3807 5145 ani-

2207 5202 2349 5243 mam
2375 5228 2386 5253 ,
2436 5202 2545 5243 non
2590 5188 2841 5245 Jeremia:
2865 5233 2878 5257 ,
2916 5202 3092 5264 neque
3122 5190 3266 5248 enim
3296 5193 3401 5246 hoc
3429 5186 3671 5245 historia
3704 5184 3803 5241 ulla

2214 5338 2359 5384 tuum
2384 5331 2555 5403 fuerit,
2583 5348 2681 5386 non
2708 5334 2926 5387 multum
2945 5335 3173 5403 fructum
3195 5332 3366 5401 oﬂ'ert.
3394 5326 3510 5389 Nos
3532 5346 3565 5390 e
3589 5330 3805 5403 “aliane

2210 5402 2563 5457 restituitnus
2594 5406 2837 5475 ipsoque.
2868 5416 2925 5460 ιιι
2946 5402 3021 5459 ah
3046 5406 3282 5475 Origene
3307 5405 3591 5473 laudatur,
3623 5402 3808 5460 Cra-co

2213 5481 2386 5551 textu,
2421 5477 2578 5538 αὐτὸς
2604 5477 2752 5551 piro;
2777 5481 2932 5549 μένει’
2969 5479 3054 5535 ἐὰν
3082 5478 3137 5534 δέ
3165 5478 3411 5551 ἀποθάνῃ,
3432 5478 3667 5551 πολλὴν,
3699 5478 3802 5530 etc.

2284 5556 2306 5620 ε
2339 5546 2533 5602 Vocem
2565 5546 2787 5620 populo,
2818 5565 2938 5620 qum
2972 5553 3025 5605 in
3048 5557 3208 5606 antea
3238 5546 3476 5617 vulgatis
3509 5552 3721 5611 deerat,
3743 5559 3806 5599 ex

2214 5615 2437 5693 ljahano
2482 5615 2796 5693 sutieeitnus
2838 5615 2893 5693 et
2945 5621 3137 5678 Grzeco
3184 5615 3504 5693 archetypo,
3549 5623 3599 5676 ἐν
3648 5620 3804 5689 ἐκείνῳ

2214 5685 2274 5749 ἦν
2292 5700 2365 5762 τῷ
2389 5692 2517 5765 λαῷ.
2553 5694 2671 5747 Alia
2704 5691 2958 5759 inferius,
2987 5706 3109 5764 quas
3133 5685 3654 5751 levioris'momenti
3685 5685 3807 5745 sunt

2214 5773 2565 5833 castigamus.
