4128 6346
399 311 508 368 6ίῦ

963 311 1408 372 TRANSLATIO
1447 309 1880 372 HOMILHRUM
1919 307 2248 368 ORIGENIS
2287 305 2356 366 ΙΝ
2393 309 2764 368 JEREMIAM.
2805 307 2972 366 HOM.
3017 303 3152 366 VIII.

3587 305 3696 366 618

397 439 834 498 commemorat,
889 431 1014 502 quia
1063 431 1164 488 viri
1212 431 1488 488 Anathoth
1515 433 1850 502 quaesierunt
1881 429 1988 502 [AL
2019 425 2284 490 Adicens
2322 443 2336 480 :
2393 425 2798 482 Procreaeernnt
2849 425 3022 496 ﬁlios,
3075 433 3124 480 et
3165 429 3396 496 fecerunt
3441 425 3688 496 fructum.

395 523 672 596 quierunt]
703 523 940 580 animum
969 523 1108 594 ejus.
1147 525 1420 580 Habemus
1449 523 1755 594 Regnorum
1785 521 1986 576 libros:

395 619 646 674 meminit
689 617 762 672 ibi
811 617 1092 688 Scriptura
1127 617 1412 684 Jeremim,
1449 615 1582 672 nihil
1617 617 1722 672 tale
1751 615 1988 670 conscri-

391 705 562 766 bitur.
625 705 902 766 llabemus
944 707 1440 782 Paralipomenon,
1487 719 1540 766 et
1579 713 1756 782 ipsum
1783 753 1796 775 ,
1846 711 1988 780 quod

391 819 538 860 nunc
569 803 963 874 interpretatur
992 803 1246 860 Volllmett
1279 797 1566 876 Prophetas
1593 845 1606 870 ,
1659 801 1790 858 nihil
1821 803 1988 858 locuti

389 906 516 952 sunt
561 895 664 954 viri
710 895 1028 952 Anathoth:
1077 895 1172 954 sed
1217 899 1420 954 Christi
1453 905 1704 970 quan'unt
1750 899 1987 953 animam

393 989 606 1044 Domini
635 991 766 1060 mei,
797 991 884 1062 qui
926 989 1148 1046 dicunt:
1195 989 1320 1047 Non
1343 991 1672 1064 prophetabis
1698 994 1752 1047 in
1783 993 1990 1048 nomine

387 1083 624 1139 Domini.
661 1083 916 1156 Legimus
946 1093 1002 1142 et
1031 1085 1136 1142 hoc
1163 1083 1272 1160 [ΑΙ.
1303 1085 1412 1160 hic]
1455 1103 1484 1142 a
1509 1087 1716 1142 .ludteis
1745 1083 1988 1156 prohibi-

387 1185 504 1234 tum
525 1221 540 1244 ,
585 1193 652 1234 ne
693 1179 916 1236 doceret
939 1177 1216 1236 Christus:
1250 1177 1494 1252 Alioquin
1525 1173 1762 1234 morieris
1795 1173 1846 1234 in
1877 1195 1988 1232 ma-

387 1269 540 1328 nibus
571 1275 786 1328 nostris.
831 1271 968 1330 Ecce
995 1291 1088 1348 ego
1125 1275 1344 1330 uisitabo
1373 1275 1426 1330 in
1453 1269 1548 1343 eis,
1563 1275 1780 1346 juvenes
1811 1291 1987 1330 eorum

385 1365 568 1440 gladio
608 1367 830 1434 cadent,
868 1379 916 1424 et
947 1365 1050 1440 ﬁlii
1075 1385 1282 1436 eorum,
1311 1377 1360 1424 et
1389 1369 1514 1438 ﬁlice
1543 1371 1828 1424 morientur
1849 1367 1986 1438 fame

387 1461 572 1534 (Amos
621 1477 737 1530 vin,
785 1463 898 1530 lt).
959 1459 1076 1520 Non
1120 1459 1376 1520 .leremite
1421 1459 1758 1534 temporibus
1799 1457 1984 1536 gladio

385 1555 788 1622 oecubuerunt,
831 1555 926 1612 sed
975 1565 1096 1628 post
1123 1555 1416 1612 adventum
1471 1551 1714 1611 Domini:
1766 1563 1890 1612 tunc
1929 1565 1986 1612 et

383 1645 556 1702 fames
607 1647 756 1704 venit
807 1645 858 1703 in
903 1663 1034 1714 eos,
1079 1663 1184 1704 non
1221 1649 1391 1704 fatnes
1435 1649 1622 1718 panis,
1655 1663 1832 1718 neque
1861 1649 1984 1704 sitis

382 1755 580 1808 aqum,
643 1741 740 1796 sed
787 1737 960 1796 fames
1011 1739 1264 1796 audiendi
1311 1755 1622 1798 sermonem
1675 1739 1790 1796 Dei.
1863 1741 1980 1797 Jam

2093 519 2269 593 PrOpe
2299 537 2352 574 es
2385 529 2440 574 tu
2469 521 2548 574 ori
2575 537 2780 584 eorum,
2807 529 2856 572 et
2885 520 3034 592 longe
3063 535 3098 572 a
3125 519 3334 574 renibus
3367 535 3542 574 eorum
3577 519 3691 590 (Je-

2091 629 2220 668 rem.
2255 629 2352 680 xu,
2389 615 2468 684 l).
2513 611 2802 668 Nominant
2827 613 3048 682 Jesum,
3083 623 3138 670 et
3173 629 3282 669 non
3308 613 3510 670 habent
3537 629 3689 681 eum,

2093 721 2270 778 neque
2311 707 2458 762 enim
2507 707 2658 762 illum
2705 707 3032 762 confitentur
3075 715 3132 760 ut
3171 705 3472 762 Christum.
3501 705 3570 760 Et
3593 717 3682 774 tu,

2091 797 2334 860 Domine.
2375 801 2513 854 nosti
2541 809 2564 838 θ
2591 841 2606 866 ,
2637 807 2687 854 et
2711 800 2942 868 probasti
2987 815 3078 854 cor
3107 815 3272 854 meum
3309 799 3367 854 in
3410 811 3688 870 conspectu

2091 904 2200 948 tuo.
2253 895 2540 962 Sancti/ica
2579 892 2700 948 illos
2743 895 2798 948 in
2827 893 2912 947 die
2937 893 3310 960 interfectionis
3339 909 3518 948 eorum
3569 891 3686 966 (Je-

2089 1005 2216 1042 rem.
2249 989 2458 1052 3:1,5).
2523 987 2662 1056 Quid
2711 985 2902 1042 laciam
2947 995 3008 1041 ut
3053 984 3158 1040 hoc
3179 987 3490 1056 exponam?
3547 985 3686 1042 Tor-

2089 1090 2276 1136 menta
2301 1079 2792 1136 sanctiﬁcationem
2827 1085 2986 1134 vocat.
3010 1093 3198 1132 corum
3229 1079 3320 1148 qui
3343 1067 3686 1150 torquentur;

2093 1175 2376 1242 Sanctiﬁca
2403 1175 2593 1247 quippe
2617 1189 2724 1238 eos,
2759 1173 2853 1242 ait,
2889 1173 2946 1226 in
2975 1173 3062 1226 die
3088 1172 3458 1244 interfectionis
3481 1189 3682 1240 eorum,

2092 1267 2144 1322 id
2175 1277 2292 1334 est,
2327 1283 2426 1338 per
2447 1269 2586 1334 hoc,
2625 1267 2770 1338 quod
2803 1265 3068 1322 interﬁcis
3099 1281 3222 1334 e05,
3257 1268 3532 1324 sanctillca
3567 1285 3682 1324 eos.

2093 1363 2258 1430 Quem
2284 1363 2424 1418 enim
2449 1363 2620 1434 diligit
2643 1361 2900 1426 Dominus
2945 1363 3192 1436 corripit;
3231 1363 3464 1434 ﬂagellat
3511 1373 3686 1420 autem

2091 1473 2292 1512 attinent
2319 1457 2484 1526 ﬁlium
2513 1474 2664 1528 quem
2693 1457 2876 1528 recipit
2919 1453 3106 1526 (Hebr.
3141 1473 3240 1522 xu,
3275 1457 3354 1528 6).
3405 1457 3690 1524 Quousque

2089 1549 2280 1622 lugebit
2309 1560 2466 1614 terra,
2493 1559 2540 1604 et
2571 1553 2748 1622 fenum
2771 1567 2918 1604 omne
2947 1551 3058 1620 agri
3089 1561 3280 1604 arescet
3307 1567 3338 1602 a
3371 1551 3570 1604 malitia
3595 1551 3692 1604 lia-

2089 1643 2360 1699 bitantium
2391 1645 2446 1700 in
2473 1647 2650 1700 terra?
2679 1643 2892 1718 (Ierem.
2913 1659 3008 1714 xtl,
3037 1643 3118 1716 4.)
3147 1643 3312 1712 Quasi
3339 1643 3358 1682 ί
3384 1645 3586 1700 animal
3619 1645 3692 1702 sit

2091 1745 2256 1804 terra,
2287 1737 2364 1792 sic
2389 1753 2532 1792 nunc
2561 1737 2800 1808 loquitur
2821 1735 3108 1806 prepheta,
3139 1737 3327 1792 dicens
3357 1737 3540 1808 lugere
3568 1753 3686 1794 cam

381 1835 584 1904 quippe
613 1829 756 1904 apud
783 1849 878 1890 eos
901 1835 1044 1889 ultra
1079 1851 1184 1890 non
1217 1835 1450 1890 dicitur:
1484 1829 1612 1890 Haec
1641 1831 1768 1890 dicit
1801 1835 1984 1890 Domi-
2017 1821 2066 1882 B
2091 1831 2308 1902 quando
2336 1833 2462 1886 mali
2493 1841 2620 1886 sunt
2649 1831 3012 1898 habitatores,
3043 1831 3136 1902 qui
3171 1831 3306 1888 inea
3337 1847 3688 1888 commoran-

379 1943 482 1982 nus
509 1935 536 1964 ει
564 1925 710 1982 Deus
749 1925 1094 2002 omnipotens.
1163 1925 1266 1982 Ista
1301 1927 1469 1983 fames
1501 1937 1582 1983 est
1619 1925 1646 1966 δ
1681 1923 1980 1998 ιιιόμιιεειίω

377 2021 656 2076 cessantis
685 2019 738 2076 in
769 2019 870 2076 eis.
913 2021 1020 2084 Sed
1053 2021 1182 2092 quid
1216 2021 1410 2092 loquar
1433 2019 1502 2078 de
1523 2019 1846 2092 Propltetis?
1875 2019 1981 2080 Ne-

375 2129 488 2184 que
539 2111 816 2186 magisrri,
865 2129 1044 2186 neque
1085 2115 1340 2170 doctores
1383 2115 1434 2169 in
1473 2113 1660 2170 Judaea
1691 2115 1856 2186 aliqui
1886 2131 1974 2172 re-

377 2213 728 2260 manserunt:
761 2215 814 2260 et
847 2205 974 2262 licet
1007 2207 1120 2262 sint
1149 2205 1596 2274 innumerabiles,
1630 2207 1718 2276 qui
1751 2207 1855 2262 sibi
1883 2219 1978 2262 sa-

373 2297 644 2370 pientiam
681 2297 972 2356 vendicent
995 2341 1012 2366 ,
1057 2315 1162 2356 non
1194 2307 1278 2355 est
1299 2295 1410 2370 jam
1441 2315 1624 2354 sermo
1655 2295 1751 2357 Dei
1785 2301 1838 2356 in
1870 2299 1974 2358 eis.

374 2391 722 2462 Completum
755 2403 838 2448 est
877 2395 1022 2448 enim
1053 2391 1182 2448 illud
1213 2387 1530 2450 vaticinium
1557 2413 1568 2448 :
1613 2393 1827 2466 Auferet
1859 2395 1974 2450 Do-

371 2485 548 2540 minus
577 2504 608 2540 a
637 2481 826 2542 Iudaea
853 2533 864 2554 ,
919 2495 964 2542 et
987 2485 1050 2541 ab
1075 2481 1372 2542 Jerusalem
1395 2483 1624 2542 validum
1654 2497 1702 2544 et
1721 2491 1970 2560 validam,

369 2581 612 2635 uirtutem
637 2577 810 2650 panis,
853 2589 900 2634 et
932 2581 1168 2635 rirtutem
1195 2597 1364 2652 aqua’,
1393 2583 1656 2652 gigantem
1681 2589 1732 2636 et
1760 2579 1970 2652 fortem,

367 2677 420 2725 et
455 2681 476 2710 ε
505 2661 764 2726 hominem
793 2669 1114 2738 bellatorem,
1147 2679 1194 2726 et
1215 2671 1463 2742 indicem,
1501 2681 1548 2728 et
1571 2671 1898 2746 prophetam,
1923 2683 1972 2728 et

365 2763 648 2830 arbitrum,
697 2771 744 2820 et
769 2763 1024 2820 seniorem
1053 2765 1576 2836 quinqtmgenarittm,
1611 2775 1658 2820 et
1687 2763 1974 2820 admirabi-

363 2853 468 2910 lem
499 2857 904 2922 consiliatorum,
933 2867 984 2911 et
1001 2859 1286 2926 sapientem
1305 2855 1662 2924 architectum,
1693 2865 1742 2914 et
1769 2855 1962 2914 intelli-

361 2959 572 3022 gentenz
605 2953 892 3006 auditorem
915 2945 1072 3022 (Isai.
1105 2967 1184 3014 nt.
1219 2947 1296 3023 1).
1324 2953 1442 3009 Jam
1463 2971 1568 3008 non
1591 2961 1674 3024 est
1703 2955 1846 3024 apud
1875 2969 1970 3010 eos

361 3045 456 3113 qui
485 3043 657 3113 possit
685 3043 1078 3114 diceretauasi
1105 3023 1636 3118 sapiensarcliitectuls
1659 3047 1970 3118 fundamen-

363 3145 470 3190 tum
487 3139 636 3208 posui
655 3137 700 3211 (l
723 3137 842 3192 Cor.
867 3139 1076 3210 lin-10).
1097 3137 1546 3210 Migraveruntab
1559 3141 1638 3196 eis
1653 3139 1964 3208 architecti,

2089 1937 2194 1980 tur.
2251 1925 2354 1980 Per
2383 1940 2832 1996 unumquemque
2879 1929 3024 1978 enim
3077 1935 3322 1980 nostrum
3373 1933 3550 1990 terra,
3595 1937 3692 1979 aut

2087 2019 2304 2074 laetatur
2335 2019 2389 2074 in
2421 2019 2716 2076 virtutibus
2745 2019 3094 2084 accolarum,
3127 2027 3220 2072 aut
3251 2019 3396 2088 luget
3431 2019 3484 2072 in
3515 2011 3684 2074 vitiis.

2083 2109 2140 2166 Si
2183 2111 2364 2166 autem
2401 2119 2540 2166 terra
2567 2153 2582 2174 ,
2613 2120 3024 2180 consequenter
3059 2117 3116 2164 et
3145 2109 3410 2164 elementa
3465 2119 3685 2180 caetera,

2085 2219 2150 2260 ex
2179 2205 2376 2276 quibus
2403 2215 2460 2260 et
2481 2219 2652 2274 aqua,
2681 2204 2734 2258 id
2767 2213 2848 2258 est
2871 2245 2886 2272 ,
2917 2197 3142 2274 angelus
3172 2205 3264 2272 qui
3293 2217 3462 2274 super
3485 2217 3684 2272 aquam

2084 2298 2415 2354 conStitutus
2445 2309 2548 2354 est.
2589 2297 2780 2366 Neque
2807 2299 2950 2352 enim
2981 2295 3144 2352 aliter
3165 2311 3385 2365 pass-um
3411 2297 3686 2366 lugentem

2085 2397 2290 2444 terram
2315 2405 2612 2460 exponere,
2635 2403 2732 2446 seu
2757 2389 3066 2444 laetantem:
3107 2403 3208 2444 nec
3239 2402 3437 2444 sensus
3467 2385 3684 2458 recipit,

2083 2493 2144 2538 ut
2177 2483 2502 2540 insensibile
2538 2499 2738 2554 corpus
2767 2483 2974 2540 sentire
3011 2484 3332 2538 credamus:
3385 2483 3490 2538 nisi
3525 2495 3580 2538 ut
3605 2485 3687 2538 in-

2083 2579 2420 2650 telligamus,
2455 2579 2712 2636 tillltlibtls
2757 2579 2918 2634 rebus
2951 2581 3172 2650 angelos
3211 2579 3542 2650 przcsidere,
3577 2591 3684 2636 tam

2083 2681 2250 2728 terra:
2281 2683 2336 2730 et
2365 2689 2555 2744 aquai,
2585 2687 2748 2744 quam
2773 2673 2886 2728 aeri
2915 2681 2968 2726 et
3005 2673 3138 2742 igni,
3167 2670 3218 2726 id
3245 2681 3354 2738 est,
3383 2673 3682 2742 principari

2077 2765 2370 2822 elementis
2394 2807 2410 2832 ,
2461 2777 2512 2820 ct
2563 2765 2670 2820 hoc
2716 2765 2913 2820 ordine
2945 2765 3236 2836 pervenire
3265 2765 3332 2818 ad
3357 2769 3542 2820 omnia
3567 2765 3685 2820 atti-

2081 2859 2266 2928 malia,
2292 2861 2362 2916 ad
2385 2875 2548 2918 omne
2567 2876 2820 2934 germen,
2857 2859 2922 2914 ad
2955 2861 3066 2928 ipsa
3099 2873 3320 2930 quoque
3349 2867 3494 2914 astra
3525 2861 3688 2918 cmic—

2051 2953 2204 3008 ‘stia.
2271 2953 2432 3010 Alius
2479 2953 2710 3024 angelus
2751 2953 3078 3024 pra-positus
3123 2961 3206 3008 est
3257 2953 3468 3008 terris:
3520 2961 3686 3024 atque

2079 3045 2156 3100 ita
2187 3061 2378 3100 omnes
2401 3047 2440 3102 ii
2468 3045 2680 3118 angeli,
2730 3061 2854 3100 cum
2887 3043 3086 3114 quibus
3116 3059 3404 3100 versamur
3433 3043 3484 3098 in
3519 3055 3685 3114 terra,

2076 3139 2322 3210 gaudent.
2345 3139 2564 3208 quando
2585 3141 2734 3208 juste
2763 3139 2978 3208 agimus
3003 3179 3016 3204 ,
3065 3136 3286 3208 quando
3317 3139 3686 3208 peccavimus,

363 3241 632 3288 venerunt
687 3233 752 3286 ad
813 3231 1112 3288 Ecclesium
1139 3277 1154 3302 ,
1199 3245 1504 3304 posuerunt
1553 3233 1964 3290 fundamentum
1997 3212 2042 3276 ο
2077 3235 2286 3306 lugent.
2331 3234 2548 3310 Lugebit
2571 3234 2742 3306 διε
2764 3243 2902 3288 terra
2925 3233 2986 3286 ab
3017 3233 3252 3286 omnibus
3281 3231 3688 3288 inhabitantibus

359 3323 548 3384 Iesum
605 3327 904 3384 Christum.
977 3327 1114 3384 Huic
1160 3325 1604 3398 superzedilicant
1633 3331 1968 3401 quicumque

361 3431 486 3490 post
517 3431 612 3477 eos
638 3419 1014 3476 crediderunt.
1044 3419 1101 3476 lu
1142 3419 1285 3478 fante
1330 3439 1460 3494 ergo
1489 3425 1579 3480 ille
1613 3426 1842 3494 populus
1871 3425 1968 3480 de-

363 3515 590 3572 relictus
613 3529 692 3572 cst
715 3533 726 3570 :
753 3515 1022 3570 Adducam
1047 3518 1236 3590 quippe
1261 3519 1404 3572 mala
1431 3535 1590 3590 super
1617 3515 1970 3574 inhabitantes

363 3605 654 3670 Anathoth,
685 3607 740 3663 in
761 3627 900 3664 anno
929 3611 1236 3665 uisitationis
1261 3627 1460 3666 eorum.
1493 3611 1712 3682 (Jerem.
1747 3627 1824 3678 XI,
1867 3611 1966 3682 95)

359 3697 546 3757 Justus
569 3719 646 3766 es,
671 3701 1042 3772 Domine,quia
1063 3705 1318 3759 excusabo
1341 3721 1420 3760 me
1438 3703 1580 3776 apud
1602 3711 1668 3758 te.
1687 3701 1966 3758 Verumta-

361 3807 478 3847 men
491 3793 700 3868 judicia
729 3793 914 3866 loquar
939 3797 1012 3850 at!
1027 3805 1092 3850 te.
1154 3791 1294 3861 Quid
1317 3805 1414 3865 est,
1455 3793 1596 3866 quod
1615 3797 1694 3850 via
1722 3805 1964 3869 peccato-

363 3899 482 3940 rum
512 3887 890 3958 prosperahtr?
931 3885 1336 3943 Abundab'erunt
1381 3905 1582 3956 omnes,
1630 3889 1719 3956 qui
1753 3905 1964 3959 sprere-

361 3991 486 4036 runt
515 3991 898 4038 contemnentes
927 3981 1156 4050 (Jerem.
1189 3999 1286 4048 xu,
1323 3983 1344 4038 Ι
1361 3981 1404 4054 ).
1446 3983 1764 4051 Quaeramus
1793 3979 1966 4054 818

359 4091 430 4131 an
461 4073 634 4132 bonus
665 4077 736 4132 sit
765 4079 926 4142 Deus,
955 4075 1046 4148 qui
1073 4075 1272 4148 Legem
1303 4081 1704 4148 prephetasque
1737 4077 1964 4147 largitus

361 4179 468 4232 est,
499 4169 748 4226 videntes
773 4171 918 4226 viam
949 4171 1238 4240 impiorum
1265 4170 1598 4240 prosperari,
1627 4181 1680 4226 et
1705 4171 1836 4224 nihil
1865 4185 1962 4226 eos

359 4261 430 4317 ab
473 4277 539 4316 co
589 4277 688 4332 pro
731 4265 928 4318 merito
977 4261 1272 4318 httSlinel‘e.
1337 4261 1768 4316 Abundaverunt
1813 4263 1960 4318 enim

361 4369 554 4409 omnes
581 4355 674 4424 qui
704 4351 730 4392 ἀ
763 4364 1090 4425 spreverunt
1117 4363 1553 4420 contemnentes,
1587 4355 1622 4408 ii
1646 4355 1738 4425 qui
1769 4351 1966 4410 ad‘ver-

361 4463 482 4504 sum
528 4449 866 4506 conditorem
913 4445 1122 4506 rabidis
1171 4447 1420 4504 faucibus
1451 4449 1684 4516 latrant,
1715 4449 1808 4520 qui
1832 4459 1968 4506 eum

363 4539 702 4610 blasphemis
729 4543 1073 4598 sermonibus
1101 4543 1494 4598 criminantur:
1529 4543 1958 4612 Abunttarernnt,

2076 3331 2134 3386 in
2163 3347 2244 3386 ea.
2279 3329 2488 3384 Eodem
2523 3331 2748 3384 nomine
2775 3327 3028 3398 angelum
3055 3335 3217 3382 terra:
3247 3325 3544 3396 appellant,
3577 3343 3686 3394 quo

2077 3425 2196 3496 ipsa
2231 3431 2595 3492 nuncupatur.
2645 3423 2934 3492 Quomodo
2957 3423 3102 3478 enim
3135 3419 3242 3476 hoc
3263 3419 3408 3492 quod
3435 3419 3684 3474 tnanul'a-

2077 3525 2224 3572 ctum
2257 3525 2342 3572 est
2373 3533 2494 3572 cum
2529 3513 2910 3576 maledicatur,
2964 3513 3308 3568 maledicilur
3350 3521 3402 3568 et
3441 3513 3558 3582 ipse
3587 3515 3682 3584 qui

2077 3603 2214 3668 fecit
2259 3609 2396 3666 illud
2425 3653 2440 3678 ,
2493 3623 2600 3664 non
2633 3607 2780 3678 quod
2809 3605 3158 3662 maledictum
3189 3605 3294 3672 sit,
3325 3605 3466 3676 quod
3497 3607 3680 3662 anima

2077 3717 2142 3758 ac
2193 3717 2356 3756 sensu
2403 3709 2598 3766 caret,
2629 3699 2726 3754 sed
2773 3697 2916 3753 idem
2957 3695 3156 3752 dicitur
3203 3695 3556 3766 maledictus,
3587 3697 3682 3768 qui

2077 3797 2300 3852 assistet
2351 3791 2660 3848 insensibili
2703 3791 3038 3858 simulacro,
3077 3781 3270 3844 eodem
3315 3801 3540 3846 Vocatus
3587 3807 3686 3845 no-

2077 3889 2228 3944 mine
2253 3929 2268 3956 ,
2319 3903 2426 3958 quo
2463 3895 2688 3940 vocatur
2720 3883 2772 3938 id
2813 3899 2922 3954 quo
2961 3879 3332 3938 manufactum
3363 3893 3442 3938 est
3473 3899 3486 3936 :
3519 3879 3598 3936 sic
3629 3893 3686 3940 ct

2079 3995 2224 4036 nunc
2279 3987 2422 4036 terra
2451 3977 2754 4048 appellatur
2779 3969 2828 4032 is
2859 3975 3088 4046 angelus
3119 3973 3208 4042 qui
3243 3971 3572 4046 [trtrposlllls
3601 3987 3686 4032 εει

2077 4083 2262 4128 terrai.
2311 4071 2422 4126 Nec
2471 4069 2576 4126 hoc
2622 4079 2828 4124 tantum
2875 4067 3115 4138 accipias
3147 4059 3202 4122 in
3241 4075 3420 4134 terra;
3449 4077 3504 4124 et
3528 4083 3684 4138 aqua:

2071 4165 2242 4222 etiam
2269 4163 2510 4234 Angelus
2531 4162 2651 4233 ejus
2677 4153 2946 4216 vocabulo
2967 4169 3338 4231 nuncupatur,
3361 4155 3520 4230 juxta
3551 4159 3680 4216 illud

2077 4259 2222 4330 (μιοὰ
2255 4257 2308 4314 in
2336 4257 2445 4312 alio
2475 4257 2596 4314 loco
2627 4255 2862 4312 dicitur:
2898 4247 3160 4310 Viderunt
3181 4261 3230 4308 te
3255 4271 3404 4326 aqua:
3425 4265 3472 4308 et
3497 4251 3680 4310 timue-

2069 4361 2222 4420 runt,
2245 4351 2466 4406 turbata:
2491 4359 2612 4405 sunt
2633 4349 2827 4420 abyssi.
2853 4345 3144 4402 Multitudo
3171 4349 3372 4402 sonitus
3401 4365 3679 4419 aquarum,

2071 4461 2252 4500 vocem
2277 4445 2528 4497 dederunt
2555 4443 2732 4505 nubes,
2763 4433 2952 4494 etenim
2979 4441 3182 4510 sagittw
3209 4449 3310 4492 tute
3337 4439 3678 4494 transierunt.

2067 4535 2344 4604 .Dercliqui
2393 4533 2604 4588 domum
2645 4547 2848 4596 meum,
2903 4523 3078 4582 dimisi
3119 4527 3475 4583 [nereditatem
3509 4543 3678 4584 meum

361 4635 586 4704 plantati
615 4649 736 4690 sunt
761 4677 776 4702 ,
821 4643 870 4692 et
899 4637 1126 4692 radicem
1159 4637 1438 4702 miserunt;
1470 4645 1862 4706 procreaverunt
1893 4637 1956 4708 ﬁ.
1985 4605 2044 4666 Β
2075 4623 2258 4702 (Psal.
2293 4642 2480 4692 LXXVI,
2513 4625 2618 4694 l7).
2671 4619 2804 4678 Dedi
2846 4619 3088 4676 dilectam
3139 4619 3366 4676 animam
3408 4639 3598 4690 meam,
3625 4623 3682 4679 in

357 4725 458 4780 lies
485 4739 532 4782 et
559 4733 792 4798 fecerunt
811 4731 1030 4800 fructus.
1081 4731 1324 4796 Quantos
1357 4727 1566 4806 fructus
1603 4725 1842 4783 Mart-inn
1881 4731 1968 4784 te-

359 4821 438 4874 cit
463 4833 756 4888 proereans
793 4819 934 4878 ﬁlios
965 4817 1304 4876 inﬁdelitatis
1322 4819 1356 4873 Υ
1384 4831 1616 4890 quantos
1651 4815 1916 4877 Basilides
1935 4821 1968 4876 ἵ

359 4919 594 4984 quantos
623 4911 978 4970 Valentinus?
1029 4915 1104 4970 De
1151 4915 1234 4970 his
1283 4915 1484 4986 quippe
1517 4929 1624 4982 me,
1667 4911 1960 4986 prophetat

435 5087 462 5116 ιι
505 5077 732 5134 Rectius
752 5091 874 5134 eum
893 5075 1096 5134 Gmn-
1121 5087 1268 5134 tc’xut
1301 5089 1512 5142 vocem,
1552 5075 1708 5148 Deus,
1740 5077 1966 5148 ignorat

361 5149 464 5204 hoe
495 5150 618 5204 loco
635 5151 914 5206 habmus.

433 5221 460 5260 ι’
505 5222 676 5278 Penes
703 5223 986 5278 Babanum
1011 5267 1026 5291 ,
1057 5226 1224 5292 fartres
1251 5229 1324 5278 est
1345 5223 1650 5294 prophetica
1679 5224 1812 5278 cocis
1841 5239 1964 5278 ces-

357 5293 542 5354 santis,
573 5303 676 5349 etc.

437 5376 458 5404 ε
501 5365 594 5421 Sic
625 5379 680 5420 et
707 5365 960 5422 [labantis
989 5367 1158 5422 habet.
1177 5407 1200 5434 ,.
1241 5377 1300 5422 et
1333 5367 1568 5422 Graecus-
1590 5367 1714 5434 ipse
1739 5367 1814 5422 ab
1837 5366 1968 5420 Gri--

359 5449 498 5530 Eure
533 5437 784 5530 laudatus
835 5447 1014 5530 textus
1033 5481 1048 5506 ,
1079 5443 1302 5514 γίγαντα
1341 5442 1422 5496 καί
1459 5440 1724 5511 ἰσχύοντα
1759 5441 1844 5494 καὶ
1869 5435 1966 5494 ἅν-

357 5511 564 5582 θρωπον
591 5511 924 5582 πολεμιστήν.
1143 5511 1152 5514 ⁷

429 5579 456 5618 ά
501 5582 668 5650 Hujus
687 5581 1158 5650 interpreti-tionis
1193 5585 1398 5654 (inquit
1421 5579 1670 5652 Maelius)
1693 5582 1958 5654 rationem

357 5655 698 5708 comminisci
739 5655 1050 5723 neutiquam
1103 5653 1358 5724 possunt,
1384 5665 1478 5710 est
1506 5655 1658 5708 enim
1683 5655 1742 5706 in
1767 5653 1968 5706 Grasco

599 5727 663 5800 οἱ·Δ
691 5727 996 5800 Mamurrae.
1033 5728 1360 5800 ἀθετήμαται.
1389 5789 1394 5796 _
1417 5727 1590 5800 nocte
1617 5724 1920 5780 Condamus
1941 5745 1962 5780 ι

361 5795 672 5871 Omnesque
693 5799 1108 5871 mutuarias-neut!
1132 5795 1610 5871 prer
1867 5835 1872 5840 -

435 5875 460 5906 ε
495 5865 974 5943 Addieﬁoigenes,
1001 5871 1102 5942 ρὸι.
1132 5865 1254 5928 tum
1271 5871 1438 5941 istud,
1465 5865 1596 5933 εἶδός
1615 5889 1678 5943 με
1707 5887 1718 5926 :
1761 5881 1958 5940 quem-

2079 4739 2268 4776 manus
2291 4723 2626 4776 inimicorth
2653 4717 2765 4788 ejus
2797 4715 2934 4786 (Jer.
2969 4731 3062 4778 III,
3089 4711 3168 4785 7).
3221 4709 3354 4772 Vide
3386 4715 3522 4772 mihi
3555 4733 3680 4774 eum

2075 4819 2174 4892 qui
2203 4817 2258 4872 in
2285 4811 2459 4872 forma
2495 4815 2588 4870 Dei
2615 4813 2950 4870 consistebat
2983 4811 3032 4866 in
3059 4809 3233 4868 oculis.
3287 4811 3425 4868 Vide
3453 4811 3680 4868 domum

2078 4913 2236 4986 ejus,
2267 4911 2564 4978 Thronos,
2625 4917 2680 4964 et
2723 4903 2972 4964 excelsas
3019 4921 3262 4978 quasque
3313 4905 3574 4965 Virtutes.
3621 4905 3680 4964 Si

2071 5075 2368 5132 adumdum
2399 5081 2456 5128 et
2483 5067 2986 5142 apud'ﬂabannm,
3023 5071 3076 5124 et
3123 5067 3178 5124 in
3219 5061 3442 5140 Vulgata
3499 5069 3674 5140 legas,

2079 5149 2216 5202 nosti
2243 5163 2347 5210 me,
2375 5145 2550 5198 ridisti
2575 5141 2676 5208 me,
2709 5151 2756 5196 et
2785 5141 3034 5214 probasti,
3054 5149 3172 5214 etc.

2159 5219 2176 5256 τ
2223 5219 2446 5274 lluetius
2491 5217 2591 5276 ait,
2641 5211 3010 5268 tjunt'terram
3053 5211 3404 5268 inanimatam
3433 5227 3556 5268 esse
3586 5213 3681 5270 de-

2079 5289 2236 5344 ﬁniat
2261 5283 2364 5344 hoc
2396 5287 2512 5342 lOCtl
2539 5279 2825 5356 Origenes,
2853 5283 3146 5338 animatum
3173 5293 3352 5338 autem
3385 5295 3492 5338 non
3517 5283 3678 5342 aliter

2075 5362 2192 5418 dici
2223 5376 2386 5432 posse
2413 5403 2426 5427 ,
2481 5373 2640 5432 quam
2677 5373 2772 5432 per
2811 5359 3092 5426 angelum,
3133 5365 3406 5432 tamquam
3449 5357 3678 5432 lorntam

2079 5425 2452 5494 assisientem,
2487 5425 2592 5484 non
2629 5425 3038 5488 infortunatam,
3071 5425 3204 5482 satis
3233 5425 3360 5496 inde
3387 5427 3679 5496 evincitur,

2087 5521 2196 5560 non
2229 5504 2354 5560 huic
2395 5493 2516 5558 cum
2565 5503 2780 5568 penitus
2827 5499 3124 5570 adhaesisse
3173 5493 3382 5568 errori,
3427 5515 3590 5570 quem
3629 5493 3683 5556 ei

2077 5577 2352 5648 objiciunt
2369 5575 2603 5648 Hieron.
2631 5575 2682 5626 in
2713 5571 2996 5648 epistolis,
3031 5569 3098 5648 ad
3119 5571 3336 5624 Avitum
3363 5583 3416 5625 et
3441 5569 3690 5648 Paetina-

2083 5641 2291 5714 chitnn,
2327 5659 2378 5702 et
2407 5647 2704 5702 Justinian.
2737 5643 2898 5712 epist.
2933 5641 2998 5694 ad
3031 5641 3244 5714 Menam
3267 5683 3284 5708 ,
3313 5651 3458 5698 astra
3485 5643 3684 5714 videli-

2075 5731 2168 5776 cet
2211 5707 2316 5775 non
2371 5721 2608 5774 animata
2657 5707 2832 5771 solum
2887 5729 3038 5780 esse,
3087 5707 3184 5770 sed
3239 5707 3470 5784 [taceare
3515 5709 3684 5772 etiam

2077 5807 2268 5864 posse,
2299 5807 2362 5846 ac
2394 5791 2624 5846 salutem
2659 5795 3006 5860 exspectare.
