4128 6346
480 315 586 376 647

1764 308 1823 369 S.
1863 302 2138 369 EUSEBII
2173 303 2553 364 IIIERONYMI

3674 300 3783 360 648

482 442 664 492 autem
696 434 784 489 vis
820 429 1021 501 aliquid
1059 416 1349 486 sublimius
1374 428 1684 501 intelligere
1714 436 1937 499 propter
1965 427 2069 483 hoc
2094 434 2151 494 Α
2248 424 2473 501 (ieram.
2504 439 2582 489 ιιι,
2610 422 2703 492 12)
2725 464 2740 489 ,
2769 435 2944 501 usque
2965 420 3029 475 ad
3049 418 3220 501 illud:
3264 418 3333 474 Et
3355 419 3614 501 ded‘ucent
3638 420 3783 501 ορμιὶ

480 532 626 602 quod
657 532 763 585 ait:
800 528 911 600 Ego
932 528 983 582 in
1020 526 1193 593 Patre,
1226 536 1272 581 et
1307 525 1464 580 Pater
1483 526 1538 580 in
1567 540 1677 579 me:
1706 523 1827 579 vide
1850 526 2069 578 domum

480 626 601 695 ejus
628 623 845 679 Patrem
876 622 1064 678 Deum.
1114 621 1391 693 Relinquit
1421 630 1627 689 patrem
1661 634 1844 688 suum,
1877 628 1930 672 et
1961 634 2074 672 ma-

479 726 618 774 trem
663 732 816 771 suam
855 715 1134 771 caelestem
1169 714 1475 771 Jerusalem
1502 755 1518 780 ,
1558 712 1816 783 venitque
1846 711 1898 765 in
1929 708 2073 766 hunc

480 821 762 869 terrenum
793 812 994 873 locum.
1021 818 1076 865 et
1113 810 1219 865 ait:
1271 808 1481 880 Reliqui
1510 808 1716 862 domum
1755 822 1954 871 meam,
1987 804 2072 858 di-

480 913 595 967 misi
646 911 997 966 hiereditatem
1040 924 1224 963 meam.
1292 906 1387 962 Illa
1434 916 1553 961 erat
1596 902 1888 960 hmreditas
1930 901 2069 972 ejus,

478 1002 858 1076 possessiones
885 1001 1181 1072 Angelicae,
1208 1007 1263 1055 et
1285 1008 1595 1055 smnctarum
1620 995 1755 1051 ordn
1782 996 2063 1051 virtutum.

479 1098 615 1156 Dedi
660 1100 902 1154 dilectam
953 1097 1179 1151 animam
1225 1112 1391 1150 meam
1439 1094 1492 1147 in
1529 1108 1713 1147 manus
1750 1090 2074 1146 inimicorum

477 1208 729 1251 meorum.
772 1192 1017 1249 Tradidit
1043 1191 1284 1246 animam
1325 1204 1479 1245 suam
1512 1190 1565 1243 in
1598 1201 1789 1241 manus
1820 1183 2066 1239 inimico-

478 1305 599 1347 rum
648 1304 867 1345 suorum
894 1329 909 1352 ,
962 1287 1015 1341 in
1061 1298 1252 1339 manus
1280 1282 1594 1339 Judzeorum
1626 1277 2071 1335 interlicientium

479 1397 626 1449 eum,
660 1382 712 1435 in
730 1394 924 1436 manus
972 1377 1278 1448 principum
1308 1383 1757 1447 congregatorum
1785 1370 2071 1425 adversum

488 1475 631 1542 se,in
655 1488 846 1529 manus
868 1487 1077 1543 regum,
1100 1470 1357 1541 quoniam
1380 1467 1687 1522 :Astiterunt
1713 1463 1877 1535 Reges
1900 1473 2066 1528 terrae,

478 1579 526 1625 et
558 1569 811 1639 principes
849 1573 1193 1622 convenerunt
1229 1564 1281 1618 in
1309 1579 1468 1617 unum
1497 1560 1739 1614 adversus
1769 1556 2068 1620 Dominum,

477 1673 526 1720 et
553 1664 797 1719 adversus
824 1661 1084 1716 Christum
1115 1663 1227 1733 ejus
1258 1656 1435 1729 (Psal.
1470 1672 1528 1723 ιι,
1562 1654 1640 1726 1).
1678 1650 1843 1707 Facta
1868 1660 1942 1706 est
1967 1648 2074 1703 ha:-

476 1760 669 1815 reditas
698 1773 811 1812 mea
839 1755 988 1825 mihi,
1013 1756 1147 1810 sicut
1176 1754 1254 1807 leo
1281 1754 1333 1807 in
1363 1751 1493 1806 silva
1542 1748 1674 1823 (Jer.
1710 1763 1807 1813 xu,
1838 1744 1918 1817 8).
1967 1743 2070 1798 Ista

477 1867 601 1923 quae
652 1866 816 1922 super
864 1859 1063 1905 terram
1118 1855 1237 1902 erat
1281 1843 1575 1900 luereditas
1618 1842 1736 1911 ejus
1778 1855 1937 1911 quam
1969 1838 2071 1893 sibi
2103 1836 2152 1897 B

474 1944 642 2017 820
669 1945 909 2016 elegerat
938 1943 989 1997 in
1018 1939 1428 2012 possessionem
1451 1980 1465 2002 ,
1495 1951 1618 2008 qua:
1649 1948 1775 2005 pars
1805 1933 1922 2004 ejus
1958 1932 2073 1987 fne-

475 2050 580 2102 rat,
611 2035 833 2093 efferata
866 2043 951 2091 est
974 2033 1235 2089 adversus
1258 2046 1407 2099 eum,
1430 2039 1484 2086 et
1509 2028 1649 2083 faeta
1672 2038 1756 2083 est
1781 2024 2072 2081 hazreditas

474 2130 615 2202 ejus,
645 2129 698 2186 id
719 2138 828 2195 est,
859 2127 1035 2184 Judmi
1062 2126 1212 2197 quasi
1244 2126 1331 2181 leo
1355 2125 1408 2179 in
1432 2124 1586 2179 silva.
1629 2120 1743 2176 Nec
1762 2119 2071 2174 mirandum

474 2232 557 2281 est
601 2224 647 2279 si
696 2231 805 2278 tam
855 2220 965 2294 [AL
1007 2219 1157 2292 tunc]
1200 2219 1335 2273 truci
1380 2216 1574 2273 bellua:
1607 2222 1921 2285 comparata
1961 2215 2068 2268 sit:

475 2330 650 2386 usque
675 2312 743 2369 ad
769 2321 1091 2384 praesentem
1123 2310 1269 2366 diem
1302 2310 1487 2365 leones
1507 2318 1634 2365 sunt
1661 2309 1715 2362 in
1747 2307 1904 2373 silva,
1935 2320 2069 2360 ana-

476 2407 895 2463 tbematizantes
943 2406 1228 2461 Dominum
1273 2404 1459 2459 Jesum
1484 2448 1497 2472 ,
1532 2411 1589 2458 et
1631 2400 2072 2472 blaSphemantes

475 2497 664 2563 illum,
715 2507 772 2553 et
819 2496 1141 2551 insidiantes
1184 2494 1534 2551 credentibus
1583 2492 1700 2565 [ΑΙ.
1753 2491 2072 2566 credentes]

474 2592 681 2649 nomini
705 2591 846 2658 ejus.
882 2589 1049 2645 Facta
1073 2599 1149 2645 est
1177 2590 1448 2645 Inereditas
1476 2604 1592 2644 mea
1612 2588 1738 2642 mihi
1764 2587 1894 2642 sicut
1924 2587 2002 2642 leo
2018 2589 2072 2641 in

456 2688 625 2742 .silva.
684 2684 836 2739 Dedit
878 2700 1032 2755 super
1067 2701 1147 2739 me
1188 2699 1362 2738 uocem
1394 2700 1575 2750 suam,
1616 2681 1733 2737 ideo
1766 2681 1902 2735 odivi
1935 2696 2067 2734 eam.

474 2779 746 2851 Numquid
759 2778 1005 2852 spelunca
1023 2787 1095 2832 est
1116 2776 1315 2850 hyaenae
1329 2775 1607 2832 haereditas
1634 2792 1748 2829 utea
1769 2775 1898 2828 mihi
1954 2773 2071 2845 (Je-

472 2887 602 2928 rem.
634 2888 734 2939 xu,
774 2872 970 2941 8)?De
1010 2885 1107 2925 sua
1160 2869 1484 2925 haereditate
1527 2867 1897 2939 praenuntiat,
1925 2866 2072 2937 quod

472 2966 734 3038 spelunca
761 2963 971 3038 hyaenae
998 2963 1180 3019 futura
1206 2965 1299 3030 sit,
1335 2964 1522 3018 bestiae
1545 2961 1747 3018 rabida:
1771 2971 1827 3017 et
1851 2960 2067 3027 ferocis,

472 3070 813 3137 mortuorum
862 3057 1222 3113 cadaveribus
1267 3058 1535 3123 viventis,
1578 3072 1699 3127 quae
1734 3070 1955 3125 semper
1983 3070 2071 3111 se-

471 3154 679 3226 pulcris
702 3161 759 3209 et
779 3153 995 3208 ossibus
1026 3151 1267 3207 incubat.
1305 3150 1577 3222 Numquid
1597 3150 1843 3221 spelunca
1869 3147 2069 3220 hyteua:

472 3251 747 3307 htereditas
788 3265 903 3306 mea
951 3248 1101 3316 mihi,
1142 3258 1232 3304 aut
1277 3252 1523 3319 spelunca
1571 3247 1629 3303 in
1674 3247 1895 3300 circuitu
1914 3245 2070 3317 ejus?
2096 3242 2141 3307 C

474 3344 609 3418 (Jer.
639 3362 737 3415 xu,
769 3345 853 3419 9.)
887 3344 1155 3414 Quoniam
1181 3345 1316 3399 tales
1338 3352 1487 3411 sunt,
1520 3343 1731 3413 impero
1756 3340 1935 3404 vobis,
1962 3354 2065 3395 au-

474 3441 608 3514 geli,
639 3450 697 3495 ut
724 3441 886 3508 eatis,
919 3449 975 3496 et
1000 3438 1346 3510 congregetis
1374 3437 1602 3503 bestias,
1633 3446 1685 3491 ct
1714 3434 1944 3490 tradatis
1973 3447 2069 3489 cos

470 3535 539 3590 ad
568 3534 998 3590 dilacerandum.
1044 3531 1157 3599 Ite,
1189 3542 1496 3606 congregata
1520 3547 1694 3586 omnes
1721 3529 1907 3585 bestias
1927 3529 2063 3601 agri,

469 3630 699 3697 ueniant,
729 3639 775 3684 et
796 3628 1108 3683 manducent
1133 3643 1239 3684 eos.
1284 3626 1563 3682 Venerunt
1584 3625 1778 3681 bestiae
1807 3624 1944 3695 agri,
1969 3623 2066 3678 de-

469 3733 805 3779 voraverunt
847 3723 1101 3793 populum
1142 3721 1482 3777 Judmorum.
1548 3718 1681 3775 Vide
1710 3733 1871 3774 exesa
1901 3716 2064 3772 corda

470 3816 716 3872 omnium
764 3832 795 3871 a
842 3813 1254 3871 fortitudinibus
1303 3813 1616 3871 contrariis.
1695 3813 1750 3869 Si
1782 3811 1890 3867 illis
1919 3810 2065 3866 Deus

472 3923 581 3963 non
604 3907 868 3978 pepercit,
897 3907 993 3961 sed
1018 3906 1126 3960 ait:
1161 3902 1265 3969 Ite,
1290 3910 1600 3977 congregate
1624 3902 1833 3968 bestias,
1861 3910 2064 3972 quanto

473 4002 646 4070 magis
696 3998 857 4054 nobis
905 4014 1013 4055 non
1062 3998 1283 4071 parcet?
1333 3998 1390 4054 Si
1434 4013 1540 4053 non
1572 3996 1862 4053 fecerimus
1889 3996 2063 4066 legem

472 4094 615 4163 ejus,
644 4091 689 4147 si
718 4105 1029 4148 sermonem
1067 4090 1348 4161 Evangelii
1378 4088 1782 4161 neglexerimus
1801 4130 1817 4155 ,
1846 4102 2062 4142 rursum

475 4174 655 4244 dieet:
686 4184 792 4252 Ite,
824 4194 1133 4260 congregate
1164 4183 1374 4249 bestias,
1406 4193 1453 4237 et
1480 4183 1673 4237 tradite
1704 4191 1731 4220 ⁸
1762 4198 1894 4236 eam.
1956 4178 2063 4237 Sed

472 4295 577 4338 nos
596 4280 932 4357 conﬁdamus
962 4279 1015 4333 in
1046 4277 1308 4345 Domino,
1342 4286 1399 4333 et
1426 4277 1478 4331 in
1507 4278 1758 4333 oratione
1781 4275 2059 4330 dicamus:

478 4373 563 4431 Ne
581 4374 759 4430 tradas
779 4373 952 4428 bestiis
964 4374 1193 4427 animam
1207 4372 1535 4442 conﬁtentem
1550 4369 1641 4424 tibi
1659 4367 2037 4443 (Psal.uxm)
2048 4408 2061 4423 .

471 4469 709 4542 Agamus
744 4468 1125 4540 paenitentiam
1154 4481 1321 4539 super
1354 4465 1591 4537 peccatis
1622 4464 1849 4533 nostris,
1887 4462 2061 4520 conﬂ-

472 4572 686 4621 teamur
723 4563 922 4620 delicta
970 4580 1090 4634 qua:
1134 4563 1393 4631 fecimus,
1441 4572 1495 4617 et
1526 4562 1712 4617 bestiis
1742 4578 1850 4617 non
1881 4561 2062 4617 trade-

474 4675 641 4716 mur:
675 4656 807 4728 quin
854 4658 1035 4729 potius
1081 4655 1261 4727 angeli
1307 4655 1569 4723 venient,
1601 4656 1691 4725 qui
1736 4671 1834 4712 nos
1861 4656 1916 4711 in
1942 4655 2065 4710 sinu

476 4766 577 4809 suo
605 4761 909 4824 gestantes,
937 4750 1008 4806 de
1038 4751 1274 4806 terrenis
1304 4749 1441 4806 locis
1467 4749 1533 4805 ad
1556 4751 1801 4807 coelestia
1834 4750 2070 4807 transfe-

475 4854 619 4909 rant.
646 4853 703 4901 et
723 4844 793 4901 de
822 4843 1080 4916 praesenti
1111 4842 1315 4899 saeculo
1355 4844 1409 4897 in
1450 4851 1769 4914 perpetuam
1798 4844 2070 4899 collocent

477 4938 865 5005 aeternitatem,
896 4936 952 4993 in
972 4936 1194 4993 Christo
1214 4934 1364 5003 Jesu,
1392 4938 1478 4993 cui
1508 4947 1591 4993 est
1618 4938 1792 5009 gloria
1811 4947 1868 4995 et
1894 4937 2067 5009 impe-

474 5032 615 5089 rium
646 5033 700 5089 in
727 5031 927 5089 saecula
957 5030 1307 5088 saeculorum.
1340 5037 1536 5087 Amen.

1014 5145 1300 5202 HOMILIA
1338 5145 1526 5203 NONA

476 5242 554 5302 De
583 5258 649 5300 eo
674 5242 818 5316 quod
836 5241 1097 5313 scriptum
1122 5252 1233 5297 est:
1271 5240 1452 5295 Omnis
1476 5250 1590 5296 uter
1626 5242 1924 5316 implebitur
1944 5246 2065 5301 vina

547 5370 575 5400 ι
613 5361 809 5426 Antea,
859 5365 909 5413 et
956 5356 1292 5429 traditereos,
1340 5356 1695 5413 dissentiente
1731 5358 1976 5429 Rabano,
2009 5369 2065 5417 et

471 5434 664 5506 Graeco
696 5440 868 5496 textu,
898 5428 1263 5506 nutri-apudet;

538 5505 566 5545 δ
598 5505 882 5560 lnterserit
908 5501 1185 5567 Rabanns,
1222 5502 1286 5554 de
1310 5501 1511 5555 utribus
1540 5516 1559 5555 :
1588 5501 1751 5572 idque
1780 5504 1966 5559 verius
1996 5505 2063 5562 ad

472 5577 720 5653 Graecum
768 5573 1355 5653 s:_-ltein_arc_liet_ypum
1390 5590 1404 5627 :
1434 5574 1717 5637 ἀκολούθως
1744 5579 1913 5640 αὐτοῖς
1940 5581 2063 5653 περὶ

469 5656 569 5706 τῶν
597 5651 768 5704 ἀσκῶν
796 5646 1043 5720 ὀψόμεθα,
1068 5643 1147 5720 ὅτε
1170 5643 1367 5720 ἀληθές,
1399 5654 1507 5700 etc.

548 5732 570 5761 ο
606 5717 932 5790 Integrando
975 5717 1170 5790 testui,
1216 5718 1308 5787 qui
1350 5728 1505 5773 antea
1550 5735 1774 5776 mancus
1818 5729 1956 5787 erat,
1993 5739 2059 5779 ex

469 5792 697 5849 Rabano
734 5788 913 5884 verba
944 5788 1293 5884 .sullecimus,‘
1330 5790 1486 5872 .uinea
1526 5807 1733 5884 e'orujm,
1780 5800 1826 5884 et
1843 5793 2060 5884 ’paln‘ies

468 5879 650 5922 eorum
668 5902 684 5931 ,
715 5876 838 5933 quas
859 5868 916 5916 et
943 5861 998 5917 in
1028 5859 1222 5917 Graeco
1248 5860 1512 5933 Origenes
1537 5859 1745 5935 laudat,
1775 5868 1806 5927 ἡ
1835 5859 2061 5938 ἄμπελος

2248 490 2398 550 uestri
2431 490 2712 638 lacrginéqs,
2739 490 2867 566 quia
2891 494 3147 549 contritus
3175 501 3246 548 est
3274 508 3401 567 grex
3433 490 3648 547 Domini
3671 491 3785 563 (Je-

2248 583 2388 623 rem.
2416 583 2532 631 xui,
2666 607 2678 620 .

2247 583 2388 623 rem.
2416 583 2532 631 XIII,
2569 583 2591 622 ι
2611 583 2678 631 Δ).

2246 660 2403 728 Quod
2447 676 2477 715 a
2522 659 2635 715 Deo
2661 658 2944 732 prophetae
2970 657 3191 728 jubetur
3216 665 3273 712 ut
3302 656 3479 724 dicat,
3512 655 3673 712 debet
3701 655 3784 712 di-

2175 769 2338 826 gnum
2371 768 2493 810 esse
2518 754 2743 824 imperio
2777 753 2891 809 Dei.
2951 751 3059 809 Sed
3087 766 3194 807 non
3222 749 3438 805 videtur
3462 748 3707 820 dignum,
3740 749 3788 805 si

2176 861 2494 903 maneamus
2522 847 2573 901 in
2590 846 2789 913 littera,
2818 843 3022 902 etnibil
3051 844 3212 899 altius
3236 844 3595 915 requiramus,
3618 843 3781 914 821

2174 941 2441 1007 intantum
2491 950 2550 997 ut
2588 944 2632 998 si
2676 940 2797 1012 quis
2852 940 3002 996 rudis
3044 939 3261 995 auditor
3300 938 3599 1006 exsuiterit,
3641 938 3789 995 dicat

2176 1036 2417 1107 ineptum
2462 1051 2584 1091 esse
2612 1035 2909 1107 Scripturis
2940 1050 3131 1090 aurem
3164 1033 3606 1100 accommodare,
3636 1042 3691 1089 et
3718 1046 3785 1089 ea

2176 1146 2509 1203 cognoscere
2551 1146 2673 1201 qua:
2720 1130 2775 1185 in
2807 1130 2885 1185 eis
2928 1129 3274 1184 lectitantur.
3321 1128 3437 1184 lloc
3466 1137 3549 1183 est
3578 1126 3784 1182 dictum

2174 1226 2431 1281 animalis
2465 1242 2479 1279 :
2514 1222 2770 1279 Animalis
2798 1224 2988 1296 quippe
3015 1221 3170 1276 homo
3199 1238 3304 1276 non
3335 1220 3550 1293 percipit
3578 1237 3638 1276 ea
3666 1235 3785 1289 qua:

2176 1328 2297 1372 sunt
2326 1319 2544 1388 spiritus
2577 1317 2696 1372 Dei.
2729 1316 2968 1373 Stultitia
2999 1316 3135 1372 enim
3164 1316 3210 1371 ei
3239 1324 3314 1371 est
3344 1315 3387 1387 (l
3419 1313 3542 1370 Cor.
3574 1330 3635 1378 ιι,
3668 1312 3785 1384 14).

2175 1413 2600 1468 Considercmus
2641 1425 2775 1482 ergo
2817 1410 2911 1465 Dei
2942 1425 3253 1466 sermonem
3283 1408 3417 1479 quid
3445 1408 3630 1477 jubeat
3667 1425 3680 1461 :
3713 1405 3784 1461 Et

2178 1507 2317 1562 dices
2352 1506 2420 1559 ad
2452 1504 2702 1574 populum
2732 1519 3017 1559 sermonem
3045 1502 3200 1557 istum
3230 1517 3250 1556 :
3281 1500 3413 1555 ch
3442 1501 3566 1555 dicit
3598 1499 3783 1555 Domi-

2176 1617 2276 1655 nus
2316 1598 2456 1653 Deus
2502 1596 2693 1653 Israel.
2738 1596 2894 1665 Quod
2942 1595 3079 1651 dicit
3121 1595 3385 1650 Dominus
3419 1594 3560 1647 Deus
3587 1592 3777 1663 Israel,

2178 1692 2400 1763 dignum
2447 1704 2633 1759 quaeso
2674 1688 2744 1743 sit
2786 1688 3020 1743 Domino
3061 1688 3174 1742 Deo
3218 1686 3409 1742 Israel.
3450 1685 3630 1740 Omnis
3672 1696 3788 1741 uter

2177 1782 2471 1853 implebitur
2509 1784 2647 1836 uino.
2677 1778 2912 1851 Eritque,
2944 1780 2991 1834 si
3021 1779 3244 1834 dixerint
3283 1777 3353 1833 ad
3384 1788 3432 1832 te
3463 1794 3482 1834 :
3512 1778 3784 1850 Numquid

2179 1885 2540 1949 cognoscentes
2573 1874 2760 1947 [Forte
2790 1873 2874 1946 et]
2905 1890 3007 1928 non
3050 1872 3404 1945 cognoscimus
3434 1870 3559 1943 [AL
3593 1886 3787 1941 cogno-

2175 1968 2417 2042 scemus].
2439 1968 2561 2040 quia
2598 1967 2761 2021 onmis
2794 1977 2908 2021 uter
2925 1965 3349 2037 implebitur-uino
3366 1964 3391 2016 ?
3418 1964 3545 2019 llaec
3559 1978 3785 2033 respon-

2176 2064 2387 2128 dentes,
2435 2063 2481 2118 si
2498 2062 2956 2118 tantumlitteram
2986 2071 3312 2129 sequuntur,
3346 2069 3399 2117 et
3416 2061 3785 2116 dicuntnosse

2175 2171 2257 2224 se,
2304 2157 2429 2228 quia
2461 2155 2640 2210 omnis
2673 2164 2791 2210 nter
2821 2154 3138 2225 implebitur
3167 2158 3313 2221 vino,
3349 2153 3630 2209 falluntur.
3660 2152 3777 2208 Non

2177 2248 2322 2305 enim
2366 2248 2683 2305 necessario
2724 2248 2992 2319 sequitur,
3026 2255 3085 2303 ut
3110 2242 3302 2302 omnes
3331 2254 3484 2303 utres
3508 2246 3778 2316 implean-

2179 2353 2265 2398 tur
2294 2344 2443 2397 vino.
2472 2340 2613 2399 Sunt
2643 2352 2796 2399 utres
2823 2343 2947 2397 oleo
2979 2340 3125 2411 pleni
3158 2359 3170 2395 :
3204 2352 3334 2397 sunt
3364 2339 3458 2396 alii
3483 2356 3513 2395 a
3540 2340 3787 2411 qualibet

2177 2435 2437 2505 liquentis
2467 2445 2679 2492 natura:
2708 2436 2939 2492 materia
2969 2436 3150 2503 vacui,
3179 2444 3273 2491 aut
3302 2448 3452 2492 certe
3474 2452 3581 2490 non
3608 2436 3777 2505 pleni.

2180 2528 2442 2586 Dominus
2462 2539 2642 2585 autem
2665 2529 2801 2585 dicit
2822 2545 3037 2586 omnem
3060 2537 3240 2587 utrem
3265 2530 3600 2602 implendum
3618 2531 3777 2585 vino:

2176 2631 2231 2678 et
2261 2624 2493 2695 populus
2525 2623 2804 2695 respondit
2835 2641 2849 2679 :
2886 2624 3158 2696 Numquid
3187 2636 3552 2696 cognoscentes
3571 2642 3674 2679 non
3695 2640 3787 2679 co-

2175 2718 2469 2788 gnoscimus
2502 2715 2611 2790 [AL
2639 2716 3030 2789 cognoscemus]
3058 2719 3180 2789 quia
3212 2718 3380 2772 omnis
3408 2726 3519 2771 uter
3546 2717 3784 2790 implebi-

2178 2819 2262 2865 tur
2286 2811 2429 2865 vino?
2458 2811 2589 2880 Quae
2616 2810 2834 2882 quidem
2858 2812 3015 2881 juxta
3044 2821 3419 2883 paupertatem
3449 2812 3647 2883 ingenii
3672 2811 3782 2868 mei

2174 2903 2254 2959 sic
2295 2913 2550 2973 poterunt
2592 2905 2972 2976 interpretari,
3014 2906 3060 2961 si
3106 2906 3260 2976 prius
3299 2905 3415 2961 vini
3442 2906 3782 2964 dill‘erentias

2172 2999 2617 3067 perspexerimus
2646 2997 2757 3072 [AL
2792 2999 3260 3072 prospexerimus]
3283 3042 3299 3068 ,
3332 3010 3392 3056 ut
3432 3010 3560 3057 tunc
3590 3016 3782 3058 conse-

2173 3100 2402 3163 quenter
2441 3091 2468 3131 δ
2514 3101 2841 3159 tractemus,
2880 3108 3070 3149 verum
3115 3109 3238 3150 esse
3265 3094 3409 3165 quod
3441 3094 3645 3150 dictum
3674 3104 3779 3163 est,

2172 3184 2298 3254 quia
2331 3186 2507 3240 omnis
2538 3195 2658 3242 uter
2691 3186 3010 3257 implebitur
3036 3188 3187 3243 vino.
3214 3186 3344 3244 Sive
3374 3188 3517 3243 enim
3544 3189 3666 3259 quis
3687 3189 3784 3244 bo-

2174 3292 2275 3333 nus
2320 3288 2406 3334 est
2434 3278 2519 3351 (ut
2550 3278 2626 3334 ita
2670 3279 2883 3352 loquar)
2913 3279 3056 3337 inter
3090 3292 3270 3349 utres,
3319 3290 3438 3339 uter
3470 3283 3783 3353 implebitur

2170 3372 2296 3427 vino
2332 3372 2592 3428 bonitatis
2622 3388 2735 3429 suae
2766 3391 2779 3427 :
2811 3374 2927 3429 sive
2960 3374 3131 3431 malus
3157 3374 3317 3446 juxta
3350 3376 3472 3443 hoc,
3498 3376 3642 3447 quod
3666 3390 3780 3431 ma-

2156 3465 2254 3520 lus
2295 3474 2403 3532 est,
2445 3470 2589 3522 malo
2627 3469 2755 3521 vino
2796 3467 3131 3538 implebitur.
3176 3468 3461 3535 Quomodo
3490 3486 3621 3540 ergo
3651 3485 3775 3538 pos-

2166 3574 2354 3613 sumus
2396 3560 2464 3614 de
2501 3558 2807 3630 Scripturis
2833 3562 3083 3631 accipere
3113 3560 3455 3617 dill‘erentias
3488 3561 3635 3618 vini?
3664 3560 3773 3618 Su-

2168 3668 2269 3724 per
2301 3652 2445 3708 malo
2488 3655 2616 3708 vino
2647 3654 2748 3709 ista
2782 3654 3087 3725 conscripta
3115 3664 3242 3710 sunt
3276 3673 3285 3709 :
3320 3651 3400 3710 De
3428 3656 3573 3709 vinea
3600 3655 3773 3709 Sodo-

2167 3763 2391 3817 morum,
2424 3758 2446 3786 ο
2480 3734 2628 3803 vinea
2659 3764 2858 3812 eorum,
2889 3759 2936 3802 et
2958 3748 3154 3820 palmes
3174 3765 3353 3803 eorum
3377 3748 3442 3803 de
3461 3747 3777 3812 Gomorrha,

2168 3857 2265 3895 uva
2297 3840 2406 3913 [AL
2441 3838 2574 3912 utne]
2602 3856 2781 3896 eorum
2811 3858 2907 3895 uua
2935 3839 3192 3914 [ALurte]
3206 3840 3551 3915 fellis,botrus
3580 3842 3778 3896 amari-

2166 3936 2362 3989 tudinis
2402 3936 2456 3989 in
2494 3936 2588 4002 eis,
2633 3951 2882 3990 uenenum
2922 3936 3204 3990 draconum
3243 3936 3419 3990 vinum
3466 3951 3642 3989 eorum
3668 3974 3684 4000 ,
3729 3942 3779 3988 et

2163 4029 2301 4084 virus
2339 4030 2586 4099 aspidum
2629 4029 2923 4083 insanabile
2952 4027 3133 4100 (Deut.
3164 4045 3343 4100 xxxu,
3374 4029 3488 4099 52).
3524 4028 3600 4083 De
3631 4028 3779 4083 bono

2166 4121 2284 4178 haec
2327 4123 2580 4179 dicuntur
2610 4139 2623 4176 :
2658 4120 2810 4177 Catia:
2852 4134 2970 4177 tuus
3011 4122 3269 4178 inebrians
3303 4138 3459 4193 quam
3490 4124 3781 4191 prieclurus

2165 4212 2495 4284 est(Psalm.
2542 4230 2674 4284 χχιι,
2720 4213 2812 4287 5)?
2854 4214 2923 4269 Et
2967 4214 3235 4284 sapientia
3262 4225 3529 4270 convocat
3559 4214 3627 4271 ad
3656 4230 3779 4270 cra-

2173 4315 2348 4363 terem
2381 4322 2564 4372 suum,
2596 4306 2814 4362 dicens:
2847 4303 3047 4373 Venite,
3079 4308 3390 4363 manducale
3419 4325 3580 4381 panes
3615 4325 3775 4375 meos,

2163 4401 2327 4473 822
2357 4408 2406 4453 et
2438 4399 2589 4453 bibite
2616 4399 2813 4466 uinum,
2844 4400 2985 4470 quod
3011 4399 3193 4453 miscui
3214 4400 3354 4454 vobis
3376 4399 3565 4474 (Prov.
3590 4416 3669 4467 IX,
3696 4402 3775 4471 ὅ).

2168 4494 2265 4549 Esi.
2312 4510 2442 4564 ergo
2482 4493 2670 4549 vinum
2707 4492 2777 4549 de
2815 4493 3091 4562 Sodomis,
3124 4504 3177 4550 et
3208 4504 3294 4551 est
3320 4492 3348 4532 ά
3383 4495 3593 4563 vinum,
3630 4492 3776 4565 quod

2089 4628 2142 4690 ι)
2168 4588 2386 4644 miscuit
2404 4585 2701 4657 Sapientia.
2729 4586 3075 4657 Rursumque
3099 4604 3112 4640 :
3136 4586 3304 4643 Vinea
3327 4592 3469 4659 facta
3490 4597 3563 4643 est
3585 4586 3776 4642 dilecto

2174 4679 2285 4753 [AL
2316 4678 2547 4752 dilectio]
2591 4682 2643 4734 in
2671 4696 2852 4745 cornu,
2892 4680 2948 4733 in
2975 4677 3088 4734 loco
3118 4680 3287 4750 uberi,
3315 4681 3551 4751 plantata
3578 4696 3606 4733 a
3639 4680 3772 4747 Deo,

2173 4789 2295 4845 qua:
2334 4780 2558 4829 vocatur
2593 4772 2751 4828 vinea
2781 4771 2974 4840 Sorec,
3008 4772 3181 4829 electa
3213 4783 3236 4810 υ
3267 4774 3516 4843 qua-dam
3544 4784 3598 4829 et
3632 4774 3775 4829 inter

2174 4882 2363 4924 omnes
2390 4867 2578 4923 vineas
2618 4864 2906 4920 mirabilis.
2940 4865 3038 4921 Est
3066 4874 3249 4921 autem
3280 4866 3389 4921 alia
3418 4866 3577 4921 vinea
3604 4864 3774 4938 Egy-

2174 4965 2436 5036 ptiorum,
2475 4977 2636 5035 quam
2680 4960 2915 5032 percutit
2956 4960 3120 5026 Deus,
3159 4960 3456 5016 secundum
3499 4958 3576 5025 id,
3628 4958 3773 5029 quod

2172 5060 2432 5130 scriptum
2465 5069 2547 5113 est
2576 5074 2589 5111 :
2627 5055 2892 5111 Percussit
2920 5055 2974 5108 in
3003 5053 3256 5126 grandine
3284 5054 3456 5109 vineas
3484 5070 3682 5120 eorum,
3724 5063 3774 5108 et

2173 5154 2303 5222 ﬁcus
2338 5166 2517 5207 eorum
2543 5150 2597 5205 in
2630 5148 2751 5223 gelu
2806 5148 3035 5219 (Psalm.
3065 5164 3270 5216 Lxxvu,
3298 5147 3415 5221 47).
3446 5146 3774 5203 Considere-

2174 5262 2293 5303 mus
2334 5261 2466 5318 ergo
2508 5259 2697 5300 omnes
2742 5244 2995 5300 homines
3045 5244 3339 5317 liguraliter
3378 5258 3608 5315 capaces
3648 5259 3773 5301 esse

2171 5363 2357 5433 αὐτῶν,
2389 5364 2475 5417 καὶ
2502 5362 2533 5420 ἦ
2553 5361 2798 5433 κληματίς
2824 5361 3015 5416 αὐτῶν.

2239 5432 2265 5470 ά
2303 5435 2497 5505 Deerat
2525 5429 2780 5487 vox'haec
2807 5437 3002 5499 altera,
3023 5429 3224 5499 uinum,
3246 5447 3410 5505 quam
3432 5439 3489 5488 et
3511 5430 3771 5488 Rabanus

2167 5504 2319 5576 legit,
2348 5515 2404 5559 et
2429 5504 2652 5561 Graecus
2678 5511 2881 5558 textus.

2243 5587 2266 5615 θ
2308 5577 2612 5646 Legebatnr
2651 5583 2836 5640 antea,
2873 5573 3034 5646 electa
3072 5574 3283 5645 quidem
3312 5576 3451 5630 inter
3478 5592 3652 5632 omnes
3692 5576 3770 5631 vi-

2167 5665 2329 5714 neas;
2360 5645 2614 5702 mirabilis
2642 5657 2812 5700 autem
2840 5657 2916 5700 est
2945 5645 3076 5713 alia,
3108 5659 3240 5712 etc.,
3272 5646 3629 5703 di~sentieute
3664 5648 3767 5703 Ra-

2167 5722 2289 5777 bani
2305 5724 2457 5776 conci
2469 5721 2659 5774 nninre
2672 5717 2963 5773 admodum
2995 5718 3223 5773 lectione
3244 5732 3298 5773 et
3321 5719 3363 5774 (Ξ
3375 5734 3536 5789 rsero,
3560 5722 3765 5781 ἑκλςκτή

2165 5817 2245 5857 τις
2268 5789 2407 5851 οὖσα
2428 5796 2513 5850 καὶ
2525 5794 2827 5866 θαυμαᾳτή·
2856 5793 2972 5849 ἔστι
2994 5789 3048 5847 δέ
3076 5814 3155 5866 τις
3173 5796 3265 5866 καὶ
3289 5788 3534 5866 ἄμπελος,
3565 5803 3671 5848 etc.
3695 5803 3767 5866 _ut

2164 5869 2387 5925 minime
2410 5866 2477 5924 ad
2500 5862 2721 5937 Egypti
2752 5866 2967 5923 vineam
2996 5862 3249 5920 mirabilis
3274 5862 3764 5936 appositum,refe-
