4128 6346
337 270 453 331 649

917 272 1361 337 TRANSLATIO
1396 276 1838 342 HOMILIARUM
1876 278 2201 345 ORIGENIS
2240 284 2309 345 IN
2347 286 2717 350 JEREMIAM.
2763 291 2931 354 ΗΟΜ.
2974 298 3072 357 ΙΧ.

3542 307 3648 365 650

337 394 483 462 vini,
535 408 640 453 nec
697 395 846 454 aliud
901 398 982 455 eis
1041 414 1328 471 possumus
1380 416 1579 459 nomen
1638 404 1940 475 imponere,
1969 405 2026 468 Α
2048 419 2143 461 eos
2172 406 2263 477 qui
2297 410 2511 478 penitus
2536 424 2566 464 a
2599 410 2794 479 pietate
2819 413 3128 487 discedunt,
3153 422 3209 474 et
3230 430 3298 475 ex
3320 419 3467 475 omni
3490 431 3647 491 parte

345 487 371 508 '
417 489 508 562 qui
557 504 787 561 capaces
833 491 945 547 vini
989 503 1138 563 sunt,
1187 510 1345 566 quam
1391 496 1620 565 utrium,
1665 506 1721 554 et
1762 498 1946 554 dicere

338 583 470 655 quia
514 599 749 656 nequam
796 584 962 642 homo
1001 587 1194 658 plenus
1224 589 1295 644 sit
1323 590 1453 645 vino
1478 590 1547 647 de
1578 590 1737 647 vinea
1771 591 1945 648 Sodo-

338 694 556 735 morum
588 689 644 736 et
671 679 1074 754 Egyptiorum,
1105 682 1299 752 plenus
1326 683 1454 739 vino
1489 684 1835 742 inimicorum
1867 685 1943 742 ls-

336 772 459 829 rael
502 790 516 829 :
560 782 780 831 sanctus
819 790 952 833 vero
992 784 1050 833 et
1087 776 1136 834 is
1174 777 1267 848 qui
1295 776 1351 833 in
1379 777 1674 835 virtutibus
1703 779 1940 849 prolicit,

337 867 535 938 plenus
562 869 636 923 sit
662 868 794 925 vino
823 868 892 927 de
917 870 1076 927 vinea
1096 869 1285 938 Sorec,
1310 872 1439 927 vino
1459 870 1530 928 de
1553 886 1659 943 quo
1681 872 1943 943 scriptum

338 967 427 1016 est
465 978 480 1015 :
521 958 680 1018 Calia:
719 971 835 1018 tuus
870 962 1132 1020 inebrians
1161 980 1317 1035 quam
1357 966 1636 1034 prteclarus
1666 974 1738 1022 est
1769 966 1942 1036 (Psal.

335 1046 476 1122 xm,
496 1055 579 1127 5),
600 1055 729 1113 vino
752 1056 896 1128 quod
928 1056 1148 1115 miscuit
1169 1059 1469 1129 Sapientia.
1492 1060 1558 1117 Et
1583 1060 1700 1118 haec
1722 1061 1942 1133 quidem

338 1148 624 1206 intellecta
661 1148 688 1188 ι)
738 1150 872 1207 mihi
917 1149 1029 1207 sint
1085 1151 1389 1209 secundum
1439 1153 1735 1225 nequitiam
1780 1163 1943 1227 atque

337 1240 618 1310 virtutem,
665 1249 723 1299 ut
760 1258 1124 1316 agnoscamus
1163 1246 1441 1318 quomodo
1482 1248 1660 1305 omnis
1691 1256 1813 1306 uter
1839 1248 1943 1304 im-

341 1336 583 1407 plebitur
607 1336 756 1393 vino.
788 1337 845 1394 Si
877 1348 1062 1396 autem
1096 1341 1363 1413 nequitia,
1402 1356 1499 1398 seu
1525 1342 1821 1399 virtutibus
1852 1343 1944 1400 im-

338 1431 593 1503 pleantur
632 1440 819 1502 utres,
871 1449 1214 1507 consequens
1262 1444 1367 1504 est,
1410 1446 1469 1493 ut
1514 1438 1800 1509 suppliciis
1841 1438 1942 1494 im-

339 1524 593 1594 pleantur
619 1526 690 1582 ob
717 1528 1039 1598 nequitiam,
1070 1529 1541 1588 benedictionibus
1568 1531 1639 1589 ob
1658 1532 1938 1590 virtutem.

341 1616 659 1677 Exhibeant
684 1634 856 1678 sacrae
884 1622 1083 1679 litterae
1116 1623 1489 1682 testimonium
1519 1642 1627 1698 quo
1646 1636 1805 1698 pacto
1830 1638 1943 1686 tor-

342 1721 528 1769 menta
566 1728 665 1770 seu
708 1716 1163 1786 repromissiones
1206 1718 1392 1775 vinum
1439 1730 1783 1792 nuncupetur
1817 1722 1935 1796 [ΑΙ.

2050 497 2297 569 religionl
2320 500 2700 572 adversantur,
2728 504 2747 576 j
2751 504 2837 561 Al.
2868 508 3184 579 religionem
3217 514 3561 589 aversantur]
3593 515 3643 570 in

2051 598 2257 647 tantum
2289 600 2348 648 ut
2383 592 2610 651 fortuitu
2640 604 2695 652 et
2726 600 2993 668 pecudum
3024 618 3174 660 more
3206 606 3422 671 vivant,
3452 608 3648 665 biben-

2048 690 2130 739 tes
2157 684 2385 741 calicem
2413 686 2520 742 vini
2548 688 2686 744 meri
2715 704 2875 760 quem
2913 692 2981 750 de
3009 694 3259 753 Jeremiae
3289 698 3430 755 libro
3460 710 3645 772 protu-

2047 775 2207 833 limus
2251 795 2264 832 :
2304 793 2399 835 eos
2433 794 2565 836 vero
2600 781 2695 853 qui
2733 799 2840 839 non
2882 788 3100 855 penitus
3140 801 3510 863 recesserunt,
3549 793 3648 850 sed

2046 883 2174 926 cum
2219 870 2328 927 sint
2374 882 2714 944 peccatores,
2766 884 2821 933 et
2865 878 3073 951 indigni
3119 881 3433 950 judicentur
3475 886 3647 945 calice
3690 906 3693 909 ‘

2045 964 2172 1019 novi
2210 963 2565 1036 Testamenti,
2605 977 2661 1025 et
2697 968 2905 1028 faciant
2938 987 3085 1045 saepe
3118 975 3261 1033 bona
3286 993 3472 1049 opera,
3501 996 3650 1055 smpe

2046 1059 2341 1127 contraria,
2369 1060 2620 1119 bibentes
2649 1064 2876 1122 calicem
2904 1083 3059 1124 mero
3086 1070 3339 1127 mixtum.
3366 1071 3650 1131 Incliuavit

2046 1151 2181 1205 enim
2209 1151 2356 1210 Deus
2390 1172 2453 1210 ea:
2479 1156 2576 1212 hoc
2604 1158 2660 1212 in
2684 1158 2842 1214 illud.
2878 1160 3022 1230 Quid
3053 1172 3136 1220 est
3165 1164 3312 1235 quod
3342 1165 3439 1233 ait,
3472 1184 3534 1223 ex
3550 1168 3648 1224 hoc

2044 1246 2099 1302 in
2124 1247 2298 1305 illud?
2322 1250 2429 1308 duo
2455 1253 2651 1323 pocula
2681 1253 2859 1312 video.
2894 1254 3173 1312 Inclinavit
3203 1274 3266 1314 ex
3295 1260 3390 1315 hoc
3417 1260 3471 1314 in
3490 1262 3644 1329 illud,

2045 1350 2392 1399 verumtamen
2403 1345 2681 1419 [texipsius
2695 1357 2882 1405 nonest
2899 1352 3165 1408 exinanita
3194 1352 3539 1425 (Psal.xutt,
3566 1355 3643 1426 9).

2119 1444 2144 1482 Β
2179 1435 2570 1496 Animadverte
2619 1442 2845 1499 calicem
2909 1443 3180 1501 bonorum
3244 1455 3460 1503 tuorum
3516 1462 3647 1519 ope-

2043 1542 2164 1583 rum
2214 1529 2268 1585 in
2322 1546 2426 1586 una
2473 1547 2638 1589 manu
2688 1534 2924 1593 Domini.
2976 1536 3075 1594 Sin
3106 1547 3285 1595 autem
3313 1539 3520 1611 pateris
3549 1540 3649 1596 ali-

2044 1625 2173 1696 quid
2199 1641 2288 1683 me
2329 1628 2589 1686 audacius
2626 1630 2832 1701 dicere,
2877 1632 2949 1689 sit
2989 1634 3044 1689 in
3095 1638 3283 1691 dextra
3324 1650 3488 1691 manu
3531 1634 3653 1706 ejus

2044 1719 2187 1775 calix
2229 1719 2513 1790 virtutum,
2562 1722 2635 1779 sit
2674 1724 2728 1779 in
2762 1724 2979 1785 sinistra
3007 1726 3285 1782 vitiorum.
3315 1724 3453 1782 Cum
3485 1725 3651 1799 igitur

339 1810 767 1884 nuncupantur].
795 1812 982 1885 Accipe
1010 1812 1224 1868 calicem
1250 1815 1357 1868 vini
1382 1817 1510 1871 meri
1540 1817 1686 1871 istius
1714 1826 1765 1873 et
1793 1826 1942 1891 pota-
1972 1814 2021 1875 B
2047 1817 2281 1887 coeperis
2306 1826 2529 1889 propter
2550 1827 2773 1889 peccata
2799 1820 3064 1892 torqueri,
3092 1822 3217 1893 quia
3240 1831 3294 1879 et
3313 1822 3458 1879 bona
3482 1837 3651 1893 opera

338 1900 419 1956 bis
461 1918 634 1957 omnes
664 1912 861 1977 gentes,
890 1906 959 1959 ad
996 1923 1125 1977 quas
1155 1923 1249 1979 ego
1275 1915 1323 1962 te
1353 1909 1501 1964 mitto
1535 1908 1749 1981 (Ierem.
1786 1928 1941 1981 χχιιι,

340 1992 460 2064 15).
498 1994 767 2052 Jeremias
810 2007 990 2054 autem
1030 1998 1147 2055 haec
1172 2000 1413 2071 loquitur
1443 2017 1457 2057 :
1492 2015 1656 2073 super
1685 2005 1830 2076 quod
1860 2006 1942 2062 in-

339 2086 451 2144 fert
494 2106 507 2142 :
554 2088 627 2144 Et
655 2091 841 2162 bibent,
875 2102 924 2148 et
964 2104 987 2132 ο
1018 2102 1238 2164 voment,
1273 2104 1323 2150 et
1346 2097 1626 2165 insanient,
1656 2106 1703 2153 et
1732 2100 1937 2155 cadent.

337 2184 512 2254 Igitur
544 2187 821 2258 supplicia
875 2189 928 2244 in
971 2190 1229 2260 prtesenti
1270 2190 1393 2248 loco
1432 2192 1616 2248 vinum
1662 2208 1940 2250 meracum

338 2281 693 2352 nuncupavit.
739 2281 971 2351 Quidam
1014 2284 1042 2321 (ί
1086 2284 1280 2340 bibunt
1317 2300 1530 2342 meraca
1572 2287 1728 2355 vina,
1762 2287 1818 2343 id
1860 2296 1945 2344 est

341 2372 578 2429 meracis
618 2374 950 2432 cruciatibus
989 2376 1139 2449 digni
1181 2385 1308 2435 sunt
1356 2397 1370 2436 :
1411 2378 1504 2435 alii
1537 2390 1719 2437 autem
1747 2381 1944 2438 bibunt

336 2466 611 2537 supplicia
646 2484 660 2522 :
693 2469 816 2525 vina
842 2469 1060 2542 quidem
1093 2486 1202 2527 non
1233 2473 1451 2543 penitus
1477 2488 1714 2543 meraca,
1749 2476 1845 2531 sed
1875 2492 1943 2532 ex

334 2570 495 2630 parte
520 2562 697 2633 aliqua
730 2571 1030 2635 temperata
1064 2582 1077 2620 :
1113 2562 1266 2621 Calia:
1296 2567 1431 2622 enim
1460 2569 1516 2625 in
1546 2585 1704 2624 manu
1728 2566 1945 2626 Domini

336 2653 446 2708 vini
471 2657 598 2710 meri
629 2656 812 2727 plenus
836 2658 1029 2727 mixto,
1050 2665 1097 2713 et
1122 2658 1568 2717 inclinavitexhoc
1586 2662 1641 2716 in
1664 2661 1820 2731 illud,
1854 2679 1940 2717 ve-

331 2760 636 2806 rumtamen
665 2752 768 2823 {cex
787 2757 899 2827 ejus
927 2770 1029 2809 non
1060 2764 1135 2810 est
1162 2756 1450 2826 exinanita,
1469 2756 1636 2813 bibent
1667 2774 1731 2813 ea:
1750 2774 1808 2814 eo
1834 2775 1944 2814 om-

332 2859 429 2899 nes
458 2852 755 2917 peccatores
786 2856 935 2903 terra:
960 2847 1136 2921 (Psal.
1171 2864 1358 2920 LXXIV,
1389 2850 1467 2922 9).
1495 2850 1555 2907 Si
1587 2851 1668 2909 vis
1695 2861 1750 2908 et
1777 2852 1943 2910 bene-

330 2936 597 2995 dictionis
642 2940 868 2997 calicem
910 2951 933 2979 °
979 2943 1314 3015 perspicere,
1359 2944 1525 3016 823
1561 2960 1721 3016 quem
1748 2945 1942 3002 bibunt

328 3031 493 3102 justi,
543 3032 672 3090 licet
700 3035 932 3091 sufficiat
976 3036 1269 3107 Sapientia
1311 3038 1707 3106 testimonium,
1752 3038 1807 3093 in
1832 3053 1940 3109 quo

331 3128 414 3182 ait
453 3144 468 3184 :
508 3126 677 3183 Bibite
718 3130 894 3185 vinum
927 3130 1067 3202 quod
1100 3130 1283 3186 miscui
1319 3131 1459 3185 vobis
1489 3130 1676 3203 (Prov.
1726 3146 1809 3198 ιχ,
1857 3130 1936 3200 5),

2047 1905 2247 1976 fecisti,
2293 1909 2433 1965 calix
2477 1910 2537 1965 in
2576 1926 2739 1967 manu
2778 1911 2996 1969 Domini
3037 1923 3124 1970 est
3151 1914 3263 1969 vini
3289 1914 3426 1971 meri
3451 1915 3648 1987 plenus

2046 2002 2238 2069 mixto,
2281 2012 2337 2060 et
2376 2002 2656 2061 inclinavit
2697 2021 2763 2063 ex
2803 2006 2911 2065 hoc
2949 2008 3004 2063 in
3045 2007 3179 2065 illud
3223 2028 3236 2063 :
3276 2009 3332 2066 id
3374 2010 3552 2067 estde
3580 2024 3646 2067 eo

2045 2095 2139 2167 qui
2169 2101 2287 2151 erat
2316 2095 2371 2151 in
2398 2096 2643 2167 dextera,
2672 2098 2725 2153 in
2754 2098 2906 2155 illum
2939 2100 3033 2173 qui
3068 2101 3124 2158 in
3149 2102 3371 2158 sinistra
3397 2104 3650 2159 contine-

2044 2188 2225 2245 batur.
2254 2190 2443 2263 Neque
2477 2194 2620 2249 enim
2664 2202 2821 2264 potes
2861 2196 3130 2254 bonorum
3173 2204 3383 2252 tantum
3421 2198 3649 2255 calicem

2046 2284 2255 2355 bibere,
2281 2286 2434 2359 quasi
2462 2287 2604 2345 bona
2633 2291 3011 2347 tantummodo
3041 2292 3237 2350 feceris
3269 2311 3282 2347 :
3314 2309 3497 2365 neque
3522 2311 3649 2352 rur-

2046 2394 2165 2435 sum
2211 2388 2563 2452 peccatorum
2609 2390 2853 2453 tantum,
2899 2386 3026 2457 quia
3068 2394 3125 2443 et
3165 2387 3308 2444 bona
3355 2389 3650 2460 aliquando

2044 2475 2285 2547 gessisti.
2326 2476 2535 2534 idcirco
2571 2477 2860 2536 inclinavit
2887 2496 2953 2535 ex
2978 2480 3146 2554 824.
3176 2482 3279 2537 hoc
3307 2483 3361 2538 in
3398 2483 3557 2550 illud,
3592 2492 3650 2540 ut

2039 2568 2194 2640 juxta
2248 2572 2754 2642 compensationem
2806 2588 3030 2645 operum
3088 2585 3301 2632 tuorum
3350 2577 3649 2634 misceatur

2044 2663 2141 2719 tibi
2185 2664 2515 2735 supplicium
2556 2665 2837 2736 aquatius,
2878 2680 2976 2722 seu
3022 2669 3316 2735 meracius,
3359 2677 3414 2725 et
3454 2684 3651 2726 secun-

2045 2753 2172 2810 dum
2202 2756 2396 2813 merita
2429 2766 2540 2822 tua,
2568 2765 2661 2813 aut
2684 2756 3019 2814 obtundatur
3047 2759 3142 2814 irae
3175 2759 3374 2816 divinae
3401 2761 3646 2827 aculeus,

2044 2855 2139 2903 aut
2166 2856 2477 2906 exacuatur.
2506 2848 2565 2905 Si
2592 2864 2725 2906 vero
2749 2849 2925 2906 bonus
2952 2850 3141 2918 fueris,
3176 2862 3231 2907 et
3265 2852 3360 2910 Dei
3392 2853 3648 2910 mandata

2044 2941 2373 3010 servaveris,
2404 2943 2627 3000 attende
2652 2942 2780 3015 quid
2811 2943 2964 2999 dicas
2992 2960 3008 3001 ι
3037 2942 3264 2999 Calicem
3284 2947 3531 3003 salutaris
3561 2966 3650 3003 ac-

2044 3036 2255 3108 cipiam,
2288 3046 2344 3092 et
2378 3054 2563 3093 nomen
2606 3037 2823 3093 Domini
2860 3038 3107 3092 invocabo
3148 3037 3325 3111 (Psal.
3369 3056 3493 3109 cxv,
3531 3040 3645 3114 15).

2043 3127 2233 3186 Omnis
2257 3132 2422 3203 igitur
2450 3140 2592 3199 uter,
2616 3132 2731 3189 sive
2759 3131 2935 3188 bonus
2960 3132 3076 3188 sive
3103 3132 3303 3201 malus,
3327 3133 3645 3204 implebitur

332 3229 522 3277 tamen
556 3220 684 3277 vide
733 3221 1073 3279 Salvatorem
1117 3222 1506 3281 ascendentem
1547 3224 1636 3280 die
1681 3223 1937 3294 Paschae,
1965 3216 2013 3280 C
2044 3224 2171 3279 vino
2198 3224 2472 3295 qualitatis
2500 3240 2633 3292 suae,
2658 3239 2758 3281 nec
2780 3225 2960 3281 oleum
2985 3226 3231 3283 mittetur
3251 3224 3361 3298 [At.
3387 3229 3644 3301 mittitur]

328 3313 540 3385 grande
584 3316 927 3372 coenaculum
977 3323 1209 3373 stratum
1256 3325 1421 3389 atque
1464 3317 1783 3374 mundatum
1812 3359 1828 3387 ,
1878 3326 1935 3375 et

330 3416 587 3480 agentem
626 3410 770 3467 diem
799 3410 995 3467 festum
1026 3425 1150 3467 cum
1183 3410 1474 3483 Discipulis
1502 3412 1639 3478 suis,
1672 3411 1933 3484 illumque

330 3502 416 3558 eis
441 3503 664 3560 calicem
696 3505 1097 3576 propinantem,
1127 3503 1196 3561 de
1236 3518 1343 3575 quo
1373 3504 1429 3560 in
1456 3503 1753 3576 Evangelia
1778 3504 1929 3578 (Luc.

331 3610 475 3666 xxu,
515 3598 630 3670 l2),
665 3597 686 3636 ί
724 3598 867 3672 quod
911 3598 1190 3656 miscuerit
1227 3614 1372 3669 eum,
1420 3608 1474 3654 et
1508 3599 1582 3654 ita
1615 3599 1925 3666 tradiderit;

328 3690 492 3749 Jesus
539 3692 687 3749 enim
724 3693 1006 3751 laetiﬁcans
1048 3693 1345 3766 discipulos
1390 3709 1671 3750 meracum
1713 3694 1796 3751 eis
1834 3708 1932 3765 po«

329 3786 512 3842 culum
551 3788 822 3859 propinat,
861 3795 917 3844 et
943 3787 1077 3844 dicit
1104 3805 1117 3842 :
1150 3787 1386 3858 Accipite
1408 3796 1456 3842 et
1484 3786 1638 3843 bibite
1670 3805 1687 3842 :
1721 3786 1827 3842 Hic
1856 3796 1931 3842 est

326 3880 544 3953 sanguis
588 3897 731 3936 meus
768 3881 857 3952 qui
881 3898 976 3954 pro
1007 3880 1149 3935 vobis
1176 3880 1469 3948 effundatur
1497 3882 1551 3935 in
1578 3881 1929 3937 remissionem

327 3983 658 4044 peccatorum
676 3974 891 4048 (Matth.
923 3991 1070 4045 xxvi,
1099 3974 1218 4047 27).
1243 3973 1361 4029 Hoc
1384 3974 1561 4046 facite,
1588 3974 1929 4047 qubtiescum-

324 4083 425 4137 que
446 4068 645 4137 bibetis,
671 4069 726 4123 in
746 4084 913 4124 meam
934 4069 1467 4124 commemorationem
1490 4068 1534 4141 (Ι
1559 4066 1681 4125 Cor.
1707 4086 1782 4138 xt,
1805 4069 1923 4141 Ἡ).

326 4160 395 4217 Ει
430 4178 445 4217 ;
474 4162 641 4217 Amen
682 4163 797 4218 dico
825 4163 985 4231 vobis,
1026 4179 1129 4218 non
1157 4162 1326 4218 bibam
1354 4160 1490 4217 illud
1521 4164 1731 4232 amodo,
1766 4164 1928 4218 donec

328 4254 502 4310 bibant
539 4255 676 4311 illud
716 4256 976 4313 vobiscum
1016 4272 1199 4311 novum
1241 4256 1296 4310 in
1342 4271 1500 4329 regno
1540 4255 1639 4311 Dei
1686 4254 1922 4327 (Matth.

326 4363 484 4416 χιιι,
515 4348 634 4421 28).
664 4348 829 4407 Vides
855 4349 1084 4407 calicem
1112 4349 1237 4406 novi
1265 4348 1642 4405 Testamenti?
1661 4350 1814 4407 vides
1833 4365 1925 4407 ca-

324 4443 487 4500 licem
534 4444 929 4514 suppliciorum
975 4459 1137 4516 quem
1184 4458 1344 4515 supra
1392 4445 1765 4515 exposuimus,
1812 4446 1923 4501 vini

321 4539 463 4594 meri
488 4539 708 4609 plenum
744 4540 899 4597 esse?
928 4539 1026 4596 Est
1065 4547 1120 4596 et
1148 4538 1293 4595 alius
1320 4538 1493 4607 calix,
1522 4538 1613 4610 qui
1641 4554 1739 4610 pro
1772 4554 1923 4595 com-

2036 3316 2091 3372 in
2130 3331 2275 3384 eum,
2307 3316 2534 3385 {aliudve
2574 3318 2705 3390 quid
2746 3318 2984 3390 liquens,
3022 3319 3339 3390 nisigvinum
3373 3320 3641 3377 Sodomo-

2035 3426 2179 3480 rum,
2222 3418 2316 3467 aut
2355 3411 2544 3469 Sorec.
2586 3410 2797 3468 Deinde
2839 3411 3021 3480 docet,
3063 3410 3287 3467 interim
3316 3420 3376 3468 ut
3401 3412 3639 3468 litteram

2034 3519 2346 3577 sequamur,
2388 3512 2613 3577 propter
2652 3519 2749 3560 eos
2787 3504 2880 3575 qui
2920 3512 3288 3575 peccaverunt
3318 3504 3373 3560 in
3404 3504 3630 3561 Jerusa-

2033 3596 2170 3665 lem,
2218 3598 2364 3653 etin
2403 3596 2588 3654 Judaea
2637 3596 2730 3654 illo
2771 3605 3017 3667 tempore
3062 3596 3447 3665 morabantur,
3493 3598 3640 3668 quali

2032 3693 2158 3749 vino
2187 3692 2490 3750 istiusmodi
2516 3701 2664 3749 utres
2691 3691 2950 3763 implendi
2981 3701 3129 3748 sunt.
3159 3690 3422 3763 Sequitur
3443 3693 3589 3750 enim
3617 3711 3630 3747 :

2033 3786 2097 3841 Si
2136 3787 2360 3843 dixerint
2396 3788 2463 3841 ad
2500 3794 2549 3841 te
2579 3801 2597 3839 :
2629 3784 2902 3855 Numquid
2928 3794 3290 3857 cognoscentes
3316 3801 3421 3841 non
3446 3803 3638 3857 cogno-

2030 3883 2241 3950 scimus,
2270 3882 2392 3953 quia
2421 3880 2590 3935 omnis
2619 3888 2733 3936 uter
2760 3879 3059 3952 implebitur
3080 3881 3237 3935 vino?
3258 3881 3397 3935 dices
3420 3882 3489 3935 ad
3509 3898 3594 3937 eos
3614 3899 3631 3936 :

2032 3974 2165 4031 Haec
2194 3975 2319 4029 dicit
2358 3972 2613 4028 Dominus
2651 3989 2671 4027 :
2702 3971 2836 4027 Ecce
2872 3990 2964 4045 ego
2996 3973 3187 4046 impleo
3224 3990 3398 4029 omnes
3429 3974 3635 4029 inhabi-

2031 4076 2196 4124 tantes
2236 4077 2426 4124 terram
2464 4068 2637 4133 istam,
2685 4075 2734 4121 et
2770 4083 2934 4137 reges,
2981 4074 3028 4120 et
3064 4066 3203 4136 ﬁlios
3230 4064 3405 4121 David
3432 4068 3521 4140 qui
3548 4084 3629 4123 se-

2030 4163 2152 4219 dent
2178 4178 2331 4236 super
2363 4163 2535 4218 sedem
2556 4162 2693 4231 ejus,
2725 4168 2773 4215 et
2804 4159 3098 4216 sacerdotes
3134 4160 3377 4215 ebrietate
3407 4159 3625 4233 (Jerem.

2028 4274 2146 4326 xm,
2185 4258 2300 4331 12).
2332 4256 2475 4313 Nulli
2504 4255 2677 4329 parcit
2699 4255 2719 4327 [
2741 4256 2827 4311 Al.
2857 4252 3072 4327 parcet]
3104 4255 3195 4325 qui
3224 4256 3511 4325 puniturus
3540 4267 3628 4313 est

2027 4362 2363 4423 peccatores.
2405 4349 2523 4407 Non
2569 4348 2693 4421 quia
2724 4348 3039 4420 prephetes,
3070 4361 3178 4401 non
3210 4348 3336 4417 quia
3367 4347 3625 4404 sacerdos

2027 4446 2150 4516 quis
2174 4454 2400 4501 vocatus
2420 4451 2523 4511 est,
2558 4458 2587 4498 a
2609 4440 2887 4513 suppliciis
2913 4439 3254 4495 liberabitur.
3293 4439 3422 4495 Haec
3450 4450 3624 4496 autem

2026 4539 2091 4594 de
2128 4539 2233 4593 illis
2276 4544 2774 4600 commemorantur,
2821 4540 2879 4587 ut
2914 4533 2991 4587 ait
3022 4530 3316 4603 Apostolus
3361 4549 3375 4586 :
3428 4535 3627 4603 scripta

323 4633 648 4703 pensatione
674 4633 943 4690 bonorum
972 4641 1211 4702 actuum,
1247 4646 1343 4689 seu
1370 4632 1637 4688 malorum
1665 4632 1760 4689 tibi
1792 4634 1923 4689 mis—
1948 4615 2002 4677 D
2025 4640 2143 4688 sunt
2172 4641 2381 4703 prapter
2415 4646 2539 4697 nos,
2571 4625 2627 4683 in
2651 4644 2780 4698 quos
2811 4627 2938 4697 ﬁnes
2966 4627 3276 4682 steculorum
3313 4628 3627 4685 devenerunt

322 4737 483 4786 cetur
509 4737 564 4784 et
597 4728 843 4785 traditur.
888 4728 1129 4799 lntellige
1153 4726 1260 4801 [ΑΙ.
1296 4725 1581 4799 lntelligis]
1613 4726 1756 4782 enim
1788 4728 1919 4783 mihi

397 4833 424 4861 ιι
466 4822 567 4878 l-lic
600 4822 798 4880 iterum
837 4823 1032 4879 vitiose
1076 4824 1273 4879 lectum
1315 4830 1400 4877 est
1436 4820 1727 4887 hactenus,
1757 4838 1913 4890 quam

322 4910 542 4969 capaces
572 4895 697 4961 vini,
729 4912 884 4969 quam
914 4904 1100 4969 utrem,
1129 4904 1177 4948 et
1218 4894 1408 4969 dicere,
1440 4902 1548 4969 etc.
1575 4891 1773 4969 Veram
1808 4894 1916 4949 lec-

322 4964 532 5023 tionem
571 4964 807 5022 restituit
848 4966 1136 5032 Rabanus,
1180 4966 1270 5021 cui
1317 4966 1611 5020 assentitur
1637 4971 1695 5020 et
1722 4964 1913 5021 Graeca

322 5039 631 5105 sententia,
682 5039 899 5095 tametsi
939 5038 1212 5109 paululum
1252 5036 1473 5109 abludat
1511 5037 1565 5090 in
1592 5035 1793 5109 verbis.
1833 5038 1919 5092 lu—

321 5110 496 5168 ferius
523 5125 736 5181 quoque
775 5108 1025 5182 qumdam
1063 5111 1164 5165 alia
1203 5108 1423 5165 levioris
1454 5108 1716 5164 momenti
1755 5110 1917 5165 resti—

324 5184 548 5238 tuimus.

395 5254 424 5293 b
464 5255 574 5333 Pro
621 5255 785 5335 milii,
843 5261 1119 5335 corrupte
1163 5252 1443 5335 legebatur
1488 5252 1606 5335 ibi,
1656 5262 1921 5335 renuente

322 5326 763 5399 Grmco,'voeiabw
792 5350 879 5399 μοι
907 5325 1043 5383 κατὰ
1062 5331 1170 5394 τήν,
1206 5334 1312 5399 etc.
1334 5370 1349 5393 ,
1378 5336 1441 5399 et
1473 5331 1658 5379 vetere
1688 5325 1921 5381 lectione

322 5397 555 5454 Rabani.
604 5397 1023 5470 Paulo‘quoque
1074 5406 1197 5470 post
1244 5398 1563 5470 imperfecto
1609 5410 1771 5470 sensu
1799 5443 1813 5468 ,
1861 5408 1921 5451 ut

324 5471 591 5543 particula
630 5467 848 5543 deeratf,
890 5467 1051 5542 quam
1076 5467 1243 5526 idem
1288 5468 1541 5524 Rabanus
1580 5467 1810 5536 suﬂ‘ecit,
1866 5476 1921 5525 et

323 5542 551 5598 Graecus
580 5544 676 5599 ἵνα.

398 5624 422 5651 σε
480 5615 772 5685 Perperam
812 5624 858 5669 et
902 5615 1101 5670 venient
1148 5613 1427 5685 legebatur
1469 5626 1571 5683 pro
1608 5619 1657 5667 et
1696 5621 1916 5669 voment.

322 5685 587 5742 Babauus
621 5696 675 5742 et
700 5685 927 5743 Graecus
951 5695 1177 5758 uterque
1199 5695 1411 5755 textus,
1440 5690 1523 5743 καὶ
1556 5685 1912 5758 ἐξεμέσονται,

320 5758 703 5815 restituerunt.

397 5827 425 5868 ἀ
453 5830 584 5889 Mss.
630 5829 769 5903 Reg.
814 5845 984 5902 penes
1009 5829 1285 5899 Huetium,
1316 5831 1484 5888 bibent
1530 5848 1735 5891 meraco
1762 5831 1915 5899 vina;

726 5925 1011 5987 Paraoe.
1058 5924 1271 5988 XXV.

2028 4726 2075 4799 (Ι
2115 4722 2238 4780 Cor.
2273 4739 2328 4791 x,
2362 4722 2473 4793 11).
2509 4722 2566 4778 Si
2611 4721 2733 4793 quis
2772 4734 2905 4791 ergo
2930 4726 2986 4776 et
3011 4719 3067 4773 in
3095 4718 3178 4775 his
3207 4720 3620 4792 Sacerdotibus,

2018 4829 2180 4891 atque
2207 4834 2347 4874 unus
2376 4818 2542 4890 paulo
2571 4814 2996 4891 post,gsupp_l_icia
3027 4831 3129 4891 non
3162 4817 3370 4891 penitus
3390 4834 3628 4876 meraca.

2094 4886 2116 4930 ἒ
2153 4886 2395 4963 Vulgali,
2420 4891 2479 4949 Si
2510 4886 2679 4963 visiad
2699 4886 3077 4963 benedictionis
3108 4887 3321 4963 calicem
3344 4891 3614 4960 respicere,

2019 4964 2201 5022 minus
2228 4958 2381 5019 récte
2405 4962 2473 5018 ad
2504 4960 2713 5017 Rabani
2750 4960 3041 5015 lectionem
3071 4966 3126 5015 et
3154 4958 3433 5028 Graecum,
3458 4964 3504 5017 ei
3530 4964 3612 5017 θέ-

2018 5039 2121 5115 λεις
2148 5040 2231 5115 δαὶ
2257 5039 2499 5115 ποτξήριον
2545 5034 2773 5115 εὐλογίας
2802 5029 2960 5115 βδεῖν..
3062 5104 3074 5115 σ

2098 5109 2116 5146 ί
2149 5105 2459 5178 Legendu'm
2490 5105 2711 5161 omnino
2734 5112 2817 5160 est
2838 5105 3113 5161 contrario
3143 5117 3326 5169 sensu,
3352 5105 3619 5178 supplen-

2023 5175 2259 5251 dumque
2300 5181 2372 5235 ita
2408 5197 2419 5232 :
2451 5178 2514 5232 de
2553 5194 2652 5248 quo
2681 5178 2929 5251 scriptum
2960 5187 3057 5243 est,
3092 5191 3194 5229 non
3221 5175 3360 5247 quod
3385 5179 3616 5251 miscue—

2025 5256 2094 5308 rit
2114 5244 2251 5309 cum.
2279 5251 2434 5319 Cogit
2455 5244 2733 5323 enimvero
2764 5244 2986 5323 Graecus
3030 5244 3242 5323 tex_tu_s,
3276 5249 3396 5323 περὶ
3423 5244 3481 5302 οὗ
3523 5249 3609 5319 γέ-

2025 5347 2259 5403 γραπται
2286 5366 2301 5391 ,
2330 5318 2433 5403 ιξῦχ
2481 5320 2559 5379 ὅτι
2608 5322 2865 5403 ἐκέρασεν.
2894 5320 3069 5403 Penes
3100 5318 3383 5403 Rabanuin
3430 5318 3613 5403 :tu‘téttt

2025 5389 2137 5454 ires
2162 5389 2358 5466 integri
2386 5389 2574 5450 Versus
2604 5389 3127 5466 gubsequentesnon
3160 5389 3450 5466 habentur,
3484 5392 3617 5466 legit

2024 5471 2167 5526 enim
2220 5463 2328 5525 :de
2374 5482 2475 5538 quo
2504 5467 2559 5521 in
2598 5464 2878 5536 Evangelia
2916 5465 3162 5535 scriptum
3210 5469 3283 5515 est
3319 5477 3338 5515 :
3385 5463 3618 5534 Accipite

2021 5551 2068 5598 et
2099 5540 2269 5598 bibite.
2301 5549 2410 5597 etc.

2098 5583 2606 5669 E'I’Sic’e‘i'ft'abanus
2630 5619 2685 5667 et
2711 5623 2869 5674 mss.,
2897 5606 3031 5678 Reg.
3060 5617 3228 5676 penes
3258 5603 3514 5678 Huetium
3538 5607 3619 5664 leo

2022 5695 2155 5758 gunt
2175 5704 2215 5758 κεῖ
2243 5693 2359 5741 erat
2386 5694 2565 5739 tamen
2593 5691 2749 5758 antea
2767 5722 2782 5746 ,
2812 5677 3013 5758 Amodo
3037 5679 3245 5758 adverte
3267 5692 3287 5731 :
3314 5677 3508 5735 Greece
3535 5690 3621 5758 est

2021 5749 2140 5817 ἷόει.
2167 5757 2290 5816 Mox
2312 5770 2527 5829 quoque
2554 5752 2858 5811 addidimus
2884 5766 2952 5809 ex
2979 5749 3172 5807 iisdem
3191 5792 3207 5819 ,
3238 5759 3441 5806 tuorum
3469 5751 3614 5824 quod

2023 5831 2227 5889 deerat.

2934 5916 3013 5980 21
