4128 6346
347 243 465 310 853

927 243 1366 305 TRANSLATIO
1407 244 1844 311 HOMILIARUM
1882 246 2208 310 ORIGENIS
2246 250 2311 308 IN
2352 250 2715 311 JEREMIAM.
2765 255 2928 314 "OM.
2971 255 3064 313 IX.

3542 265 3650 321 654

345 365 609 429 νιιιιιθιιίι.
641 373 695 426 et
719 378 966 436 praecipe
993 364 1202 426 feratur
1233 365 1287 426 iu
1319 363 1448 424 vitia
1473 365 1497 420 3
1519 364 1647 426 Hac
1676 373 1858 424 autem
1890 363 1947 424 in
1976 372 2028 434 Α
2054 382 2174 424 mus
2203 368 2543 440 subsequens
2585 369 2862 442 Scriptura
2909 374 3037 444 quid
3078 373 3316 430 doceat:
3365 378 3552 433 Audite
3604 393 3650 435 et

345 462 600 520 Ecclesia
650 476 800 531 serpe
857 461 1161 520 accidentia
1222 474 1511 531 possumus
1577 459 1952 518 considerare.

349 557 608 618 Peccavit
631 557 924 628 quispiam.
953 564 1162 628 etpost
1216 564 1500 625 peccatum
1548 552 1950 626 postulat[Al.

351 653 594 722 postulet
621 650 640 724 ]
686 651 1148 712 communionem.
1177 650 1235 710 Si
1263 651 1313 708 ei
1335 651 1657 708 conceditur
1678 649 1824 720 quod
1862 663 1953 702 ro-

345 753 466 816 get,
503 747 556 804 in
589 744 994 804 incommodum
1025 743 1270 802 omnium
1299 745 1457 802 venia
1489 742 1759 814 procedit,
1791 750 1850 798 et
1877 741 1959 796 ia-

343 839 498 898 xatis
525 837 714 904 frenis,
743 837 1044 898 sceleribus
1074 835 1330 910 panditur
1357 839 1466 892 via.
1497 835 1593 896 Sin
1652 849 1783 897 vero
1833 849 1957 892 cum

347 929 669 988 rationabili
714 930 1116 990 deliberatione
1141 971 1156 995 ,
1213 945 1320 990 non
1349 930 1368 950 ‘
1425 938 1487 988 ut
1516 931 1911 988 immisericors
1941 970 1956 994 ,

348 1038 460 1085 nec
489 1038 704 1084 rursum
729 1032 786 1080 ut
810 1023 1048 1082 crudelis
1073 1023 1264 1094 iudex,
1294 1023 1388 1096 scd
1421 1033 1477 1084 et
1504 1025 1658 1095 quasi
1693 1023 1784 1080 uni
1831 1038 1958 1093 pro-

347 1115 568 1184 videns,
601 1116 745 1176 etde
771 1118 1014 1176 omnium
1045 1117 1222 1174 salute
1255 1125 1614 1190 pertractans,
1645 1117 1962 1174 considera-

347 1209 498 1268 verit
532 1207 718 1280 populi
749 1208 1008 1266 damnum
1040 1210 1092 1270 in
1123 1210 1283 1266 unius
1314 1210 1500 1278 venia,
1548 1209 1690 1266 haud
1736 1198 1979 1268 dubium

349 1310 444 1364 est
467 1300 495 1340 ι’
522 1300 655 1374 quin
683 1303 842 1362 iaciat
872 1301 998 1372 ιι]ἱοὶ
1029 1317 1194 1360 unum
1218 1301 1285 1360 de
1309 1300 1555 1360 Ecclesia
1586 1343 1600 1368 ,
1657 1312 1716 1356 ut
1764 1302 1965 1358 lltUllOS

348 1397 532 1458 solvet
563 1396 886 1456 incolomes.
915 1398 1031 1466 Age
1059 1412 1204 1456 nunc
1230 1397 1519 1456 considera
1550 1396 1683 1454 mihi
1712 1405 1766 1456 et
1790 1396 1962 1456 rnedi-

352 1504 518 1558 cum,
551 1489 597 1550 si
625 1489 924 1550 cessaverit
953 1504 984 1546 a
1019 1490 1268 1546 sectione
1306 1489 1426 1560 ejus
1481 1489 1725 1546 vulneris
1757 1530 1770 1554 ,
1821 1488 1965 1558 quod

355 1582 665 1640 secandum
719 1592 848 1648 eat,
899 1583 944 1636 si
995 1595 1102 1638 non
1167 1583 1369 1642 usserit
1426 1581 1516 1650 id,
1567 1581 1712 1653 quod
1768 1581 1970 1652 indiget

357 1677 635 1746 cauterio,
659 1675 909 1736 videlicet
938 1683 1162 1748 prepter
1190 1673 1414 1734 dolores
1440 1675 1532 1744 qui
1557 1690 1626 1732 ex
1653 1673 1852 1732 talibus
1877 1689 1966 1730 rc—

2055 460 2262 515 auribus
2293 463 2568 533 pereipite,
2595 473 2646 519 et
2686 465 2844 518 nolite
2867 466 3064 533 extolli,
3096 469 3342 539 quoniam
3394 467 3651 526 Dominus

2057 554 2260 609 loculus
2289 563 2384 610 est.
2409 552 2545 612 Date
2583 554 2806 610 Domino
2853 558 2964 613 Dee
3011 569 3174 615 vestro
3208 561 3430 633 gloriam
3473 564 3651 633 prius-

2056 663 2212 717 quam
2233 648 2489 714 obscuret,
2527 658 2575 703 et
2626 651 2929 721 priusquam
2978 651 3248 720 offendant
3295 655 3447 728 pedes
3505 659 3655 711 uestri

2058 759 2213 811 super
2259 753 2455 800 mortles
2501 745 2789 800 tenebrosos
2818 747 3299 814 :neti'sustinebitis
3341 750 3513 804 lumen
3545 792 3558 816 ,
3607 763 3654 804 et

2059 831 2173 892 illic
2197 836 2385 892 umbra
2416 838 2621 906 mortis,
2652 846 2698 896 et
2722 841 3079 908 ponentur-ﬁn
3137 841 3386 896 tenebras.
3437 843 3497 898 Si
3550 859 3654 899 non

2061 927 2338 982 audieritis
2362 929 2578 994 occulte,
2607 930 2831 999 plorabit
2859 931 3035 986 enim
3062 942 3230 986 uestra
3253 950 3286 988 a
3324 936 3459 1005 faeie
3485 947 3658 991 contu-

2061 1021 2248 1086 melia,
2274 1030 2322 1074 et
2343 1021 2596 1078 deducent
2627 1023 2763 1078 oculi
2784 1024 2938 1080 vestri
2966 1023 3246 1100 lacrymas,
3306 1027 3429 1096 quia
3467 1030 3658 1083 contri-

2065 1122 2145 1170 tus
2175 1124 2250 1170 est
2278 1129 2403 1184 grex
2431 1113 2644 1172 Domini
2671 1116 2691 1188 (
2715 1113 2828 1174 Jer.
2861 1130 2980 1182 xm,
3017 1116 3102 1182 15,
3141 1117 3227 1182 16,
3260 1117 3370 1188 17).
3422 1118 3654 1176 Eosdem

2065 1206 2180 1264 vult
2205 1207 2416 1274 audire,
2452 1217 2508 1264 et
2537 1210 2760 1268 auribus
2810 1211 3092 1281 percipere
3120 1249 3135 1275 ,
3184 1226 3289 1265 non
3342 1223 3654 1280 contentus,

2069 1313 2246 1369 neque
2273 1287 2555 1360 auditione
2583 1303 2927 1362 solummodo
2957 1343 2970 1369 ,
3000 1319 3178 1375 neque
3204 1304 3416 1361 aurium
3443 1321 3666 1376 percep-

2070 1391 2254 1456 tione;
2287 1402 2508 1462 propter
2537 1397 2682 1464 quod
2716 1395 2826 1452 ait:
2861 1395 3051 1452 Audite
3075 1407 3123 1452 et
3153 1397 3364 1455 auribus
3398 1400 3661 1470 pereipite,

2069 1493 2126 1542 et
2153 1485 2299 1556 quod
2328 1486 2412 1544 his
2436 1487 2612 1558 majus
2640 1496 2742 1556 est,
2780 1490 2940 1546 nolite
2969 1490 3172 1561 extolli,
3203 1501 3260 1547 et
3286 1492 3497 1563 reliqua
3545 1509 3667 1564 qua

2071 1589 2397 1651 sequuntur.
2427 1581 2564 1650 Quid
2598 1591 2684 1642 est
2713 1598 2844 1655 ergo
2864 1585 3076 1653 audire,
3101 1597 3156 1644 et
3183 1586 3312 1657 quid
3335 1597 3421 1644 est
3447 1588 3669 1646 auribus

2071 1674 2357 1743 percipere
2385 1715 2398 1739 ,
2430 1690 2497 1730 ex
2529 1675 2662 1744 ipsis
2693 1677 3040 1736 sermonibus
3069 1678 3499 1738 consideremus.
3553 1683 3669 1736 Au-

363 1772 564 1833 mediis
592 1778 1004 1844 consequuntur
1028 1810 1044 1835 ,
1089 1767 1364 1840 quomodo
1383 1775 1596 1826 crescat
1631 1767 1922 1826 infirmitas
1951 1807 1967 1834 ,
2001 1762 2048 1826 Β
2076 1765 2230 1822 ribus
2273 1768 2556 1837 percipere
2605 1777 2691 1828 est
2723 1769 2741 1840 (
2773 1779 2831 1830 ut
2857 1771 2990 1828 mihi
3023 1771 3243 1841 quidem
3283 1773 3536 1842 videtur)
3583 1791 3679 1828 au-

363 1865 495 1926 etin
521 1864 763 1924 deterius
795 1877 815 1902 ο
859 1873 1121 1926 veternus
1159 1864 1444 1922 exuberet.
1502 1862 1557 1918 Si
1590 1878 1723 1918 vero
1770 1863 1872 1933 (ut
1900 1863 1968 1918 ita

363 1959 569 2034 dicam)
605 1961 934 2016 temerarius
961 1958 1027 2016 ad
1055 1954 1079 1993 ἀ
1114 1958 1309 2016 vulnbs
1340 1965 1524 2016 sector
1551 1955 1870 2021 necesserit,
1919 1963 1974 2012 et

364 2049 630 2112 inusserit
659 2053 898 2126 plagam,
936 2060 1092 2108 curat
1120 2066 1241 2108 cum
1271 2052 1363 2120 qui
1413 2060 1627 2108 seealur
1659 2057 1715 2106 et
1758 2048 1932 2104 uritur
1957 2090 1972 2114 ,

365 2147 504 2218 quia
539 2145 820 2217 paululum
854 2144 1162 2200 severitatis
1184 2141 1503 2212 assumpsit,
1536 2142 1661 2200 licet
1696 2142 1845 2198 visus
1865 2135 1978 2198 lue--

367 2241 442 2296 rit
463 2238 776 2309 :egrotantis
804 2237 870 2296 ad
903 2237 1092 2294 horam
1137 2252 1244 2290 non
1307 2233 1576 2292 misereri.
1605 2231 1683 2287 lta
1734 2244 1789 2290 et
1834 2233 1976 2292 Deus

370 2351 482 2392 non
517 2350 679 2390 unum
710 2333 1005 2398 hominem,
1041 2331 1136 2388 sed
1182 2331 1502 2388 universum
1554 2340 1709 2386 curat
1739 2328 1930 2384 orbein
1959 2369 1974 2392 ,

371 2429 621 2488 cmlcstia
651 2437 814 2500 atque
842 2435 1061 2488 terrena
1095 2465 1110 2492 ,
1145 2434 1198 2482 et
1230 2425 1411 2482 omnia
1443 2423 1642 2492 ubique
1674 2422 1977 2494 dispensat.

373 2522 446 2578 Et
479 2537 602 2578 cum
654 2521 760 2580 hoc
787 2519 1120 2594 provideat,
1169 2519 1312 2588 quod
1354 2518 1442 2574 uni
1465 2514 1812 2572 Commodum
1864 2515 1932 2570 sit
1965 2555 1978 2576 .

375 2616 552 2676 multo
593 2616 766 2686 magis
798 2613 1049 2686 providet
1087 2612 1216 2683 quid
1253 2612 1347 2668 toti
1389 2610 1590 2668 mundo
1621 2609 1893 2668 conducat
1928 2618 1985 2664 et

375 2709 697 2771 horninibus
736 2707 1027 2768 universis.
1086 2707 1345 2766 Providet
1401 2707 1620 2780 quidem
1651 2714 1707 2762 et
1757 2721 1819 2768 ea
1865 2719 1984 2774 quae

381 2804 478 2862 uni
499 2801 817 2874 expediunt,
850 2816 1040 2860 verum
1073 2800 1143 2858 ita
1171 2847 1182 2868 ,
1213 2817 1281 2856 ne
1311 2798 1472 2858 unius
1500 2797 1516 2874 [
1544 2796 1630 2854 Al.
1665 2795 1854 2871 illius]
1885 2796 1988 2854 uti-

381 2895 511 2955 litas
557 2893 1028 2966 omniumdamno
1077 2894 1168 2950 sit.
1214 2892 1418 2950 Idcirco
1450 2901 1507 2948 et
1564 2890 1705 2966 ignis
1748 2899 1988 2946 aeternus

383 2993 728 3063 praeparatus
756 2993 859 3056 est,
891 2995 944 3042 et
964 2986 1242 3058 geltenna,
1271 2993 1327 3042 et
1356 2984 1597 3040 tenebrae
1629 2982 1941 3040 exteriores
1973 2997 1987 3035 :

384 3095 512 3156 qua:
531 3077 714 3134 omnia
741 3095 846 3138 non
868 3088 974 3134 tam
999 3079 1070 3138 ob
1093 3093 1216 3134 eum
1243 3079 1331 3150 qui
1365 3075 1673 3150 puniendus
1697 3084 1801 3142 est,
1829 3089 1990 3145 quam

2080 1859 2231 1914 ribus
2257 1875 2377 1932 qua:
2407 1859 2666 1918 dicuntur
2697 1862 2910 1920 audire.
2941 1862 3100 1932 Quod
3145 1873 3326 1922 autem
3375 1865 3631 1935 przecedit
3654 1907 3670 1933 ,

2076 1951 2267 2008 Audite
2295 1996 2310 2021 ,
2365 1952 2414 2008 si
2443 1953 2511 2008 ad
2535 1954 2937 2016 distinctionem
2970 1957 3089 2026 eius
3145 1958 3402 2027 prtecepti
3433 1957 3630 2014 dicitur
3655 1999 3670 2024 ,

2089 2043 2108 2080 τ
2140 2044 2284 2114 quod
2307 2054 2493 2112 postea
2527 2045 2782 2114 infertur,
2815 2048 3029 2104 auribus
3051 2050 3300 2122 percipite
3325 2051 3425 2108 hoc
3445 2051 3680 2120 imperat

2081 2145 2140 2192 ut
2170 2137 2224 2194 in
2256 2148 2494 2194 mentem
2513 2149 2570 2194 et
2595 2154 2816 2198 sensum
2844 2156 2906 2196 ea
2930 2157 3050 2214 quae
3073 2143 3346 2208 dicuntur,
3374 2147 3675 2214 excipiant.

2080 2231 2268 2304 Neque
2292 2251 2421 2292 vero
2447 2237 2549 2294 hoc
2573 2237 2748 2294 solum
2773 2238 2826 2292 in
2856 2239 2999 2306 loro,
3025 2238 3120 2296 sed
3153 2241 3205 2296 in
3229 2243 3378 2296 omni
3400 2242 3678 2314 Scriptura

2082 2336 2206 2384 sunt
2235 2329 2479 2398 quaedam
2509 2337 2564 2384 et
2594 2328 2768 2386 facilia
2797 2338 2853 2384 et
2876 2338 3122 2399 prompta
3147 2331 3212 2386 ad
3243 2333 3677 2403 intelligendum,

2084 2435 2206 2489 quae
2233 2419 2414 2474 statim
2439 2430 2496 2474 ut
2523 2420 2661 2480 lecta
2695 2421 2916 2489 iuerint,
2948 2423 3241 2480 utilitatem
3266 2424 3572 2494 legentibus
3595 2426 3690 2480 tri-

2085 2512 2277 2568 buunt.
2297 2513 2551 2570 Snntalia
2571 2516 2866 2574 secretiora
2884 2517 3309 2588 Setiuell'abilia,
3336 2528 3391 2574 et
3417 2521 3497 2590 (ut
3516 2520 3586 2573 ita
3614 2520 3690 2574 di-

2087 2610 2574 2680 cam)quibusdam
2594 2611 3016 2668 obscuritatibus
3036 2614 3296 2668 involuta.
3313 2611 3390 2669 De
3414 2612 3496 2668 his
3527 2614 3691 2683 igitur

2085 2705 2253 2777 829
2280 2719 2400 2776 quae
2445 2706 2631 2770 latent,
2683 2715 2737 2764 et
2766 2706 3112 2775 expositione
3149 2706 3417 2778 indigent,
3452 2707 3694 2764 arbitror

2093 2814 2237 2857 nunc
2267 2798 2470 2856 dictum
2513 2813 2667 2854 esse:
2696 2799 2922 2858 Audite:
2973 2800 3041 2856 de
3087 2801 3170 2856 his
3197 2811 3378 2858 autem
3419 2817 3540 2871 quae
3576 2802 3695 2857 sine

2094 2891 2354 2960 scrupulo
2381 2891 2796 2964 interpretantis
2825 2891 3059 2948 auditori
3089 2894 3376 2950 commoda
3405 2903 3555 2950 sunt:
3589 2896 3700 2950 Au-

2095 2982 2239 3038 ribus
2281 2983 2547 3054 percipile.
2596 2984 2985 3042 i’ercurratnus
3041 2985 3318 3042 universas
3361 2987 3696 3059 Scripturas,

2101 3083 2155 3130 et
2187 3073 2399 3144 probati
2451 3077 2797 3134 numinularii
2845 3075 3020 3138 eli‘crti
3051 3077 3324 3147 dicamus,
3372 3079 3472 3137 boc
3511 3082 3700 3138 audire

387 3183 615 3246 propter
638 3172 926 3232 universos
951 3173 1202 3230 homines
1224 3171 1521 3228 constituta
1552 3179 1697 3226 sunt.
1727 3169 1786 3226 Si
1809 3178 1984 3224 autem
2016 3159 2060 3222 C
2094 3166 2379 3235 debemus,
2407 3168 2510 3224 hoc
2531 3169 2755 3229 auribus
2783 3171 3083 3240 percipere.
3114 3171 3353 3238 Denique
3371 3189 3492 3231 cum
3515 3174 3700 3230 audieo

388 3270 474 3328 vis
504 3268 665 3344 hujus
714 3266 794 3328 rei
825 3275 1020 3326 testem
1051 3266 1300 3338 accipere
1343 3265 1682 3336 Scripturam
1713 3303 1726 3326 ,
1764 3261 1908 3333 quod
1940 3263 1993 3316 in

390 3364 626 3422 aliorum
676 3360 1039 3420 eruditionem
1069 3403 1082 3426 ,
1135 3359 1265 3414 licet
1308 3359 1422 3428 iam
1473 3354 1844 3427 desperabiles
1885 3353 1994 3410 sint

399 3464 808 3530 pcccatorcs,et
829 3469 856 3512 a
874 3454 1156 3510 curatione
1178 3454 1390 3524 penitus
1414 3450 1987 3520 aiieni,torqueantur,

393 3550 523 3606 audi
556 3547 903 3608 Salomonem
937 3547 989 3602 in
1022 3545 1336 3604 Proverbiis
1364 3543 1639 3602 dicentem
1673 3559 1686 3595 :
1718 3540 1998 3598 Pestilente

395 3639 688 3716 ﬂagellato,
720 3639 1025 3712 imprudens
1053 3638 1293 3694 callidior
1321 3638 1418 3694 erit
1441 3635 1462 3712 (
1489 3635 1650 3692 Prov.
1695 3651 1786 3692 XIX
1813 3676 1826 3699 .
1873 3636 1989 3705 25).

393 3735 566 3810 828
588 3733 704 3800 Non
739 3751 863 3790 eum
896 3735 985 3805 qui
1018 3732 1321 3806 ﬂagellatur
1347 3731 1485 3788 dixit
1519 3730 1862 3787 callidiorem
1912 3730 1992 3784 lu-

400 3839 603 3896 turum,
633 3835 691 3886 et
718 3827 1107 3898 sapientiorem
1142 3836 1362 3898 propter
1384 3825 1797 3898 castigationem
1818 3839 1992 3891 suam,

398 3920 498 3976 sed
530 3919 878 3989 insipientem
912 3934 943 3973 a
985 3919 1215 3976 Stultitia
1237 3918 1303 3972 ad
1355 3915 1697 3990 prudentiam
1754 3913 2000 3970 converti

401 4025 626 4086 propter
647 4013 910 4086 supplicia
943 4011 1273 4084 pestilentis:
1302 4009 1404 4066 hoc
1427 4010 1625 4082 quippe
1658 4025 1721 4064 ex
1760 4010 1877 4080 ipso
1902 4024 1999 4062 no-

404 4108 553 4164 mine
581 4106 887 4163 calliditatis
908 4105 1269 4176 signilicatur,
1299 4118 1354 4159 et
1383 4104 1635 4160 converti
1669 4118 1790 4157 eum
1821 4118 1850 4155 a
1892 4101 2002 4155 cal-

404 4201 615 4256 liditate
638 4241 655 4268 ,
688 4201 814 4254 dum
837 4199 974 4256 alios
1005 4199 1181 4254 cernit
1212 4209 1434 4272 propter
1465 4212 1552 4264 ea,
1585 4213 1613 4251 a
1641 4196 1838 4272 quibus
1887 4196 2003 4265 ipse

407 4295 677 4354 obnoxius
699 4303 802 4361 est,
831 4303 1052 4368 peccata
1081 4293 1338 4349 cruciari.
1361 4295 1523 4366 Igitur
1551 4291 1773 4364 prodest
1799 4289 1954 4345 nobis
1985 4333 1998 4357 ,

408 4393 454 4445 si
487 4401 510 4430 θ
561 4401 732 4446 tamen
774 4390 918 4462 digni
944 4407 1124 4446 sumus
1168 4389 1333 4445 salute
1361 4434 1374 4456 ,
1412 4399 1468 4444 ut
1520 4389 1608 4443 alii
1642 4387 2005 4443 inutilitatem

415 4495 659 4542 nostram
696 4494 1068 4555 torqueantur.
1105 4485 1170 4540 Et
1207 4483 1481 4556 quomodo
1513 4482 1645 4538 utile
1677 4481 1775 4536 fuit
1811 4495 2005 4551 pecca-

2101 3261 2270 3316 rimus
2307 3270 2361 3316 et
2406 3262 2815 3331 perceperimus
2850 3263 3075 3320 auribus
3116 3279 3238 3334 quae
3287 3263 3559 3330 dicuntur,
3593 3282 3699 3324 non

2101 3352 2417 3410 elevemur:
2467 3351 2650 3408 Ontnis
2690 3353 2880 3424 quippe
2908 3355 2996 3424 qui
3040 3370 3094 3410 se
3123 3355 3360 3412 humilial
3390 3357 3703 3413 excitabitur

2101 3446 2258 3520 (Luc.
2289 3463 2446 3514 xvm,
2483 3446 2594 3517 ii).
2627 3449 2692 3510 Et
2714 3447 2969 3506 Salvator
3001 3459 3212 3516 noster,
3237 3451 3428 3508 dicens
3456 3470 3468 3506 :
3502 3452 3701 3508 Discite

2101 3557 2133 3595 a
2165 3557 2242 3596 me
2264 3541 2386 3612 quia
2409 3540 2545 3595 mitis
2573 3557 2708 3606 sum,
2740 3550 2787 3598 et
2817 3541 3028 3598 humilis
3056 3547 3230 3610 corde,
3260 3553 3308 3600 el
3332 3545 3597 3602 invenietis
3621 3563 3697 3600 re-

2099 3635 2270 3710 quiem
2301 3635 2354 3692 in
2381 3634 2653 3688 animabus
2681 3636 2860 3690 uestris
2881 3633 3101 3707 (Matth.
3135 3651 3211 3702 xl,
3242 3636 3338 3705 29)
3364 3654 3376 3692 :
3411 3639 3573 3694 docet
3603 3656 3702 3695 nos

2102 3744 2170 3786 ne
2201 3727 2554 3788 extollamnr.
2587 3726 2720 3786 Nam
2749 3742 2876 3788 cum
2907 3728 3094 3788 multis
3112 3730 3258 3790 vitiis
3287 3745 3454 3802 genus
3483 3741 3706 3790 vexetur

2103 3821 2426 3886 humanum.
2461 3823 2563 3878 hoc
2611 3830 2834 3892 peccato
2867 3823 2951 3878 vel
2982 3823 3220 3884 maxime
3264 3827 3548 3894 premitur.
3595 3825 3704 3882 Nec

2105 3930 2244 3970 unus
2269 3925 2353 3971 est
2381 3913 2577 3974 modus
2601 3915 2890 3986 superbire.
2922 3915 3072 3972 Alius
3118 3917 3562 3976 irrationabiliter
3593 3917 3701 3992 [Αι.

2106 4007 2511 4084 irrationabili].
2544 4017 2598 4064 et
2628 4008 2918 4064 stultorum
2950 4024 3101 4068 more
3133 4011 3185 4068 in
3215 4010 3282 4064 iis
3310 4010 3552 4078 silet-tur,
3585 4028 3706 4084 qua:

2107 4102 2280 4172 magis
2309 4101 2516 4174 pudore
2542 4101 2704 4172 digna
2729 4111 2877 4172 sunt,
2907 4109 3002 4158 aut
3025 4113 3176 4160 certe
3202 4102 3426 4158 modum
3455 4104 3706 4162 elationis

2108 4198 2377 4255 excedunt
2407 4195 2517 4272 [ΑΙ.
2566 4195 2828 4270 excedit].
2860 4196 3014 4256 Alius
3061 4197 3214 4267 quasi
3246 4195 3274 4232 ιι
3307 4196 3590 4254 verisimili
3621 4214 3708 4252 ra-

2111 4293 2258 4348 tione
2304 4292 2561 4346 scductus
2606 4303 2772 4360 super
2799 4290 2866 4352 iis
2912 4290 3176 4356 elevatur,
3229 4305 3351 4360 quae
3397 4290 3499 4348 sibi
3545 4291 3707 4362 digna

2111 4386 2280 4456 gloria
2317 4392 2488 4458 putat,
2520 4398 2641 4440 cum
2675 4392 2730 4438 et
2769 4383 2822 4438 in
2852 4382 3050 4440 talibus
3095 4382 3458 4454 periculosum
3499 4383 3569 4444 sit
3594 4384 3712 4455 glo-

2113 4479 2264 4534 riari.
2289 4477 2606 4548 Exemplum
2625 4490 2922 4542 assumam,
2939 4492 3046 4544 quo
3069 4475 3164 4532 ﬁat
3186 4476 3552 4536 manifestius.
3573 4476 3711 4535 Sunt

414 4588 526 4632 tum
557 4578 726 4633 Israel
750 4578 800 4632 in
833 4579 1063 4634 salutem
1087 4577 1440 4650 gentium,sic
1463 4577 1613 4634 utilis
1639 4583 1722 4631 est
1739 4589 2003 4646 quorum-
2033 4565 2088 4632 D
2114 4571 2329 4644 quidam
2361 4572 2414 4628 in
2444 4585 2510 4626 eo
2535 4584 2595 4628 se
2636 4569 2926 4640 jaCtantes,
2959 4569 3082 4642 quia
3134 4568 3229 4626 lilii
3266 4568 3279 4606 ί
3316 4570 3516 4630 ducum
3559 4581 3706 4640 sunt,

415 4671 538 4727 dam
571 4687 726 4746 poena
755 4672 987 4727 aliorum
1020 4671 1205 4726 saluti.
1237 4673 1304 4730 Et
1327 4673 1452 4730 ideo
1483 4671 1658 4728 bonus
1681 4678 1735 4727 et
1765 4670 2006 4726 clemens

417 4764 565 4821 Deus
593 4783 605 4819 :
643 4764 765 4820 Non
795 4783 1026 4836 parcam,
1051 4767 1240 4837 inquit,
1272 4776 1318 4821 et
1346 4785 1446 4822 non
1478 4765 1755 4822 miserebor
1779 4764 1843 4818 ab
1874 4766 2008 4818 inle-

419 4860 521 4914 rilu
552 4861 1185 4932 eorum.Cireumscripto
1207 4873 1387 4917 autem
1407 4860 1510 4917 hoc
1539 4859 1800 4932 capitulo,
1820 4857 2007 4914 videa-

2115 4677 2169 4721 et
2191 4664 2359 4722 nobili
2389 4662 2588 4718 latniiia
2612 4661 2746 4720 nati.
2766 4661 3074 4722 Istiusmodi
3102 4661 3352 4724 homines
3374 4680 3442 4722 ne
3465 4665 3708 4724 umbram

2114 4760 2333 4828 quidem
2357 4766 2412 4812 et
2434 4755 2719 4826 imaginem
2743 4755 2994 4811 elationis
3017 4771 3130 4811 suae
3147 4767 3376 4828 possunt
3397 4760 3709 4816 ostendere.

2119 4853 2253 4912 Sunt
2276 4851 2366 4908 alii
2395 4851 2485 4922 qui
2513 4849 2580 4906 de
2601 4864 2666 4906 eo
2693 4849 3070 4918 sublevantur,
3103 4851 3230 4922 quia
3264 4859 3584 4922 potestatem
3621 4854 3716 4906 ha-

2123 5012 2226 5078 dit,
2249 5009 2292 5064 si
2321 5007 2471 5083 modo
2497 5023 2584 5077 per
2600 5007 2837 5083 aliorum
2858 5011 3183 5083 punitione-ru
3205 5012 3352 5083 digni
3371 5012 3537 5067 salute
3557 5013 3714 5082 eﬂicio

2123 5079 2722 5164 mur,_ilieropyuiinna
2753 5079 3008 5164 versione
3034 5079 3354 5154 improbita.
3483 5155 3492 5164 _

495 5178 668 5226 a-cus,
709 5164 1017 5238 ἀνελεήμων.
1533 5152 1543 5156 ’
1829 5152 1842 5160 ’

495 5235 524 5272 δ
557 5234 832 5300 Rabanus,
874 5236 1016 5294 haud
1070 5235 1286 5294 dubium
1334 5249 1406 5294 est
1449 5233 1574 5303 quid
1627 5233 1828 5303 faciat:
1878 5233 1976 5303 ejic

2203 5154 2218 5192 τ
2270 5154 2397 5208 Mss.
2445 5152 2593 5222 liegii
2625 5193 2639 5216 ,
2678 5161 2816 5208 teste
2851 5153 3048 5210 lluetio
3075 5199 3090 5222 ,
3115 5152 3122 5154 ⁷
3147 5165 3203 5210 ut
3249 5164 3426 5226 postea
3475 5155 3668 5224 inferat
3699 5198 3714 5223 ,

2127 5227 2407 5303 “abantis,
2437 5224 2574 5303 quod
2608 5233 2783 5303 postea
2813 5225 3017 5303 infert,
3148 5299 3174 5303 _
3544 5300 3553 5303 _

497 5249 524 5272 ο
557 5249 832 5300 habentis,
874 5249 1014 5294 haud
1070 5249 1286 5294 ductum
1334 5249 1406 5294 est
1449 5249 1572 5304 quia
1627 5249 1828 5303 lauat:
1878 5249 1976 5306 ejtc

427 5323 592 5383 luunt
612 5305 694 5383 de_
708 5305 966 5383 Ecclesia,
999 5321 1052 5364 ut
1083 5308 1273 5368 multos
1299 5316 1535 5383 reservet,
1555 5316 1662 5364 etc.
1813 5377 1845 5383 __

2128 5249 2407 5288 nttuattus,
2437 5249 2574 5294 quuu
2608 5249 2783 5291 postea
2813 5249 2990 5294 "ueri.

2194 5308 2222 5383 ᾖ
2233 5297 2349 5383 llale
2358 5339 2394 5383 ._,
2408 5297 2635 5383 sacrique
2644 5314 2670 5380 ;.
2679 5296 2816 5352 forte
2828 5301 3128 5383 secretiora:
3137 5299 3314 5383 (ἐνειλι-2
3329 5300 3715 5383 μυστικώτερα.

506 5389 529 5460 ﬁ
562 5368 992 5460 Duebusnverbis
1021 5390 1167 5448 erat,
1199 5388 1340 5460 uetus
1355 5368 1540 5460 ltumor
1563 5419 1578 5445 ,
1611 5394 1709 5448 pro
1737 5377 1932 5460 quibus
1956 5392 2022 5430 ex
2135 5443 2172 5460 η
2203 5368 2227 5406 ιλ
2285 5369 2494 5452 Υιιὶεςιιί
2550 5368 2738 5460 ΙίιιιιιἸ
2769 5386 2916 5436 quasi
2973 5368 3720 5460 verisiiiiulat‘ionc‘.aeracius.

431 5451 658 5512 [labante
688 5459 744 5508 et
771 5451 952 5522 Regiis
1000 5440 1170 5530 penes
1215 5452 1470 5510 iluetium
1525 5440 1656 5508 mss.
1693 5440 2031 5506 restituimus
2134 5443 2470 5526 Cottcilmius
2489 5440 2850 5521 apudliabau.
2877 5446 3024 5511 quasi
3053 5444 3318 5526 verisimili
3340 5442 3565 5510 ratione,
3590 5453 3720 5510 etc.,

433 5533 694 5569 veternus-
2137 5525 2194 5569 et
2225 5531 2277 5569 ιιι
2309 5513 2500 5569 Graeco
2529 5513 2746 5569 quidem
2779 5521 2882 5569 est.
2918 5518 3044 5569 αιτά
3073 5517 3419 5569 πιθανοτῃτος.

451 5541 462 5564 t
497 5533 513 5574 i
591 5542 604 5574 ι
681 5563 694 5575 .

433 5538 674 5655 “der
693 5610 909 5665 quoque
943 5597 1140 5658 \‘itiOse
1170 5595 1448 5665 legebatur
1481 5638 1496 5662 ,
1549 5594 1741 5662 cultus,
1777 5609 1872 5665 pro
1917 5607 1982 5646 eu

2137 5525 2194 5572 et
2225 5525 2277 5572 in
2309 5525 2500 5569 lil'tttco
2529 5525 2746 5582 qtttuem
2779 5525 2882 5578 est,
2916 5525 3044 5588 μετὰ
3073 5525 3419 5576 tribuuntur-oc.

2221 5586 2234 5624 ί
2273 5586 2378 5665 Pro
2423 5587 2633 5665 ducunt,
2687 5584 2828 5665 quod
2861 5602 3160 5665 uoruen_ex
3194 5587 3417 5665 Rabano
3447 5587 3730 5665 substitui-

505 5611 530 5630 “
563 5611 666 5655 llic
731 5611 909 5665 noque
943 5611 1140 5658 \‘tttose
1171 5611 1448 5665 tegebatur
1481 5638 1496 5662 ,
1549 5611 1741 5662 cattus,
1777 5611 1872 5665 pro
1917 5611 2035 5646 Uul-
2222 5611 2234 5624 ·
2273 5611 2378 5644 riu
2423 5611 2633 5650 uacum,
2687 5611 2828 5651 ιμιυιι
2861 5611 3061 5642 ιιυιιιυιι
3091 5611 3160 5642 ex
3194 5611 3417 5642 ιιιιυιιιιυ
3447 5611 3730 5646 suosunu-

434 5681 562 5736 nus,
589 5611 742 5742 quo:
770 5667 1030 5742 Rabauus
1061 5671 1305 5740 castigat.
1510 5735 1561 5742 ψ
1782 5736 1790 5742 _
1871 5737 1886 5742 Α
1981 5733 2001 5742 _
2028 5733 2042 5742 .
2144 5676 2287 5742 nius,
2323 5657 2792 5742 legebatur'antea
2827 5659 3251 5742 regungrtpco
3281 5658 3400 5726 ipso
3437 5661 3732 5732 archetype

451 5728 559 5826 ’με’
594 5728 654 5798 lit
704 5737 897 5800 Graeco
954 5741 1040 5797 ἐάν
1100 5762 1154 5815 γε
1198 5728 1640 5824 ἓωτηρὶαςιᾶξιογ
1684 5736 1930 5812 γενόμεθα
1977 5737 1983 5788 ε

451 5810 605 5867 αλλων
641 5810 988 5877 κολαζομένων
1007 5855 1019 5877 ,
1053 5829 1171 5877 qua:
1201 5812 1427 5874 llucttus
1452 5811 1590 5870 udus
1619 5821 1890 5877 interpres
1915 5823 1983 5870 rei

2147 5731 2506 5788 dissentiente
2530 5746 2542 5783 :
2567 5728 2665 5784 uici
2695 5728 2970 5799 ἡγεμόνων,
3003 5730 3101 5799 ﬁlii
3129 5729 3339 5786 ducum.

445 5813 605 5867 ἄλλων
641 5813 1019 5884 κολαζομένων,
1053 5813 1171 5886 quae
1201 5813 1427 5874 lluetius
1452 5813 1590 5870 tidus
1619 5815 1890 5880 interpres
1915 5813 2041 5870 red-

496 5027 521 5056 ¹¹
545 5018 870 5094 Econtrario
888 5019 1113 5094 Vulgati
1127 5029 1300 5094 antea,
1320 5018 1464 5094 libri,
1480 5035 1578 5076 uau
1603 5024 1658 5074 ut
1682 5016 2013 5094 misericors:

423 5091 676 5152 dissentit
724 5107 854 5148 vero
885 5088 1043 5150 vetu‘s
1100 5092 1305 5150 liabani
1347 5091 1506 5148 lectio
1533 5130 1548 5156 ,
1596 5100 1652 5146 et
1696 5088 2017 5160 cumprimis

423 5163 668 5238 Cra-cus,
709 5164 1017 5238 ἀνελεήμωντ
