4104 6336
507 221 619 279 655

1756 215 1815 273 S.
1861 208 2135 273 EUSEBII
2171 210 2550 272 HIERONYMI

3689 203 3784 268 656

499 336 638 393 bent
666 331 952 391 occidendi
979 330 1275 399 homines,
1308 339 1385 399 et,
1419 339 1478 386 ut
1506 328 1610 401 ipsi
1642 338 1853 401 putant,
1894 346 1959 387 ea
1989 328 2112 385 fulti
2138 334 2191 395 Α
2219 332 2273 385 in
2299 330 2530 395 lumine,
2559 326 2716 401 quasi
2741 326 2853 399 jam
2880 339 2989 385 non
3020 324 3196 398 possit
3221 322 3453 398 gloriam
3477 323 3781 397 prmdicare,

498 428 929 501 suntdignitate,
947 435 1006 482 ut
1028 440 1264 497 quorum
1279 424 1470 492 velint,
1487 425 1670 495 capita
1681 434 1886 481 secent.
1909 423 2112 478 [lorum

497 522 669 595 gloria
711 522 766 577 in
804 520 1129 577 confusione
1158 533 1256 575 sua
1285 529 1391 575 est.
1425 518 1531 574 Alii
1563 533 1728 588 super
1766 516 1975 573 divitiis
2009 516 2112 572 sibi

504 614 863 689 applaudunt,
898 629 1009 671 non
1038 614 1122 670 his
1152 613 1328 683 veris,
1362 610 1457 669 sed
1482 612 1549 667 iis
1571 610 1779 668 divitiis
1806 625 1925 682 quae
1954 609 2115 665 deor-

500 726 625 768 sum
654 720 802 769 sunt.
846 710 956 767 Alii
1001 710 1332 782 superbiunt
1374 724 1541 781 super
1585 708 1750 765 domo
1801 706 2109 779 Splendida,

500 821 668 880 super
692 806 1141 880 possessionibus
1166 806 1379 861 multis:
1406 806 1459 861 in
1489 804 1686 877 quibus
1706 803 1978 860 universis
2004 817 2111 859 non

503 912 594 962 est
633 902 856 975 penitus
891 901 1256 974 gloriandum.
1291 900 1447 970 Quod
1488 909 1671 956 autem
1715 899 2018 955 verisimile
2057 906 2114 953 et

505 997 731 1071 dignum
771 996 1052 1068 judicatur
1079 995 1187 1070 [ΑΙ.
1218 995 1482 1068 videtur],
1530 1004 1591 1051 ut
1631 994 1852 1067 quidam
1897 1001 2106 1064 putant,

504 1088 744 1164 llgloria,
775 1090 915 1147 illud
958 1099 1063 1159 est,
1099 1105 1222 1145 cum
1254 1087 1453 1160 aliquis
1480 1087 1560 1144 'ob
1590 1087 1922 1157 sapientiam
1952 1100 2110 1142 suam

512 1186 783 1253 elevatur,
834 1193 929 1240 aut
977 1184 1231 1240 conscius
1279 1180 1386 1238 sibi
1428 1189 1546 1249 est,
1600 1180 1748 1259 quia,
1778 1180 1967 1236 decem
1996 1177 2111 1249 jam

513 1281 676 1337 annis
701 1277 731 1319 δ
754 1294 843 1336 res
872 1294 1141 1336 venereas
1188 1293 1298 1335 non
1337 1277 1603 1349 tetigerit,
1636 1278 1754 1334 sive
1785 1277 1853 1332 ab
1885 1275 2111 1332 infantia

509 1375 749 1448 integer,
792 1383 1092 1446 castusque
1143 1372 1531 1445 permanserit.
1574 1371 1924 1442 Rursumque
1970 1369 2112 1427 alius

519 1466 773 1540 erigitur,
805 1468 929 1538 quia
956 1466 1170 1523 vincula
1202 1480 1304 1537 pro
1332 1463 1553 1521 Christo
1585 1463 1907 1534 portaverit.
1942 1462 2110 1518 Recta

515 1563 735 1634 quidem
768 1561 1025 1619 videntur
1057 1560 1175 1617 hanc
1199 1560 1367 1633 830
1386 1560 1595 1626 omnia,
1626 1567 1682 1614 et
1710 1569 1739 1598 ιλ
1766 1557 2110 1629 subjicientia

510 1654 805 1725 quamdam
834 1655 1250 1726 persuasionem
1281 1653 1349 1709 ad
1392 1652 1772 1723 gloriandum;
1825 1650 1921 1707 sed
1956 1665 2022 1705 ne
2054 1650 2106 1704 in

2216 439 2339 481 cum
2392 423 2639 480 tenebra:
2687 432 2824 479 ortae
2854 421 3079 478 fuerint.
3106 420 3333 489 Quando
3365 420 3710 487 tenebrescit,
3737 430 3788 477 ct

2216 518 2435 592 quando
2463 532 2572 574 non
2601 526 2730 574 sunt
2757 516 3033 574 tenebras?
3063 512 3381 587 Operamini
3409 514 3582 571 donec
3614 512 3785 569 lumen

2214 622 2301 669 est
2348 614 2406 669 in
2456 611 2635 669 vobis.
2686 611 2893 668 Lumen
2938 610 2997 666 in
3042 618 3095 666 te
3126 619 3239 677 est,
3270 610 3316 664 si
3350 607 3519 665 habes
3550 608 3603 662 in
3632 615 3681 663 te
3714 606 3788 663 di-

2213 716 2427 765 centem
2473 725 2485 761 :
2530 706 2647 781 Ego
2691 724 2807 763 sum
2841 706 3017 762 lumen
3060 705 3244 760 mundi
3279 700 3501 777 (Joan.,
3536 702 3784 775 vm,12).

2213 803 2484 873 Quamdiu
2512 803 2608 859 tibi
2636 803 2731 857 lux
2762 803 2866 858 ista
2896 802 3099 867 oritur,
3130 797 3369 856 clariﬁca
3403 798 3596 863 Deum,
3637 795 3785 868 831

2213 898 2393 954 sciens
2421 897 2547 968 quia
2590 895 2788 951 futurae
2834 902 2962 951 sunt
3006 892 3267 950 tenebrae.
3298 890 3411 947 Nec
3437 890 3540 946 tibi
3565 888 3785 959 expedit,

2218 1000 2277 1048 ut
2322 1008 2419 1050 eas
2469 991 2808 1064 opperiaris;
2840 990 2938 1048 sed
2968 999 3263 1061 antequam
3292 978 3451 1055 fiant,
3480 986 3546 1042 da
3578 983 3788 1057 gloriam

2213 1088 2347 1146 Deo.
2400 1087 2653 1143 Forsitan
2703 1085 2982 1157 intelliges
3030 1098 3277 1156 praesens
3308 1079 3629 1154 capitulum,
3660 1078 3790 1136 side

2215 1180 2511 1251 Evangelio
2555 1180 2857 1250 sumpseris
2885 1178 3221 1250 exemplum,
3252 1176 3403 1249 quod
3447 1175 3522 1231 ita
3564 1173 3788 1231 contexi-

2216 1282 2304 1328 tur
2328 1287 2342 1328 :
2370 1271 2677 1343 Operamini
2705 1272 2865 1326 donec
2891 1270 3000 1326 dies
3028 1279 3125 1337 est,
3169 1270 3307 1325 venit
3334 1285 3443 1325 nos:
3461 1268 3660 1340 quando
3688 1267 3791 1322 nul-

2212 1366 2295 1421 lus
2326 1374 2490 1435 potest
2514 1365 2717 1437 operari
2760 1363 2964 1437 (Joan.
2993 1378 3070 1430 ιι,
3106 1364 3142 1418 4
3165 1363 3208 1433 ).
3239 1362 3393 1419 Diem
3432 1361 3505 1418 ibi
3550 1359 3789 1417 sarculum

2212 1461 2357 1516 istud
2391 1460 2760 1531 nuncupavit,
2813 1467 2871 1515 et
2914 1458 3230 1515 necessario
3278 1455 3512 1528 apposui
3548 1455 3637 1511 ibi.
3680 1452 3791 1511 Scio

2212 1555 2413 1627 quippe
2466 1554 2520 1609 in
2567 1552 2689 1610 aliis
2738 1553 2874 1609 locis
2922 1552 3263 1609 dissonantia
3309 1550 3672 1623 praesentibus
3723 1564 3787 1605 ex

2212 1648 2319 1704 diei
2364 1647 2637 1704 vocabulo
2686 1645 3003 1718 significari.
3051 1646 3204 1702 Diem
3251 1645 3441 1717 itaque
3477 1643 3791 1715 nuncupavit

508 1746 597 1805 his
629 1748 849 1820 quidem
880 1747 950 1821 (si
994 1759 1177 1804 tamen
1210 1745 1493 1817 sequimur
1516 1745 1830 1815 veritatem)
1873 1745 2113 1800 rationa-
2141 1738 2191 1801 B
2217 1742 2481 1798 sreculum
2515 1740 2686 1809 istud,
2721 1740 2975 1797 tenebras
3005 1754 3139 1797 vero
3169 1750 3222 1796 et
3255 1750 3509 1809 noctem,
3557 1752 3790 1794 consum-

505 1840 692 1898 biliter
720 1842 845 1913 quis
891 1840 1145 1909 effertur,
1194 1841 1319 1912 quia
1350 1850 1406 1896 et
1450 1840 1505 1896 in
1550 1840 1716 1897 rebus
1749 1840 1908 1896 bonis
1934 1841 1962 1877 τι
1994 1839 2110 1911 glow

502 1933 668 2002 riari,
703 1949 811 1990 non
838 1943 924 1991 est
953 1934 1076 1992 sine
1105 1933 1445 1991 discrimine.
1477 1933 1679 1989 Paulus
1711 1933 1902 1990 habuit
1938 1942 2113 1989 matc-

505 2027 645 2083 riam
677 2026 938 2085 elationis
970 2025 1082 2100 [Αι.
1115 2026 1507 2101 gloriationis],
1536 2027 1745 2085 habens
1775 2030 1829 2083 in
1862 2042 1922 2084 se
1947 2027 2111 2083 visio-

509 2134 609 2178 nes
630 2162 644 2190 ,
690 2119 1095 2190 revelationes,
1148 2120 1326 2193 signa,
1353 2121 1611 2188 virtutes,
1639 2130 1863 2192 propter
1892 2120 2113 2177 labores

508 2228 647 2286 quos
669 2209 876 2269 Christi
904 2228 1073 2271 causa
1102 2228 1395 2285 perpessus
1442 2224 1548 2282 est,
1580 2222 1808 2284 propter
1834 2212 2112 2271 Ecclesias

510 2319 650 2376 quas
680 2306 985 2373 constituit,
1032 2307 1398 2373 contendens,
1430 2306 1525 2361 ubi
1566 2302 1821 2363 Christus
1848 2321 1957 2363 non
1994 2313 2115 2363 erat

511 2397 858 2469 nominatus,
904 2400 979 2458 ibi
1023 2402 1210 2473 jacere
1261 2400 1700 2458 fundamentum.
1752 2402 1881 2458 Haec
1923 2402 2113 2458 omnia

512 2492 760 2550 materias
798 2501 959 2550 erant
1002 2495 1418 2566 gloriationum,
1452 2501 1509 2551 et
1545 2495 1592 2551 si
1635 2495 1716 2551 sic
1762 2495 1989 2566 expedit
2031 2495 2115 2550 di-

510 2602 667 2658 cere,
713 2588 1036 2647 verisimilis
1083 2602 1246 2645 causa
1293 2604 1417 2660 quae
1475 2587 1762 2645 honestam
1818 2587 2115 2659 subiiceret

508 2680 893 2753 jactationem.
939 2680 1050 2739 Sed
1095 2682 1222 2753 quia
1272 2696 1340 2738 ne
1386 2680 1441 2738 in
1491 2682 1688 2738 talibus
1737 2682 1957 2753 quidem
1993 2682 2114 2737 sine

510 2776 760 2847 periculo
805 2783 893 2833 est
940 2775 1237 2843 sublevari,
1280 2776 1549 2847 benignus
1579 2782 1638 2831 et
1667 2774 1925 2846 providus
1951 2774 2115 2831 Pater

507 2868 787 2940 quomodo
816 2868 869 2925 ei
896 2868 1123 2940 largitus
1153 2877 1236 2924 est
1276 2868 1664 2937 revelationes,
1699 2877 1755 2924 et
1780 2868 1986 2939 gratias
2013 2867 2115 2923 dif-

508 2959 777 3028 ferentes,
806 2962 889 3018 sic
919 2962 986 3017 ad
1016 2962 1304 3019 tuitionem
1335 2962 1603 3018 donorum
1632 2976 1851 3018 suorum
1890 2960 2114 3049 tradidit

510 3056 781 3129 Angelum
807 3056 1024 3114 Satanae
1051 3056 1120 3131 (Il
1151 3055 1276 3113 Cor.
1312 3072 1418 3127 xu,
1446 3056 1527 3128 7),
1564 3066 1622 3113 ut
1651 3072 1776 3115 eum
1859 3056 2109 3128 colaphi-

2212 1838 2512 1894 mationem
2569 1836 2793 1903 mundi,
2848 1846 3075 1907 propter
3131 1835 3403 1907 supplicia
3455 1850 3579 1908 qua:
3626 1833 3790 1890 futura

2212 1923 2321 2003 [ΑΙ.
2356 1930 2613 2004 ventura]
2645 1939 2795 1986 sunt.
2819 1929 2891 1987 Ut
2917 1916 3052 2002 quid
3081 1930 3228 1986 enim
3275 1929 3443 1992 nobis
3489 1928 3785 1985 desiderare

2211 2024 2358 2080 diem
2389 2024 2638 2079 Domini?
2670 2024 2740 2078 Et
2768 2024 2869 2078 ista
2897 2034 2972 2079 est
3030 2024 3246 2080 tenebrrc
3272 2033 3325 2079 et
3356 2040 3462 2079 non
3488 2024 3579 2078 tua:
3618 2022 3787 2094 (Amos

2213 2133 2266 2186 v,
2299 2117 2411 2188 18),
2445 2117 2616 2174 Amos
2646 2117 2823 2189 inquit
2855 2116 3175 2188 prophetes.
3222 2114 3283 2173 Si
3328 2116 3643 2173 consideres
3682 2120 3790 2186 post

2214 2211 2754 2268 consummationem
2803 2212 2991 2267 mundi
3022 2210 3257 2283 lugubre
3301 2211 3442 2267 illud
3467 2253 3481 2280 ,
3508 2209 3647 2282 quod
3675 2222 3788 2281 pas-

2214 2323 2403 2365 surum
2432 2317 2517 2364 est
2546 2308 2864 2364 universum
2897 2322 3036 2378 pene
3067 2307 3353 2364 hominum
3384 2322 3555 2380 genus
3581 2320 3674 2377 pro
3709 2304 3787 2360 bis

2212 2418 2333 2474 quae
2356 2401 2624 2473 peccavit,
2652 2401 2867 2457 videbis
2887 2400 3163 2471 quomodo
3190 2400 3437 2457 tenebrae
3461 2406 3781 2470 occupatura:

2212 2497 2329 2552 sint
2357 2496 2560 2566 omnia,
2596 2504 2654 2552 et
2680 2494 2864 2552 nullus
2906 2495 3081 2565 possit
3118 2494 3175 2549 in
3206 2494 3303 2550 illo
3339 2504 3586 2565 tempore
3610 2490 3789 2564 gloriﬁ-

2215 2605 2344 2648 care
2375 2588 2485 2663 [Al.
2514 2587 2845 2663 clariﬁcare]
2874 2589 3074 2646 Deum.
3109 2589 3168 2646 Si
3198 2588 3425 2660 quidem
3470 2597 3525 2645 et
3564 2585 3715 2659 juSIis
3738 2582 3787 2638 in

2216 2683 2353 2739 Isaia
2382 2685 2605 2755 jubetur
2652 2702 2665 2741 :
2707 2683 2869 2751 Vade,
2903 2684 3129 2757 populus
3155 2699 3301 2738 meus
3322 2727 3341 2750 ,
3375 2684 3430 2738 in
3459 2678 3789 2755 promptuaria

2216 2788 2307 2833 tua
2335 2780 2492 2847 intra,
2524 2779 2709 2834 claude
2735 2778 2924 2834 ostium
2952 2787 3120 2846 tuum,
3143 2786 3191 2832 et
3210 2775 3535 2832 abscondere
3561 2773 3787 2847 pusillum

2214 2874 2558 2943 quantulum,
2601 2874 2768 2928 donec
2807 2874 2888 2927 ira
2916 2870 3019 2927 Dei
3064 2882 3292 2927 transeat
3341 2870 3497 2941 (Isai.
3522 2885 3660 2933 xxvr,
3684 2864 3786 2937 20).

2215 2965 2391 3023 Simul
2438 2975 2621 3023 autem
2668 2974 2725 3023 et
2768 2966 2823 3021 in
2871 2964 2959 3021 his
2982 2965 3075 3034 qui
3102 2973 3287 3037 potest
3335 2964 3611 3030 observet,
3638 2972 3788 3033 quare

2214 3058 2352 3115 dixit
2378 3059 2633 3131 pusillum
2663 3058 2985 3131 quantulum
3011 3075 3026 3112 :
3064 3067 3087 3096 °
3116 3056 3322 3129 quippe
3354 3056 3461 3113 hoc
3490 3054 3784 3128 quantulum

507 3160 660 3209 zaret
707 3150 816 3224 [Αι.
863 3152 1226 3225 colaphizetj,
1278 3168 1346 3209 ne
1373 3151 1757 3219 extolleretur,
1790 3162 1853 3209 et
1881 3160 2110 3224 pr0pter
2137 3144 2182 3209 C
2216 3152 2361 3224 quod
2395 3151 2648 3223 pusillum
2680 3160 2788 3219 est,
2818 3167 2928 3207 non
2959 3159 3045 3208 est
3081 3149 3346 3222 pusillum
3379 3148 3699 3206 hominibus.
3727 3144 3790 3201 Et

500 3247 616 3305 hoc
654 3254 737 3305 ter
775 3246 1065 3304 Dominum
1106 3248 1360 3319 rogavit,
1407 3247 1617 3305 scilicet
1644 3256 1704 3303 ut
1733 3247 1802 3304 ab
1829 3263 1897 3304 eo
1937 3247 2116 3305 disce-

507 3340 668 3398 deret
713 3340 962 3411 Angelus
1008 3340 1265 3409 Satanae,
1310 3340 1401 3411 qui
1441 3340 1600 3411 juxta
1647 3340 2113 3413 dispensationem

503 3432 558 3490 ei
611 3434 897 3507 appositus
953 3432 1155 3490 fuerat.
1215 3431 1326 3489 Sed
1384 3432 1669 3504 respondit
1734 3436 1785 3490 ei
1845 3434 2115 3491 Dominus

500 3526 741 3599 (dignus
770 3527 974 3599 quippe
1001 3534 1121 3582 erat
1144 3526 1509 3597 responsione
1541 3526 1758 3582 Domini
1788 3526 2017 3599 Paulus)
2057 3539 2113 3584 et

504 3618 643 3676 dixit
671 3620 739 3675 ad
769 3634 896 3676 eum
944 3637 958 3673 :
1004 3617 1224 3690 Sufﬁcit
1272 3618 1363 3673 tibi
1394 3620 1562 3691 gratia
1601 3636 1751 3687 mea;
1781 3620 1945 3676 virtus
1976 3622 2113 3676 enim

503 3716 558 3770 in
573 3715 881 3785 inﬁrmitate
900 3714 1175 3785 per/icitur
1207 3713 1295 3787 (ll
1324 3713 1448 3770 Cor.
1488 3730 1587 3781 xu,
1618 3714 1716 3787 9).
1746 3715 1925 3788 Super
1956 3717 2111 3773 nullo

497 3809 665 3881 igitur
712 3808 1065 3880 gloriandum
1116 3816 1222 3866 est.
1275 3802 1542 3880 Sequitur
1590 3810 1794 3881 quippe
1838 3812 1997 3867 ruina
2025 3812 2111 3883 ja-

505 3902 797 3973 ctantiam,
829 3903 1113 3976 Scriptura
1144 3904 1363 3961 dicente
1403 3921 1416 3958 :
1458 3904 1591 3960 Ante
1621 3905 1977 3962 contritionem
2006 3906 2111 3963 ele-

504 4005 657 4053 vatur
697 4014 788 4053 cor
831 3998 965 4065 viri,
1017 4006 1065 4053 et
1110 4007 1229 4053 ante
1275 3997 1499 4070 gloriam
1544 3997 1853 4057 humiliatur
1902 4000 2103 4073 (Prov.

502 4108 658 4160 xvm,
688 4091 802 4163 12).
831 4091 901 4148 Et
923 4091 1043 4149 haec
1064 4093 1282 4163 quidem
1310 4093 1452 4149 dicta
1476 4102 1607 4151 sunt
1633 4093 1703 4150 de
1731 4110 1796 4150 eo
1825 4097 1969 4167 quod
1993 4098 2103 4157 ait:

504 4184 695 4239 Audite
732 4192 782 4240 et
808 4183 1022 4239 auribus
1062 4186 1329 4257 percipite,
1363 4193 1411 4240 et
1441 4185 1602 4243 nolite
1626 4184 1829 4258 extolli,
1863 4189 2107 4259 quoniam

504 4276 763 4332 Dominus
809 4278 1017 4333 locutus
1066 4286 1141 4333 est
1186 4277 1345 4351 (Jer.
1386 4295 1487 4349 xu,
1522 4282 1612 4348 15,
1652 4281 1780 4353 16).
1812 4282 2106 4341 Videamus

504 4381 690 4430 autem
718 4382 775 4430 et
803 4380 1027 4430 cratera.
1075 4370 1210 4428 Date
1234 4371 1463 4429 Domino
1490 4372 1603 4430 Deo
1649 4384 1826 4432 nostro
1856 4379 2099 4450 gloriam,

504 4466 809 4537 priusquam
855 4466 1113 4535 obscuret,
1166 4478 1213 4522 et
1274 4466 1579 4538 priusquam
1630 4466 1897 4537 o/fendant
1948 4473 2102 4539 pedes

2216 3245 2480 3303 debemus
2509 3248 2783 3318 inspicere
2822 3246 3098 3318 quomodo
3124 3247 3358 3320 singulis
3388 3256 3482 3303 aut
3508 3260 3686 3318 parum
3724 3242 3786 3298 sit

2214 3338 2416 3409 aliquid
2444 3381 2458 3407 ,
2509 3348 2608 3396 aut
2642 3355 2924 3413 magnum.
2968 3339 3053 3396 Ad
3081 3339 3228 3412 quod
3270 3339 3610 3412 probandum
3638 3336 3782 3395 etiam

2215 3433 2469 3504 exemplo
2510 3434 2738 3490 utimur.
2786 3433 3094 3505 Unicuique
3136 3433 3459 3490 animalium
3490 3447 3584 3504 pro
3612 3438 3781 3488 natura

2212 3538 2268 3584 et
2297 3528 2460 3585 modo
2488 3529 2740 3601 corporis
2769 3529 2872 3597 sui,
2903 3538 2997 3585 aut
3025 3544 3229 3601 parvus
3260 3537 3347 3586 est
3371 3529 3545 3597 cibus,
3572 3534 3660 3582 aut
3684 3537 3783 3580 ma-

2210 3637 2380 3694 gnus;
2414 3631 2469 3680 et
2501 3623 2646 3694 quod
2674 3622 2768 3679 alii
2798 3623 3063 3694 pusillum
3094 3631 3203 3692 est,
3245 3638 3404 3694 aeque
3432 3621 3485 3679 id
3513 3622 3677 3693 ipsum
3700 3616 3783 3673 alii

2212 3719 2447 3775 multum
2494 3728 2598 3776 est.
2648 3719 2790 3787 Quid
2840 3718 2911 3776 de
2940 3719 3272 3775 animalibus
3316 3719 3545 3787 loquar?
3590 3718 3641 3772 in
3679 3716 3781 3785 ipso

2210 3829 2430 3886 quoque
2459 3813 2684 3870 homine
2715 3828 2902 3871 rerum
2932 3814 3261 3871 differentia:
3286 3821 3441 3871 sunt.
3489 3809 3636 3880 Quod
3676 3808 3782 3864 viro

2209 3924 2406 3980 parum
2453 3919 2572 3977 est,
2620 3909 2725 3966 hoc
2772 3910 2965 3966 infanti
3013 3907 3323 3981 superfluit.
3354 3908 3531 3981 Atque
3567 3908 3618 3963 in
3656 3904 3780 3959 hunc

2211 4001 2430 4058 modum
2468 4018 2635 4060 omne
2663 4012 2877 4076 tempus
2908 4004 3037 4060 vita:
3065 4003 3341 4071 humana),
3372 4000 3581 4059 etiamsi
3610 4005 3777 4054 cente-

2209 4098 2421 4153 nariam
2461 4099 2692 4156 excedat
2720 4106 2962 4166 aetatem,
2997 4098 3063 4155 ad
3095 4097 3561 4171 comparationem
3586 4086 3776 4149 aeterni-

2211 4192 2335 4248 tatis
2380 4192 2551 4251 breve
2579 4202 2664 4251 est
2699 4212 2712 4250 :
2753 4193 2902 4251 unde
2930 4193 3187 4265 pusillum
3234 4191 3330 4249 Dei
3367 4193 3524 4249 nobis
3568 4186 3773 4245 multum

2207 4295 2324 4357 est,
2377 4298 2434 4344 et
2476 4288 2721 4346 vicissim
2771 4290 3032 4346 universa
3075 4287 3276 4345 saecula
3318 4288 3390 4344 ad
3431 4286 3597 4344 Deum
3622 4280 3774 4338 relata

2206 4383 2532 4441 brevissima
2582 4395 2733 4442 sunt.
2788 4385 2882 4442 Sic
2906 4399 3039 4456 ergo
3070 4384 3268 4441 dicitur
3308 4400 3324 4438 :
3376 4381 3536 4447 Vade,
3575 4373 3775 4449 populus

2207 4494 2381 4545 meus,
2414 4480 2553 4535 intra
2589 4481 2643 4535 in
2684 4481 3044 4554 promptuaria
3085 4488 3205 4547 tua,
3251 4478 3434 4533 claude
3463 4475 3670 4539 ostium,
3698 4466 3778 4522 ab-

503 4560 659 4614 vestri
703 4576 859 4632 super
903 4568 1104 4617 utentes
1150 4560 1473 4629 tenebrosos,
1510 4570 1560 4617 et
1586 4564 1903 4620 sustinebitis
1932 4565 1986 4620 in
2017 4566 2101 4621 lu-
2129 4549 2186 4612 Ῑ)
2208 4573 2455 4628 scandere
2486 4549 2732 4645 pusillum
2758 4549 2922 4648 832
2952 4573 3283 4646 quantulum.
3332 4568 3653 4641 Quantulum
3693 4575 3779 4633 pu-

502 4669 639 4710 men.
686 4653 827 4711 Eum
874 4655 966 4727 qui
997 4655 1227 4713 daturus
1258 4668 1343 4715 est
1368 4657 1602 4729 gloriam
1639 4659 1774 4729 Deo,
1828 4661 2104 4721 vultdare

574 4854 603 4884 α
634 4843 928 4929 ξρνρεεειεη
981 4841 1354 4929 inibactenps
1403 4841 1707 4929 impressis,
1758 4846 2095 4929 gloriandum

503 4926 598 4973 est.
643 4914 753 4972 Nos
800 4914 1010 4972 Rabani
1055 4914 1219 4970 lectio
1262 4914 1331 4971 dc
1363 4914 1562 4969 mendo
1593 4914 1819 4972 monuit.
1869 4917 2098 4975 Constat

500 5003 633 5045 vero
655 5003 724 5045 ex
747 5002 934 5053 sensu,
951 4987 1189 5058 ipsaque
1210 4986 1476 5041 orationis
1500 4987 1646 5043 serie
1675 4990 2091 5058 restituendum,

498 5062 579 5134 uti
627 5059 880 5134 fecimus,
930 5057 1141 5134 duobus
1187 5058 1393 5134 verbis,
1425 5059 1596 5129 gloria
1633 5060 1903 5133 (scilicet,
1952 5064 2097 5134 quod

499 5133 722 5197 dignum
749 5128 1049 5201 iudicatur)
1077 5128 1214 5184 illud
1241 5139 1338 5196 est,
1372 5128 1477 5185 etc.

570 5204 599 5243 δ
630 5204 783 5275 Legit
824 5202 1113 5269 Rabauus,
1142 5202 1404 5275 mulieres
1452 5216 1553 5275 pro
1601 5219 1681 5275 res
1713 5221 1947 5260 venereas
1982 5221 1999 5259 :
2041 5206 2096 5263 in

500 5274 694 5333 Graeco
713 5272 925 5351 :autem
972 5272 1188 5344 proprie
1234 5281 1350 5338 est,
1402 5274 1524 5346 οὐχ’
1550 5274 1716 5351 ἥψατο
1754 5276 2093 5351 ἁφρρδισίωνε

496 5363 603 5402 non
646 5346 811 5420 tetigit
837 5361 920 5401 res
950 5360 1226 5420 venereris:
1249 5360 1368 5413 seu,
1402 5346 1609 5420 venere
1632 5346 1914 5420 abstinuit.

575 5430 597 5457 ε
643 5416 821 5474 Antea
868 5427 1002 5492 erat
1035 5416 1214 5471 minus
1270 5428 1451 5492 recte,
1503 5418 1825 5492 subjicienda
1869 5422 2099 5492 quadam

499 5492 854 5561 persuasione.
883 5488 1098 5560 Optime
1155 5489 1467 5543 econtrario
1494 5488 1602 5561 vim
1649 5488 1825 5545 Graeci
1878 5488 2090 5559 textus,

502 5561 771 5636 meatvémc
814 5563 904 5633 μέν
952 5561 1090 5636 ἐστιν
1116 5562 1337 5636 ἐνταῦθα
1366 5560 1751 5636 ὐποϐἀλλρυσᾳ,
1780 5560 1857 5619 ὅτι
1884 5563 2095 5636 εὐλόγως

501 5650 581 5693 τις
609 5631 897 5707 grape-im,
948 5641 1004 5707 et
1032 5631 1239 5687 Latinae
1271 5631 2092 5707 interpretationis(germanum

502 5702 741 5780 sensum'
771 5704 886 5780 haec
908 5702 1110 5780 refert,
1139 5719 1400 5780 quamex
1430 5704 1653 5761 Rabano
1678 5702 2086 5780 substituimus,

502 5772 698 5843 lectio,
747 5774 1075 5848 subjicientia
1122 5772 1404 5847 quamdam
1455 5778 1838 5848 persuasionem
1884 5779 1954 5835 ad
1979 5772 2093 5852 gla-

2211 4666 2390 4723 silium
2442 4665 2575 4724 illud
2633 4681 2744 4723 non
2797 4667 2866 4722 ad
2907 4667 3054 4723 illius
3109 4672 3360 4722 naturam
3408 4661 3656 4726 refertur,
3696 4650 3777 4725 qui

2198 4848 2459 4924 riandum,
2490 4855 2597 4924 etc.
2630 4848 2839 4924 Eadem
2872 4864 2997 4924 mou
3022 4847 3255 4924 recurrit
3284 4841 3624 4924 sententia...”
3652 4901 3761 4924 MA

2270 4916 2296 4956 ά
2324 4904 2659 4993 ίϐοῐίιιέειτίο,
2711 4904 2838 4978 an;
2876 4904 3250 4993 potiusinullo
3292 4933 3456 4993 sensu
3502 4908 3627 4970 editi
3648 4904 3763 4993 libri

2202 4990 2471 5065 ferebant,
2514 4992 2847 5065 gloriandum
2876 4989 2948 5049 est
2976 4996 3107 5060 sine,
3153 5001 3263 5048 etc.
3294 4989 3504 5065 Clamat
3536 4997 3619 5039 res
3646 4989 3768 5065 ipsi,

2202 5062 2344 5137 hanc
2367 5060 2537 5120 fuisse
2562 5066 2849 5137 scriptoris
2874 5074 3137 5131 mentem,
3167 5073 3226 5119 ut
3255 5063 3500 5137 inferret,
3535 5064 3699 5137 neque
3720 5060 3770 5137 in

2203 5135 2579 5210 bonis_rebus
2626 5124 2891 5209 gloriari,
2941 5124 3235 5210 cssesine
3281 5131 3557 5210 periculo:
3588 5124 3765 5210 Sicf}

2207 5207 2368 5277 paulo
2409 5217 2553 5277 post,
2582 5204 2652 5264 ne
2670 5211 2722 5264 in
2753 5210 2942 5264 talibus
2968 5209 3179 5281 quidem
3207 5204 3485 5281 sublevari,
3512 5204 3619 5255 sine
3644 5207 3769 5281 pert!-

2204 5281 2323 5332 cuto
2366 5288 2462 5337 est.
2509 5281 2661 5337 Hanc
2694 5281 2831 5337 adeo
2862 5277 3149 5338 lectionem
3186 5295 3256 5335 ex
3296 5277 3517 5333 Rabano
3543 5277 3769 5343 τερρευμ-

2206 5367 2326 5405 mus
2356 5365 2369 5399 :
2401 5335 2459 5425 in
2504 5335 3268 5425 Graecisin“lenimur
3309 5335 3619 5425 est,_q90d‘
3654 5335 3767 5425 μιξξο

2200 5424 2489 5479 sententiae
2512 5427 2866 5496 respondeat.
2899 5425 3063 5481 Levia
3091 5421 3342 5497 quzedam
3367 5414 3591 5476 inferius
3614 5414 3763 5466 casti-

2198 5504 2414 5565 gantur.

2276 5577 2298 5639 ὲ
2332 5565 2485 5623 Unus
2514 5583 2617 5624 ms.
2650 5570 2785 5639 Reg.
2820 5584 2987 5639 penes
3014 5567 3306 5639 Huetium,
3347 5556 3655 5639 Quanta?!“
3678 5563 3764 5639 ΒΕ·

2196 5636 2376 5693 sillum
2421 5642 2613 5713 quippe
2651 5627 2770 5708 Ιιοῖ,
2812 5627 3125 5713 quantulum
3169 5627 3416 5713 pusillum
3439 5642 3513 5713 est
3550 5627 3758 5713 Βοηζξζιξν

2196 5690 2397 5765 nisi
2423 5690 3585 5781 satiassatias?glutinandum
3610 5690 3752 5767 ριιείίσ

2194 5782 2302 5839 lum
2324 5786 2436 5839 est?
2464 5802 2565 5842 non
2593 5796 2668 5843 est
2697 5785 2948 5858 pusillum
2974 5785 3216 5842 hominis.
