4128 6346
301 307 415 364 657

888 303 1324 364 'lRANSLATlO
1366 304 1806 365 llOMlLIARUM
1844 303 2169 364 ORIGENIS
2207 305 2276 364 IN
2315 306 2688 365 JEREMIAM.
2733 309 2897 366 HOM.
2939 308 3035 369 IX.

3507 313 3614 371 658

306 422 365 477 in
414 420 790 492 promptuaria
839 433 936 475 sua
984 420 1207 492 jubetur
1252 421 1490 492 intrare,
1545 422 1641 479 sed
1672 422 1793 494 ejus
1820 421 1913 493 qui
1940 420 2181 485 Antonii
2208 423 2317 494 isti,
2352 422 2418 479 de
2464 437 2572 495 quo
2602 426 2895 495 quzesistis,
2938 427 3004 484 de
3048 442 3156 499 quo
3199 429 3609 501 proposuistis:

297 515 500 588 jubet,
551 516 638 572 cui
671 514 925 587 pusillum
956 525 1040 572 est
1067 516 1169 572 hoc
1199 531 1359 574 omne
1388 517 1533 588 quod
1563 517 1768 589 grande
1804 526 1905 573 est.

301 607 370 666 Si
400 609 549 665 enim
576 608 755 665 donec
781 616 1129 679 pertranseat
1150 609 1227 665 ira
1260 609 1615 681 Dei,oportet
1644 610 1908 681 quosdam

301 698 517 757 intrare
569 701 939 772 promptuaria
986 716 1116 767 sua;
1164 710 1291 757 sunt
1331 711 1513 759 autem
1554 702 1672 771 alii,
1712 704 1910 775 quibus

301 808 419 850 non
448 801 577 848 sunt
600 793 921 851 dimittenda
951 804 1199 865 peccata,
1224 811 1330 850 non
1359 795 1536 851 solum
1568 797 1622 852 in
1650 798 1910 868 praesenti

296 888 821 958 ssnculo,sedetiam
839 889 892 945 in
904 889 1108 957 futuro,
1126 890 1473 947 manifestum
1516 901 1622 964 est,
1655 893 1907 964 pusillum

298 982 374 1038 ad
408 997 472 1038 ea
502 984 852 1040 referendum
877 1000 1002 1057 qua:
1030 984 1291 1042 diximus.
1323 986 1456 1043 Date
1483 989 1658 1058 itaque
1681 987 1907 1045 Domino

298 1075 417 1131 Deo
446 1086 616 1131 vestro
663 1077 885 1149 gloriam
932 1076 1070 1150 (Jer.
1101 1094 1223 1148 xm,
1259 1079 1371 1152 16).
1401 1080 1687 1149 Quomodo
1714 1081 1907 1138 damus

300 1171 542 1229 Domino
571 1172 687 1229 Deo
734 1182 928 1229 nostro
956 1174 1221 1245 gloriam?
1260 1190 1368 1233 non
1390 1176 1574 1233 verbis
1599 1187 1652 1232 et
1681 1179 1907 1234 vocibus

301 1273 518 1322 tantum
562 1266 958 1339 gloriﬁcandus
1001 1277 1086 1325 est
1127 1269 1390 1326 Dominus
1430 1288 1443 1325 :
1487 1270 1734 1341 gloriﬁca
1780 1271 1902 1345 [ΑΙ.

301 1358 552 1416 clariﬁca
577 1361 663 1416 hic
691 1367 739 1417 et
761 1359 929 1435 infra]
959 1375 1082 1417 eum
1112 1362 1166 1417 in
1199 1362 1475 1430 castitate,
1506 1372 1561 1419 et
1586 1362 1820 1434 justitia,
1851 1376 1907 1421 et

301 1452 702 1511 beneﬁcentia:
729 1454 976 1525 gloriﬁca
1005 1471 1129 1512 eum
1165 1457 1218 1513 in
1246 1457 1588 1527 fortitudine,
1612 1458 1901 1529 patientia,

298 1549 540 1620 pietate,
590 1548 878 1621 sapientia,
927 1550 1254 1622 casterisque
1279 1551 1593 1607 virtutibus.
1627 1561 1653 1591 α
1681 1551 1770 1608 Sic
1809 1567 1906 1609 au-

302 1648 419 1696 tem
468 1649 555 1700 est
602 1641 990 1719 glorificandus
1024 1643 1198 1711 Deus,
1230 1643 1277 1701 si
1318 1645 1591 1701 contraria
1643 1646 1900 1713 intulero,

304 1735 437 1791 nolo
466 1750 557 1792 me
583 1734 924 1792 arbitremini
959 1736 1362 1808 blasphemarc.
1411 1736 1659 1795 Exhich
1702 1739 1903 1810 quippe

2016 517 2192 572 dicetis
2238 517 2401 571 monti
2432 516 2552 571 huic
2584 534 2603 572 :
2633 516 2969 589 Transmigra
3011 519 3151 591 hinc,
3184 531 3233 576 et
3262 523 3610 597 transmigra-

2014 612 2105 679 bit,
2140 612 2194 668 id
2236 622 2319 668 cst
2345 612 2414 667 ab
2458 612 2684 669 homine
2729 613 2797 669 ad
2820 614 2998 670 locum
3029 615 3314 673 definitum
3347 617 3472 674 sibi.
3506 618 3611 688 Qui

2013 725 2145 781 ergo
2186 708 2488 777 offendunt,
2535 724 2643 765 non
2673 710 2953 766 oti‘endunt
2979 725 3145 782 super
3164 721 3380 770 montes
3421 713 3611 771 lucen-

2012 812 2118 871 tes,
2152 803 2246 859 sed
2291 818 2460 874 super
2502 811 2721 859 montes
2754 804 3111 871 tenebrosos,
3160 807 3204 862 si
3234 805 3437 863 fuerint
3478 823 3606 865 cum

2010 896 2224 965 zabulo,
2261 904 2316 951 et
2346 894 2556 966 angelis
2582 895 2700 965 ejus
2724 896 3000 952 montibus
3032 895 3362 954 tenebrosis.
3386 898 3457 953 Et
3492 902 3611 959 sus-1

2010 990 2234 1046 tinebitis
2265 992 2319 1045 in
2366 991 2557 1046 lumen.
2613 991 2806 1048 Potest
2834 991 3056 1063 quidem
3094 993 3268 1063 aptari
3310 992 3437 1051 huic
3462 994 3608 1065 quod

2009 1085 2255 1143 dicitur:
2304 1085 2439 1142 Date
2491 1086 2710 1160 gloriam
2749 1085 2977 1143 Domino
3010 1085 3122 1143 Deo
3166 1096 3347 1144 nostra
3389 1087 3608 1158 (Jerem.

2008 1195 2125 1248 xm,
2157 1179 2272 1251 16),
2323 1178 2428 1235 hoc
2474 1180 2617 1250 quod
2671 1180 2832 1235 modo
2861 1179 3067 1237 infert:
3096 1179 3165 1235 Et
3208 1182 3525 1239 sustinebitis
3554 1183 3609 1237 in

2008 1274 2202 1327 lumen.
2227 1270 2285 1328 Si
2318 1271 2581 1328 dederitis
2608 1271 2843 1329 Domino
2872 1273 2987 1329 Deo
3012 1281 3204 1329 vestro
3232 1273 3482 1345 gloriam,
3513 1289 3613 1332 an-

2007 1376 2226 1438 tequam
2257 1368 2733 1435 contenebrescat,
2765 1376 2823 1424 et
2843 1378 3133 1441 antequam
3175 1366 3459 1425 offendant
3505 1384 3608 1441 pe—

2006 1460 2103 1517 des
2133 1460 2304 1517 vestri
2331 1476 2496 1532 super
2540 1470 2752 1518 montes
2795 1461 3114 1518 tenebrosos
3133 1503 3147 1527 ,
3178 1460 3324 1518 haud
3353 1461 3603 1527 dubium,

2006 1553 2136 1624 quin
2167 1554 2380 1609 etiamsi
2425 1555 2897 1621 contenebrescat,
2930 1561 2988 1610 et
3029 1552 3344 1611 sustineatis
3381 1553 3563 1609 lumen
3584 1596 3599 1620 ,

2004 1662 2103 1703 vos
2142 1648 2421 1718 suscipiat.
2468 1648 2623 1704 Alius
2659 1663 2793 1705 vero
2832 1648 2998 1715 dicat,
3029 1649 3213 1705 nescio
3241 1656 3424 1706 utrum
3454 1657 3607 1706 recte

2007 1755 2076 1796 an
2109 1756 2419 1811 perperam,
2442 1743 2563 1813 quia
2596 1750 2651 1798 et
2680 1741 2735 1798 hi
2771 1742 2861 1813 qui
2892 1741 3171 1799 oliendunt
3203 1757 3367 1814 super
3395 1752 3611 1799 montes

301 1827 651 1899 Scripturam
678 1843 874 1885 sensus
900 1829 1009 1887 mei
1037 1838 1251 1898 testem,
1280 1832 1557 1903 quomodo
1581 1841 1765 1888 castus
1789 1831 1909 1903 glo-
1938 1822 1988 1886 B
2015 1834 2355 1900 tenebrosos,
2412 1844 2731 1906 exspectant
2770 1834 3067 1906 aliquando
3112 1835 3501 1893 misericordia
3529 1836 3613 1892 lu-

302 1922 520 1990 rificet,
567 1923 886 1980 luxuriosus
936 1924 1229 1981 inhonoret
1271 1925 1444 1982 Deum
1473 1923 1500 1964 ι)
1556 1943 1567 1981 :
1622 1926 1905 1997 Templum

300 2016 457 2073 enim
489 2017 643 2089 ejus,
691 2018 846 2090 quasi
890 2016 1428 2087 Nabuchodonosor,
1475 2018 1710 2076 destruit
1744 2027 1907 2090 atque

301 2113 626 2184 corrumpit,
673 2122 729 2170 et
756 2113 1058 2170 secundum
1090 2113 1413 2184 Apostolum
1444 2128 1541 2184 per
1580 2113 1908 2185 praevarica-

302 2206 511 2262 tionem
542 2205 700 2277 legis,
748 2207 918 2263 Deum
970 2207 1263 2263 inhonorat
1291 2206 1470 2280 (Rom.
1504 2224 1564 2276 ιι,
1591 2207 1704 2279 23).
1739 2206 1906 2279 Igitur

300 2298 573 2370 glorilieat
612 2299 779 2356 Deum
806 2301 1007 2371 justus,
1052 2298 1402 2356 contumeliis
1447 2298 1617 2356 afticit
1661 2299 1906 2370 quicum-

299 2410 408 2466 que
440 2403 694 2467 peccator
735 2403 837 2452 est.
888 2394 1026 2452 Nam
1053 2405 1106 2452 et
1136 2396 1270 2452 illud
1300 2394 1444 2467 quod
1485 2394 1702 2467 quidam
1744 2394 1903 2451 dubi-

298 2498 440 2559 tant,
460 2504 529 2545 an
551 2490 623 2547 sit
645 2490 987 2562 providentia
1010 2490 1129 2557 Dei,
1158 2490 1361 2547 nullam
1394 2491 1556 2546 aliam
1586 2490 1657 2548 ob
1683 2506 1901 2548 causam

299 2584 407 2641 nisi
435 2584 506 2641 ob
533 2584 662 2641 vitia
706 2586 964 2642 nascitur.
994 2584 1165 2642 Aufer
1187 2600 1273 2652 ea,
1307 2585 1576 2642 abstulisti
1614 2586 1817 2655 pariter
1846 2595 1903 2642 et

297 2693 495 2735 causas
524 2678 889 2751 providentia:
920 2678 1267 2736 destruenda:
1286 2693 1506 2735 sursum
1533 2693 1597 2735 ac
1621 2678 1897 2735 deorsum.

296 2771 403 2841 Qui
434 2770 725 2827 adversum
758 2770 1155 2842 providentiam
1186 2771 1489 2843 disputant,
1532 2771 1650 2827 haec
1690 2771 1898 2827 dicunt.

296 2864 484 2933 Quare
508 2866 643 2921 tanti
664 2865 932 2922 adulteri?
954 2881 1124 2938 quare
1150 2868 1283 2922 tanti
1314 2867 1544 2923 molles?
1567 2882 1737 2938 quare
1766 2867 1899 2922 tanti

295 2959 596 3031 sacrilegi?
615 2974 785 3030 quare
808 2960 943 3016 tanti
968 2961 1260 3033 irreligiosi
1282 2962 1443 3018 sunt?
1468 2964 1651 3034 Atque
1672 2962 1746 3018 ita
1768 2977 1899 3020 con-

296 3053 553 3110 tumelias
596 3056 650 3110 in
694 3054 1094 3125 providentiam
1124 3098 1138 3123 ,
1182 3064 1239 3113 et
1276 3055 1513 3112 olfensas
1537 3056 1592 3112 in
1615 3056 1810 3124 Deum,
1844 3066 1899 3113 et

293 3147 711 3204 criminationes
733 3149 788 3204 in
812 3148 1130 3206 Creatorem
1155 3160 1472 3220 peccatores
1496 3160 1779 3221 generant.
1813 3150 1896 3206 Ex

2011 1941 2156 1982 men.
2194 1925 2307 1982 lloc
2328 1926 2472 1982 enim
2510 1925 2727 1982 videtur
2757 1926 3050 1982 ostendere
3074 1943 3089 1982 :
3113 1925 3184 1981 Et
3211 1927 3532 1985 sustinebitis
3550 1927 3607 1983 in

2011 2017 2206 2074 lumen.
2238 2019 2295 2077 Si
2319 2028 2499 2076 autem
2529 2022 2652 2090 quis
2673 2018 2885 2075 venerit
2904 2018 2973 2075 ad
3002 2026 3217 2077 montes
3262 2020 3606 2086 tenebrosos,

2009 2115 2135 2171 vide
2169 2114 2301 2186 quid
2355 2116 2428 2171 ibi
2477 2117 2739 2173 inveniat.
2791 2118 2889 2173 Est
2913 2114 3028 2174 illic
3053 2114 3245 2172 umbra
3285 2112 3611 2181 mortis,ibi

2012 2210 2284 2267 tenebrosi
2315 2220 2550 2276 montes,
2584 2211 2657 2267 ibi
2686 2210 2881 2266 umbra
2906 2211 3100 2266 mortis
3131 2225 3201 2265 ex
3229 2208 3364 2279 ipsis
3403 2207 3608 2263 monti-

2008 2306 2112 2361 bus
2149 2314 2451 2375 procreata.
2505 2302 2570 2358 Et
2599 2312 2856 2373 ponentur
2898 2303 2953 2357 in
2983 2301 3232 2357 tenebras.
3264 2298 3335 2355 Et
3376 2299 3480 2354 nisi
3505 2314 3605 2353 au-

2008 2396 2208 2452 dieritis
2246 2396 2462 2464 occulte,
2496 2393 2741 2466 gloriabit
2779 2395 2955 2448 animo
2981 2403 3152 2449 vestra
3181 2409 3213 2445 a
3243 2392 3376 2464 facie
3421 2401 3607 2448 contu-

2006 2490 2175 2546 melia:
2200 2488 2343 2562 (Jer.
2385 2504 2512 2560 ⁶ιιιιι,
2545 2487 2670 2559 17).
2720 2486 2798 2544 De
2828 2486 2913 2541 his
2951 2485 3044 2557 qui
3089 2484 3334 2552 audiunt,
3385 2483 3605 2556 quidam

2006 2583 2219 2641 occulte
2247 2582 2475 2639 audiunt
2500 2600 2513 2637 :
2543 2580 2764 2652 quidam
2785 2595 2920 2638 vero
2944 2594 3067 2636 cum
3096 2578 3345 2648 audiunt,
3376 2592 3487 2634 non
3514 2591 3606 2635 oc-

2005 2681 2152 2736 culte
2203 2678 2448 2736 audiunt.
2512 2676 2653 2746 Quid
2720 2687 2803 2734 est
2853 2676 3035 2747 itaque
3095 2675 3315 2732 occulte
3375 2673 3607 2731 audire?

2004 2789 2205 2844 nempe
2227 2771 2405 2827 illud:
2454 2770 2560 2828 Sed
2612 2770 2874 2839 loquimur
2902 2769 3214 2841 sapientiam
3242 2766 3341 2822 Dei
3380 2768 3437 2822 in
3468 2783 3607 2840 mys-

2004 2870 2132 2925 terio
2180 2867 2480 2923 absconsum
2532 2882 2735 2937 :quam
2784 2863 3170 2934 praedestinavit
3189 2861 3331 2917 Deus
3351 2868 3472 2917 ante
3500 2878 3603 2918 sa:-

2002 2961 2124 3017 cula
2172 2962 2225 3016 in
2265 2959 2486 3033 gloriam
2532 2969 2761 3014 nostram
2812 2955 2877 3029 (Il
2907 2954 3027 3013 Cor.
3053 2971 3113 3024 ιι,
3162 2951 3237 3026 7).
3273 2955 3341 3010 Et
3383 2968 3603 3010 rursum

2000 3056 2132 3114 alibi
2163 3054 2379 3122 dicitur,
2407 3052 2534 3125 quia
2565 3052 2717 3123 plura
2748 3065 2961 3123 operum
2985 3048 3084 3105 Dei
3112 3055 3230 3104 sunt
3250 3048 3305 3104 in
3334 3048 3602 3104 absconsis

2001 3148 2176 3222 (Eccl.
2211 3163 2300 3202 χιιι
2323 3191 2337 3216 ,
2379 3145 2496 3216 22).
2528 3144 2588 3203 Si
2616 3143 2779 3200 audio
2810 3143 3008 3214 legem,
3053 3150 3148 3197 aut
3167 3141 3385 3198 occulte
3411 3140 3597 3209 audio,

293 3240 495 3311 quibus
526 3240 735 3311 liquido
757 3251 986 3313 apparet
1014 3243 1150 3299 alios
1179 3243 1311 3300 dare
1340 3243 1455 3301 Deo
1478 3220 1732 3315 gloriam,
1759 3244 1894 3300 alios
1921 3220 1968 3287 δ
2000 3220 2092 3299 aut
2120 3257 2228 3299 non
2260 3239 2496 3298 occulte.
2527 3238 2746 3296 .ludazus
2772 3237 2901 3309 quia
2952 3236 3150 3307 Legem
3175 3248 3285 3290 non
3310 3233 3462 3292 audit
3508 3248 3603 3290 oc-

292 3334 611 3390 convicium
639 3333 840 3405 facere,
862 3336 989 3392 dum
1016 3335 1353 3407 passionibus
1374 3345 1429 3395 et
1449 3338 1595 3393 vitiis
1623 3338 1893 3395 serviunt.

291 3426 429 3483 Date
456 3428 678 3500 gloriam
697 3426 926 3485 Domino
947 3430 1057 3487 Deo
1074 3440 1239 3487 vestro
1259 3443 1534 3504 antequam
1554 3433 1888 3501 tenebrescat,

290 3531 339 3577 et
373 3531 654 3595 antequam
693 3522 961 3591 offendant
1005 3525 1159 3596 pedes
1197 3527 1355 3582 vestri
1408 3528 1460 3582 in
1507 3537 1702 3583 montes
1754 3537 1894 3583 tene-

290 3616 474 3673 brosos
525 3615 666 3690 (Jer.
715 3634 842 3685 ιιιι,
875 3619 989 3692 16).
1025 3619 1165 3677 Sunt
1188 3620 1283 3677 alii
1322 3630 1537 3677 montes
1584 3620 1889 3689 tenebrosi,

292 3712 384 3767 alii
434 3713 709 3769 lucentes.
760 3712 1155 3770 Verumtamen
1212 3714 1337 3785 quia
1384 3714 1603 3785 utrique
1676 3723 1892 3770 montes

289 3807 453 3880 833
486 3817 612 3863 sunt
641 3809 847 3880 magni,
873 3818 1083 3866 montes
1106 3810 1353 3866 lucentes
1400 3819 1530 3866 sunt
1577 3809 1760 3881 angeli
1795 3810 1891 3866 Dei

291 3910 346 3956 et
395 3900 723 3972 prOphetas:
769 3902 944 3960 Moses
999 3903 1233 3959 famulus
1286 3903 1429 3974 ejus,
1476 3902 1716 3975 apostoli
1758 3902 1889 3960 Jesu

291 3993 522 4065 Christi,
567 3996 637 4053 de
672 3996 872 4069 quibus
907 3997 1144 4054 arbitror
1183 3998 1286 4055 dici
1322 4016 1335 4054 ε
1372 3997 1739 4055 Fundamenta
1780 4002 1890 4072 ejus
1920 4048 1923 4051 ,

291 4090 347 4144 in
395 4091 657 4146 montibus
701 4091 1042 4162 sanctis(Ps.
1091 4108 1311 4159 LXXXVI,
1349 4091 1423 4157 1).
1479 4094 1687 4149 Montes
1739 4104 1890 4151 tene-

291 4183 438 4240 brosi
489 4195 616 4240 sunt
665 4185 758 4257 qui
809 4186 1093 4257 eriguntur
1150 4185 1413 4259 adversus
1463 4186 1749 4243 scientiam
1793 4188 1886 4244 Dei

290 4277 367 4351 (ll
403 4277 528 4334 Cor.
560 4295 615 4345 ι,
645 4279 722 4351 5).
752 4278 991 4336 Zabulus
1019 4296 1179 4336 mons
1225 4280 1549 4337 tenebrosus
1578 4289 1680 4337 est.
1724 4280 1884 4337 Prin-

289 4370 438 4441 cipes
470 4372 655 4428 smculi
683 4372 844 4442 hujus
872 4373 962 4445 qui
991 4373 1373 4443 destruuntur,
1406 4382 1621 4429 montes
1650 4383 1779 4429 sunt
1806 4382 1887 4429 te-

289 4466 532 4522 nebrosi.
568 4466 905 4523 Dscmonium
939 4468 1182 4537 lunatici,
1212 4483 1368 4524 mons
1398 4478 1513 4525 erat
1541 4468 1883 4526 et'tenebro-

284 4572 422 4615 sus:
476 4574 631 4615 mons
682 4569 802 4615 erat
847 4560 914 4617 de
966 4576 1075 4632 quo
1123 4560 1377 4617 Salvator
1423 4560 1543 4617 ait:
1579 4562 1641 4618 Si
1684 4562 1882 4618 dixeris

285 4654 593 4710 montihuic
643 4655 799 4726 (Mat.
829 4672 959 4723 xvu,
989 4655 1120 4728 l9):
1155 4655 1223 4713 de
1264 4657 1504 4713 lunatico
1540 4656 1741 4729 quippe
1771 4657 1882 4713 dm-

285 4750 473 4805 monio
502 4750 604 4805 sibi
650 4751 881 4822 quaestio
910 4750 1179 4807 inciderat
1211 4769 1223 4805 :
1273 4758 1329 4805 et
1379 4748 1688 4806 dicentibus
1715 4751 1884 4807 disci-

285 4842 428 4913 pulis
459 4859 473 4896 :
509 4842 633 4899 Non
668 4838 925 4917 potuimus
955 4844 1139 4917 ejicere
1184 4843 1339 4912 illud,
1379 4844 1666 4915 respondit
1696 4844 1883 4902 Salva-

284 4943 373 4991 tor
403 4954 415 4990 :
453 4935 518 4993 Si
569 4934 852 4993 habueritis
898 4934 1055 5007 ﬁdem
1092 4945 1147 4991 ut
1196 4952 1417 5007 granum
1454 4936 1673 5010 sinapis,
1703 4937 1881 4994 dicetis

355 5106 382 5135 ι
409 5097 842 5168 Praeponendam
866 5098 911 5153 si
934 5097 1376 5167 conjunctionem
1401 5098 1710 5167 suspicatur
1731 5099 1876 5157 Hue-

282 5171 411 5236 tius,
446 5179 506 5224 ut
532 5170 647 5224 haec
676 5169 1314 5241 subsequentijungatur
1344 5170 1651 5241 sententiae,
1684 5181 1876 5237 estque

283 5257 475 5314 revera
504 5243 556 5296 in
601 5241 796 5298 Grzeco
836 5239 871 5296 τ’
892 5245 935 5297 εἰ
961 5239 1215 5314 δέριναῦτα
1253 5241 1415 5303 οὕτως
1445 5239 1581 5314 ἔχει,
1625 5247 1713 5299 καὶ
1742 5244 1878 5302 οὕτω

284 5313 483 5382 δοξάζει
512 5336 592 5377 τις
616 5316 701 5372 τὸν
722 5315 861 5378 Θεὸν,
886 5316 973 5371 ἐὰν
1000 5312 1127 5371 εἴπω
1151 5316 1218 5371 τὰ
1243 5312 1594 5376 ἑναντίαίὲιο.
1619 5314 1878 5371 Rabanus

283 5398 466 5441 autem
513 5386 673 5442 aliter
706 5386 919 5450 dividit,
951 5386 1188 5455 legitque
1229 5404 1241 5439 :
1279 5386 1352 5439 sic
1382 5395 1554 5438 autent
1579 5384 1878 5451 clariﬁcan-

284 5459 383 5513 dus
413 5467 488 5512 est
518 5455 684 5514 Deus.
736 5458 798 5514 Si
830 5457 1092 5512 contraria
1119 5455 1366 5525 intulero,
1399 5457 1517 5511 nolo
1547 5472 1629 5511 me
1656 5458 1877 5513 arbitre-

282 5531 415 5603 mini
461 5529 778 5599 clariﬁcare,
827 5529 916 5586 sed
960 5528 1340 5602 blasphemare.
1390 5528 1651 5586 Exhibebo
1687 5532 1879 5603 quippe

282 5600 635 5674 Scripturam,
666 5612 774 5659 etc.

352 5673 381 5713 ι)
410 5673 812 5744 Ειῳιιιιιὶιιιιιε
864 5675 955 5731 hic
1000 5688 1192 5730 vocem
1244 5675 1368 5745 qui,
1417 5689 1547 5730 sane
1598 5676 1877 5732 contextui

282 5745 499 5818 reliquo
531 5747 931 5818 incommodam
960 5790 974 5815 ,
1025 5756 1302 5817 totamque
1345 5747 1630 5818 periodum
1676 5747 1745 5803 ad
1772 5747 1880 5804 Ra-

281 5817 497 5892 hanicae
528 5817 782 5892 lectionis
809 5820 1091 5892 exegimus
1119 5817 1399 5885 normam,
1433 5828 1596 5886 atque
1624 5820 1695 5874 ibi
1729 5835 1881 5892 eum-

290 5891 508 5961 primis,
541 5890 631 5946 ubi
659 5890 1039 5963 legimusz'per
1066 5892 1537 5962 prm'aricationem
1572 5892 1697 5962 legis
1717 5890 1877 5946 Deum

1993 3340 2165 3407 culte,
2208 3339 2263 3395 in
2312 3324 2609 3394 manifesto.
2664 3334 3093 3402 circumciditur,
3133 3331 3388 3389 nesciens
3433 3329 3601 3404 835

1994 3447 2119 3488 eum
2167 3429 2259 3502 qui
2289 3430 2343 3485 in
2368 3426 2662 3484 manifesto
2701 3424 3113 3482 circumciditur
3134 3465 3151 3491 ,
3184 3422 3434 3480 Judaeum
3484 3435 3597 3479 non

1992 3540 2136 3591 esse,
2168 3537 2347 3595 neque
2372 3536 2493 3578 eam
2521 3536 2643 3592 quae
2673 3519 2726 3575 in
2758 3519 2934 3590 palam
2957 3525 3045 3574 est
3074 3518 3129 3573 in
3159 3530 3329 3573 carne
3357 3514 3595 3572 circum-

1991 3622 2278 3678 eisionem.
2312 3618 2416 3688 Qui
2458 3616 2675 3673 auditor
2697 3623 2782 3671 est
2811 3622 2993 3670 autem
3023 3610 3463 3668 circumcisionis
3496 3624 3595 3667 oc-

1992 3717 2177 3783 cultas,
2207 3723 2263 3771 et
2289 3713 2344 3769 in
2368 3712 2582 3769 occulto
2623 3706 3056 3766 circumciditur.
3082 3705 3187 3774 Qui
3217 3705 3368 3761 audit
3391 3703 3594 3775 Legem

1991 3784 2203 3866 occulte
2232 3807 2300 3863 de
2330 3803 2607 3878 mysteriis
2631 3801 2879 3867 Paschas,
2904 3814 3007 3856 ove
3047 3799 3289 3856 vescitur
3316 3794 3541 3853 Christo
3573 3811 3588 3861 ;

1993 3903 2201 3959 Pascha
2230 3901 2433 3973 quippe
2459 3907 2693 3955 nostrum
2713 3895 3010 3953 immolatus
3034 3903 3109 3951 est
3134 3893 3369 3950 Christus
3398 3890 3445 3963 (l
3466 3890 3589 3951 Cor.

1991 4012 2047 4065 v,
2081 3995 2138 4067 7)
2172 4014 2191 4063 ;
2239 3993 2416 4051 sciens
2462 4006 2683 4048 carnem
2725 3988 2889 4046 Verbi
2929 3989 3025 4043 Dei
3069 4001 3198 4043 vere
3227 3985 3411 4041 cibum
3440 3998 3589 4052 esse,

1989 4090 2233 4148 vescitur
2272 4103 2357 4145 ea.
2405 4086 2631 4144 Occulte
2669 4084 2874 4156 quippe
2916 4081 2987 4139 de
3015 4080 3229 4138 Pascha
3258 4078 3490 4136 audivit.
3522 4080 3598 4135 At

1991 4201 2122 4243 vero
2170 4180 2498 4240 miserabilis
2548 4179 2769 4237 Iudaeus
2819 4177 3025 4233 idcirco
3062 4175 3354 4232 Dominum
3399 4171 3587 4238 .lesum

1987 4280 2282 4349 interfecit,
2309 4288 2365 4335 et
2391 4291 2563 4349 usque
2585 4276 2639 4331 in
2662 4283 2990 4346 praesentem
3013 4272 3158 4329 diem
3177 4285 3308 4331 reus
3335 4279 3420 4327 est
3440 4285 3590 4327 mor-

1987 4376 2057 4433 tis
2081 4374 2220 4446 ejus,
2252 4373 2377 4445 quia
2406 4387 2515 4427 non
2548 4368 2753 4425 audivit
2781 4366 2997 4422 occulte
3024 4364 3225 4436 Legem
3254 4372 3313 4420 et
3347 4362 3580 4436 prophe-

1989 4477 2093 4525 tas.
2129 4468 2187 4526 Si
2210 4465 2429 4539 quando
2459 4463 2608 4535 leges
2635 4461 2703 4517 de
2732 4459 2940 4532 azymis
2966 4465 3124 4529 potes
3162 4456 3356 4515 audire
3409 4456 3590 4515 occul-

1989 4572 2064 4630 te,
2106 4567 2262 4632 potes
2310 4557 2504 4615 audire
2570 4552 2877 4610 manifeste.
2922 4549 3263 4621 Quicumque
3308 4550 3379 4608 de
3433 4550 3589 4608 vobis

1986 4656 2180 4727 (prope
2201 4650 2404 4722 quippe
2429 4655 2514 4704 est
2562 4641 2795 4714 Pascha)
2840 4656 3029 4713 azyma
3073 4641 3586 4727 celebraveri_t,._id

1985 4722 2088 4813 est,
2116 4722 2309 4817 azyma
2342 4742 2460 4798 haec
2494 4750 2517 4779 α
2544 4735 2873 4809 corporalia,
2905 4750 3012 4791 non
3039 4734 3249 4793 audivit
3268 4722 3585 4793 mandatum

1985 4843 2173 4900 dicens
2198 4857 2212 4893 :
2247 4837 2368 4893 Nisi
2392 4833 2666 4891 audieritis
2696 4829 2911 4897 occulte,
2940 4828 3164 4899 plorabit
3194 4828 3368 4884 anima
3394 4838 3585 4886 vestra.

1986 4938 2058 4997 Et
2102 4936 2173 4992 de
2200 4930 2432 4991 sabbato
2471 4924 2721 5001 quaedam
2763 4922 3101 4983 muliercula:
3148 4936 3259 4982 non
3298 4920 3586 4983 audientes

1978 5100 2278 5165 inhonorat,
2325 5109 2450 5151 cum
2501 5100 2659 5149 antea
2706 5097 2872 5165 esset,
2923 5089 3298 5165 prtevarigztur
3334 5095 3386 5145 et
3413 5087 3583 5165 Deum

1979 5159 2285 5228 inhonorat’.
2333 5167 2541 5224 Praesto
2584 5170 2766 5218 autem
2815 5160 2970 5217 fuere
3007 5169 3132 5229 post
3160 5160 3302 5215 Rab.
3333 5159 3582 5215 testimo-

1981 5245 2129 5300 nium
2163 5255 2296 5297 mss.
2344 5252 2564 5309 quoque
2588 5234 2765 5309 Degii,
2787 5230 3417 5309 _quos_laudat_l_iuetius,
3450 5230 3572 5309 qui-_

1980 5331 2086 5387 que
2113 5315 2165 5369 in
2197 5326 2265 5387 eo
2293 5300 2506 5387 tantum
2532 5323 2562 5360 a
2591 5300 3071 5387 Rabani'lectione
3113 5300 3403 5387 abludun’t‘.
3432 5302 3578 5387 quod

1982 5370 2176 5443 vocem
2205 5383 2332 5455 legis
2361 5397 2464 5437 non
2498 5386 2822 5455 agnoscunt.
2851 5375 2963 5455 Sed
2990 5370 3580 5455 prm_c_mterisGrteeus

1982 5458 2224 5517 concinit
2250 5443 2430 5511 textus
2451 5472 2462 5507 :
2485 5443 2569 5511 τὸῖρ
2593 5453 2691 5527 γὰρ
2725 5449 2838 5527 ναὸν
2861 5452 2952 5505 τοῦ
2981 5443 3115 5527 ῥέος)
3142 5447 3211 5527 ᾡς
3236 5443 3582 5527 Ναϐορχοδοο

1980 5516 2135 5608 νόσορ
2152 5528 2508 5608 καταστρέφειῖ
2526 5516 2613 5608 κοιιῖ
2630 5516 2833 5608 (faciest.
2846 5557 2891 5608 ,ζ
2908 5521 2994 5608 ξ(ναί
3016 5516 3099 5608 ξιὰ
3117 5524 3211 5608 τῆς
3227 5516 3579 5607 ’ζταηαϐέιςεως

1980 5611 2074 5659 τοῦ
2105 5590 2266 5675 ’νόμον
2296 5590 2382 5659 τὸ’ν
2417 5590 2541 5659 Θεὸν
2575 5590 2843 5669 ἀτὶμάζιι;
2871 5591 3001 5658 λέξις
3027 5590 3144 5648 ἐστὶ
3168 5590 3253 5647 καὶ
3282 5590 3584 5649 duravim-

1985 5675 2217 5735 στολική.

2058 5759 2080 5785 ο
2122 5732 2396 5819 corrupte
2427 5751 2587 5804 antea
2616 5737 2899 5813 tegebatur
2925 5750 3170 5812 corpora,
3196 5732 3373 5802 Graec.
3404 5751 3583 5810 σωμα-

1983 5842 2121 5884 τικᾳ.
