4128 6346
411 229 530 290 not

1007 223 1446 283 TRANSLATIO
1485 219 1920 280 IIOMILIARUI
1963 215 2285 276 UIIIGENIS
2326 219 2390 276 IN
2430 220 2803 279 JEREMIAM.
2850 221 3014 280 HOM.
3059 224 3128 279 Χ.

3619 219 3724 280 6(ιὲ

406 346 584 420 837
600 345 664 404 ad
685 359 927 412 praesens
957 355 1172 414 tempus
1185 343 1466 400 destituta.
1492 340 1685 410 Angeli
1705 340 1905 411 quippe
1936 335 2024 408 qui
2055 333 2105 398 Α
2132 336 2346 406 Spiritui
2373 339 2734 409 gratiae,quis
2765 351 2950 410 parcet
2979 353 3146 412 super
3177 343 3265 397 te?
3293 343 3415 413 quls
3437 344 3730 400 contrista-

412 454 642 508 semper
669 437 1076 494 auxiliabantur
1098 437 1169 504 ei,
1190 449 1434 506 perquos
1447 434 1609 492 etiam
1626 433 1709 490 les
1729 431 1898 504 Moysi
1917 439 2029 487 tra-

413 534 530 588 dita
569 542 652 588 est
682 573 696 598 ,
728 533 980 606 disposita
1009 548 1099 602 per
1141 531 1367 606 Angelos
1417 530 1471 588 in
1516 545 1676 586 manu
1725 527 2028 582 mediatoris

415 625 630 695 (Gatat.
658 642 750 692 ιιι,
775 625 886 696 l9),
917 626 1278 682 deseruerunt
1304 638 1423 680 eam
1443 661 1456 687 .
1487 631 1542 678 et
1564 622 1856 678 dixerunt:
1890 618 2027 676 Mul-

421 718 494 771 tis
523 716 863 772 facinoribus
892 730 1158 786 opprestsa
1191 725 1295 780 est,
1328 713 1516 770 Jesum
1549 710 1947 777 interiecit;"et
1971 711 2027 768 in

425 809 723 864 Dominum
771 819 1018 864 nostrum
1047 809 1195 864 misit
1237 822 1451 863 manus.
1500 805 1770 874 Quamdiu
1815 804 2025 860 minore

429 905 683 975 peccavit
707 899 733 974 ,’
757 905 1033 976 potuimus
1079 919 1273 975 rogere
1304 919 1399 972 pro
1428 917 1489 958 ea
1509 947 1524 970 ,
1554 900 1832 971 potuimus
1861 899 2024 956 obse-

419 1014 582 1054 crare
617 998 902 1054 Dominum
929 1041 943 1065 ,
975 999 1250 1070 potuimus
1287 1011 1509 1067 parcere
1540 995 1627 1050 ei:
1665 1003 1690 1034 ι
1713 1009 1878 1064 super
1919 993 2026 1049 isto

419 1106 555 1145 vero
580 1091 701 1162 quis
733 1093 950 1162 parcat?
968 1091 1023 1148 Si
1046 1105 1281 1161 peccans
1310 1088 1614 1160 peccaverit
1641 1089 1719 1142 vir
1747 1087 1799 1144 in
1828 1087 2022 1152 virum,

421 1185 746 1242 exorabitur
788 1202 888 1255 pro
925 1201 1029 1250 eo;
1064 1188 1107 1240 sl
1156 1194 1337 1242 autem
1363 1183 1672 1254 peccaverit
1703 1183 1753 1238 in
1806 1181 1978 1238 Deum
2003 1221 2020 1250 ,

420 1283 546 1349 quis
572 1279 749 1334 orabit
780 1295 879 1350 pro
909 1279 1020 1336 eo?
1047 1278 1260 1336 Grande
1281 1278 1544 1351 piaculum
1587 1276 1843 1332 commisit
1871 1274 2028 1333 Jeru-

421 1372 612 1437 salem,
640 1371 838 1442 grande
879 1371 1192 1443 perpetravit
1236 1374 1406 1441 nefas,
1455 1369 1572 1424 ideo
1608 1369 1662 1424 ln
1689 1367 2028 1424 commotione

422 1470 566 1536 {acta
595 1474 673 1520 est
703 1465 856 1537 (Thr.
882 1481 930 1533 ι,
968 1465 1022 1534 8)
1053 1483 1066 1520 :
1100 1464 1170 1520 Et
1201 1464 1399 1520 dicitur
1425 1462 1490 1520 ad
1521 1475 1675 1520 eam:
1697 1459 1726 1500 ι)
1753 1462 1879 1528 Quis
1905 1477 2027 1534 par-

421 1567 498 1612 ret
528 1575 682 1631 super
708 1567 754 1614 te
779 1599 793 1626 ,
823 1556 1118 1614 Jerusalem
1144 1601 1158 1624 ,
1188 1567 1279 1612 aut
1305 1558 1416 1622 quis
1455 1554 1844 1612 contristabitur
1873 1569 2028 1625 super

421 1661 467 1706 te
486 1654 510 1706 ξ)
539 1651 650 1707 Nos
678 1669 784 1708 non
817 1653 1206 1707 contristamur
1232 1651 1341 1724 [ΑΙ.
1369 1647 1840 1721 contristabimur]
1863 1661 2028 1720 super

2132 431 2275 486 bitur
2305 445 2468 502 super
2495 433 2586 489 te?
2607 434 2726 505 quis
2754 446 3060 494 revertetur
3082 451 3276 510 rogare
3303 451 3365 495 ea
3396 447 3519 510 quae
3547 435 3602 493 lu
3629 449 3726 509 pa-

2130 540 2248 581 cem
2280 537 2407 582 sunt
2441 527 2583 582 tibi?
2612 527 2792 599 ipsum
2820 530 3004 586 Jesum
3037 533 3130 602 qui
3160 533 3386 602 rogabat
3418 534 3645 602 pariter,
3669 536 3725 590 et

2130 620 2421 690 praesumat
2448 637 2509 676 ea
2541 637 2662 692 quae
2686 630 2840 678 erant
2866 623 2920 678 in
2951 636 3137 694 pacem
3164 666 3177 690 ,
3222 625 3457 694 prodidit
3498 622 3519 663 τ
3543 625 3724 681 animo

2129 716 2401 786 peccatrix
2426 757 2440 782 ,
2469 716 2592 788 quis
2624 724 2804 788 potest
2833 717 2972 774 ultra
3004 729 3214 789 rogare,
3241 729 3538 777 conversus
3568 721 3636 777 ad
3658 735 3724 779 ea

2129 826 2249 881 qua:
2270 819 2399 866 sunt
2427 811 2481 866 in
2514 825 2702 882 pacem
2735 809 2831 868 tlbi
2853 813 2876 866 ‘l
2901 811 3149 867 Beieutes
3170 827 3302 883 ergo
3331 815 3456 884 quia
3483 814 3728 888 impossi-

2129 903 2228 959 bile
2245 914 2319 960 est
2339 921 2424 960 eos
2454 906 2543 978 qui
2571 907 2725 962 semel
2753 905 3036 960 illuminati
3064 910 3725 978 sunt,gustaveruntetiant

2128 996 2323 1052 donum
2352 997 2569 1065 calcate,
2599 1008 2645 1052 et
2674 999 2952 1070 participes
2970 1007 3091 1053 sunt
3114 1000 3240 1070 facti
3265 999 3498 1068 Spiritus
3526 1003 3719 1070 sancti,

2126 1099 2460 1160 gustaverunt
2505 1092 2844 1148 nihilominus
2869 1089 3060 1146 bonum
3103 1091 3200 1146 Dei
3229 1093 3459 1164 uerbum,
3485 1095 3727 1152 uirtutes-

2126 1198 2224 1254 quc
2247 1185 2424 1238 swculi
2453 1187 2673 1253 uenturi,
2701 1193 2758 1240 οι·
2777 1184 3012 1257 prolapsi
3038 1195 3178 1255 sunt,
3205 1187 3437 1240 renovari
3460 1201 3639 1243 rursus
3659 1189 3728 1244 ad

2126 1275 2498 1346 paenitentiam,
2519 1277 2707 1331 iterum
2734 1277 3090 1348 cruciﬁgentes
3117 1278 3173 1332 in
3203 1279 3492 1351 semetipsis
3521 1277 3726 1352 [Aldi-

2127 1365 2431 1438 bintetipsis]
2465 1366 2514 1420 F
2517 1367 2666 1422 ilium
2690 1368 2810 1437 Dei,
2834 1379 2885 1424 et
2907 1369 3146 1426 habentes
3173 1373 3397 1426 ostentui
3417 1372 3609 1446 (Hebr.
3643 1387 3721 1443 vr,

2128 1458 2212 1527 4),
2244 1460 2390 1514 omni
2436 1459 2623 1516 labore
2666 1462 2924 1528 nitamur,
2958 1478 3028 1520 ne
3071 1473 3125 1518 et
3155 1463 3226 1520 de
3269 1464 3427 1518 nobis
3474 1463 3726 1524 dicatur:

2133 1551 2262 1620 Quis
2291 1563 2465 1621 parret
2487 1571 2641 1625 super
2667 1561 2738 1622 te,
2767 1553 3104 1612 Jerusalem?
3129 1566 3221 1612 aut
3244 1558 3362 1628 quis
3401 1560 3731 1618 contristabi-

2130 1655 2213 1700 tttr
2240 1661 2396 1717 super
2423 1656 2470 1702 te
2491 1648 2517 1701 .9
2538 1656 2628 1702 aut
2651 1649 2767 1719 quis
2797 1658 3080 1704 revertetur
3107 1665 3294 1723 rogare
3322 1667 3381 1705 ea
3406 1665 3520 1722 quae
3538 1653 3592 1707 in
3635 1671 3730 1724 pa-

420 1744 732 1802 Jerusalem
758 1785 772 1811 ,
818 1753 874 1800 et
904 1744 1304 1800 calamitatibus
1333 1743 1454 1814 ejus
1479 1783 1493 1810 ,
1527 1751 1582 1798 et
1631 1742 1807 1798 omnis
1839 1741 2022 1811 populi
2056 1730 2103 1790 Β
2129 1757 2237 1796 cem
2258 1749 2377 1796 sunt
2405 1741 2494 1796 tibi
2512 1744 2536 1797 ?
2564 1740 2647 1797 Ad
2677 1742 2943 1811 reliquam
2972 1753 3151 1800 autem
3178 1745 3685 1816 lnterpretationem
3717 1790 3733 1816 ,

420 1836 592 1892 illius.
625 1837 838 1894 Illorum
871 1837 1072 1908 quippe
1099 1836 1301 1892 delicto
1327 1835 1476 1891 salus
1502 1835 1658 1892 nobis
1681 1834 1820 1890 laeta
1844 1841 1930 1889 est
1956 1831 2025 1888 ad

421 1929 794 1985 aemulandum
827 1944 941 1986 eos.
975 1930 1042 1984 Et
1066 1931 1192 2000 quia
1221 1930 1302 1984 sic
1331 1928 1638 2000 peccaverit
1671 1936 1729 1983 ut
1756 1940 1889 1984 voce
1920 1926 2028 1982 Do-

420 2021 558 2076 mini
587 2021 892 2076 diceretur:
930 2020 1061 2086 Quis
1088 2031 1260 2094 parcet
1285 2037 1439 2094 super
1462 2031 1529 2088 te,
1561 2019 1899 2076 Jerusalem?
1926 2035 2026 2090 ego

425 2130 650 2186 quoque
668 2115 788 2172 dico
811 2114 877 2170 ad
901 2113 1321 2172 interfectricem
1343 2113 1561 2172 Domini
1585 2113 1719 2172 mei:
1749 2113 1876 2181 Quis
1907 2129 2029 2184 par-

427 2220 507 2264 cet
534 2225 688 2282 super
734 2219 804 2276 te,
830 2207 1244 2265 Jerusalcm?et
1285 2210 1398 2281 quis
1442 2207 1828 2262 contristabitur
1872 2222 2028 2278 super

419 2313 473 2358 te
495 2302 940 2358 ?Transcendam
970 2317 1148 2357 autem
1173 2301 1245 2358 ad
1276 2301 1578 2372 spiritalem
1597 2301 1930 2358 intellectum
1959 2299 2028 2356 ab

423 2396 740 2452 humilitate
769 2397 970 2452 litterae
991 2439 1006 2464 ,
1040 2398 1182 2454 viam
1215 2397 1347 2452 mihi
1395 2397 1664 2468 pandente
1691 2397 1939 2463 ratione,
1970 2404 2030 2452 ut

423 2489 538 2562 [ΑΙ.
571 2489 646 2564 et]
680 2489 896 2545 videam
929 2490 1200 2561 quomodo
1229 2504 1563 2560 unaquaaque
1589 2489 1766 2546 anima
1796 2531 1812 2558 ,
1863 2489 2028 2560 digna

425 2597 566 2653 pace
615 2581 710 2638 Dei
751 2582 1057 2638 Jerusalem
1107 2592 1467 2654 nuncupetur.
1517 2583 1641 2638 Post
1687 2579 2052 2654 disciplinam

425 2678 634 2746 quippe
675 2675 913 2732 divinam
953 2687 973 2715 ο
1001 2678 1141 2732 facta
1174 2694 1232 2733 es
1260 2721 1274 2746 ,
1317 2677 1622 2734 Jerusalem
1647 2715 1661 2744 ,
1713 2693 1834 2748 qua:
1878 2678 2029 2748 prius

424 2766 614 2824 fueras
645 2768 830 2825 Jebus.
861 2769 915 2824 In
959 2769 1183 2826 historia
1224 2771 1476 2840 refertur,
1510 2771 1656 2844 quod
1688 2787 1885 2828 nomen
1925 2771 2029 2828 loci

429 2861 591 2916 istius
625 2861 792 2919 fuerit
831 2863 1002 2920 Jebus
1027 2905 1041 2930 ,
1075 2875 1128 2920 et
1156 2874 1342 2936 postea
1371 2906 1386 2933 ,
1415 2875 1747 2922 commutato
1794 2868 2031 2926 vocabu-

423 2955 483 3010 lo
507 2997 523 3022 ,
559 2966 865 3028 nuncupata
897 2959 968 3012 sit
989 2956 1314 3014 Jerusalem.
1350 2957 1517 3016 Jcbtts
1547 2969 1726 3014 autem
1769 2959 2029 3017 llebrtco-

429 3047 800 3118 ruml'postcri
847 3050 1066 3105 tradunt
1116 3051 1498 3121 interpretari,
1533 3049 2030 3108 Conculcatam.Je-

2127 1833 2267 1904 quod
2299 1833 2543 1907 sequitur
2563 1835 2818 1892 Convenit
2843 1853 2858 1890 :
2891 1835 2975 1891 Tu
3003 1847 3234 1896 aversata
3261 1855 3312 1896 es
3341 1854 3440 1906 me,
3472 1838 3597 1896 dicit
3619 1838 3730 1896 Do-

2129 1927 2320 1997 minus,
2353 1936 2490 1984 retro
2515 1928 2799 1986 ambulabis
2834 1928 3054 2003 (Jerent.
3083 1948 3174 2001 xv,
3206 1930 3284 2004 6).
3317 1931 3453 2001 Quia
3478 1943 3727 1992 aversata

2127 2033 2186 2074 es
2210 2018 2408 2076 Filium
2444 2021 2537 2076 Dei
2563 2062 2579 2089 ,
2607 2031 2662 2077 et
2695 2038 2790 2096 per
2821 2021 2926 2078 hoc
2957 2023 3122 2078 etiam
3153 2039 3182 2078 a
3211 2023 3325 2082 Deo
3351 2023 3513 2082 Patro
3540 2041 3723 2084 reces-

2128 2112 2286 2180 sisti,
2317 2123 2464 2170 retro
2488 2114 2818 2172 ambulabis.
2849 2115 2994 2185 Quid
3023 2125 3204 2174 autem
3235 2133 3464 2176 necesse
3489 2129 3574 2178 est
3617 2137 3732 2180 ms-

2131 2203 2325 2260 nifesla
2348 2205 2649 2278 replicare?
2671 2207 2977 2266 Jerusalem
3008 2226 3130 2281 qua:
3159 2211 3438 2281 quondam
3469 2215 3524 2270 in
3543 2213 3729 2272 dudm

2130 2306 2245 2352 erat
2267 2337 2284 2364 ,
2311 2312 2336 2349 a
2367 2314 2474 2370 qua
2498 2297 2800 2370 ﬁguraliter
2832 2300 3070 2358 universi
3111 2302 3284 2360 Judaei
3327 2303 3728 2376 intelliguntur,

2129 2391 2253 2462 quia
2301 2403 2546 2448 aversata
2594 2403 2678 2450 est
2719 2392 3038 2465 Christum,
3086 2395 3211 2452 ideo
3268 2407 3417 2456 retro
3464 2399 3723 2456 ambulat.

2131 2481 2255 2539 Fuit
2301 2485 2500 2556 quippe
2548 2495 2760 2558 tempus
2785 2487 3000 2558 quando
3031 2503 3140 2544 non
3169 2489 3595 2550 ambulaverunt
3643 2506 3732 2550 ro-

2133 2586 2215 2632 tro
2243 2595 2254 2631 :
2289 2593 2431 2634 nunc
2457 2593 2586 2634 vero
2613 2579 2900 2636 ambulant
2923 2621 2940 2647 ,
2972 2589 3027 2636 et
3055 2579 3306 2640 conversi
3332 2591 3458 2640 sunt
3485 2583 3650 2640 corde
3674 2585 3729 2644 in

2132 2669 2420 2743 {Egyptutn
2442 2713 2457 2739 ,
2487 2681 2549 2728 ut
2579 2679 2728 2728 retro
2777 2671 3057 2730 ambulent
3087 2672 3197 2747 [Αι.
3228 2673 3558 2749 ambulant].
3587 2674 3728 2744 Quid

2131 2774 2312 2818 autem
2347 2763 2456 2830 sit,
2491 2769 2638 2819 retro
2668 2763 2949 2820 ambulare
2973 2805 2990 2834 ,
3019 2765 3136 2822 sive
3166 2766 3384 2824 extendi
3414 2763 3466 2826 in
3500 2769 3684 2838 priora
3709 2808 3729 2837 ,

2133 2856 2482 2931 considera.)
2494 2868 2644 2915 ustus
2667 2873 2855 2914 eorum
2887 2875 3008 2930 qua:
3036 2867 3183 2916 retro
3212 2867 3345 2918 sunt
3365 2859 3728 2932 obliviscens,

2133 2955 2185 3010 in
2206 2954 2387 3026 priora
2403 2952 2715 3010 extenditur
2729 2952 3167 3027 (Philip.ttt,i5).
3183 2953 3447 3012 Peccator
3461 2957 3731 3028 posterio-

2131 3063 2250 3102 rum
2281 3047 2548 3113 meminit,
2573 3047 2751 3117 priora
2787 3063 2894 3104 non
2916 3058 3201 3120 appetens.
3227 3047 3330 3116 Qui
3350 3058 3532 3106 autem
3561 3049 3729 3126 839

429 3141 531 3196 bus
579 3159 710 3214 ergo
755 3140 863 3218 [ΑΙ.
912 3143 1117 3217 autem]
1174 3141 1491 3201 conculcata
1539 3161 1569 3202 a
1617 3144 2027 3203 fortitttdinibus

2134 3140 2492 3212 posteriorum
2543 3140 2830 3209 meminit,
2879 3141 3266 3214 praevaricatur
3305 3141 3359 3200 in
3383 3142 3555 3214 legem
3597 3124 3730 3204 Jesu

427 3237 719 3292 contrariis
759 3239 937 3293 anima
995 3249 1179 3295 nostra
1229 3249 1594 3296 transmutata
1641 3251 1760 3310 est,
1793 3250 1848 3296 et
1886 3241 2028 3298 facta

426 3325 762 3395 Jerusalem,
793 3329 936 3384 Visio
959 3331 1124 3402 pacis.
1146 3331 1202 3386 Si
1237 3333 1420 3403 itaque
1449 3339 1572 3402 post
1600 3331 2027 3390 demutationem

425 3421 540 3496 [AL
576 3423 1016 3498 diminutionem]
1041 3442 1066 3478 a
1096 3425 1334 3482 Jebusin
1357 3425 1657 3482 Jerusalem
1687 3429 2024 3498 peccaveris,

431 3528 486 3570 ct
509 3517 826 3587 sanguinem
859 3520 1186 3589 testamenti,
1205 3520 1348 3575 sicut
1373 3519 1610 3590 quidam,
1630 3528 1684 3575 et
1706 3528 1760 3576 tu
1777 3535 2027 3576 commu-

435 3625 554 3665 nem
587 3611 1233 3680 exisﬁmaveris,dicctur
1255 3611 1606 3686 [ALdicitur]
1622 3621 1675 3668 et
1701 3612 1768 3668 de
1798 3621 1878 3668 te:
1899 3613 2029 3680 Quis

430 3711 602 3771 parcet
616 3719 768 3772 super
782 3711 849 3770 te,
864 3701 894 3754 J
905 3701 1232 3766 rrusalem,et
1245 3705 1356 3775 quis
1377 3704 1759 3759 contristabitur
1771 3721 1923 3778 super
1942 3707 2030 3762 te?

430 3791 564 3860 Quis
612 3793 755 3849 enim
806 3791 1242 3862 contristabitur,
1277 3795 1323 3850 si
1375 3795 1494 3852 talis
1523 3795 1694 3853 fueris
1744 3807 1797 3853 ut
1847 3798 2030 3858 tradas

431 3885 665 3941 Jesum?
714 3883 1096 3959 Unusquisque
1145 3899 1429 3957 nostrum,
1485 3881 1754 3960 dquando
1803 3900 2027 3962 peccat,

428 3980 598 4054 838
615 3982 859 4037 maxime
883 3981 1210 4053 quicumque
1243 3991 1430 4052 peccat
1456 3982 1726 4054 ingentia,
1763 3984 1814 4038 in
1842 3984 2028 4042 Jesum

432 4087 640 4146 peceat.
674 4076 727 4132 Si
759 4087 943 4132 autem
969 4087 1022 4132 et
1049 4076 1338 4134 recesserit
1367 4093 1397 4132 a
1425 4075 1532 4133 ﬁde
1555 4119 1572 4146 ,
1605 4071 1723 4134 haec
1753 4077 1877 4134 facit
1921 4079 2033 4152 spi-

433 4169 666 4224 ritaliter
695 4168 914 4224 Christo
942 4212 957 4238 ,
990 4186 1112 4242 quae
1143 4170 1503 4242 corporaliter
1534 4171 1662 4227 fecit
1703 4171 2028 4230 Jerusalem.

430 4262 795 4329 Quamobrem
823 4275 1014 4335 quanto
1043 4263 1160 4335 plus
1190 4263 1515 4320 arbitramini
1545 4267 1805 4322 deteriora
1849 4270 2033 4325 mereri

429 4355 688 4425 supplicia
723 4371 869 4424 cum,
910 4357 999 4429 qui
1039 4339 1236 4412 Filium
1270 4355 1364 4412 Dei
1395 4359 1798 4426 conculcaverit,
1831 4372 1877 4416 ct
1913 4379 2032 4418 san-

430 4447 638 4518 guinem
688 4451 979 4505 testamenti
1025 4449 1144 4526 [AL
1195 4452 1311 4506 nari
1372 4447 1716 4526 Testamenti]
1774 4454 2030 4526 pollutum

433 4541 643 4597 duxerit
674 4545 728 4598 in
757 4562 857 4612 quo
897 4545 1248 4616 sanctiﬁcatur
1278 4543 1392 4619 [ΑΙ.
1425 4547 1776 4617 sanctiﬁcatus
1809 4549 1946 4623 est],
1982 4562 2030 4606 et

430 4635 639 4702 spiritui
673 4639 858 4710 gratim
893 4637 1259 4694 contumeliam
1286 4641 1463 4712 fecerit
1503 4639 1690 4713 (Hebr.
1723 4659 1779 4708 x,
1811 4643 1904 4716 99)
1927 4647 1950 4700 ?
1973 4645 2032 4703 Si

432 4729 768 4788 conculcasti
817 4715 1002 4788 Jesum
1053 4731 1248 4788 Filium
1277 4733 1402 4801 Dei,
1457 4731 1680 4790 efecisti
1723 4715 2030 4798 convicium

507 4921 535 4988 ξ
572 4909 747 4970 Minus
777 4923 928 4971 recte
968 4915 1169 4987 vulgati
1194 4924 1352 4971 antea
1377 4958 1390 4978 ,
1425 4931 1582 4986 super
1619 4917 1718 4988 ista
1754 4918 1889 4988 quis,
1917 4929 2026 4978 etc.

435 4985 692 5040 [tabanus
717 4988 991 5048 emendat.
1017 4985 1323 5064 eﬁGraectls
1353 4989 1436 5064 ἐπὶ
1453 4985 1642 5064 retires.
1668 4985 1792 5064 you
1815 5007 2031 5064 quoque

439 5073 622 5130 vocem
655 5075 888 5130 peccans,
911 5076 1030 5128 qum
1057 5060 1249 5117 deerat
1276 5075 1342 5114 ex
1370 5059 1560 5113 iisdem
1593 5059 1924 5118 sulfecimus.

508 5126 544 5205 b_
577 5126 1000 5186 Desiderahat'ur
1035 5133 1096 5205 in_
1121 5141 1276 5205 antea
1310 5130 1537 5198 vulgatis
1565 5133 1866 5205 versiculus
1891 5136 2026 5205 isto,

442 5200 570 5267 Quis
603 5212 776 5269 parcet
795 5219 948 5271 super
972 5215 1038 5270 te,
1063 5201 1376 5262 Jerusalem,
1395 5211 1486 5256 aut
1508 5201 1622 5272 quis
1645 5200 2034 5264 contristabitur

437 5289 589 5346 super
615 5282 660 5326 te
681 5272 704 5326 ?
724 5289 882 5345 quem
915 5289 986 5330 ex
1022 5275 1242 5330 Rabano
1269 5316 1281 5336 ,
1309 5273 1606 5346 Graecoque
1632 5273 1878 5346 Origenis
1921 5278 2033 5336 suf-

436 5343 662 5397 fecimtts
687 5386 701 5409 ,
735 5343 923 5412 utp01e
952 5347 1231 5401 contextui
1263 5361 1385 5401 cum
1413 5345 1599 5411 primis
1638 5343 2030 5406 necessarium.

513 5426 533 5452 ο
579 5417 734 5492 Apud
768 5417 1046 5492 R:|l_)_3_ltllm
1073 5459 1087 5482 ,
1113 5417 1281 5492 factus
1320 5425 1392 5492 est
1416 5413 1730 5482 Jerusalem,
1765 5423 1851 5490 qui
1887 5423 2033 5492 prius

434 5483 812 5560 fueratJebus.
846 5485 1080 5544 Historia
1108 5483 1262 5560 refert
1285 5490 1406 5556 quia
1430 5505 1632 5554 nomen,
1665 5500 1772 5546 etc.

508 5553 534 5594 δ
575 5557 734 5614 Nullo
766 5559 880 5635 fere
905 5576 1109 5635 sensu,
1144 5553 1408 5635 autcertc
1459 5553 1682 5635 nimium
1730 5562 1992 5635 impedito
2019 5603 2034 5630 .

437 5627 685 5699 legerant
715 5631 920 5702 vulgati
947 5632 1214 5688 hactenus
1244 5633 1366 5687 libri
1390 5675 1404 5696 ,
1431 5633 1778 5703 unusquisque
1808 5627 2038 5694 nostrum

435 5703 746 5777 quandoque
765 5715 962 5777 peccat,
985 5705 1206 5759 maxime
1225 5721 1338 5774 qum
1358 5720 1477 5758 cum
1499 5714 1672 5768 peccat
1694 5707 1926 5777 ingentia
1943 5749 1957 5773 ,
1982 5710 2038 5763 in

436 5769 618 5826 Jrsum
641 5769 834 5845 peccat.
865 5769 1061 5832 Veram
1101 5769 1390 5832 lcetinnem
1423 5790 1583 5846 quam
1616 5769 1810 5846 sponic
1841 5769 2038 5849 proba-

2131 3233 2398 3289 dicentis:
2433 3233 2515 3288 Ne
2559 3243 2886 3290 convertatur
2917 3243 3205 3290 retrorsum
3242 3234 3424 3292 tollere
3458 3237 3732 3294 vestimen-

2132 3338 2243 3383 tum
2264 3345 2414 3382 suum
2438 3325 2603 3402 (Mar.
2629 3343 2743 3396 xttt,
2767 3327 2862 3400 “26)
2889 3345 2904 3386 :
2934 3327 3258 3384 lnobediens
3282 3337 3367 3386 est
3393 3328 3536 3386 dicto
3566 3329 3724 3402 ejus:

2135 3419 2447 3476 Mementote
2475 3415 2653 3475 uxoris
2681 3419 2813 3474 Loth
2855 3419 3006 3495 (Luc.
3039 3437 3150 3476 xvlt
3175 3462 3189 3488 ,
3223 3422 3333 3492 5‘2},
3382 3430 3406 3468 8
3430 3421 3732 3488 contemnit

2134 3515 2418 3586 imperium
2449 3513 2746 3572 Salvatoris
2777 3515 3048 3572 dicentis:
3082 3513 3252 3570 Nemo
3277 3515 3481 3572 mittens
3515 3531 3731 3578 manum

2131 3625 2284 3683 super
2314 3618 2570 3677 aratrum,
2603 3619 2652 3662 et
2686 3609 2963 3681 respiciens
2994 3615 3275 3663 retrorsum
3297 3617 3447 3682 aptus
3469 3616 3545 3662 est
3570 3622 3728 3680 regno

2137 3701 2230 3756 Dei
2253 3695 2405 3775 (Luc.
2435 3717 2486 3757 ιιι
2509 3744 2524 3770 ,
2556 3701 2671 3774 62).
2703 3699 2760 3756 ltt
2788 3701 2929 3772 Lege
2957 3715 3172 3774 quoque
3205 3700 3464 3774 scriptum
3491 3715 3614 3758 esse
3637 3715 3728 3760 re-

2133 3795 2375 3868 perimus
2401 3837 2415 3860 ,
2448 3791 2672 3867 angelos
2694 3795 2762 3850 ad
2795 3795 2930 3850 Loth
2962 3793 3334 3866 egredientem
3376 3794 3444 3852 de
3469 3793 3731 3852 Sodomis

2133 3889 2339 3946 dixisse
2366 3909 2378 3945 :
2414 3887 2498 3945 Ne
2522 3890 2808 3958 respexeris
2836 3898 2996 3956 retro,
3023 3897 3070 3942 et
3099 3905 3162 3943 ne
3182 3887 3384 3942 steteris
3409 3889 3463 3942 in
3503 3896 3611 3944 tota
3649 3902 3731 3942 ree

2133 3984 2283 4058 gione
2307 4001 2325 4039 :
2351 3985 2404 4038 in
2427 3992 2596 4038 monte
2633 3983 2832 4038 salsum
2861 3990 2907 4036 te
2930 3983 3031 4054 fac,
3062 3999 3124 4037 ne
3153 3983 3285 4052 forte
3322 3979 3732 4051 comprehenda-

2132 4079 2206 4134 ris
2235 4075 2388 4152 (Gen.
2415 4093 2534 4146 ενι,
2567 4075 2677 4149 17).
2705 4073 2880 4131 [labes
2901 4085 2952 4131 et
2987 4073 3484 4132 huncintellectutn
3509 4073 3733 4144 dignum

2135 4175 2325 4246 spiritu
2369 4175 2501 4230 Dei:
2532 4171 2632 4238 Ne,
2668 4172 2838 4243 inquit
2864 4182 2885 4240 ,'
2918 4169 3204 4242 respexeris
3255 4175 3418 4236 retro,
3455 4169 3507 4224 id
3552 4179 3634 4228 est
3674 4168 3731 4228 in

2137 4267 2318 4340 priora
2345 4309 2359 4333 ,
2387 4263 2645 4322 extende.
2682 4262 2944 4319 Dimisisti
2973 4261 3267 4318 Sodomam
3285 4302 3301 4329 ,
3341 4275 3410 4316 ne
3438 4257 3734 4318 revertaris

2137 4361 2193 4417 in
2222 4359 2535 4418 Sodomam.
2571 4355 2832 4412 Dimisisti
2881 4354 3010 4409 vitia
3052 4365 3214 4424 atque
3257 4360 3479 4424 peccata
3503 4395 3518 4419 ,
3553 4365 3621 4408 ne
3651 4365 3733 4408 re-

2136 4455 2397 4527 grediaris
2425 4451 2493 4508 ad
2533 4468 2615 4507 ea.
2651 4449 2728 4506 Ne
2757 4446 2976 4504 steteris
3003 4445 3056 4500 in
3087 4453 3196 4500 tota
3224 4444 3473 4514 regione.
3504 4443 3733 4499 Etiamsi

2059 4527 2114 4588 Ῑ)
2141 4547 2456 4624 prtecedens
2481 4543 2766 4618 imperium
2802 4539 3133 4598 custodieris
3154 4581 3170 4606 ,
3203 4533 3270 4594 de
3299 4554 3411 4616 quo
3455 4529 3623 4616 840
3652 4535 3734 4594 di-

2139 4644 2318 4699 citur:
2355 4640 2438 4696 Ne
2485 4637 2769 4711 respexeris
2789 4641 2951 4701 retro,
2978 4647 3083 4687 non
3116 4629 3212 4687 tibi
3240 4631 3446 4687 sufﬁcit
3483 4631 3548 4686 ad
3580 4631 3734 4686 salu-

2142 4747 2249 4794 tem
2273 4779 2286 4803 ,
2320 4733 2425 4791 nisi
2464 4741 2521 4790 et
2562 4741 2914 4800 consequens
2959 4723 3380 4782 observaveris:
3411 4719 3496 4780 Ne
3537 4717 3736 4780 steteris

2134 4921 2216 4978 bis
2245 4960 2258 4986 ,
2291 4915 2548 4973 Rabanns
2580 4907 2818 4986 restituit
2847 4952 2861 4976 ,
2886 4902 3731 4986 ‘GrtecttsqueAdamantiiljex-

2137 4977 2258 5057 ius;
2277 4991 2493 5050 ἕκαστος
2524 4987 2663 5057 ἡμῶν
2695 4981 3024 5057 ἁμαρτάνων,
3047 4979 3129 5034 καὶ
3158 4978 3384 5051 μάλιστα
3434 4977 3478 5031 sl
3505 4977 3731 5048 μείζονα,

2136 5069 2206 5126 εἰς
2234 5065 2428 5122 Ἰησοῦν
2459 5057 2757 5134 ἁμαρτάνει.
2938 5124 2948 5134 _
3118 5123 3128 5134 .
3249 5121 3281 5134 Δ.

2211 5145 2233 5173 ε
2254 5116 2544 5199 i’rmpotiit
2570 5116 2835 5184 'Rabanus
2859 5163 2875 5191 ,
2905 5124 2972 5191 si,
3006 5121 3472 5193 conjunctiouem.
3504 5116 3732 5173 Graccus

2140 5205 2412 5278 haltetxai
2434 5247 2449 5272 ,
2482 5209 2588 5256 etc.
2783 5277 2786 5278 ν
2998 5267 3028 5278 ..
3253 5261 3286 5278 ,.

2217 5279 2230 5316 ί
2278 5260 2626 5332 Μθιθίιιιιθιι
2676 5277 2826 5336 erat,
2880 5266 3131 5337 perdidit,
3155 5261 3385 5337 castigat
3434 5260 3734 5325 Rabanus,

2127 5348 2390 5422 prodidit,
2419 5354 2590 5422 prout
2632 5351 2705 5422 ιιι⁸
2731 5333 3146 5422 Grieeusitahet
3169 5375 3184 5401 ,
3215 5333 3549 5422 ιινριιέᾃιιιηιξιι,¹
3571 5337 3736 5422 atqui—3

2143 5401 2502 5492 ipse'detitt'tm
2552 5415 2776 5492 Ilttetius
2808 5409 3218 5492 rescribendum
3248 5401 3734 5492 c'onjecerataltlo!

2138 5482 2354 5564 quoque
2406 5488 2608 5546 rectius
2659 5487 2787 5558 legit
2845 5482 3098 5538 Rabanus
3123 5519 3137 5546 ,
3163 5493 3348 5550 ragare
3377 5490 3646 5532 conversus
3673 5485 3737 5530 ett

2139 5573 2592 5690 qug’iﬁifevitnus
2619 5631 2708 5684 hic
2736 5624 3062 5696 superfluam
3091 5618 3540 5696 >00njll_ll_Cli0tlettt
3571 5658 3584 5683 ,
3614 5631 3736 5674 cum

2142 5708 2208 5763 ad
2267 5705 2474 5760 Rabani
2528 5711 2580 5758 et
2627 5692 3012 5757 Graeci'textus
3036 5694 3218 5749 ﬁdem.
3251 5692 3512 5762 Pleraque
3546 5699 3737 5763 autem

2144 5759 2250 5835 alia
2270 5759 2502 5835 levioris
2525 5770 2790 5830 momenti
2816 5782 2979 5839 supra
3011 5775 3171 5837 atque
3197 5763 3336 5820 infra
3362 5759 3739 5820 emcndamust
