4104 6336
420 252 529 311 665
1661 252 1724 310 S.
1763 251 2040 312 EUSEBII

2171 251 2460 312 ERONYMI
3607 256 3716 315 θαι

416 370 475 427 in
498 378 610 427 tota
627 371 879 443 regione;
909 384 1018 425 non
1046 369 1192 425 enim
1219 368 1441 439 expedit
1472 368 1756 441 incipienti
1785 371 2018 443 proﬁce-
2042 374 2100 438 Α
2122 370 2222 428 fuit
2242 413 2257 439 ,
2287 371 2590 444 corripiens
2617 383 2955 446 peccatores,
2986 384 3042 434 et
3064 386 3385 435 convertere
3411 376 3440 418 ι)
3462 377 3655 436 volens
3686 396 3717 437 a

422 481 488 523 re
511 507 527 535 ,
556 472 618 521 ut
639 473 747 520 stet
787 463 841 517 in
882 463 1196 535 regionibus
1241 463 1622 521 Sodomorum.
1660 465 1728 521 Et
1769 466 1815 522 si
1846 466 2023 524 Sodo-
2128 466 2274 523 vitiis
2301 466 2369 523 ad
2390 467 2645 524 virtutes.
2672 469 2894 527 lllivero
2923 486 3046 527 cum
3061 471 3324 529 deberent
3346 488 3409 529 ea
3424 489 3543 546 qua:
3565 475 3716 533 dice-

426 575 572 617 mam
603 557 1012 624 transcendisti,
1040 566 1096 614 et
1125 574 1154 613 a
1183 556 1398 615 Satanae
1448 559 1673 630 regione
1697 558 1985 616 discedens
2008 602 2023 627 ,
2128 560 3213 630 banturaudire,econtrarioaccusabant
3236 566 3552 637 prophetam
3576 568 3719 639 apud

424 654 622 725 incipis
669 652 811 709 liber
850 666 973 709 esse
1020 652 1305 725 suppliciis
1332 695 1349 722 ,
1381 654 1602 725 expedit
1632 663 1690 709 ut
1726 655 1951 712 salveris
1972 657 2027 712 in
2127 653 2337 726 iudices
2354 654 2518 728 841
2542 655 2750 712 similes
2779 657 2886 712 sui.
2911 658 2992 713 Ex
3009 673 3115 729 quo
3142 658 3345 714 factum
3378 670 3464 715 est
3502 669 3724 717 utsem-

427 756 637 805 monte.
662 745 749 801 Ne
771 747 1058 819 respexeris
1079 756 1239 814 retro,
1258 763 1350 801 nec
1369 747 1566 802 steteris
1588 750 1641 803 in
1670 755 1777 803 tota
1798 750 2028 820 regione:
2131 764 2229 821 per
2255 749 2306 804 in
2338 749 2628 806 calumniis
2656 759 2711 806 et
2732 750 2785 805 in
2810 750 3049 806 tristitiis
3071 750 3543 820 fueritJeremias,
3574 761 3596 789 ο
3626 767 3724 809 eo-

428 846 487 899 in
528 850 701 896 monte
733 841 934 895 salvum
972 849 1020 895 te
1066 841 1170 912 fac,
1202 856 1268 895 ne
1316 843 1451 913 forte
1481 841 1953 913 comprehendaris.
1975 841 2032 899 Si
2132 859 2252 899 rum
2285 844 2955 916 perversitatis,quantum
2986 847 3041 901 in
3063 860 3123 902 se
3153 845 3472 913 fuit,curam
3502 860 3721 917 gerens.

432 940 520 994 vis
549 954 580 993 a
613 936 979 995 Sodomorum
1010 936 1169 991 ruina
1202 951 1309 991 non
1338 935 1727 1007 comprehendi
1755 979 1770 1005 ,
1798 951 1868 992 ne
1900 951 2031 993 con-
2134 936 2297 993 Juxta
2335 935 2615 1007 propriam
2647 946 2830 995 autem
2862 938 3302 996 incredulitatem
3335 938 3517 996 adhuc
3552 954 3728 1012 aegro-

432 1029 667 1087 vertaris
700 1037 889 1095 retro,
920 1043 992 1084 ne
1021 1028 1242 1084 steteris
1267 1027 1324 1083 in
1353 1028 1576 1099 regione
1607 1043 1795 1085 eorum
1821 1068 1836 1094 ,
1869 1043 1938 1084 ne
1968 1028 2035 1083 ad
2139 1029 2381 1085 tantibus
2434 1030 2739 1086 istiusmodi
2788 1030 3091 1103 aliquando
3136 1032 3417 1102 loquitur:
3465 1030 3535 1088 Et
3567 1034 3679 1088 dixi
3706 1050 3727 1088 :

436 1124 546 1180 alia
578 1136 773 1193 pergas
802 1120 922 1176 loca
944 1165 959 1190 ,
1001 1120 1100 1178 sed
1126 1136 1250 1176 cum
1272 1120 1400 1177 inde
1428 1121 1776 1188 discesseris,
1806 1120 2039 1178 ascende
2142 1120 2265 1177 Non
2296 1120 2502 1194 loquor,
2551 1139 2711 1194 neque
2748 1124 3022 1179 nominabo
3054 1141 3242 1181 nomen
3270 1123 3499 1181 Domini.
3551 1125 3617 1181 Et
3648 1127 3734 1196 fa-

435 1221 493 1277 in
539 1227 821 1283 montem,
872 1218 927 1272 in
977 1230 1087 1287 quo
1128 1216 1251 1272 solo
1299 1216 1448 1272 salus
1495 1225 1617 1283 est,
1660 1230 1860 1274 nomen
1908 1214 2038 1271 Jesu
2143 1226 2283 1271 ctum
2303 1224 2378 1271 est
2410 1225 2465 1271 ut
2487 1218 2622 1288 ignis
2646 1219 2837 1275 ardens
2864 1221 2915 1275 in
2945 1219 3140 1275 ossibus
3175 1220 3325 1288 meis,
3370 1228 3420 1275 et
3450 1221 3733 1278 dissolutus

439 1314 648 1371 Christi
673 1356 687 1382 ,
718 1313 807 1369 cui
850 1320 935 1369 est
954 1311 1125 1384 gloria
1147 1320 1202 1368 et
1229 1311 1515 1383 imperium
1553 1312 1611 1369 in
1640 1310 1842 1368 saecula
1866 1324 2042 1368 saecu-
2143 1328 2260 1368 sum
2284 1312 2534 1383 undique,
2567 1322 2614 1367 et
2637 1313 2773 1383 ferre
2801 1331 2904 1369 non
2934 1330 3166 1385 possum.
3200 1313 3507 1386 Aliquando
3549 1326 3735 1371 autem
3812 1354 3819 1355 κ

442 1407 648 1464 lorum.
699 1404 895 1462 Amen.
2146 1404 2338 1462 videns
2365 1421 2425 1463 se
2454 1404 2759 1463 maledictis
2787 1421 3004 1479 semper
3042 1407 3373 1464 clamoribus
3420 1417 3474 1465 et
3517 1408 3736 1479 injuriis

904 1519 1186 1577 HOMILIA
1224 1518 1578 1577 UNDECIMA
2148 1499 2443 1558 insectari:
2478 1500 2601 1557 Heu
2630 1502 2779 1569 mihi,
2801 1503 3001 1571 inquit,
3026 1519 3139 1557 mea
3191 1512 3376 1572 mater,
3400 1511 3456 1557 ut
3494 1504 3619 1575 quid
3656 1520 3740 1558 me

446 1615 532 1671 Ab
557 1630 624 1671 eo
651 1615 773 1671 loco
801 1614 855 1670 in
882 1628 992 1685 quo
1020 1615 1281 1684 scriptum
1309 1623 1393 1669 est
1419 1632 1432 1669 :
1462 1612 1584 1668 Heu
1604 1613 1750 1685 mihi
1770 1630 1863 1685 ego
1883 1624 2048 1670 mater

2171 1594 2366 1661 tenuisti
2394 1595 2584 1662 virum,
2607 1595 2697 1665 qui
2716 1595 2926 1666 judicer
2956 1606 3004 1650 et
3054 1596 3319 1650 discernar
3367 1597 3508 1650 ontni
3552 1597 3742 1652 teme?

523 1686 748 1759 (Jerem.
781 1702 874 1761 xv,
912 1684 1028 1761 i0),
1059 1700 1232 1761 usque
1267 1685 1335 1741 ad
1384 1686 1568 1761 locum
1599 1684 1655 1740 in
1699 1684 1816 1761 quo;
1838 1686 1959 1761 ait:
1987 1686 2051 1743 Si
2152 1688 2221 1745 Et
2245 1688 2368 1759 quia
2399 1696 2728 1761 aegrotantes
2759 1690 2899 1745 bene
2924 1690 3328 1757 consulentem,
3364 1700 3421 1747 et
3452 1691 3605 1761 juxta
3627 1706 3747 1748 mc-

459 1823 466 1831 -
521 1755 796 1815 έθηυθτδαδ
825 1755 1006 1828 fuam,
1038 1758 1309 1813 “mtuam
1340 1766 1388 1812 ‘8
1417 1755 1643 1830 (Jerem'
1665 1755 1761 1829 “t
1793 1757 1911 1830 ‘9"
2080 1776 2128 1842 Β
2154 1755 2355 1839 dicina:
2374 1755 2723 1853 disciplinam
2756 1782 2945 1838 audire
2973 1755 3419 1854 contempserunt
3442 1755 3469 1839 ε’
3490 1783 3612 1839 Νοη
3632 1802 3747 1857 pro-

524 1897 693 1971 839
720 1896 915 1953 Medici
939 1911 1232 1966 corporum
1260 1937 1276 1964 ,
1305 1895 1703 1968 aegrotantibus
1729 1896 2053 1952 assistentes
2128 1865 2257 1948 ⁸Ϊηίν
2290 1876 2484 1971 ίηίὶξιίι·
2517 1875 2839 1971 Βυνειεξίιυθ
2872 1877 3124 1971 (ιυίειίίιιο
3160 1878 3436 1971 ερίτίιθιθε
3485 1880 3749 1951 Pecunias

451 2001 509 2047 et
540 1968 707 2062 juxia
733 1990 1080 2061 disciplinam
1117 1991 1252 2047 artis
1292 2006 1408 2046 suae
1434 1990 1682 2047 volentes
1720 2004 1913 2046 curare
1961 2003 2057 2045 eos

2171 1968 2565 2039 :ommodante,
2600 1970 2877 2026 auditores
2905 1970 3156 2041 accipere
3186 1970 3512 2041 noluerunt,
3549 1981 3611 2028 ut
3634 1974 3747 2029 uti-

454 2083 544 2154 qui
573 2083 628 2139 in
656 2083 1067 2140 inﬁrmitatibus
1097 2084 1381 2140 constituti
1407 2094 1566 2153 sunt,
1600 2093 1627 2122 α
1646 2084 1833 2140 vident
1856 2083 2054 2150 tristia,

456 2176 751 2248 injucunda
798 2185 1175 2249 pertractant,
1223 2185 1281 2233 et
1319 2177 1374 2233 in
1414 2176 1608 2233 alienis
1657 2175 2060 2233 calamitatibus

458 2285 701 2327 maerore
728 2270 952 2342 proprio
979 2269 1379 2325 conﬁciuntur:
1412 2284 1627 2341 semper
1654 2270 1799 2325 enim
1828 2283 2060 2325 conver-

458 2367 601 2421 satio
627 2380 820 2422 eorum
847 2365 903 2422 in
932 2365 1136 2437 gemitu
1162 2407 1176 2432 ,
1224 2379 1443 2436 semper
1474 2364 1527 2420 in
1555 2365 1702 2421 curis
1736 2373 1820 2421 est
1844 2408 1860 2433 ,
1905 2378 2065 2419 num-

463 2475 630 2532 quam
664 2475 787 2516 cum
816 2459 959 2516 laetis
989 2459 1326 2515 consortium
1361 2457 1604 2515 habent:
1636 2473 1759 2514 cum
1804 2457 2063 2514 vulnera-

459 2554 555 2621 tis,
582 2568 707 2610 cum
734 2553 819 2610 his
846 2566 1081 2625 quorum
1107 2567 1310 2608 carnes
1337 2550 1699 2608 incommodis
1721 2550 1888 2606 variis
1914 2549 2066 2606 debl—

463 2648 714 2715 litantur,
748 2647 841 2718 qui
872 2645 1119 2702 febribus
1147 2654 1380 2701 aestuant
1402 2687 1420 2715 ,
1453 2644 1546 2717 qui
1573 2643 1767 2702 dolore
1807 2656 2067 2715 torquen-

463 2751 574 2809 tur,
599 2739 718 2811 jugi
754 2738 981 2796 servitio
1011 2747 1398 2809 perseverant.
1420 2738 1488 2793 Et
1513 2738 1559 2793 si
1587 2739 1710 2809 quis
1738 2751 1928 2794 eorum
1953 2738 2070 2794 vult

466 2834 702 2907 implere
727 2833 1059 2891 medicinam
1078 2875 1093 2901 ,
1124 2848 1236 2889 non
1278 2832 1615 2904 indignatur,
1647 2849 1755 2890 non
1786 2832 2067 2889 oblivisci-

464 2937 556 2985 tur
602 2927 870 3000 propositi
914 2928 1048 2983 artis
1083 2942 1237 2992 suae,
1272 2936 1561 2999 postquam
1602 2943 1728 2984 cum
1777 2928 1861 2983 his
1906 2927 2073 2985 fuerit

464 3036 604 3094 quos
640 3036 821 3079 sermo
870 3020 1133 3092 praefatus
1179 3029 1284 3077 est.
1314 3020 1442 3076 Haec
1468 3020 1670 3077 idcirco
1712 3021 1763 3075 in
1805 3022 2071 3091 prooemio

467 3118 746 3187 diximus,
798 3117 928 3189 quia
975 3127 1031 3174 et
1072 3117 1359 3190 prophetae
1410 3118 1606 3174 medici
1667 3118 2071 3189 quodammodo

2159 2061 2365 2119 litatem
2393 2073 2883 2134 consequerentur,
2900 2073 2955 2119 et
2977 2063 3212 2120 fructum
3242 2080 3312 2122 ex
3336 2066 3420 2123 his
3446 2082 3567 2138 qua:
3592 2081 3751 2124 acce-

2162 2167 2378 2229 perant,
2402 2157 2721 2229 redderent,
2742 2158 2820 2214 ait
2848 2158 3064 2231 :Neque
3092 2161 3290 2232 profuit
3312 2161 3440 2216 mihi
3455 2163 3750 2233 quisquam.

2165 2255 2365 2312 Verum
2405 2254 2526 2311 haec
2557 2254 2865 2326 anticipans
2895 2255 3109 2311 locutus
3130 2269 3274 2322 sum,
3293 2256 3608 2327 priusquam
3656 2271 3756 2312 ex—

2164 2364 2423 2421 ponerem
2453 2367 2466 2402 :
2512 2347 2635 2403 Non
2658 2350 2858 2420 profui,
2885 2365 3047 2420 neque
3093 2348 3292 2421 profuit
3316 2350 3442 2404 mihi
3488 2350 3756 2421 quisquam

2166 2440 2301 2514 (Jer.
2333 2440 2455 2509 XX,
2488 2440 2569 2512 9).
2599 2441 2808 2511 Duplex
2838 2440 3037 2511 quippe
3065 2442 3337 2513 scriptura
3366 2451 3450 2498 eSt
3478 2458 3492 2496 :
3533 2456 3656 2498 nam
3702 2442 3756 2497 in

2169 2537 2357 2594 multis
2388 2537 2791 2609 exemplaribus
2818 2537 3128 2593 continetur
3156 2553 3167 2589 ε
3195 2535 3319 2592 Νοη
3349 2537 3567 2611 profuit,
3591 2551 3754 2605 neque

2168 2634 2368 2708 profuit
2416 2632 2544 2687 mihi
2581 2634 2874 2704 quisquam.
2901 2634 2959 2689 In
2989 2633 3075 2690 his
3096 2649 3226 2690 vero
3253 2650 3375 2706 qum
3430 2634 3761 2705 exemplaria

2169 2727 2383 2783 veriora
2406 2734 2550 2792 sunt,
2583 2735 2639 2782 et
2688 2742 2810 2782 cum
2837 2726 3084 2784 Hebraeis
3113 2736 3438 2798 consonant,
3480 2726 3712 2782 habetur
3746 2743 3760 2780 :

2176 2820 2299 2877 Non
2324 2821 2689 2892 debui,’,nequg
2721 2820 2896 2875 debuit
2924 2821 3053 2875 mihi
3083 2822 3379 2892 quisquam.
3413 2819 3637 2891 Oportet
3662 2819 3764 2890 igi-

2173 2926 2262 2973 tur
2287 2924 2343 2973 et
2369 2916 2423 2971 id
2459 2914 2605 2987 quod
2634 2915 2689 2970 in
2717 2931 2821 2970 usu
2847 2924 2953 2983 est,
2976 2923 3140 2985 atque
3171 2915 3223 2969 in
3258 2914 3520 2970 Ecclesiis
3539 2913 3761 2986 legitur,

2174 3025 2492 3083 exponere;
2520 3020 2575 3067 et
2604 3009 2710 3064 hoc
2749 3008 2895 3081 quod
2928 3010 2983 3064 in
3014 3008 3259 3064 Hebraeis
3304 3006 3587 3063 codicibus
3616 3007 3766 3062 inve-

2175 3109 2342 3176 nitur,
2377 3108 2639 3164 intactum
2665 3120 2770 3161 non
2812 3106 3114 3176 praeterire.
3162 3102 3766 3160 Prandicavitleremias

469 3224 599 3273 sunt
636 3214 940 3271 animarum
966 3256 982 3283 ,
1028 3223 1085 3270 et
1125 3214 1254 3269 illuc
1277 3228 1497 3284 semper
1521 3212 1604 3270 ire
1651 3212 1928 3283 iubentur,
1978 3213 2071 3270 ubi
2099 3200 2146 3265 C
2176 3202 2429 3260 mandata
2451 3201 2669 3268 divina;
2698 3215 2859 3256 nemo
2886 3199 3110 3271 hisque:
3131 3198 3571 3272 praedicabantur
3588 3206 3766 3255 atten-

466 3311 797 3381 languentes
824 3309 939 3366 sint
964 3326 977 3364 :
1005 3306 1132 3363 Non
1158 3308 1296 3363 enim
1318 3324 1519 3364 necesse
1547 3307 1739 3363 habent
1760 3310 1875 3363 sani
1903 3308 2071 3363 medi-

470 3419 610 3472 cum,
657 3406 749 3461 sed
784 3406 824 3460 ii
849 3408 938 3477 qui
960 3422 1015 3461 se
1052 3404 1190 3459 male
1219 3405 1408 3460 habent
1450 3403 1606 3479 (Luc.
1628 3418 1682 3461 ιι
1706 3448 1720 3473 ,
1754 3404 1868 3477 51).
1917 3406 2073 3473 Quod

468 3506 654 3555 autem
700 3514 731 3555 a
779 3499 1059 3556 deliciosis
1097 3500 1488 3571 aegrotantibus
1529 3499 1727 3556 medici
1770 3500 2069 3571 patiuntur,

472 3593 578 3651 hoc
608 3593 887 3651 sustinent
911 3594 1194 3666 prophetae
1222 3610 1289 3651 ac
1315 3593 1559 3666 magistri
1589 3595 1659 3651 ab
1684 3594 1771 3650 his
1795 3593 1962 3668 8&0
1981 3595 2073 3665 qui

475 3689 656 3747 curari
703 3689 917 3746 nolunt.
947 3689 1087 3745 Odio
1128 3690 1331 3760 quippe
1373 3688 1642 3744 habentur
1681 3689 1838 3760 quasi
1881 3690 2073 3759 praeci‘

472 3782 686 3852 pientes
712 3782 999 3838 adversum
1044 3782 1317 3839 desideria
1348 3782 1719 3851 languentium
1747 3826 1762 3851 ,
1793 3781 1918 3852 quia
1940 3797 2071 3853 pro-

474 3874 670 3930 hibent
695 3873 908 3931 deliciis
948 3884 1005 3930 et
1040 3874 1184 3930 cibis
1215 3874 1384 3929 variis
1420 3874 1497 3929 uti
1526 3888 1624 3929 eos
1653 3915 1668 3940 ,
1701 3875 1939 3944 quicum
1966 3875 2075 3930 sint

470 3966 707 4032 inlirmi,
736 3966 931 4021 nolunt
958 3966 1101 4022 escis
1126 3965 1465 4021 inﬁrmorum
1485 3965 1657 4021 vesci.
1688 3964 1924 4036 Fugiunt
1944 3981 2074 4039 ergo

472 4059 857 4117 inobedientes
887 4070 1050 4131 atque
1078 4061 1401 4131 languentes
1427 4058 1698 4126 medicos,
1732 4069 1786 4115 et
1816 4061 2075 4118 maledic-

471 4153 549 4208 tis
593 4160 757 4222 atque
797 4151 1014 4221 injuriis
1056 4151 1373 4221 repellunt,
1414 4166 1591 4221 eaque
1642 4166 1863 4221 prorsus
1893 4153 1960 4210 iis
1993 4152 2075 4209 fa-

472 4245 658 4312 ciunt,
684 4258 805 4314 quae
827 4243 992 4300 faeiat
1015 4244 1139 4315 quis
1161 4243 1395 4299 inimicis
1414 4253 1472 4301 et
1496 4243 1746 4301 hostibus
1769 4246 1905 4302 suis.
1930 4246 2075 4305 Abo-

472 4340 754 4397 minantur
779 4340 925 4396 enim
956 4353 1058 4396 eos
1083 4339 1236 4410 quasi
1287 4338 1539 4395 inimicos
1567 4340 1788 4408 venire,
1836 4342 1993 4413 quasi
2019 4343 2074 4399 id

474 4436 855 4493 tantummodo
882 4434 1259 4492 desiderantes
1280 4474 1294 4501 ,
1327 4433 1601 4505 quomodo
1620 4433 1842 4494 dolores
1878 4445 1933 4493 et
1957 4437 2072 4494 vic-

471 4538 561 4585 tus
601 4530 972 4599 parcimonia,
1004 4544 1072 4587 ex
1115 4543 1306 4587 eorum
1334 4527 1695 4599 dispositione
1739 4540 2070 4589 nascantur:

2176 3299 2273 3355 dit.
2305 3295 2674 3366 Quamobrem
2703 3295 2859 3368 quasi
2882 3294 3133 3351 medicus
3162 3293 3339 3349 libens
3382 3308 3446 3349 ac
3484 3301 3764 3365 promptus

2176 3390 2535 3447 medicamina
2562 3389 2949 3460 languentibus
2980 3388 3188 3454 tribuit,
3221 3388 3404 3443 etillis
3428 3403 3536 3443 non
3569 3402 3766 3444 secun-

2176 3484 2306 3540 dum
2335 3482 2623 3539 artiﬁcium
2647 3482 2914 3549 curantis,
2949 3482 3048 3537 sed
3069 3481 3223 3551 juxta
3249 3482 3588 3538 voluntatem
3610 3495 3764 3537 suam

2176 3574 2463 3647 agentibus
2489 3574 2653 3630 dicit:
2681 3573 2805 3628 Non
2828 3575 3033 3645 profui,
3066 3591 3228 3644 neque
3251 3574 3448 3645 profuit
3472 3573 3765 3642 mihiquis-

2175 3687 2350 3745 quant.
2389 3668 2803 3739 Quodammodo
2853 3669 3002 3726 enim
3033 3668 3363 3726 beneﬁcium
3409 3669 3766 3740 consequitur

2178 3772 2298 3843 ipse
2323 3771 2420 3841 qui
2446 3777 2622 3839 curat,
2665 3769 2711 3824 si
2743 3768 2977 3824 fructum
3009 3767 3091 3825 sui
3139 3767 3343 3824 laboris
3386 3768 3440 3823 in
3469 3774 3767 3838 aegrotante

2176 3864 2499 3936 conspiciat,
2530 3872 2586 3918 et
2612 3876 2707 3932 per
2730 3862 2976 3919 laetitiam
3006 3861 3203 3917 mentis
3228 3862 3393 3917 etiam
3424 3861 3537 3929 ipse
3572 3874 3768 3915 conse—

2180 3959 2365 4030 quitur
2391 3957 2705 4025 utilitatem,
2758 3955 3055 4011 secundum
3101 3954 3260 4023 illud,
3287 3954 3431 4025 quod
3469 3953 3604 4010 alibi
3629 3953 3769 4009 dici-

2176 4062 2292 4110 tur:
2322 4052 2517 4108 Beatus
2536 4054 2623 4124 qui
2644 4052 2871 4122 loquitur
2889 4052 2945 4105 in
2970 4067 3121 4106 aures
3142 4051 3479 4104 audientium.
3499 4048 3646 4103 Hanc
3668 4046 3770 4117 igi-

2177 4157 2265 4203 tur
2292 4146 2583 4203 utilitatem
2603 4143 2631 4184 ἀ
2655 4161 2821 4218 quam
2846 4145 3196 4216 consequitur
3229 4144 3485 4214 magister
3515 4142 3583 4197 ab
3607 4141 3766 4196 audi-

2175 4242 2390 4298 toribus
2414 4240 2527 4296 suis
2554 4239 2600 4297 si
2624 4241 2913 4312 proﬁciant
2932 4237 3227 4305 audiendo,
3274 4231 3408 4292 dum
3437 4235 3642 4292 fmctus
3697 4251 3765 4291 ex

2176 4337 2351 4394 salute
2380 4351 2569 4393 eorum
2596 4335 2972 4406 consequitur,
3004 4330 3407 4404 quodammodo
3429 4329 3594 4403 842
3618 4330 3768 4386 Jerc-

2178 4432 2315 4487 mias
2354 4429 2546 4487 videns
2584 4427 2653 4484 de
2677 4426 2879 4485 Judmis
2901 4440 3013 4482 non
3059 4424 3260 4482 habere
3285 4438 3367 4491 se,
3414 4423 3587 4479 dicit:
3642 4420 3765 4477 Non

2179 4524 2375 4595 profuit
2407 4522 2533 4577 mihi
2556 4521 2850 4591 quisquam.
2909 4518 2969 4576 Si
3014 4518 3162 4574 enim
3205 4516 3370 4574 debet
3425 4514 3765 4571 auditoribus

472 4623 752 4694 quomodo
777 4623 1093 4682 acutissimo
1118 4621 1271 4680 ferro
1298 4636 1531 4695 corpora
1566 4634 1794 4692 secent;
1826 4634 1882 4682 et
1911 4640 2068 4682 exse-

2181 4615 2466 4688 prodesse,
2492 4612 2635 4685 quod
2658 4612 2855 4684 loquor
2888 4630 2901 4665 :
2947 4609 3225 4667 auditores
3255 4625 3391 4667 vero
3417 4625 3538 4680 quae
3569 4608 3765 4665 dicun-

471 4721 696 4773 crantur
720 4729 815 4771 eos
846 4718 999 4786 quasi
1028 4725 1281 4773 auctores
1301 4723 1577 4772 tantorum
1604 4717 1943 4773 cruciatuum
1971 4760 1985 4786 ,
2017 4728 2073 4775 et

469 4820 583 4863 non
610 4807 863 4863 sanitatis
887 4822 1006 4877 qua:
1032 4822 1102 4865 ex
1124 4807 1404 4864 doloribus
1433 4807 1701 4865 redditur.
1722 4808 1959 4881 Pepulus
1976 4811 2070 4883 igi-

472 4911 565 4958 tur
593 4901 891 4974 aegrotabat
917 4900 1082 4957 variis
1108 4901 1491 4973 languoribus,
1526 4910 1580 4958 et
1619 4901 1768 4958 misit
1816 4902 1926 4959 illis
1956 4920 2068 4960 me-

471 4997 626 5055 dicos
652 4994 950 5070 prOpbetas
977 4994 1142 5052 Deus.
1177 4993 1330 5056 Unus
1359 5009 1428 5052 ex
1462 4992 1690 5079 medicis
1717 5003 1774 5051 et
1802 4995 2070 5055 Jeremias

541 5184 569 5214 ⁸
607 5174 761 5232 Unus
788 5189 894 5231 ms.
920 5172 1055 5244 Reg.
1085 5172 1227 5244 apud
1255 5172 1510 5230 Huetium
1530 5213 1546 5241 ,
1578 5170 1806 5229 videntes
1847 5188 1934 5230 eos
1980 5190 2065 5231 ve-

541 5246 601 5299 ri.
628 5248 921 5299 tristantur.
945 5246 1247 5299 iniocunda.
1273 5254 1378 5299 etc.

464 5254 601 5315 avari,
628 5254 921 5312 tristantur,
945 5254 1247 5318 injocunda,
1273 5254 1378 5302 etc.

494 5388 501 5389 ί
533 5316 564 5355 δ
606 5318 687 5373 Ex
716 5319 907 5374 Graeco
951 5325 1103 5389 textu
1133 5317 1437 5389 βουλόμενος
1462 5358 1477 5384 ,
1511 5316 1822 5375 rescribere
1876 5319 1929 5375 in
1960 5316 2065 5373 La-

464 5388 581 5460 tino
611 5404 719 5444 non
744 5388 1155 5454 dubitavimus,
1182 5388 1361 5443 volens
1386 5432 1401 5456 ,
1437 5405 1535 5459 pro
1582 5404 1690 5460 quo
1716 5400 1874 5446 antea
1930 5390 2062 5447 satis

462 5457 761 5532 incongrue
818 5470 973 5527 erat,
1004 5460 1202 5515 videns.
1256 5457 1462 5517 Auctor
1491 5457 1654 5525 porro
1692 5476 1844 5532 sum,
1869 5471 1927 5518 ut
1953 5462 2057 5517 hu-

459 5527 905 5604 jusce'bomilire
938 5534 1261 5601 prommium
1302 5547 1436 5604 cum
1466 5527 1843 5604 illogconferas
1870 5576 1884 5602 ,
1914 5533 2059 5604 quod

464 5603 798 5683 praeponitur
825 5603 1235 5683 Abbreviationi
1257 5602 1748 5683 illi_suppositi_t_ian,
1775 5602 1945 5683 quam
1961 5620 2059 5661 ex-

468 5670 719 5749 cudimus
752 5674 805 5731 in
837 5676 1150 5749 Appendice
1174 5676 1351 5749 quarti
1380 5670 1512 5732 torni
1538 5691 1603 5731 ex
1627 5670 1925 5733 Veronensi
1957 5691 2060 5734 ms.

543 5750 565 5779 °
605 5743 1209 5819 Unusapud'lluetiurn
1248 5748 1379 5818 Reg.
1423 5762 1565 5814 ms.,
1605 5764 1779 5802 eorum
1810 5750 2062 5819 perversi-

464 5820 588 5883 tate,
635 5817 721 5885 qui
745 5827 992 5887 quantum
1020 5822 1070 5875 in
1104 5836 1159 5876 se
1188 5822 1309 5891 fuit,
1337 5817 1503 5876 curati
1547 5830 1729 5887 erant;
1759 5817 1911 5889 iuxta
1944 5837 2066 5891 pro-

2178 4720 2286 4778 tur,
2308 4710 2567 4780 abjiciunt
2602 4725 2615 4761 :
2648 4715 2704 4763 et
2731 4722 2831 4779 ego
2851 4705 2975 4763 dico
3000 4724 3014 4760 :
3045 4705 3171 4759 Non
3194 4705 3394 4778 profui,
3446 4719 3609 4774 neque
3636 4719 3765 4773 pro-

2178 4804 2278 4877 fuit
2309 4800 2436 4856 milti
2466 4802 2776 4872 quisquam;
2807 4800 2933 4870 quia
2956 4800 3096 4855 hanc
3140 4797 3430 4854 utilitatem
3487 4812 3592 4852 non
3641 4811 3764 4853 sum

2172 4909 2499 4960 consecutus
2520 4943 2535 4969 ,
2570 4914 2747 4970 quam,
2773 4898 3126 4969 consequitur
3170 4899 3215 4955 is
3244 4897 3340 4970 qui
3364 4898 3558 4955 beatus
3585 4893 3763 4952 efﬁci-

2172 5006 2280 5067 tur,
2310 4995 2441 5053 dum
2470 4994 2527 5050 in
2547 5006 2708 5050 aures
2725 4990 2973 5064 loquitur
2998 4991 3359 5050 audientium.
3377 4991 3565 5049 Potest
3581 4995 3767 5046 autem

2166 5175 2336 5243 prium
2364 5180 2540 5227 autem
2578 5169 2995 5243 incredulitatem
3019 5171 3193 5225 adhuc
3218 5169 3556 5241 azgrotabant.
3585 5169 3765 5235 Alter,

2168 5242 2231 5301 ab
2266 5262 2442 5299 eorum
2476 5243 2876 5315 perversitatem,
2909 5242 3012 5315 qui
3037 5251 3238 5297 tantum
3264 5243 3413 5315 inse
3437 5242 3768 5315 fugit,jcuram

2166 5317 2372 5389 gerebat
2409 5312 2610 5389 eorum,
2640 5317 2797 5389 juxta
2834 5313 3100 5389 propriam
3129 5324 3301 5389 autem
3326 5312 3765 5380 incredulitatem,

2166 5385 2337 5443 adhuc
2359 5387 2466 5443 illis
2497 5385 2867 5458 wgrotantibus
2892 5385 3209 5450 istiusmodi,
3240 5394 3346 5441 etc.

2239 5458 2268 5498 ἀ
2304 5460 2459 5530 Apud
2506 5456 2811 5523 Rabanum,
2866 5472 3024 5530 ovans
3064 5458 3391 5530 consequitur
3429 5456 3671 5530 ntagister
3696 5457 3767 5511 ab

2165 5528 2491 5589 auditoribus
2516 5532 2649 5597 suis,
2678 5531 2723 5585 si
2755 5529 3035 5600 proficiant
3076 5528 3361 5596 audiendo,
3406 5529 3529 5600 dum
3553 5532 3768 5600 fructus

2166 5623 2230 5661 ea:
2287 5606 2453 5659 salute
2504 5619 2680 5659 eorum
2736 5598 3117 5673 quodammodo
3161 5602 3337 5673 metit.
3392 5598 3643 5655 Jeremias
3707 5600 3768 5655 in

2165 5676 2367 5732 Iudaeis
2388 5693 2493 5733 non
2514 5677 2700 5733 habere
2724 5671 2958 5732 setocum
2980 5672 3123 5730 dicit.
3150 5671 3279 5733 Ideo
3298 5672 3483 5745 inquit,
3507 5687 3613 5728 non
3636 5688 3772 5743 pro-

2168 5749 2289 5822 fuit,
2314 5756 2421 5807 etc.
