4128 6346
405 290 517 351 665

973 292 1414 353 TRANSLA'I‘IO
1454 292 1894 354 IIOMILIARUM
1931 292 2255 356 ORIGENIS
2291 294 2360 354 IN
2398 295 2750 356 JEREMIAM
2787 297 2957 359 HOM.
2999 298 3092 357 XI.

3586 304 3692 363 666

406 421 463 470 et
488 412 647 469 aliter
673 409 930 485 intelligi.
984 412 1328 485 Quicumque
1374 413 1657 486 discipulis
1708 414 1990 487 praecipit,
2019 420 2074 480 Α
2097 429 2247 472 mum
2276 414 2543 473 debemus
2569 418 2886 490 exponere):
2912 417 3190 489 Heumilti,
3222 430 3410 491 mater,
3441 437 3601 493 quare
3618 440 3699 480 me

408 505 535 571 iste,
560 505 606 559 si
636 504 967 575 ingeniosos,
999 515 1054 561 et
1078 505 1355 562 audientis
1387 514 1600 563 naturae
1646 506 1845 564 habeat
1903 522 1999 563 au-

407 596 642 665 ditores,
672 606 875 667 quanto
902 597 1027 668 plus
1056 598 1307 670 prtecipit
1329 642 1342 669 ,
1370 607 1521 655 tanto
1581 601 1701 671 plus
1744 601 1995 671 proﬁcit,

409 691 519 747 illis
549 691 1036 764 interrogantibus,
1068 702 1122 749 et
1148 694 1217 750 de
1245 708 1311 750 eo
1340 693 1482 765 quod
1522 694 1655 750 dicit
1675 711 1821 766 saepe
1851 711 2003 767 qua:-

408 785 681 855 rentibus,
714 787 804 857 qui
832 787 904 842 sit
930 802 1126 844 sensus
1150 787 1203 844 in
1226 789 1390 861 dicto,
1410 790 1502 862 qui
1528 790 1685 859 ordo,
1717 807 1840 863 qua:
1862 791 2002 848 scri-

407 880 492 952 pti
520 881 798 939 voluntas.
833 881 991 939 Unde
1019 885 1329 941 econtrario
1348 886 1426 940 ait
1459 903 1471 941 :
1509 885 1634 942 Non
1662 888 1858 959 profui,
1909 905 2001 943 ne—

405 989 508 1043 que
528 975 726 1047 profuit
755 975 880 1029 mihi
903 977 1199 1049 quisquam.
1238 978 1373 1047 Quia
1397 988 1577 1036 autem
1606 990 1661 1039 ct
1699 981 1806 1037 alia
1842 981 2001 1039 nobis

407 1068 681 1140 expositio
718 1070 934 1126 residua
963 1080 1067 1140 est,
1101 1080 1326 1144 propter
1354 1075 1688 1146 exemplaria
1738 1077 1996 1144 certiora,

404 1160 464 1217 in
495 1162 692 1234 quibus
720 1164 1036 1221 continetur
1066 1184 1079 1220 :
1120 1165 1244 1221 Non
1266 1167 1440 1235 debui,
1460 1184 1622 1240 neque
1651 1169 1823 1224 debuit
1870 1170 2001 1224 mihi

404 1256 701 1327 quisquam,
735 1256 955 1314 ethunc
976 1258 1156 1314 locum
1178 1259 1605 1317 consideremus.
1631 1261 1732 1331 Qui
1763 1262 2000 1317 omnibus

402 1350 587 1405 omnia
622 1351 870 1421 restituit,
900 1353 982 1407 cui
1012 1354 1229 1427 vectigal
1258 1355 1495 1428 vectigal,
1520 1356 1601 1410 cui
1654 1356 1891 1412 timorem
1934 1358 2001 1410 ti-

402 1460 624 1515 morem,
655 1446 737 1501 cui
771 1447 1019 1502 tributum
1050 1448 1321 1516 tributum,
1352 1450 1435 1504 cui
1461 1449 1713 1507 honorem
1754 1452 1998 1507 honorent

404 1538 604 1610 (Rom.
654 1555 771 1610 xnt,
807 1543 836 1595 7
864 1538 906 1613 ),
955 1551 1011 1599 et
1048 1542 1323 1600 universis
1372 1544 1554 1601 omnia
1598 1555 1997 1617 repraesentat,

402 1632 543 1688 nulli
586 1633 791 1691 debeas
832 1636 1057 1707 aliquod
1105 1637 1377 1707 ofﬁcium,
1431 1641 1585 1698 verbi
1633 1643 1838 1714 gratia,
1901 1642 1998 1701 ho-

400 1740 609 1783 norans
656 1739 934 1798 parentes,
965 1730 1161 1788 fratres
1200 1741 1260 1788 ut
1284 1732 1501 1802 fratres,
1535 1735 1675 1794 filios
1715 1746 1774 1792 ut
1819 1736 1996 1804 ﬁlios,

2104 510 2328 583 genuisti
2356 511 2542 579 virum,
2566 513 2655 584 qui
2674 512 2884 583 judicer
2911 522 2957 569 et
2985 514 3252 570 discernar
3272 516 3336 571 ab
3367 516 3700 574 omniterro?

2103 602 2333 671 Quidam
2361 612 2543 660 autem
2574 605 2717 659 hunc
2745 605 2923 661 locum
2956 606 3344 679 interpretans,
3368 608 3701 681 aitproplte~

2103 705 2213 753 tam
2239 712 2347 754 non
2367 697 2433 753 ad
2457 707 2684 755 matrem
2722 700 3075 770 corporalem
3100 702 3215 758 haec
3236 703 3475 759 locutum
3507 703 3695 775 fuisse,

2102 790 2201 848 sed
2229 791 2295 846 ad
2321 806 2440 847 eam
2468 808 2590 863 qua:
2614 802 2840 864 generet
2859 792 2888 832 ι)
2914 794 3236 865 prophetas:
3266 812 3367 854 nec
3386 797 3546 854 aliam
3576 812 3699 857 esse

2103 895 2331 942 matrem
2361 885 2776 957 prophetarum,
2807 888 2910 944 nisi
2941 890 3265 960 sapientiam
3289 891 3410 961 Dei,
3442 893 3512 950 ad
3533 909 3693 966 quam
3789 895 3798 904 '

2102 978 2205 1034 ait:
2234 979 2352 1036 Heu
2381 982 2528 1047 mihi,
2560 991 2728 1039 mater
2754 987 2867 1039 mbo
2889 1000 2909 1039 :
2939 985 3097 1055 quasi
3125 984 3270 1042 dicat
3301 1004 3313 1041 :
3345 984 3457 1043 Cur
3485 1003 3573 1044 me
3598 1004 3699 1061 ge-

2103 1075 2288 1143 nuisti,
2314 1091 2345 1131 o
2367 1075 2683 1147 Sapientia?
2708 1077 2879 1134 Filios
2899 1093 3033 1135 vero
3055 1078 3355 1149 Sapientiae
3380 1090 3435 1137 et
3461 1082 3592 1139 alibi
3613 1084 3696 1140 Ie-

2100 1168 2297 1240 gimus,
2321 1168 2600 1240 Scriptura
2623 1172 2837 1228 dicente
2858 1190 2870 1226 :
2900 1173 3091 1228 4mittit
3115 1173 3388 1244 Sapientia
3401 1176 3536 1246 ﬁlios
3556 1194 3697 1235 suos.

2101 1263 2218 1320 Heu
2241 1263 2390 1332 mihi,
2419 1264 2613 1334 inquit,
2639 1275 2814 1322 mater
2844 1281 2987 1332 mea,
3011 1266 3313 1336 Sapientia,
3343 1268 3499 1339 quasi
3521 1268 3692 1325 dicat:

2101 1354 2209 1413 Cur
2236 1372 2323 1414 me
2351 1358 2585 1429 genuisti
2603 1359 2778 1415 virum
2805 1360 2895 1431 qui
2913 1360 3161 1430 judicer?
3186 1360 3317 1430 Quis
3339 1376 3438 1433 ego
3467 1377 3586 1419 sum
3606 1364 3696 1436 qui

2099 1453 2154 1510 in
2172 1453 2277 1511 hoc
2299 1462 2455 1510 natus
2469 1469 2610 1522 sum,
2638 1464 2695 1511 ut
2713 1456 2929 1527 judicer
2960 1465 3121 1527 atque
3159 1455 3443 1514 discernar
3471 1466 3697 1530 propter

2099 1547 2522 1618 increpationes,
2560 1558 2783 1621 propter
2838 1548 3240 1620 correptionem
3269 1592 3284 1617 ,
3335 1556 3559 1621 propter
3581 1565 3699 1606 ma-

2099 1644 2422 1716 gisterium,
2467 1643 2598 1700 dum
2645 1643 2921 1716 corrigere
2966 1643 3112 1701 nitor
3164 1643 3477 1701 habitantes
3534 1659 3699 1715 super

2101 1739 2340 1796 terram?
2367 1739 2425 1796 Si
2462 1739 2728 1796 Jeremias
2758 1739 2891 1795 dicit
2931 1755 2945 1795 :
2981 1737 3091 1795 Cur
3129 1754 3217 1797 me
3244 1737 3480 1811 genuisti
3521 1739 3696 1796 virum

399 1823 693 1894 episcopos
747 1833 806 1878 ut
859 1826 1182 1897 episcopos,
1242 1830 1592 1901 presbyteros
1643 1841 1703 1887 ut
1766 1832 1995 1904 presby-
2028 1824 2077 1886 B
2102 1834 2193 1906 qui
2216 1834 2458 1905 judicer;
2499 1844 2552 1890 et
2587 1834 2870 1891 discernar
2906 1835 3103 1890 teme?
3146 1849 3253 1890 non
3281 1848 3573 1906 possumus
3600 1848 3701 1891 ex-

401 1923 592 1983 teros,
648 1916 907 1975 diaconos
967 1927 1027 1975 ut
1070 1919 1370 1993 diaconos,
1430 1922 1615 1980 ﬁdeles
1658 1933 1718 1979 ut
1776 1924 1994 1996 ﬁdeles,

398 2009 862 2083 catechumenos,
921 2021 980 2069 ut
1021 2014 1480 2085 catechumenos;
1539 2018 1585 2073 si
1642 2018 1822 2074 omnia
1875 2033 1997 2075 om-

399 2102 565 2161 nibus
623 2104 844 2172 reddat,
893 2107 1025 2164 nulli
1076 2107 1240 2168 debet
1286 2110 1550 2168 ofﬁcium.
1598 2113 1654 2169 Si
1705 2129 1834 2171 vero
1876 2112 1998 2171 red-

397 2197 538 2255 dere
564 2198 751 2268 debet,
781 2210 835 2258 et
876 2218 984 2259 non
1011 2203 1209 2273 reddit,
1244 2222 1349 2261 non
1380 2216 1562 2277 potest
1596 2208 1780 2266 dicere
1809 2226 1820 2263 :
1872 2209 1998 2265 Non

399 2296 595 2363 debui;
624 2313 746 2355 cum
768 2299 914 2355 enim
936 2299 1213 2369 debuerit,
1231 2317 1336 2358 non
1357 2305 1606 2360 exsolvit.
1635 2304 1791 2374 Quod
1817 2315 1996 2362 autem

400 2390 680 2461 sequitur:
716 2390 839 2449 Non
875 2393 1049 2450 debuit
1075 2395 1203 2451 mihi
1235 2402 1525 2469 quisquam,
1568 2400 1647 2455 sic
1694 2400 1999 2473 intelligen-

398 2482 534 2540 dum
561 2495 687 2542 est:
730 2486 847 2557 Ego
876 2488 1097 2559 quidem
1128 2490 1366 2548 fenerari
1401 2493 1585 2550 volui:
1620 2502 1677 2551 et
1724 2495 1997 2566 spiritales

399 2579 666 2650 pecunias
695 2582 1065 2653 commodare,
1086 2584 1182 2641 sed
1213 2585 1290 2641 illi
1319 2588 1656 2660 averterunt;
1675 2604 1834 2646 aures
1873 2605 1999 2647 suas

402 2672 472 2728 ab
500 2674 566 2729 iis
602 2689 723 2745 qua:
747 2674 1088 2747 dicebantur,
1122 2695 1302 2751 neque
1340 2683 1910 2757 volueruntvprtebere
1938 2704 1997 2745 se

402 2764 630 2836 dociles,
674 2778 734 2825 ut
773 2770 909 2826 mihi
956 2770 1218 2830 deberent
1264 2791 1386 2846 qua:
1430 2776 1741 2834 audiebant.
1787 2779 1996 2835 Idcirco

402 2873 513 2914 non
545 2859 735 2916 debuit
774 2863 907 2919 mihi
950 2866 1260 2938 quisquam.
1305 2869 1362 2926 Si
1402 2872 1524 2940 quis
1569 2872 1713 2927 enim
1763 2873 1999 2930 voluerit

400 2968 692 3011 sermones
727 2958 818 3027 qui
845 2957 1100 3016 dicuntur
1130 2962 1341 3029 audire,
1375 2963 1591 3021 debitor
1618 2967 1677 3022 lit
1704 2982 1915 3037 eorum,
1944 2979 1998 3025 et

401 3047 557 3118 quasi
579 3046 795 3105 debitor
820 3051 985 3108 etiam
1015 3069 1216 3111 usuras
1242 3056 1476 3114 reddere
1506 3058 1759 3130 exigitur.
1786 3060 1867 3117 Ex
1890 3078 1997 3132 quo

400 3144 579 3214 magis
606 3145 826 3217 expedit
854 3148 1196 3205 auditoribus
1228 3152 1478 3223 accipere
1503 3154 1801 3225 disciplinae
1829 3156 1993 3211 verba

2104 1944 2307 2001 ponere
2343 1928 2471 1999 quid
2514 1930 2606 1996 sit,
2654 1929 2795 1983 omni
2828 1938 3014 1995 terra};
3052 1942 3229 1999 neque
3262 1926 3413 1984 enim
3452 1927 3521 1983 ab
3548 1927 3699 1983 omni

2102 2031 2248 2079 terra
2306 2022 2633 2092 dijudicatur
2686 2021 2984 2087 Jeremias,
3053 2020 3160 2076 nisi
3225 2019 3368 2077 forte
3430 2019 3701 2077 violenter

2100 2116 2382 2187 Scriptura
2432 2117 2730 2185 trahentes,
2785 2115 3032 2172 dicamus
3084 2114 3324 2186 positum
3357 2128 3503 2180 esse,
3555 2114 3698 2171 omni

2103 2222 2272 2281 terrte,
2304 2210 2471 2284 844
2517 2226 2615 2281 pro
2642 2209 2790 2266 omni
2817 2209 3022 2266 Iudaea.
3066 2207 3307 2265 Necdum
3337 2208 3538 2281 quippe
3567 2221 3699 2278 pro-

2101 2306 2285 2379 phetia
2306 2306 2429 2375 ejus
2452 2305 2548 2360 illo
2579 2314 2824 2373 tempore
2856 2303 2911 2358 in
2935 2302 3246 2360 universam
3277 2311 3479 2359 terram
3507 2315 3700 2373 perve-

2102 2408 2289 2455 nerat:
2318 2396 2422 2452 nisi
2450 2397 2590 2452 forte
2619 2394 2781 2451 siculi
2811 2403 2867 2451 et
2908 2395 2963 2450 in
2991 2394 3115 2450 aliis
3139 2393 3328 2449 multis
3357 2393 3491 2450 locis
3517 2400 3703 2449 osten-

2100 2492 2281 2548 dimus
2319 2489 2614 2547 Jeremiam
2656 2503 2755 2559 pro
2793 2488 3026 2543 Domino
3073 2497 3265 2543 nostro
3308 2486 3438 2543 Jesu
3479 2485 3698 2543 Christo

2102 2586 2362 2657 positum,
2394 2584 2472 2639 sic
2500 2592 2555 2638 et
2594 2585 2647 2637 in
2678 2582 2936 2653 prmsenti
2965 2581 3087 2637 loco
3118 2580 3560 2651 interpretemur.
3585 2581 3698 2635 An-

2101 2681 2407 2738 notavimus
2438 2680 2491 2734 in
2523 2677 2789 2749 principio
2817 2675 2978 2747 hujus
3001 2675 3126 2731 libri
3149 2675 3353 2730 dictum
3393 2691 3406 2729 :
3456 2671 3698 2746 PrOphe-

2102 2786 2207 2831 tam
2245 2776 2300 2830 iu
2328 2772 2563 2846 gentibus
2591 2772 2745 2845 posui
2790 2779 2857 2839 te,
2890 2786 3050 2841 regna
3073 2769 3359 2837 eradicare,
3406 2777 3454 2823 et
3483 2768 3699 2825 subver-

2102 2878 2226 2937 tere,
2270 2876 2320 2923 et
2360 2864 2680 2938 disperdere,
2724 2873 2774 2919 et
2807 2864 3088 2934 (cdt/icore,
3140 2873 3186 2918 et
3227 2862 3486 2933 plantare.
3526 2860 3701 2918 Porro

2100 2964 2367 3021 Jeremias
2394 2964 2498 3019 ista
2520 2977 2627 3018 non
2655 2960 2800 3032 fecit,
2832 2959 2929 3016 sed
2955 2959 3220 3015 Dominus
3249 2972 3405 3014 meus
3430 2956 3591 3015 Jesus
3610 2956 3701 3027 qui

2100 3056 2397 3115 eradicavit
2435 3070 2603 3126 regna
2643 3052 2876 3125 peccati,
2930 3062 2985 3106 et
3028 3049 3392 3105 aediﬁcatione
3437 3046 3699 3120 nequitia:

2101 3150 2388 3215 subversa,
2435 3147 2561 3203 fecit
2601 3147 2655 3202 in
2687 3144 2972 3200 animabus
3003 3142 3207 3199 nostris
3234 3141 3524 3210 justitiam,
3559 3139 3704 3195 veri-

400 3253 527 3293 cum
561 3238 771 3310 fenore,
822 3252 874 3298 ct
914 3243 1031 3301 ﬁeri
1062 3245 1359 3313 debitores,
1392 3264 1553 3319 quam
1585 3266 1695 3305 non
1723 3252 1993 3323 accipere,
2025 3229 2071 3293 (ἶ
2103 3252 2378 3313 memque
2399 3256 2651 3312 regnare-
2675 3237 2959 3309 QuomOdO
2992 3237 3156 3307 Ῐὲίιυτ
3179 3234 3351 3305 magis
3380 3233 3471 3288 illa
3502 3248 3701 3290 οο¹¹νθ⁴

399 3345 507 3388 nec
545 3332 767 3390 debere.
811 3336 1155 3394 Accusantur
1186 3341 1385 3411 quippe
1432 3342 1588 3410 tales,
1626 3343 1844 3401 dicente
1871 3361 1999 3417 pro-

398 3425 596 3496 pheta:
648 3427 773 3483 Non
809 3429 979 3485 debuit
1021 3433 1149 3487 mihi
1186 3435 1483 3507 quisquam.
1532 3436 1689 3505 Quod
1718 3438 1792 3493 ait
1831 3456 1843 3492 :
1877 3437 1999 3494 Heu

397 3518 552 3588 mihi,
575 3536 690 3576 mea
720 3531 900 3591 mater,
930 3540 1091 3595 quare
1112 3525 1277 3600 843
1320 3544 1401 3583 me
1430 3529 1657 3599 genuisti
1682 3531 1869 3598 virum,
1906 3534 1998 3604 qui

388 3612 604 3681 judicer
630 3624 678 3668 et
700 3615 965 3672 discernar
1006 3620 1145 3673 omni
1170 3629 1323 3675 terra:
1353 3620 1570 3691 (Jerem.
1605 3638 1697 3691 xv,
1735 3623 1856 3695 10)?
1887 3638 1994 3680 non

396 3706 481 3763 sic
503 3707 755 3765 existimo
793 3711 1091 3768 convenire
1125 3713 1248 3768 aliis
1287 3713 1568 3785 prOpbetis
1614 3725 1672 3771 ut
1712 3716 1992 3785 Jercmiat;

395 3801 558 3858 multi
593 3802 859 3874 siquidem
902 3806 1289 3879 prOpbelarum
1327 3818 1449 3879 post
1483 3809 1701 3882 aliquod
1735 3813 1992 3882 Spatium,

395 3894 579 3968 primo
608 3896 760 3964 mali,
787 3907 841 3955 et
860 3899 971 3968 jam
998 3910 1118 3970 post
1142 3910 1359 3971 peccata
1378 3904 1649 3973 conversi,
1668 3907 1995 3975 prOphetare

396 3998 683 4058 coeperunt
723 3989 1029 4048 :Jeremias
1058 3978 1190 4049 vero
1221 4009 1250 4048 a
1290 4009 1459 4065 puero
1475 3997 1707 4066 sumpsit
1732 3999 1997 4055 vaticina-

396 4081 565 4137 tionis
596 4084 898 4141 exordium.
951 4085 1022 4141 Et
1070 4086 1231 4159 hujus
1272 4089 1353 4145 rei
1393 4104 1682 4161 possumus
1716 4093 1784 4149 de
1810 4094 1993 4165 Scrip-

396 4174 538 4230 turis
567 4176 824 4247 accipere
855 4180 1249 4236 testimonium.
1276 4181 1445 4239 Isaias
1473 4200 1579 4241 non
1602 4186 1850 4242 audivit:
1884 4189 1993 4243 Au-

396 4279 608 4341 tequam
639 4279 687 4327 te
710 4272 1021 4344 plasmarem
1052 4276 1104 4329 in
1145 4286 1315 4345 utero,
1358 4280 1477 4335 novi
1512 4291 1582 4346 te,
1627 4290 1675 4337 et
1714 4292 1991 4352 antequam

394 4365 566 4421 θείνει
588 4366 653 4422 de
680 4368 855 4437 vulva,
884 4371 1204 4442 sanetiﬁcavi
1234 4382 1302 4438 te,
1332 4383 1381 4428 et
1402 4376 1707 4446 prophetam
1739 4378 1794 4432 in
1825 4381 1993 4450 genti-

396 4459 492 4513 bus
532 4461 684 4531 posui
711 4470 805 4518 te:
834 4478 1011 4534 neque
1059 4465 1136 4520 ait
1170 4482 1183 4520 :
1224 4465 1419 4521 Nescio
1440 4468 1600 4539 loqui,
1639 4472 1762 4539 quia
1783 4474 1991 4544 juvenis

395 4568 490 4625 ego
515 4570 659 4610 sum:
685 4555 804 4626 sed,
835 4557 1049 4614 visione
1070 4559 1175 4616 sibi
1203 4561 1461 4628 revelata,
1493 4561 1595 4618 ait:
1636 4562 1729 4619 Va:
1751 4564 1875 4619 mihi
1896 4567 1990 4621 mi-

391 4664 533 4715 sero,
573 4650 820 4717 quoniam
863 4662 1195 4725 compunctus
1230 4670 1364 4722 sum,
1394 4657 1517 4727 quia
1545 4658 1815 4711 immunda
1855 4657 1992 4714 labia
2014 4632 2070 4695 D

394 4741 587 4797 habens
625 4748 679 4798 in
719 4746 887 4801 medio
914 4747 1096 4819 pepuli
1125 4748 1392 4807 immunda
1442 4750 1580 4805 labia
1615 4750 1855 4806 habentis
1894 4768 1987 4825 ego

395 4835 596 4905 habito,
622 4846 671 4894 et
698 4856 868 4915 regem
896 4838 1178 4896 Dominum
1206 4840 1436 4898 Sabaoth
1457 4844 1741 4899 uidioculis
1768 4846 1913 4913 meis,
1942 4854 1987 4898 et

395 4931 612 4986 missum
647 4943 722 4989 est
748 4935 816 4988 ad
841 4951 923 4990 me
943 4951 1106 4990 unum
1133 4939 1196 4991 de
1224 4936 1527 5009 Seraphim,
1568 4946 1616 4993 et
1642 4939 1806 5009 tetigit
1850 4937 1987 4993 labia

397 5042 530 5095 mea,
562 5034 607 5081 et
637 5026 799 5085 dixit:
829 5028 964 5085 Ecce
999 5030 1187 5086 abstuli
1212 5031 1512 5102 iniquitates
1535 5042 1673 5103 tuas,
1706 5040 1754 5088 et
1780 5044 1988 5103 peccata

398 5125 487 5171 tua
532 5121 748 5192 purgaui
787 5119 949 5193 (Isai.
980 5139 1035 5191 v,
1069 5121 1149 5194 5).
1205 5132 1233 5162 α
1273 5123 1509 5182 Pristina
1554 5125 1718 5196 igitur
1766 5138 1987 5197 peccata

396 5221 621 5283 purgata
648 5223 793 5281 sunt,
822 5225 879 5273 et
898 5216 1094 5288 dignus
1122 5216 1351 5275 effectus
1368 5218 1576 5289 Spiritu
1603 5229 1791 5276 sancto
1820 5220 1987 5276 Isaias

396 5308 763 5378 prophetavit.
808 5311 884 5368 De
912 5310 1032 5368 aliis
1058 5328 1272 5384 quoque
1311 5313 1511 5370 similia
1562 5314 1610 5370 si
1640 5331 1871 5387 quaeras,
1902 5332 1990 5375 re-

394 5401 595 5471 peries.
616 5401 687 5458 At
706 5418 815 5459 non
841 5404 964 5462 talis
975 5404 1261 5476 Jeremias;
1287 5408 1355 5464 ab
1378 5408 1510 5479 ipsis
1532 5410 1677 5466 enim
1700 5412 1988 5477 cunabulis

395 5494 603 5564 Spiritu
625 5505 816 5553 sancto
844 5499 1039 5569 plenus
1064 5501 1394 5573 prophetare
1421 5518 1578 5561 orsus
1608 5513 1693 5561 est
1720 5522 1731 5559 :
1768 5515 1991 5576 propter

394 5588 541 5661 quod
564 5588 641 5647 ait
672 5590 993 5664 (secandum
1014 5609 1359 5655 communem
1384 5598 1582 5673 quippe
1630 5612 1853 5658 sensum
1872 5599 1988 5674 pri-

468 5796 495 5825 ιι
522 5787 649 5845 Mss.
674 5790 807 5874 Reg“.
842 5809 981 5865 quos
1002 5795 1187 5874 laudat
1225 5796 1476 5874 liuetius,
1504 5809 1618 5874 post
1643 5801 1864 5874 pristina
1885 5800 1986 5872 igi-

397 5857 484 5916 tur
514 5873 721 5927 peccata
748 5857 933 5937 dignus
956 5879 1030 5924 est
1058 5869 1268 5937 e/fectas
1301 5857 1750 5944 Sancto'Spiritu.

2101 3342 2258 3397 niunt
2283 3338 2503 3395 Christo
2540 3351 2703 3409 quam
2750 3335 3022 3399 Jeremiae,
3054 3332 3168 3397 sic,
3194 3330 3450 3394 arbitror,
3496 3334 3554 3383 ct
3596 3327 3700 3383 alia

2099 3435 2278 3508 plura,
2308 3444 2362 3490 et
2404 3434 2522 3489 haec
2546 3447 2667 3503 qua:
2690 3446 2833 3487 nunc
2874 3429 3130 3485 dicuntur
3148 3425 3216 3481 ad
3249 3424 3537 3480 Dominum
3569 3430 3695 3478 sunt

2098 3526 2408 3585 referenda.
2444 3526 2514 3581 Et
2551 3526 2731 3596 primo
2751 3521 2975 3594 quidem
3002 3518 3295 3575 videndum
3320 3525 3405 3573 est
3435 3531 3501 3572 an
3531 3516 3704 3587 possit

2098 3623 2152 3679 id
2178 3622 2323 3694 quod
2350 3623 2729 3693 incongruum,
2757 3628 2811 3674 et
2838 3616 3220 3688 blasphemum
3241 3614 3457 3671 videtur
3498 3626 3621 3669 esse
3650 3611 3695 3666 si

2097 3714 2365 3771 releratur
2384 3713 2451 3768 ad
2477 3711 2787 3777 Dominum,
2820 3708 2873 3764 id
2899 3718 3013 3765 est:
3040 3706 3161 3763 Heu
3189 3707 3338 3773 mihi,
3366 3712 3552 3769 mater,
3572 3702 3695 3759 Sal-

2097 3817 2251 3863 vator
2284 3816 2468 3863 noster
2493 3805 2676 3861 dicere
2701 3804 2970 3859 miserans
2993 3800 3154 3856 alios.
3184 3798 3266 3855 Ad
3283 3797 3428 3869 quod
3458 3797 3696 3867 proban-

2097 3902 2224 3959 dum
2256 3898 2562 3957 exhibenda
2584 3906 2712 3953 sunt
2743 3893 3077 3959 testimonia,
3102 3908 3221 3961 qua:
3246 3889 3533 3946 manifeste
3562 3888 3695 3944 nulli

2096 3997 2188 4053 alii
2210 4007 2333 4065 apta
2367 3994 2476 4051 sint
2497 3993 2603 4049 nisi
2626 3991 2891 4049 Salvatori
2924 4007 2936 4042 :
2967 3985 3241 4059 quomodo
3266 3984 3457 4039 videns
3477 3981 3697 4039 Jerusa-

2094 4093 2201 4149 lem
2233 4090 2445 4145 ﬂeverit
2470 4102 2637 4158 super
2663 4100 2805 4153 eam,
2832 4084 2955 4154 quia
2986 4082 3220 4137 dixerit:
3250 4077 3570 4145 Jerusalem,
3600 4075 3696 4133 Jeo

2094 4186 2343 4252 rusalem,
2387 4198 2500 4253 qua:
2530 4180 2723 4237 occidis
2748 4177 3050 4251 prophetas,
3083 4186 3129 4231 et
3161 4173 3363 4247 lapides
3391 4189 3481 4228 eos
3508 4173 3595 4243 qui
3626 4174 3694 4227 ad

2095 4289 2142 4335 te
2198 4278 2341 4333 missi
2394 4285 2532 4342 sunt,
2588 4275 2790 4346 quoties
2836 4269 2977 4327 volui
3030 4282 3349 4340 congregare
3389 4265 3527 4337 filios
3579 4273 3697 4321 tuos

2094 4373 2312 4448 (Matth.
2354 4386 2514 4437 χχιιι,
2543 4366 2657 4442 57),
2687 4376 2743 4424 et
2782 4367 3011 4437 reliqua.
3054 4362 3167 4420 Nec
3210 4377 3317 4418 non
3359 4370 3415 4416 et
3434 4360 3534 4415 illa
3572 4375 3697 4432 qua:

2094 4468 2382 4525 manifeste
2413 4482 2443 4522 a
2474 4465 2760 4522 Salvatore
2789 4464 3043 4520 dicuntur
3083 4480 3095 4516 :
3129 4460 3249 4516 Heu
3266 4460 3415 4529 mihi,
3448 4460 3694 4530 quoniam

2094 4567 2264 4634 factus
2290 4578 2405 4616 sum
2426 4560 2560 4614 sicut
2589 4559 2677 4628 qui
2705 4556 2915 4630 collegit
2944 4553 3192 4627 stipulam
3220 4554 3275 4608 in
3307 4568 3490 4621 messe,
3516 4561 3569 4607 et
3595 4552 3696 4606 sic-

2096 4668 2153 4713 ut
2193 4672 2427 4711 racemos
2474 4656 2529 4707 in
2570 4651 2844 4717 vindemia,
2894 4666 3010 4704 cum
3039 4665 3142 4703 non
3171 4649 3392 4720 supersit
3423 4647 3599 4704 botrus
3625 4647 3693 4701 ad

2094 4754 2521 4810 manducandunt
2553 4766 2663 4806 uva:
2693 4750 2972 4820 primitiva.
3017 4748 3135 4804 Heu
3166 4740 3315 4817 mihi,
3350 4748 3545 4819 anima,
3575 4746 3699 4819 quia

2093 4850 2245 4923 periit
2283 4863 2514 4905 reverens
2560 4863 2591 4901 a
2636 4854 2795 4911 terra,
2843 4853 2891 4899 et
2918 4843 3004 4913 qui
3033 4842 3258 4915 corrigat
3306 4843 3440 4897 inter
3466 4839 3700 4895 homines

2093 4959 2195 4998 non
2221 4950 2317 4997 est.
2354 4938 2542 4997 Omnes
2578 4938 2633 4992 in
2659 4936 2912 5010 sanguine
2932 4936 3245 5008 judicantur
3273 4933 3462 5005 (Mich.
3485 4948 3581 4999 vn,
3618 4930 3697 5002 I).

2095 5038 2257 5094 Venit
2298 5036 2444 5093 enim
2486 5042 2545 5090 ut
2571 5040 2806 5089 meteret
2851 5030 3085 5097 fructus,
3123 5038 3180 5085 et
3222 5028 3378 5101 quasi
3406 5025 3603 5098 stipula
3642 5023 3698 5080 in

2097 5140 2280 5203 segete
2322 5136 2541 5201 reperta
2598 5135 2822 5197 propter
2876 5125 3140 5196 plurimos
3183 5129 3521 5193 peccatores,
3575 5118 3696 5173 ait:

2097 5227 2219 5283 Heu
2237 5227 2385 5293 mihi,
2399 5224 2644 5294 quoniam
2663 5223 2831 5294 [actus
2854 5238 2969 5277 sum
2984 5221 3214 5292 sicutqui
3234 5216 3431 5289 colligit
3452 5214 3699 5287 stipulam

2095 5323 2151 5376 in
2177 5337 2357 5376 messe.
2380 5318 2545 5376 Venit
2568 5317 2904 5374 vindemiare
2932 5317 3123 5373 botros
3146 5328 3266 5368 uva:
3284 5312 3339 5366 in
3360 5308 3692 5374 hominibus,

2096 5422 2152 5473 et
2176 5414 2232 5470 in
2261 5428 2444 5470 messe
2462 5411 2766 5468 sceleribus
2793 5409 3055 5474 inventis,
3083 5405 3255 5461 dicit:
3290 5402 3361 5457 Et
3395 5403 3528 5458 sicut
3549 5416 3696 5455 race-

2097 5522 2206 5561 mos
2233 5507 2288 5560 iu
2318 5504 2595 5569 vindemia,
2625 5519 2743 5558 cum
2757 5518 2859 5558 non
2880 5498 3102 5570 supersit
3125 5496 3301 5552 botrus
3323 5510 3433 5551 uva:
3453 5493 3522 5547 ad
3546 5508 3696 5550 man-

2097 5598 2396 5657 ducandum
2425 5598 2709 5675 primitiva.
2751 5595 2811 5655 In
2836 5594 2944 5651 alio
2969 5605 3188 5667 quoque
3221 5589 3344 5648 loco
3374 5586 3575 5646 similia
3606 5587 3692 5643 his

2165 5799 2194 5839 ι)
2224 5799 2375 5857 Unus
2411 5799 2552 5871 apud
2582 5797 2829 5855 eumdem
2860 5796 3119 5871 Hnetium
3142 5794 3281 5871 Reg.
3316 5808 3419 5854 ms.
3447 5791 3699 5870 Prophe-

2096 5879 2197 5939 tas,
2228 5870 2328 5927 Dei
2348 5869 2677 5943 sapientiam,
2700 5886 2792 5926 nec
2816 5869 2945 5939 alia,
2970 5879 3079 5927 etc.
