4128 6346
403 271 506 326 667

1679 269 1736 328 8.
1783 271 2056 340 EUSEBII
2093 269 2476 334 HIERONYHI

3605 277 3712 336 668

395 387 460 440 ad
493 385 708 444 Patrem
737 389 984 460 laqnitur
1013 389 1200 444 dicen
1237 405 1248 442 :
1287 387 1416 456 Qua:
1441 387 1648 444 utilitas
1677 389 1726 444 in
1755 388 2004 460 sanguine
2031 391 2078 454 Α
2107 387 2468 458 religionem?
2493 387 2614 458 quis
2645 387 2950 448 Gentilium
2997 391 3192 448 saltem
3241 393 3560 450 transitorie
3607 411 3714 450 non

391 497 522 552 niteo,
553 486 678 538 dum
703 485 960 540 descendo
991 487 1046 540 in
1091 485 1516 552 corruptionem?
1543 485 1682 554 Quid
1717 493 2004 554 tantopere

399 577 714 634 nominibus
759 577 959 649 profui,
993 579 1082 648 qui
1117 593 1216 632 nec
1251 577 1304 632 in
1347 577 1610 648 Sanguine
1655 591 1800 644 meo,
1833 591 1995 646 quem

397 671 508 726 fudi
561 687 658 742 pro
697 687 886 728 eorum
935 671 1150 738 salute,
1201 669 1580 742 profecerunt?
1631 685 1750 740 quae
1799 669 2004 726 utilitas

395 761 560 838 845
613 763 666 818 in
719 765 986 836 sanguine
1047 779 1190 832 meo,
1247 761 1378 818 dum
1429 761 1704 818 descendo
1731 761 1800 818 de
1823 761 2006 828 caelis,

395 855 524 912 dum
577 855 740 910 venio
797 855 848 912 in
899 865 1144 922 terram,
1203 855 1332 910 dum
1381 853 1730 912 crnituuteliis
1783 853 2008 908 :ili'ector

395 947 580 1022 [Forte
607 947 870 1022 afﬁcior],
903 949 1028 1004 dum
1071 957 1228 1020 porto
1263 963 1462 1018 corpus
1511 945 1842 1002 immanem?
1879 945 2006 1016 quid

399 1043 482 1096 his
509 1043 764 1098 omnibus
789 1043 1012 1112 dignum
1045 1045 1186 1098 inter
1211 1043 1462 1098 homines
1491 1049 1864 1114 perpetratum
1885 1039 2010 1096 est?

403 1135 531 1202 Qua:
559 1139 757 1192 utilitas
779 1139 832 1192 in
857 1139 1110 1210 sanguine
1135 1155 1266 1198 meo.
1293 1139 1416 1192 dum
1443 1135 1698 1190 descendo
1721 1137 1776 1190 in
1797 1151 2012 1206 corrup-

399 1229 628 1284 tionem?
659 1227 926 1302 Numquitl
963 1229 1290 1300 confitebitur
1317 1229 1406 1284 tibi
1445 1226 1636 1302 pulvis,
1671 1237 1758 1280 aut
1805 1243 2012 1280 annun-

401 1321 546 1378 tiabit
579 1323 842 1378 veritatem
873 1325 1050 1378 luant?
1079 1323 1210 1378 Tale
1241 1337 1374 1394 ergo
1399 1331 1482 1376 est
1511 1323 1652 1390 quod
1685 1323 1738 1378 in
1771 1321 2010 1376 Jeremia

401 1415 604 1472 dicitur
631 1431 649 1470 :
681 1415 796 1472 Heu
827 1415 976 1484 mihi,
1011 1429 1174 1472 ntater
1203 1433 1340 1484 mea,
1371 1433 1534 1488 quare
1561 1432 1640 1472 me
1671 1416 1894 1488 genuisti
1937 1417 2012 1470 ri-

401 1511 556 1564 runt?
587 1509 702 1564 Non
727 1511 880 1580 juxta
913 1511 1056 1582 quod
1093 1513 1232 1566 Deus
1261 1511 1514 1566 Salvator
1539 1523 1644 1582 est,
1677 1511 1812 1566 dicit
1847 1529 1862 1566 :
1897 1511 2042 1566 lleu‘

405 1603 568 1670 mihi,
621 1615 806 1672 mater,
859 1605 954 1660 sed
996 1605 1146 1676 juxta
1191 1605 1242 1660 id
1287 1605 1430 1676 quod
1461 1609 1624 1660 homo
1655 1613 1758 1670 est,
1787 1605 1932 1660 sicut
1965 1605 2016 1660 in

405 1697 514 1754 alio
545 1697 808 1768 proliheta
839 1715 852 1752 :
885 1697 1005 1754 Heu
1047 1699 1198 1768 mihi,
1245 1699 1442 1770 inquit,
1491 1699 1668 1754 anima
1695 1715 1812 1754 mea
1835 1739 1852 1767 ,
1895 1699 2018 1770 quia

2105 483 2312 538 excutit
2347 481 2502 538 eam?
2531 483 2654 554 quis
2683 481 3002 540 Judazorum
3029 499 3137 540 non
3171 485 3237 540 de
3267 485 3598 542 Christianis
3637 487 3720 542 lo-

2105 575 2328 646 quitur?
2377 575 2498 646 quis
2553 575 2620 632 de
2674 577 3052 648 philosophis?
3113 579 3236 650 quis
3293 580 3362 636 de
3411 579 3720 652 imperitis?

2111 677 2134 706 ο
2161 667 2372 740 Ubique
2419 667 2678 728 Christus
2719 673 3116 730 condemnatur
3149 683 3314 744 atque
3347 675 3714 748 discernitur:

2107 761 2252 818 etab
2279 763 2400 818 aliis
2441 763 2660 834 quidem
2709 765 3126 834 condemnatur,
3157 767 3228 822 ab
3271 767 3394 824 aliis
3439 785 3544 824 non
3587 783 3720 826 con-

2110 855 2416 912 demnatur.
2470 857 2532 914 Si
2577 869 2760 916 autem
2813 875 2918 916 neu
2973 861 3396 930 condemnatur,
3449 861 3722 932 excipitur

2111 947 2220 1022 [AL
2253 951 2620 1024 excipietur],
2665 953 2846 1024 aperis
2893 953 3002 1026 [ΑΙ.
3053 953 3292 1026 aperias]
3339 957 3388 1012 ei
3436 957 3638 1012 ostium
3669 965 3724 1014 et

2113 1045 2414 1116 ingreditur
2445 1043 2554 1118 ῑΑι.
2595 1047 2960 1120 ingredietur]
2999 1047 3066 1102 ad
3113 1057 3196 1114 te;
3243 1047 3424 1104 credis
3473 1049 3526 1104 in
3567 1065 3716 1116 eum,

2115 1137 2352 1192 vescitur
2385 1147 2582 1194 tecum.
2617 1139 2672 1196 Si
2733 1155 2862 1196 vero
2893 1139 2962 1194 de
2993 1141 3258 1212 religione
3293 1141 3524 1198 audiens
3565 1139 3724 1196 Chri-

2113 1233 2284 1288 stiana
2315 1249 2422 1290 non
2459 1237 2768 1306 susceperis
2799 1233 2906 1308 [ΑΙ.
2939 1237 3200 1308 carperis]
3223 1251 3376 1304 eam,
3409 1236 3544 1292 nihil
3573 1236 3724 1292 aliud

2117 1326 2248 1382 facis
2269 1327 2378 1402 [AL
2405 1327 2586 1402 facies]
2621 1345 2778 1402 quam
2803 1331 3140 1388 condemnas
3169 1329 3280 1404 [Αἰ.
3309 1331 3724 1406 condemnabis]

2115 1419 2326 1488 lesum,
2351 1433 2408 1476 ut
2437 1421 2782 1492 mendacem,
2815 1433 2870 1478 ut
2895 1423 3242 1480 seductorem
3281 1421 3624 1495 fhominum,
3661 1435 3722 1482 ut

2121 1521 2174 1576 in
2205 1533 2450 1574 errorem
2495 1517 2758 1572 mundum
2789 1517 3194 1574 detrahentem.
3247 1519 3412 1584 Quasi
3459 1537 3608 1590 quem
3649 1535 3728 1574 me

2121 1613 2346 1686 genuisti
2387 1611 2584 1678 virum,
2623 1611 2714 1682 qui
2745 1611 2958 1684 judicer
2987 1619 3036 1664 et
3075 1611 3343 1666 discernar
3377 1611 3518 1664 omni
3549 1621 3724 1666 terrm.

2121 1705 2466 1776 Quicumque
2489 1703 2702 1776 penitus
2731 1703 2780 1758 ei
2813 1717 2922 1758 nou
2955 1703 3208 1768 credunt,
3241 1703 3616 1760 condemnant
3657 1703 3726 1760 il-

405 1808 640 1848 reverens
679 1793 834 1866 periit
875 1811 908 1848 a
953 1803 1114 1850 terra.
1165 1796 1360 1850 Anima
1413 1803 1594 1850 autem
1641 1793 1876 1850 hominis
1931 1805 2012 1850 est
2051 1791 2090 1850 Β
2123 1797 2256 1852 lunt.
2289 1797 2390 1866 Qui
2423 1809 2602 1852 autem
2633 1795 2892 1860 credunt,
2925 1803 2980 1850 et
3009 1795 3190 1850 adhuc
3233 1795 3548 1864 ambigunt,
3577 1793 3724 1866 diju-

405 1901 528 1956 qute
549 1889 927 1958 conturbatur,
955 1899 1008 1942 et
1037 1889 1210 1944 tristis
1231 1899 1314 1944 est
1343 1903 1512 1960 usque
1537 1889 1604 1944 ad
1630 1897 1884 1958 mortem,
1911 1903 2016 1944 non

411 1976 650 2034 Verbum
699 1981 842 2050 quod
893 1991 1012 2036 erat
1055 1999 1084 2036 a
1139 1983 1403 2052 principio
1445 1983 1584 2052 apud
1631 1983 1832 2046 Deum,
1875 1983 2018 2056 quod

411 2091 702 2146 numquam
719 2087 938 2144 niteret,
965 2093 1258 2148 numquam
1283 2077 1556 2132 turbatum
1587 2087 1692 2142 est,
1723 2092 2016 2144 numquam

409 2169 546 2224 dixit
575 2187 588 2222 :
619 2167 742 2224 Heu
773 2169 900 2224 mihi
931 2185 950 2224 :
989 2185 1170 2242 neque
1211 2170 1360 2226 enim
1391 2169 1630 2226 Verbum
1663 2169 1770 2242 |Al.
1803 2167 2020 2240 Sermo]

409 2261 648 2318 sustinet
671 2271 930 2330 mortem,
957 2263 1052 2318 sed
1081 2263 1244 2318 homo
1267 2265 1356 2334 qui
1385 2265 1518 2318 istos
1541 2265 1748 2334 patitur
1769 2261 2020 2332 allectus,

412 2361 474 2408 ut
509 2367 656 2424 srepe
699 2357 1056 2424 exposuimus
1097 2373 1110 2410 :
1147 2357 1322 2422 Quare
1347 2373 1424 2410 me
1451 2357 1678 2430 genuisti
1705 2359 1896 2424 virum,
1933 2355 2022 2428 qui

403 2447 644 2518 judicer,
673 2457 722 2504 et
759 2449 1028 2504 discernar
1071 2451 1214 2504 onmi
1243 2453 1434 2506 terrae?
1473 2449 1662 2520 (Mich.
1713 2465 1806 2516 \‘tt,
1837 2449 1918 2524 2.)
1961 2449 2020 2506 Si

413 2539 732 2596 consideres
765 2549 790 2578 α
823 2541 1028 2612 ubique
1065 2555 1332 2616 tmrtyres
1375 2543 1770 2598 eoudmuuatos
1793 2585 1808 2610 ,
1855 2553 1912 2598 et
1955 2543 2024 2600 de

415 2633 648 2706 singulis
675 2633 939 2692 Ecclesiis
965 2635 1236 2692 exhibitas
1265 2635 1332 2690 ad
1363 2635 1621 2704 tribunal,
1649 2635 1862 2692 videbis
1889 2651 2024 2708 quo-

417 2725 582 2782 modo
611 2741 708 2796 per
733 2727 982 2800 singulos
1011 2739 1278 2800 martyres
1301 2727 1460 2784 Jesus
1489 2729 1742 2786 Christus
1763 2731 2020 2786 condem-

415 2831 596 2876 netur.
629 2819 750 2892 Ipse
781 2823 926 2878 enim
969 2832 1054 2878 est
1081 2823 1172 2894 qui
1207 2823 1258 2878 in
1309 2823 1724 2896 perhibentibus
1753 2823 1781 2864 ι)
1807 2827 2022 2884 veritati

421 2913 790 2970 testimonium
831 2917 1106 2984 judicatur
1159 2933 1172 2972 :
1221 2925 1278 2974 et
1323 2919 1422 2972 hoc
1473 2917 1704 2974 ﬁdeliter
1729 2920 2020 2992 suscipics,

417 3005 525 3080 [AL
559 3009 908 3082 susiiicieos],
931 3011 1188 3082 quianon
1221 3019 1271 3068 te
1299 3011 1502 3068 dixerit
1527 3029 1652 3070 esse
1681 3013 1734 3068 in
1765 3031 2020 3084 carcere,

419 3115 540 3156 cum
577 3101 744 3158 fueris
769 3103 822 3158 in
853 3119 1072 3162 carcere
1099 3123 1112 3162 :
1145 3121 1250 3160 non
1281 3115 1332 3162 te
1363 3107 1594 3174 esurire,
1642 3123 1764 3162 cum
1809 3107 2022 3164 esurie-

2122 1893 2308 1948 diCJlll
2331 1891 2506 1946 illum.
2535 1891 2654 1946 Duo
2685 1890 2844 1962 igitur
2869 1889 3012 1962 apud
3043 1889 3297 1946 homines
3321 1889 3574 1946 Christus
3605 1903 3732 1960 per-

2125 1987 2326 2060 petitur
2359 2003 2370 2042 :
2403 1987 2470 2040 ab
2503 1985 2798 2042 incredulis
2843 1985 3260 2052 condemnatur,
3307 1985 3376 2038 ab
3405 1983 3734 2054 ambigenti-

2125 2081 2226 2136 bns
2251 2080 2598 2134 discernitur.
2637 2079 2692 2134 Si
2735 2087 2918 2148 portas
2943 2077 3230 2148 imaginem
3263 2075 3528 2142 emlestis,
3563 2075 3734 2146 depo-

2123 2175 2226 2230 sita
2267 2173 2506 2244 imagine
2537 2171 2738 2228 terreni
2779 2187 2886 2228 non
2915 2187 2974 2226 es
3005 2179 3150 2226 terra
3183 2169 3556 2225 condemnans
3581 2183 3728 2238 cum,

2127 2285 2300 2340 neque
2341 2279 2366 2314 κ
2409 2277 2550 2324 terra
2601 2267 2652 2322 in
2706 2281 2812 2338 qua
2859 2263 3138 2336 judicatur
3185 2271 3350 2334 atque
3403 2261 3734 2318 discernitur

2125 2361 2168 2434 (I
2211 2359 2338 2416 Cor.
2375 2377 2466 2430 xv,
2499 2357 2592 2430 49)
2630 2377 2644 2414 :
2683 2357 2856 2414 Virtus
2883 2373 2998 2410 mea
3023 2355 3210 2428 defecit
3241 2357 3294 2410 in
3325 2353 3430 2418 his,
3455 2355 3542 2422 qui
3573 2351 3734 2406 male-

2125 2455 2300 2508 dicunt
2331 2453 2458 2506 mihi
2485 2451 2616 2524 (Jer.
2645 2467 2732 2514 xv,
2775 2451 2882 2520 10).
2917 2447 3214 2520 Apostolus
3243 2445 3486 2516 loquitur
3519 2447 3588 2500 de
3613 2445 3736 2502 Sai-

2127 2557 2316 2604 vatore
2341 2557 2554 2612 nostro,
2585 2547 2710 2618 quia
2741 2545 3034 2600 crucifixus
3063 2559 3132 2598 ex
3165 2543 3480 2596 inﬁrmitate
3511 2541 3596 2596 sit.
3631 2539 3738 2596 Cui

2127 2639 2418 2714 prephetes
2445 2639 2642 2694 similia
2673 2647 2902 2694 testatur
2927 2637 3114 2692 dicens
3151 2653 3165 2692 :
3205 2635 3448 2702 Domine,
3487 2635 3600 2706 quis
3623 2649 3734 2688 cre-

2127 2735 2258 2788 didit
2289 2733 2494 2788 anditui
2527 2741 2728 2798 nostra,
2761 2743 2808 2786 et
2841 2731 3108 2786 brachium
3139 2739 3308 2796 tuum,
3341 2729 3426 2784 cui
3455 2731 3736 2782 revelatum

2125 2841 2196 2882 est
2221 2831 2244 2884 ζ)
2281 2827 2692 2882 Annuntiabitur
2721 2841 2894 2880 eorum
2937 2841 2996 2880 eo
3037 2825 3168 2878 sicut
3197 2824 3390 2896 infans,
3421 2823 3554 2878 sicut
3581 2819 3736 2876 radix

2127 2924 2179 2978 in
2211 2931 2348 2978 terra
2379 2921 2594 2976 sitienti.
2627 2919 2748 2974 Non
2783 2927 2854 2974 est
2883 2917 3076 2988 species
3103 2917 3150 2970 ci
3173 2933 3336 2986 neque
3361 2913 3566 2990 gloria;
3595 2913 3734 2968 ridi-

2129 3033 2240 3070 mus
2271 3031 2382 3070 eum
2415 3023 2459 3068 et
2493 3031 2593 3068 non
2637 3011 2854 3068 habebat
2897 3011 3118 3084 speciem
3167 3027 3333 3082 neque
3375 3009 3620 3080 formam,
3643 3007 3736 3064 sed

2123 3109 2318 3178 species
2347 3109 2458 3180 ejus
2501 3107 2814 3160 inhonorata
2855 3115 2902 3158 ct
2933 3103 3178 3174 deﬁciens
3211 3103 3350 3158 circa
3389 3101 3528 3170 ﬁlios
3563 3099 3736 3154 licini-

421 3195 494 3248 ris
529 3213 542 3250 ;
579 3205 600 3234 ε
631 3211 752 3250 cmn
795 3197 1018 3264 sitieris,
1051 3213 1158 3254 non
1201 3207 1252 3254 te
1301 3199 1486 3264 sitire,
1517 3201 1614 3256 sed
1645 3201 2020 3272 semetipsum.
2055 3193 2098 3254 C
2131 3219 2274 3256 num.
2307 3199 2481 3254 Homo
2523 3201 2572 3252 in
2601 3197 2758 3272 plaga
2783 3207 2830 3252 tt
2863 3195 3063 3264 dolore,
3093 3197 3258 3250 sciens
3281 3195 3415 3266 ferre
3447 3191 3734 3262 inﬁrmita-

421 3285 484 3342 In
509 3305 734 3358 carcere,
763 3291 954 3360 inquit.
979 3292 1056 3364 fui
1086 3303 1134 3348 et
1161 3293 1372 3348 venistis
1393 3293 1462 3348 ad
1487 3309 1564 3348 me
1595 3311 1613 3348 .·
1643 3295 1830 3350 esuriui
1860 3305 1906 3350 et
1933 3295 2024 3350 de-

415 3379 560 3436 distis
593 3381 718 3438 mihi
745 3385 1062 3440 manducare
1105 3401 1124 3442 .'
1161 3385 1300 3440 sitivi
1345 3397 1390 3440 et
1438 3387 1656 3460 putastis
1689 3403 1767 3442 me
1799 3385 2016 3458 (Matth.

415 3493 540 3544 xxv,
569 3477 684 3548 56).
721 3480 906 3548 Itaque
947 3481 992 3534 si
1035 3481 1428 3536 condemnatur
1455 3481 1618 3536 etiam
1651 3479 2020 3548 Christianus,

411 3583 518 3624 non
549 3585 648 3640 pro
693 3571 798 3628 alia
859 3581 1038 3628 tamen
1083 3589 1174 3640 re,
1217 3591 1396 3646 neque
1427 3591 1524 3646 pro
1559 3577 1858 3634 sceleribus
1879 3577 2016 3642 suis,

417 3663 510 3720 sed
555 3679 654 3734 pro
683 3663 790 3720 hoc
833 3673 1040 3720 tantum
1073 3667 1216 3736 quod
1247 3667 1588 3724 Cluistianus
1615 3677 1720 3734 cst,
1769 3667 2020 3724 Christus

415 3767 500 3812 est
528 3759 620 3830 qui
665 3759 1082 3830 condemnatur,
1131 3775 1196 3816 ex
1227 3775 1336 3832 quo
1365 3761 1624 3830 efﬁcitur,
1673 3769 1734 3816 ut
1773 3763 1830 3818 in
1871 3763 2020 3818 omni

417 3859 558 3906 terra
581 3851 976 3908 condemnetur
993 3853 1174 3920 Jesus,
1195 3855 1640 3930 quotiescumque
1663 3855 1708 3910 is
1727 3853 2018 3924 addicitur,

417 3943 506 4012 qui
539 3959 636 4014 pro
665 3961 730 4000 eo
759 3945 1176 4002 condemnatur.
1209 3945 1326 4002 Non
1355 3947 1532 4008 solum
1561 3957 1740 4002 autem
1769 3947 1908 4018 apud
1937 3949 2024 4018 ju-

419 4037 568 4092 dires
599 4039 784 4096 surculi
829 4051 882 4096 et
915 4041 1262 4096 tribunalium
1307 4051 1608 4112 potestates
1647 4041 1892 4098 Christus
1921 4043 2020 4098 ad-

417 4129 636 4202 dicitur,
663 4133 758 4204 sed
797 4134 964 4189 etiam
997 4135 1044 4189 si
1075 4135 1404 4190 calumniam
1447 4133 1786 4192 Christianus
1817 4135 1886 4190 ab
1917 4133 2020 4192 ali-

417 4243 524 4300 quo
555 4229 788 4299 patiatur
815 4227 924 4302 [Αι.
959 4231 1162 4300 patitur
1187 4239 1235 4286 et
1277 4227 1648 4306 provocatur],
1677 4239 1734 4286 et
1759 4245 2019 4302 provoce-

419 4329 504 4376 tur
529 4321 594 4378 atl
627 4323 798 4388 litem,
837 4335 962 4378 tunc
998 4339 1213 4394 quoque
1235 4319 1262 4362 ἀ
1289 4321 1538 4378 Christus
1565 4323 1898 4392 dijudicatur
1935 4323 2022 4378 in-

413 4415 588 4488 juste:
617 4416 780 4484 Quasi
799 4435 948 4488 quem
969 4433 1049 4473 me
1067 4419 1288 4490 genuisti
1303 4417 1653 4492 sﬁsrirum
1671 4459 1686 4488 ,
1711 4419 1800 4490 qui
1811 4417 2022 4492 judicer

417 4519 464 4564 et
491 4509 762 4564 discernar
791 4513 934 4566 omni
959 4521 1124 4566 terrm.
1147 4511 1444 4566 Possumus
1459 4519 1518 4566 et
1539 4511 2020 4584 aliterintelligere

421 4601 696 4672 quomodo
724 4601 884 4660 Jesus
909 4605 1322 4674 condemnetur,
1353 4615 1408 4662 et
1431 4605 1762 4674 dijudiretur
1791 4607 1841 4662 in
1873 4609 2018 4664 omni

423 4705 586 4752 terra.
617 4695 754 4764 Quis
784 4697 1152 4770 improborum
1179 4717 1284 4756 non
1307 4699 1634 4756 condemnat
1655 4697 2022 4758 Christianam

495 4913 522 4944 ι
565 4903 768 4958 Vitiose
799 4901 1084 4972 legebatur
1115 4913 1302 4970 antea,
1347 4903 1556 4970 utique,
1587 4901 1736 4972 quod
1767 4901 2022 4958 Rabanus

421 4975 692 5044 castigat,
733 4975 940 5044 ubique,
975 4977 1297 5046 concito-nte
1327 4975 1516 5030 Grn-co
1549 4985 1692 5028 textu
1725 4981 2020 5046 πανταχοῦ.

425 5047 548 5102 Mox
581 5061 798 5118 quoque
821 5047 1010 5102 deerat
1039 5061 1234 5118 nomen
1259 5045 1516 5100 Christus.

493 5119 518 5158 ι’
563 5117 662 5174 Hic
691 5117 910 5186 quoque
937 5135 1004 5172 ex
1035 5117 1260 5172 Rabaoo
1291 5117 1654 5180 restituimus,
1679 5117 1904 5184 ueritati,
1933 5131 2028 5172 co-

419 5201 582 5262 gente
609 5189 802 5248 Gratco
831 5191 952 5266 ipso
983 5191 1314 5266 archetypo,
1421 5191 1646 5266 ὰᾏηθιίᾳ.
1677 5205 1776 5260 pro
1797 5204 1908 5260 quo
1929 5205 2026 5244 an-

421 5261 504 5318 tea
539 5265 782 5334 legerunt
811 5263 1016 5332 vulgati
1053 5261 1187 5316 libri
1209 5261 1492 5334 divinitati.

497 5345 518 5374 ο
567 5329 762 5398 Verba,
803 5329 931 5387 cuni
959 5335 1168 5400 sitieris,
1210 5349 1332 5404 qum
1361 5329 1928 5404 deerantlsulfeeimus
1959 5345 2026 5386 ex

421 5407 666 5476 “abono,
697 5405 964 5476 probante
993 5403 1241 5476 Origene
1265 5405 1318 5460 in
1345 5403 1556 5476 Graeco.
1587 5403 1706 5460 ὅταν
1729 5405 1796 5476 σὺ
1821 5407 2022 5473 nstrae.

493 5475 518 5516 ἀ
561 5477 669 5534 Pro
711 5475 980 5542 Christus,
1015 5475 1156 5532 male
1185 5475 1550 5548 pt'mlet'ebant
1577 5475 1816 5548 _vulgati,
1845 5483 1904 5528 ut
1929 5489 2028 5548 att-

421 5549 660 5606 tithesiut
685 5543 1212 5620 quptaruntJustns':
1231 5561 1468 5620 estvet-n
1492 5547 1542 5602 iu
1567 5543 1759 5620 Gricco
1779 5545 2024 5620 Χριστρς,

421 5629 476 5676 et
508 5635 676 5690 penes
699 5617 1015 5692 Baliarium,
1041 5631 1098 5674 ut
1128 5619 1495 5692 reposuimus;
1521 5617 1800 5688 seriesque
1824 5617 2026 5672 oratio-

425 5693 510 5748 nis
545 5691 800 5760 postulat,
833 5691 1090 5746 Christus.
1127 5747 1132 5754 ,

495 5757 796 5828 citet-um,
817 5764 1004 5832 ubique
1027 5779 1094 5818 ex
1129 5761 1334 5816 [tithoni
1383 5761 1656 5832 lectione,
1705 5769 1762 5816 et
1809 5757 2024 5832 Graeco,

415 5841 722 5905 πανταχοῦ,
755 5831 1136 5906 rescripsimus
1165 5849 1262 5906 pro
1297 5833 1488 5906 utique.
1521 5831 1714 5906 Liquet
1741 5831 2032 5890 enimvero

2127 3307 2226 3352 tem
2251 3337 2266 3362 ,
2313 3295 2436 3364 quia
2483 3307 2662 3346 arm-sa
2698 3301 2772 3346 est
2805 3291 2962 3362 {acies
2993 3289 3136 3360 ejus,
3189 3287 3510 3358 depretiatus
3539 3295 3612 3340 est
3643 3301 3736 3340 nec

2125 3395 2470 3462 computatus.
2507 3383 2610 3440 Hic
2641 3395 2848 3456 peccata
2885 3393 3062 3438 nostra
3101 3385 3232 3454 fert,
3264 3389 3310 3434 et
3339 3397 3434 3452 pro
3463 3377 3610 3434 nobis
3638 3377 3735 3432 do-

2123 3485 2224 3550 let;
2257 3493 2306 3536 et
2337 3497 2430 3536 nos
2457 3479 2864 3534 existimarimus
2895 3479 2946 3532 in
2993 3477 3258 3530 doloribus
3287 3491 3402 3530 eum
3433 3491 3561 3542 esse,
3601 3481 3650 3528 et
3679 3473 3736 3528 in

2121 3577 2276 3648 plaga
2305 3585 2354 3630 et
2383 3575 2434 3628 in
2465 3573 2754 3628 vexatione.
2791 3569 2910 3644 Ipse
2953 3579 3122 3626 autem
3173 3571 3476 3622 rulneratus
3509 3575 3556 3622 et
3579 3567 3736 3638 inﬁr-

2125 3681 2294 3724 matus
2327 3679 2398 3722 est
2425 3679 2638 3740 propter
2683 3667 2974 3734 ini,uitates
3027 3673 3250 3744 nostri}
3295 3661 3548 3716 Doctrina
3591 3661 3736 3732 pacis

2127 3773 2314 3818 nostra:
2337 3777 2490 3830 super
2511 3777 2628 3814 eum
2653 3777 2670 3814 :
2699 3761 2860 3814 livore
2889 3759 3004 3830 ejus
3031 3757 3206 3814 sanati
3229 3773 3406 3812 sumus
3435 3755 3588 3828 (lsai.
3615 3768 3732 3820 Lttt,

2129 3853 2152 3908 i
2187 3855 2372 3926 seqq.).
2421 3853 2590 3924 Igitur
2615 3851 2780 3924 847
2823 3851 3064 3920 suscepit
3103 3849 3452 3904 inﬁrmitates
3485 3855 3738 3916 peccato-

2127 3965 2244 4004 rum
2285 3957 2598 4002 nustrorum
2625 3987 2640 4012 ,
2675 3955 2730 4000 et
2775 3943 3010 4016 portavit
3037 3941 3064 3978 ιι
3103 3957 3202 3996 nos
3225 3985 3239 4008 ,
3273 3949 3329 3996 et
3355 3941 3508 3998 venit
3539 3937 3606 3994 ad
3637 3949 3736 3994 eos

2125 4041 2214 4112 qui
2249 4039 2655 4094 maledicebztnt
2697 4035 2822 4102 sibi,
2859 4047 2908 4092 ct
2942 4035 3112 4092 virtus
3147 4035 3264 4106 ejus
3303 4033 3504 4090 defecit
3543 4033 3610 4086 ab
3653 4031 3736 4088 eis

2125 4137 2216 4208 qui
2251 4135 2648 4192 maledicebnnt
2675 4149 2706 4190 e
2735 4131 3050 4188 ccclestiltns
3075 4129 3522 4188 descenth-ntem.
3559 4125 3736 4182 Simul

2125 4231 2270 4288 enim
2299 4241 2354 4288 et
2375 4229 2824 4300 assumpsitservi
2841 4223 3070 4284 formant
3089 4241 3104 4292 ;
3124 4225 3368 4282 Verbum
3383 4239 3442 4278 ca
3455 4239 3514 4278 ro
3533 4219 3738 4276 factum

2127 4325 2426 4382 cxinanivit
2445 4339 2522 4390 se,
2545 4321 2768 4400 etjuxta
2795 4323 2832 4374 Α
2845 4319 3116 4392 postolutu
3137 4317 3446 4372 dit-cutem:
3483 4311 3738 4368 Exinaui-

2131 4421 2200 4476 vit
2218 4419 2442 4490 seipsum
2459 4421 2680 4490 formam
2702 4415 2832 4468 servi
2848 4413 3108 4486 accipiens
3131 4407 3358 4482 (Philip.
3393 4422 3452 4466 tt.
3475 4405 3554 4476 7),
3591 4417 3736 4460 nunc

2129 4529 2342 4586 quoque
2383 4509 2619 4582 loquitur
2645 4527 2658 4562 :
2697 4505 2874 4562 Virtus
2897 4521 3008 4560 mea
3021 4505 3206 4576 defecit
3233 4503 3286 4556 in
3314 4503 3378 4558 iis
3405 4501 3494 4572 qui
3523 4497 3732 4552 maledi-

2129 4613 2250 4662 cunt
2267 4603 2414 4660 mihi.
2433 4603 2926 4658 Videamusautem
2951 4595 2964 4635 ί
2985 4597 3106 4668 ipso
3123 4595 3276 4652 nobis
3297 4593 3574 4648 tribuente
3609 4605 3736 4646 scn-

2129 4715 2216 4768 su,
2243 4707 2300 4754 et
2323 4709 2602 4764 sermone,
2627 4695 2672 4750 si
2697 4705 2988 4766 possumus
3005 4699 3060 4746 et
3077 4687 3220 4744 aliud
3245 4687 3372 4760 quid
3393 4685 3736 4742 manifestius

2129 4903 2266 4956 hanc
2289 4915 2410 4956 esse
2433 4897 3024 4968 Scriptorisimcntem,
3049 4893 3344 4968 intubique,
3367 4891 3480 4946 sive
3511 4889 3734 4968 inomni

2131 4983 2272 5028 terra
2323 4991 2384 5028 ex
2421 4961 2706 5040 proposito
2731 4967 2982 5024 Ieremia:
3011 4961 3176 5024 textu
3217 4961 3492 5020 Christum
3525 4961 3738 5032 adjudi-

2129 5047 2242 5102 cari
2275 5053 2330 5100 et
2359 5043 2600 5116 damnari
2631 5041 2901 5116 probet:
2965 5109 2978 5116 _
3243 5107 3281 5116 ﬂ
3327 5107 3340 5116 .
3509 5105 3518 5116 .

2207 5117 2226 5154 ί
2273 5117 2470 5170 Vocem
2503 5107 2766 5168 hominum
2795 5109 3106 5167 sull'ecimus
3147 5127 3210 5164 ex
3243 5107 3468 5162 [tabano
3509 5107 3736 5176 ipanue

2131 5187 2376 5260 Origine,
2401 5191 2470 5250 ὡς
2497 5187 2828 5260 «invocas-ra
2845 5187 2964 5246 τοὺς
2987 5183 3306 5260 ἀνθρώπους.
3335 5179 3576 5234 Alterum
3601 5191 3738 5248 quo-

2133 5257 2250 5330 que
2269 5267 2322 5330 ut
2349 5275 2414 5316 ex
2451 5259 2640 5313 iisdem
2675 5257 3012 5330 Supplemus.

2207 5341 2232 5376 κ
2277 5329 2436 5386 Falso
2465 5339 2580 5386 erat
2615 5331 2664 5382 in
2699 5325 2854 5382 antra
2885 5327 3142 5396 vulgatis,
3177 5341 3338 5394 neque
3375 5325 3426 5376 in
3460 5329 3596 5373 terra
3645 5327 3736 5396 tua

2123 5405 2418 5476 judicatur,
2445 5415 2756 5476 pro,‘ne_qn_e
2785 5409 2920 5454 terra
2951 5391 3007 5452 in
3025 5415 3124 5476 qua
3147 5391 3738 5476 λιιιὶίσιιι-ιιι·ίςιιιειιιιιιιο

2133 5465 2354 5532 itttidttttt
2387 5465 2622 5529 restituit
2647 5465 2922 5534 linbanus,
2947 5465 3272 5540 set-ipsdque
3293 5467 3422 5522 olim
3445 5465 3730 5534 Origenes,

2171 5545 2244 5566 ἀι
2301 5541 2324 5564 Ψ
2385 5555 2406 5564 .-
2447 5545 2458 5564 ς
2525 5541 2550 5564 1'
2637 5567 2668 5580 .-
2709 5541 2736 5600 δ
2801 5545 2810 5560 ι
2881 5565 2907 5578 ρ

2131 5561 2246 5622 cuos
2269 5567 2319 5622 ει
2344 5569 2408 5622 γη
2439 5567 2488 5622 sit
2519 5567 2548 5622 ig
2573 5565 2704 5600 κα.α
2739 5547 3036 5622 inﬁrmi.“
3235 5613 3246 5622 .
3302 5617 3323 5622 _
3477 5615 3488 5622 _
3553 5603 3704 5622 nm”

2203 5615 2232 5656 ιι
2269 5605 2674 5688 Ιὶθέιίὲιήβέίιιιιιε
2701 5659 2714 5682 ,
2767 5605 2860 5668 nos
2901 5629 2966 5666 ex
2998 5611 3190 5668 Grarco
3219 5613 3390 5684 ἡμᾶς,
3441 5615 3496 5662 et
3553 5605 3736 5676 Regiis

2133 5703 2268 5746 mss.
2302 5689 2444 5758 apud
2472 5687 2754 5758 lluetiuﬁm,
2789 5693 2948 5738 antea
2971 5693 3246 5758 erat,eas.

2211 5761 2228 5800 ί
2273 5749 2522 5816 Totidem
2567 5759 2620 5814 in
2651 5749 2842 5814 Cra-co
2889 5763 2976 5810 est
3021 5755 3206 5808 verbis
3245 5749 3472 5822 εἴδωμεν
3503 5757 3546 5810 si
3573 5756 3734 5812 αὐτοῦ

2131 5829 2346 5896 διδόντος
2373 5839 2468 5888 τοῦ
2487 5831 2640 5904 λόγου
2669 5827 2924 5902 δυνάμεθα
2950 5831 3036 5886 καὶ
3057 5823 3176 5886 ἄλλο
3199 5826 3510 5910 σαφέστερόν
3537 5835 3734 5898 rt,etc.
