4128 6346
444 318 549 371 069

1047 312 1491 369 TllANSLATlO
1532 308 1972 369 HOMILIARUM
2012 306 2337 369 ORlGENIS
2366 306 2430 369 IN
2470 312 2837 370 JEREMIAM.
2884 316 3043 371 lli'M.
3089 316 3178 372 XI.

3650 320 3757 376 670

442 432 512 487 ab
530 433 607 487 eis
624 429 900 502 quaedicta
916 427 2036 499 suntdicere.Eratluxveraquteilluminat
2064 435 2112 491 Α
2139 439 2386 503 exsurgat
2416 430 2657 485 inimicus
2703 448 2721 486 :
2746 444 2837 504 ego
2864 432 3005 489 astiti
3031 434 3121 489 tibi
3155 448 3249 506 pro
3288 436 3361 491 eis
3411 432 3453 509 (ι
3483 434 3646 490 Joan.
3691 453 3752 506 tt,

442 542 644 583 onmem
656 524 919 580 hominem
936 524 1216 579 venientem
1231 524 1284 579 in
1297 523 1431 577 hunc
1442 522 1692 577 mundum
1710 521 1761 593 (J
1770 538 1892 577 ean.
1909 537 1948 589 t,
1964 518 2045 594 9).

444 621 561 676 Lux
580 634 705 675 vera
717 618 895 674 Filius
911 630 991 673 est
1011 618 1127 685 Dei,
1142 634 1261 689 quae
1277 616 1670 689 illumiuat[Al.
1692 616 2047 689 illuminavit]

442 731 667 773 omnem
692 713 969 769 hominem
998 710 1304 768 venientem
1329 713 1383 767 in
1410 711 1557 767 hunc
1596 710 1884 767 mundum.
1918 711 2051 779 Qni-

440 822 673 878 cumque
702 806 983 861 rationalis
1002 813 1108 870 est,
1142 806 1415 875 particeps
1440 820 1587 859 ver.e
1619 804 1757 859 lucis
1792 803 2048 859 efﬁcitur.

444 899 759 957 Rationalis
788 898 899 972 [AL
936 896 1318 970 Rationabilis]
1352 906 1533 953 autent
1572 896 2047 953 estomuishomo.

440 998 577 1052 Cum
595 995 967 1066 igituromnes
1000 995 1247 1049 homines
1281 994 1574 1051 rationales
1590 994 1722 1057 sint,
1753 994 1804 1048 in
1828 993 2053 1064 quibus-

441 1091 569 1146 dam
605 1092 780 1146 virtus
808 1087 1088 1145 rationalis
1116 1094 1370 1159 augetur,
1400 1086 1457 1142 in
1488 1086 1809 1157 quibusdam
1855 1086 2051 1141 minui-

424 1195 551 1238 tur.
602 1183 657 1237 Si
688 1182 890 1239 videris
932 1180 1170 1235 animam
1208 1179 1353 1234 vitiis
1393 1188 1419 1217 ³
1465 1179 1700 1249 plenam,
1738 1189 1794 1235 et
1836 1188 2052 1249 pertur-

441 1279 754 1335 bationibus
776 1277 1128 1344 servientem,
1152 1275 1368 1333 videbis
1401 1275 1678 1346 quomodo
1700 1275 1872 1330 virtus
1887 1272 2050 1329 Verbi

439 1374 666 1430 deﬁciat
709 1374 765 1427 in
798 1387 860 1428 ea
884 1388 897 1426 :
924 1370 975 1426 si
1005 1371 1211 1427 videris
1237 1379 1484 1425 sanctam
1511 1378 1566 1425 et
1587 1369 1813 1441 justam,
1841 1368 2049 1424 videbis

438 1466 588 1538 quod
607 1466 717 1539 [ΑΙ.
746 1464 828 1539 ut]
851 1480 947 1536 per
970 1463 1216 1535 singulos
1244 1462 1364 1519 dies
1399 1463 1572 1518 virtus
1596 1463 1688 1517 Dei
1719 1461 1968 1531 proﬁciat
1995 1467 2051 1516 et

439 1569 659 1617 crescat
674 1561 724 1616 iu
744 1576 805 1615 ea
823 1577 836 1615 :
851 1568 904 1615 et
919 1560 1022 1613 hoc
1038 1556 1183 1629 quod
1200 1556 1458 1611 scribitur
1478 1557 1548 1612 de
1569 1556 1719 1620 Jesu,
1747 1554 1957 1625 aptabis
1974 1552 2045 1608 ei.

441 1656 634 1726 Neque
689 1655 835 1710 enim
885 1651 1261 1709 tantummodo
1290 1649 1316 1689 δ
1345 1650 1397 1705 itt
1446 1665 1507 1706 se
1552 1650 1709 1705 lesus
1748 1648 2049 1721 proﬁciebat

440 1750 723 1822 sapientia,
759 1760 806 1805 et
836 1756 1008 1817 (etate,
1056 1758 1103 1802 et
1133 1746 1304 1817 gratia
1348 1744 1487 1816 apud
1528 1741 1693 1798 Deum
1724 1752 1772 1796 et
1819 1741 2048 1797 homines

2153 522 2236 595 2).
2263 524 2395 594 Quis
2423 529 2603 580 autem
2634 530 2719 581 est
2747 524 3000 583 inimicus
3027 537 3234 599 noster,
3264 528 3368 584 nisi
3393 524 3640 599 zabulus,
3667 529 3760 600 qui

2155 613 2447 672 tribulabat
2489 628 2611 683 nos,
2645 624 2699 672 et
2724 620 2859 688 jugo
2889 618 3166 675 servitutis
3194 621 3511 691 premebat;
3559 618 3759 678 adver~

2154 724 2272 766 sum
2324 726 2483 783 quem
2526 712 2698 767 astitit
2760 712 2905 767 Patri
2950 713 3222 783 Salvator,
3264 722 3319 769 et
3350 714 3419 770 de
3445 717 3760 787 captivitate

2155 822 2254 863 nos
2286 807 2543 873 liberans,
2585 806 2819 863 reddidit
2847 808 3106 864 libertati.
3141 810 3267 866 liazc
3298 810 3616 881 pr0pbetice
3647 811 3756 867 lto-

2158 901 2335 955 ntlnus
2376 900 2600 957 dixerit.
2630 901 2819 956 Potest
2847 911 3031 957 autem
3064 900 3132 957 de
3164 901 3352 975 [Forte
3390 899 3468 978 et]
3496 908 3761 975 propheta

2153 994 2341 1049 eadem
2378 995 2587 1049 dixisse
2619 1009 2716 1065 pro
2756 995 2975 1066 populo,
3025 1005 3081 1050 et
3113 996 3166 1049 iu
3216 1005 3462 1066 tempore
3495 996 3760 1052 malorum

2156 1100 2360 1142 eorum.
2402 1088 2577 1157 Super
2607 1103 2766 1158 quem
2802 1087 3085 1157 respondit
3123 1085 3266 1142 Deus
3288 1131 3303 1155 ,
3348 1097 3402 1144 et
3426 1088 3665 1159 loquitur
3693 1089 3762 1145 ad

2155 1182 2439 1254 populum,
2471 1181 2564 1251 qui
2591 1193 2619 1234 a
2652 1180 2936 1237 Salvatore
2958 1182 3077 1237 sive
3102 1180 3375 1251 preplteta
3395 1178 3570 1238 fuerat
3602 1196 3763 1239 aecu-

2156 1287 2328 1343 satus,
2357 1276 2547 1331 dicens
2573 1294 2586 1332 :
2614 1270 2833 1331 Ferrum
2854 1285 2902 1331 et
2925 1277 3239 1348 opertorium
3273 1292 3463 1331 (ereum
3490 1277 3651 1331 virtus
3669 1285 3763 1331 tua

2156 1372 2318 1438 dura,
2357 1371 2696 1427 indomabilis
2715 1415 2730 1439 ,
2773 1388 2887 1443 quia
2916 1372 3110 1427 molliri
3151 1388 3253 1425 non
3283 1370 3469 1442 quierit
3492 1412 3505 1437 ,
3537 1384 3651 1442 qua:
3679 1368 3765 1426 vix

2158 1467 2477 1534 producatur
2521 1463 2663 1538 (Jer.
2720 1478 2819 1531 xv,
2854 1460 2979 1537 12).
3020 1462 3247 1519 Ferrum
3308 1472 3382 1520 et.
3421 1461 3762 1533 opertorium

2158 1575 2361 1614 a:reum
2388 1561 2563 1615 virtus
2593 1568 2705 1624 tua,
2734 1558 2784 1613 id
2808 1568 2893 1614 est
2916 1570 3108 1614 secans
3140 1568 3191 1615 et
3226 1557 3499 1623 dividens,
3537 1567 3591 1613 et
3621 1557 3761 1615 bene

2155 1654 2451 1723 composita
2479 1653 2816 1719 disturbans,
2849 1652 3142 1708 maledicta
3168 1652 3365 1707 virtus.
3392 1651 3613 1707 Divitias
3647 1661 3763 1706 tnas

2154 1758 2199 1803 et
2270 1748 2541 1803 thesauros
2624 1755 2740 1802 tuos
2794 1748 2847 1802 in
2905 1746 3343 1820 deprwdationem
3398 1746 3531 1800 dabo
3602 1748 3765 1817 gratis

440 1844 599 1915 (Luc.
625 1860 685 1914 tt,
710 1842 838 1912 52);
865 1856 1057 1898 verum
1080 1851 1134 1896 et
1166 1840 1221 1895 in
1249 1840 1479 1909 singulis
1507 1838 1805 1908 profectum
1836 1836 2052 1907 sapieu-
2083 1839 2127 1899 Β
2159 1841 2288 1914 (Jer.
2319 1859 2407 1910 xv,
2454 1842 2565 1915 15).
2600 1854 2621 1881 ο
2646 1841 2916 1898 Concedit
2943 1843 3107 1907 Deus,
3133 1850 3187 1897 et
3217 1841 3310 1896 dat,
3342 1855 3438 1897 eos
3465 1850 3769 1895 commula-

444 1941 557 2006 tite,
589 1948 647 1995 et
672 1938 876 2003 uitatis,
899 1948 953 1993 et
978 1937 1167 2007 gratiae
1195 1933 1604 2005 recipientibus,
1641 1932 1857 2001 proﬁcit
1893 1931 2051 1987 lesus

442 2033 735 2103 sapientia,
780 2042 943 2086 actate
969 2072 984 2099 ,
1030 2038 1086 2085 et
1120 2029 1297 2100 gratia
1324 2027 1468 2098 apud
1502 2029 1667 2082 Deum
1696 2036 1752 2082 et
1777 2025 2049 2082 homines.

446 2129 644 2182 Sermo
668 2139 801 2195 ergo
828 2122 1002 2180 Filius
1034 2122 1130 2178 Dei
1174 2122 1268 2192 qui
1311 2129 1433 2176 erat
1464 2120 1605 2175 Deus
1645 2118 1877 2175 Verbum
1901 2163 1914 2187 ,
1963 2115 2054 2186 qui

450 2222 662 2278 habitat
693 2224 746 2275 in
778 2219 995 2275 dicente
1025 2234 1039 2272 :
1065 2215 1187 2272 Heu
1212 2215 1367 2281 mihi,
1394 2223 1559 2269 mater
1588 2228 1723 2281 mea,
1747 2220 1803 2268 et
1822 2211 2052 2281 reliqua,

446 2319 599 2389 juxta
629 2322 885 2371 naturam
927 2311 1230 2383 tnajestatis
1260 2324 1372 2365 sua:
1409 2308 1648 2379 loquitur
1682 2325 1693 2360 :
1733 2304 1912 2362 Virtus
1945 2320 2058 2358 mea

451 2412 640 2483 defecit
690 2414 745 2464 in
788 2406 1213 2465 maledicentibus
1254 2405 1398 2459 mihi.
1447 2405 1505 2461 Si
1548 2404 1671 2475 quis
1712 2400 2060 2458 tnaledixerlt

455 2490 661 2569 Verbo,
693 2502 876 2557 statim
905 2500 1104 2569 recipit
1124 2499 1320 2566 vicem,
1347 2506 1403 2553 et
1434 2505 1704 2553 tormenta
1736 2497 2057 2567 perpetitur.

456 2596 641 2653 Virtus
663 2577 863 2666 quippe
888 2592 1016 2650 Jesu
1040 2590 1241 2647 defecit
1263 2590 1315 2645 in
1342 2606 1431 2656 eo,
1458 2606 1581 2644 cum
1609 2588 1747 2644 ratio
1775 2588 2058 2643 minuitur.

456 2692 518 2747 Si
564 2691 687 2762 quis
716 2688 1027 2745 econtrario
1059 2685 1403 2742 benedixerit
1440 2695 1496 2741 et
1537 2685 1808 2754 receperit
1852 2681 2060 2751 Jesum,

458 2785 636 2839 virtus
664 2782 783 2853 ejus
811 2780 1053 2847 diversa,
1082 2793 1243 2850 quam
1275 2785 1360 2833 est
1403 2777 1456 2832 iu
1498 2776 1948 2832 maledicentibus
1988 2773 2063 2842 ei,

464 2893 645 2949 passa,
684 2875 1007 2946 perpetitur,
1058 2882 1114 2930 ut
1142 2873 1287 2928 enim
1334 2872 1387 2927 in
1435 2869 1884 2925 maledicentibus
1915 2868 2064 2923 deie-

463 2982 652 3039 cerat;
696 2972 862 3026 sicin
894 2965 1343 3024 bcnedicentibus
1393 2963 1562 3037 85,8
1606 2964 1804 3019 crescit
1848 2980 1861 3017 :
1918 2959 2065 3027 Fiat,

465 3069 711 3135 Domine,
740 3065 1081 3137 dirigentibus
1123 3064 1219 3131 eis,
1247 3063 1292 3117 si
1321 3077 1425 3115 non
1465 3060 1608 3114 astiti
1649 3058 1741 3113 tibi
1761 3059 1817 3113 in
1845 3068 2071 3129 tempore

466 3159 727 3216 ntalorum
753 3174 926 3213 eorum
955 3155 1090 3228 (Jer.
1124 3170 1214 3221 xv,
1251 3154 1361 3225 Η).
1392 3152 1532 3222 Quid
1557 3162 1640 3207 est
1672 3151 1776 3205 hoc
1816 3150 1962 3221 quod
1991 3150 2072 3203 di-

2155 1937 2354 1992 tiooem
2408 1944 2633 2006 propter
2681 1937 2865 1992 omnia
2934 1941 3151 2006 peccata
3217 1948 3425 1989 eorum.
3490 1931 3759 1989 Utrumne

2158 2030 2256 2084 hos
2294 2044 2430 2100 quos
2469 2030 2570 2085 sibi
2613 2030 2665 2084 in
2715 2040 2857 2085 terra
2889 2028 3411 2085 thesaurizaverint?
3465 2027 3760 2094 unusquis-

2156 2138 2264 2194 que
2311 2123 2455 2178 cnim
2506 2123 2783 2179 hominum
2816 2123 3144 2179 thesaurizat
3200 2124 3335 2189 sibi;
3393 2122 3437 2177 si
3501 2129 3585 2177 est
3634 2135 3762 2192 pec-

2158 2226 2349 2283 calor,
2399 2217 2452 2272 in
2488 2226 2662 2282 terra;
2717 2218 2761 2271 si
2790 2216 2991 2287 justus,
3038 2216 3091 2270 in
3136 2217 3297 2282 cosio,
3332 2225 3390 2270 ut
3431 2230 3530 2270 nos
3576 2210 3763 2269 docuit

2160 2309 2269 2383 [Αἰ.
2313 2309 2497 2383 docet]
2547 2310 2920 2381 Evangelium.
2975 2314 3082 2366 Aut
3116 2310 3225 2384 [Αἰ.
3261 2309 3352 2383 an]
3384 2308 3526 2381 quod
3585 2309 3758 2378 dicit,

2159 2401 2326 2475 αθ
2344 2402 2788 2473 istiusmodiﬁst:
2816 2404 2956 2459 Ecce
2986 2417 3124 2457 unus
3152 2403 3440 2456 thesaurus
3471 2399 3761 2469 Jeremias,

2163 2498 2298 2553 alios
2320 2497 2609 2552 thesaurus
2630 2506 2712 2551 est
2740 2496 2930 2562 Isaias;
2953 2497 3238 2551 thesaurus
3253 2503 3368 2551 erat
3390 2494 3691 2567 etMoyses,
3710 2500 3766 2549 et

2165 2592 2379 2658 reliqui.
2405 2590 2514 2645 Hos
2547 2589 2835 2645 thesauros
2867 2590 3090 2647 abstulit
3120 2589 3263 2644 Deus
3288 2603 3316 2643 a
3341 2587 3638 2659 populo,et
3668 2601 3765 2657 per

2164 2684 2442 2739 Christum
2466 2684 2555 2754 qui
2586 2683 2724 2738 dixit
2755 2700 2767 2737 :
2802 2682 3077 2753 Auferetur
3116 2698 3147 2735 a
3176 2681 3315 2736 vobis
3360 2696 3574 2753 regnum
3631 2677 3767 2748 Dei,

2166 2786 2213 2832 et
2245 2777 2456 2831 dabitur
2477 2778 2615 2847 genti
2647 2777 2857 2849 facienti
2885 2778 3086 2848 fructus
3109 2779 3252 2849 ejus,
3288 2776 3509 2845 largitus
3553 2785 3633 2830 est
3669 2787 3771 2827 uo-

2171 2871 2274 2925 bis.
2309 2870 2460 2925 Dabo
2491 2885 2621 2940 ergo
2654 2879 2875 2939 propter
2905 2878 3123 2939 peccata
3178 2877 3267 2924 tua
3320 2869 3605 2923 thesauros
3652 2877 3774 2923 tuos

2170 2967 2224 3019 in
2245 2965 2721 3034 depraedationem.
2756 2965 2910 3020 Dedit
2933 2966 3087 3021 nobis
3109 2965 3397 3020 thesauros
3420 2962 3567 3018 illius
3587 2961 3770 3033 populi

2179 3060 2459 3127 Dominus,
2493 3059 2616 3127 quia
2646 3061 2876 3127 primqu
2902 3057 3227 3113 illiscredita
3253 3064 3379 3112 sunt
3413 3057 3628 3126 eloquia
3654 3055 3772 3123 Dei,

2174 3158 2226 3204 et
2249 3149 2404 3206 nobis
2428 3148 2687 3219 deinceps
2710 3149 2985 3205 attributa.
3005 3149 3170 3218 idque
3201 3148 3345 3218 quod
3379 3149 3635 3217 scriptum
3662 3154 3775 3201 est:

466 3258 612 3311 citur
646 3275 659 3311 :
692 3252 839 3323 Fiat,
893 3252 1139 3320 Domine,
1186 3253 1282 3323 qui
1328 3260 1507 3322 potest
1554 3266 1622 3305 ex
1670 3250 1790 3320 ipso
1821 3263 2075 3304 sermone
2105 3241 2149 3303 C
2184 3242 2455 3312 Auferctur
2484 3260 2514 3296 a
2542 3241 2677 3297 tabis
2704 3257 2919 3315 regnum
2948 3242 3067 3310 Dei,
3088 3251 3133 3296 et
3160 3240 3366 3294 dabitur
3392 3241 3532 3314 genti
3569 3240 3779 3309 facienti

466 3350 802 3407 consideret.
836 3349 931 3404 liis
961 3348 1115 3419 ipsis,
1152 3346 1401 3411 Domine,
1432 3343 1815 3415 dirigentibus,
1849 3344 1941 3412 qui
1964 3359 2074 3396 ma-

473 3443 781 3499 ledicebant
807 3440 962 3507 ntihi,
994 3440 1164 3494 virtus
1202 3453 1324 3508 qua}
1353 3436 1640 3493 deﬁciebat
1678 3436 1728 3490 itt
1762 3434 1863 3502 eis,
1898 3434 1990 3488 ﬁat
2023 3434 2073 3488 iu

472 3538 578 3602 eis,
625 3552 747 3592 cum
794 3536 859 3591 ad
892 3533 1273 3606 ptettiteutiam
1320 3532 1567 3587 conversi
1621 3540 1745 3599 post
1788 3528 2076 3583 maledicta

473 3631 672 3701 quibus
703 3644 790 3685 me
820 3626 1313 3699 persequebantur,
1336 3622 1616 3679 ambulare
1647 3623 1910 3691 coeperint
1957 3636 2077 3675 rec-

480 3734 591 3779 tam
640 3723 804 3779 viam.
856 3719 1006 3789 Fiat,
1047 3719 1288 3786 Domine,
1332 3715 1674 3787 dirigentibus
1724 3716 1822 3781 eis,
1866 3715 1910 3770 si
1976 3730 2080 3768 non

479 3818 621 3871 astiti
649 3816 761 3874 tibi.
789 3813 987 3870 Reddit
1030 3813 1300 3868 rationem
1346 3824 1536 3880 quare,
1571 3808 1634 3862 iis
1666 3807 1757 3877 qui
1787 3805 2078 3861 maledice-

480 3909 611 3964 bunt
638 3908 764 3973 sibi,
799 3906 1041 3977 postulat
1090 3903 1450 3958 directionem
1494 3909 1654 3971 atque
1702 3900 1955 3954 virtutem
1997 3897 2082 3952 di-

483 4016 612 4057 cens
643 4018 655 4054 :
689 3999 749 4056 Si
789 4015 892 4054 non
940 3996 1087 4052 astili
1123 3995 1217 4049 tibi
1244 3996 1299 4049 in
1335 4002 1564 4064 tempore
1594 3990 1855 4047 malorum
1884 4006 2082 4045 eorum.

483 4095 665 4152 Asutit
715 4092 864 4150 Patri
916 4089 1232 4161 propitiatio
1265 4103 1360 4157 pro
1386 4087 1622 4158 peccatis
1656 4085 1879 4149 nostris,
1907 4094 1961 4141 et
1992 4084 2087 4139 de-

487 4197 740 4260 precatus
782 4197 866 4242 est
905 4200 1027 4241 eum
1060 4184 1113 4238 itt
1143 4192 1389 4253 tempore
1423 4181 1690 4237 malorum
1723 4190 2031 4234 nostrorum
2068 4196 2083 4234 :

488 4298 662 4354 neque
717 4281 864 4337 enim
904 4275 1080 4335 astitit
1118 4284 1240 4347 post
1268 4284 1481 4345 tempus
1509 4272 1828 4329 afﬁictionis
1858 4281 2083 4342 nostra,

485 4378 583 4435 sed
619 4393 743 4434 cum
775 4376 954 4431 adhuc
985 4381 1309 4446 peccatores
1337 4386 1616 4436 essemus,
1655 4368 1811 4424 Jesus
1841 4366 2089 4422 Christus

488 4487 586 4541 pro
619 4470 778 4526 nobis
807 4476 1053 4523 mortuus
1086 4474 1189 4522 est.
1234 4465 1296 4521 Si
1327 4480 1429 4518 non
1460 4462 1604 4516 astiti
1640 4462 1729 4516 tibi
1768 4461 1821 4515 in
1866 4468 2090 4531 tempore

489 4561 749 4617 malorum
793 4576 991 4626 eorum,
1041 4567 1089 4614 et
1124 4559 1179 4613 in
1228 4568 1453 4627 tempore
1496 4552 1848 4610 tribulationis
1888 4564 2088 4619 eorum,

2178 3336 2377 3405 fructus
2402 3338 2514 3408 ejus
2547 3334 2764 3406 (Matth.
2798 3351 2913 3403 xxt,
2944 3334 3063 3405 42),
3112 3334 3445 3389 assentimus
3489 3333 3594 3405 [ΑΙ.
3624 3346 3775 3386 asse-

2183 3426 2375 3499 timusj
2402 3429 2511 3495 jam
2540 3444 2662 3482 esse
2698 3428 3048 3497 completam.
3080 3426 3197 3483 Non
3223 3426 3366 3496 quod
3397 3428 3678 3495 Scriptura
3712 3425 3781 3481 ab

2182 3522 2260 3574 eis
2286 3520 2468 3575 ablata
2498 3522 2566 3575 sit
2604 3538 2615 3574 :
2642 3520 2847 3576 habent
2878 3521 3077 3590 quippe
3128 3519 3328 3591 Legem
3360 3530 3411 3573 et
3446 3518 3744 3589 Prophetas
3764 3560 3779 3585 ,

2185 3615 2383 3669 habent
2417 3615 2686 3669 volumina
2708 3614 3016 3670 divinarum
3059 3612 3359 3669 litterarum
3394 3631 3405 3666 :
3439 3609 3466 3651 ἀ
3499 3612 3593 3668 sed
3642 3612 3785 3682 quod

2185 3722 2290 3761 non
2328 3707 2628 3776 intelligant
2659 3723 2742 3763 ea.
2776 3705 2951 3778 Atque
3003 3709 3071 3761 ita
3121 3723 3347 3777 regnum
3404 3707 3496 3761 Dei
3541 3706 3783 3760 ablatum

2186 3810 2270 3855 est
2308 3800 2375 3854 ab
2403 3800 2504 3867 eis,
2538 3800 2662 3855 dum
2694 3801 2992 3871 Scriptura:
3022 3816 3214 3857 sensus
3246 3800 3506 3856 aufertur.
3537 3799 3787 3856 CeSsavlt

2186 3891 2326 3962 apud
2355 3907 2449 3947 eos
2478 3892 2638 3963 Legis
2662 3903 2715 3948 et
2739 3892 3572 3963 Prophetaruminterpretatio:
3597 3891 3786 3959 legunt

2188 3988 2390 4055 omnia,
2420 3996 2602 4043 etnon
2638 3987 2969 4058 intelligunt.
3003 3985 3229 4058 Expleta
3257 3983 3372 4059 [ΑΙ.
3400 3983 3546 4058 Ῑειιιιξ]
3568 3996 3650 4038 est
3691 3984 3784 4041 illa

2191 4093 2311 4151 post
2342 4082 2631 4137 adventum
2672 4080 2881 4136 Domini
2916 4079 3204 4150 prophetia
3236 4097 3247 4134 :
3282 4078 3377 4131 Dic
3403 4078 3593 4147 populo
3618 4075 3741 4130 huic
3768 4091 3789 4131 :

2192 4176 2471 4231 Auditione
2500 4175 2742 4243 audietis,
2773 4185 2945 4229 etnon
2978 4171 3298 4246 intelligetis,
3333 4180 3378 4227 et
3418 4180 3680 4225 cernentes
3711 4168 3789 4223 vi-

2190 4270 2396 4337 debitis,
2427 4279 2473 4324 et
2501 4286 2600 4323 non
2627 4268 2829 4336 scietis,
2861 4268 3201 4322 incrassatum
3246 4275 3317 4321 est
3348 4265 3483 4319 enim
3504 4281 3589 4319 cor
3613 4260 3794 4335 populi

2192 4360 2591 4438 hujus:(Matth.
2619 4376 2735 4429 χιιι,
2764 4360 2875 4433 iit).
2908 4360 3129 4416 Necnon
3160 4367 3216 4415 et
3248 4356 3377 4413 illud
3404 4356 3546 4426 quod
3562 4355 3631 4409 ab
3656 4355 3792 4410 lsaia

2192 4461 2393 4518 dicitur
2424 4480 2436 4515 :
2468 4460 2676 4530 Auferet
2705 4458 2964 4513 Dominus
2995 4474 3024 4508 a
3052 4454 3263 4519 Judwa,
3295 4463 3340 4507 et
3397 4452 3460 4504 ab
3504 4447 3795 4504 Jerusalem

2197 4556 2427 4611 validum
2458 4563 2505 4610 et
2535 4553 2780 4621 validam,
2810 4551 3067 4624 gigantem
3095 4556 3141 4603 et
3164 4546 3425 4603 hominem
3453 4543 3791 4611 bellatorem,

490 4724 745 4784 Totidem
801 4730 854 4777 ct
893 4719 1151 4776 Rabanus
1180 4716 1372 4774 Latine
1404 4715 1561 4785 legit,
1618 4716 1751 4768 satis
1802 4712 2089 4768 commoda
2117 4715 2170 4778 ι)
2194 4722 2315 4767 cata
2345 4721 2454 4785 tua.
2478 4709 2618 4785 Quos
2645 4709 2913 4763 thesauros
2940 4705 3256 4785 peccantium
3285 4704 3341 4757 in
3361 4700 3797 4785 deprtedationem

492 4797 784 4865 sententia,
817 4802 979 4861 atque
1012 4790 1285 4865 expedita.
1321 4789 1583 4865 Sensum,
1618 4788 1734 4865 sive
1782 4800 2089 4865 sermonem

494 4873 584 4927 hic
625 4857 810 4936 accipe
846 4857 1046 4933 ipsum,
1084 4857 1170 4936 'ad
1202 4875 1362 4936 quem
1392 4862 1654 4936 continuo
1685 4857 2096 4936 interpretatio-

495 4960 617 4998 nem
651 4927 805 4997 sua'm
840 4927 1042 5008 refert,
1071 4927 1396 5008 léyov,__sive
1428 4929 1690 4986 Verbum.
1718 4928 1848 5008 Erat
1880 4945 2008 4981 vero
2031 4927 2096 5008 in

494 5023 652 5071 antea
700 5010 934 5077 vulgatis
991 4999 1167 5075 libris,
1226 4999 1505 5060 Videamus
1549 5009 1743 5077 autem,
1792 4999 1905 5069 ipso
1954 4999 2097 5077 nobis

495 5101 702 5141 sensum
730 5071 1003 5148 tribuente,
1037 5080 1083 5133 si
1103 5071 1168 5132 etc
1198 5079 1295 5131 hoc
1316 5090 1552 5148 sermone
1572 5074 1828 5146 possimus
1858 5079 1903 5125 et
1927 5071 2095 5148 aliud,

497 5170 605 5214 etc.
639 5155 750 5210 Nec
792 5144 1145 5208 miuus'male
1188 5152 1242 5203 in
1295 5164 1402 5202 ttnu
1446 5144 1580 5214 Reg.
1614 5160 1713 5199 ms.
1752 5160 1920 5212 penes
1950 5144 2098 5200 Htte-

497 5232 656 5293 tium,
688 5228 799 5299 ipso
825 5218 1476 5299 nobissensnnrtribuente
1501 5233 1812 5283 sermonem,
1844 5217 1887 5268 si
1916 5233 2102 5287 possu—

499 5318 614 5356 mus
645 5291 691 5353 et
706 5291 868 5351 aliud
894 5295 1019 5363 quid
1041 5291 1402 5364 manifestius,
1420 5300 1528 5345 elc.

574 5380 600 5409 δ
642 5368 810 5437 Istud,
843 5359 1071 5437 plenam,
1101 5359 1279 5435 neque
1306 5361 1565 5417 Rabanus
1587 5362 1756 5428 novit,
1792 5376 1965 5431 neque
1987 5359 2103 5430 ipse

499 5442 791 5500 Origenes.

575 5459 957 5583 ιἱϐἕῖίὲἷιειιιιιε
988 5525 1056 5565 ex
1083 5507 1290 5583 Ra‘bani
1323 5505 1556 5583 lectione
1586 5521 1768 5583 voces,
1800 5505 1851 5557 in
1881 5521 1967 5583 se,
1982 5518 2102 5574 quae

502 5596 557 5643 et
582 5576 863 5641 conteitui
899 5579 1241 5645 necessariae,
1271 5589 1327 5632 et
1356 5580 1425 5634 ab
1449 5581 1568 5647 ipso
1588 5576 1819 5647 Origene
1846 5576 2101 5645 proiectas

504 5658 736 5731 sunttoo
766 5658 868 5731 γὰρ
896 5654 1000 5731 me:
1021 5652 1197 5708 ἑαυτὸν
1224 5653 1371 5731 μόνον
1399 5650 1424 5707 ὁ
1453 5651 1664 5731 ἶιησὸῦς,
1699 5658 1802 5701 ett}.
1823 5714 1853 5731 Ν
1963 5716 1975 5728 ο
1998 5716 2011 5731 1
2083 5712 2087 5729 ἦ

582 5742 604 5770 ε
641 5714 949 5784 ὈυοἺίιιπ
982 5726 1096 5779 inec
1127 5714 1288 5779 verba
1336 5724 1497 5795 gratis
1529 5731 1601 5795 __et
1646 5714 1875 5795 concedit
1928 5716 2100 5795 videri

508 5809 739 5873 possunt
762 5789 1357 5873 exhilieronymianisf
1371 5791 1642 5850 codicibus
1688 5789 1953 5871 excidisse
1986 5789 2101 5845 haec

511 5861 604 5931 aut
626 5872 710 5929 his
730 5868 930 5928 similia
952 5868 1005 5923 in
1029 5861 1504 5924 commutationem
1529 5872 1748 5936 propter
1772 5861 1949 5917 omnia
1976 5875 2100 5932 pec-

2196 4783 2448 4839 concedit
2478 4771 2643 4846 Deus,
2675 4792 2806 4846 etc.,
2839 4771 2959 4847 quin
2989 4778 3091 4831 sub
3128 4771 3497 4844 interrogandi
3548 4782 3670 4847 nota
3719 4771 3799 4827 le-

2196 4855 2370 4927 genda
2403 4863 2553 4927 sunt.
2583 4853 2803 4924 Absque
2846 4849 2929 4905 his
2972 4858 3122 4904 certe
3166 4850 3461 4927 praemissis
3503 4846 3681 4927 minus
3708 4857 3801 4897 co-

2202 4913 2371 4982 luerat
2397 4924 2627 4980 inferior
2655 4913 2947 4977 co'ntcxtus
2977 4938 2989 4974 :
3020 4927 3147 4975 sunt
3166 4913 3297 4974 vero
3326 4917 3413 4974 illa
3443 4927 3496 4971 et
3525 4915 3581 4969 in
3604 4913 3799 4970 Cra-co

2200 4998 2529 5071 archetypo,
2566 4996 2894 5085 ἁιςτάλλαηια
2924 4992 3009 5049 διὰ
3053 4993 3362 5085 σξάσαςᾳῖτξὶς
3392 4989 3647 5077 anagnia;
3677 5006 3793 5075 aeu.

2200 5076 2349 5133 Τίνας
2374 5061 2667 5144 θῇὸναὺροὺς
2687 5061 3212 5140 τῶν’ἆμαρτανὸντων
3236 5062 3441 5118 δίδωσιν
3457 5061 3527 5119 st”;
3540 5061 3800 5180 προνοῦἠν

2203 5144 2227 5180 λ
2257 5146 2382 5180 De}..-
2435 5145 2514 5180 νηέ
2548 5140 2758 5180 Χῖἓωηιυ
2785 5142 2969 5180 ηηίφηῦτ·
2996 5137 3318 5180 bum/trierat”:
3348 5131 3431 5180 διὰ
3455 5154 3504 5180 κ-
3533 5152 3585 5180 τ’.
3614 5130 3660 5180 λθ
3742 5142 3800 5180 θ’

2202 5144 2228 5199 ὁ
2257 5130 2402 5205 Θεὸς,
2435 5145 2518 5198 καί
2543 5130 2758 5198 didere-tv
2784 5130 2969 5200 αὐίτοῦς
2996 5137 3320 5209 ἀντάλλαγμα
3348 5131 3432 5188 διά
3455 5154 3504 5186 κ.
3533 5130 3591 5185 τί
3614 5130 3660 5182 λ.
3700 5130 3772 5182 Ve

2208 5232 2325 5270 rum
2367 5231 2430 5269 ex
2472 5214 2573 5267 hoc
2605 5216 2723 5280 ipso
2771 5212 2943 5267 Graeci
2993 5220 3175 5264 textus
3216 5217 3513 5280 cunSpectu
3550 5214 3803 5280 pronun-

2207 5289 2418 5351 tiaritn,
2450 5286 2518 5339 ob
2550 5272 2862 5340 earumdem
2893 5296 3085 5336 vocum
3117 5272 3441 5348 ἀντάλλαγμα
3486 5272 3569 5352 διὰ
3604 5273 3797 5352 πᾴσας,

2205 5369 2334 5428 etc.,
2367 5349 2560 5425 quibus
2589 5373 2650 5411 ea
2677 5354 3096 5428 concluduntur,
3132 5361 3417 5404 recutsum
3438 5386 3450 5409 ,
3486 5349 3536 5428 in
3564 5349 3799 5428 ennipso,

2206 5414 2706 5502 qttojll'ieronytnus
2748 5426 3019 5502 utebatur,
3052 5422 3243 5502 Graeco
3288 5415 3589 5486 exemplari
3636 5414 3805 5495 inisse

2207 5493 2438 5557 solemni
2463 5493 2764 5557 scribarum
2798 5499 2947 5565 lapsu
2976 5493 3558 5565 prietertuissameque
3579 5493 3722 5565 ctum
3751 5493 3804 5540 in

2209 5554 2401 5629 Latino
2424 5554 2769 5642 tantapoluit
2791 5554 3077 5623 verborum
3111 5560 3411 5618 similitudo
3440 5554 3614 5614 fraudi
3640 5556 3807 5612 fuisse

2206 5646 2647 5701 amanuensibus.

2278 5717 2304 5756 ά
2345 5710 2499 5787 Apud
2535 5715 2839 5781 Rabauum,
2874 5708 2962 5766 sed
2994 5706 3184 5780 absque
3232 5702 3615 5778 intelligentia,
3645 5712 3799 5772 atque

2205 5790 2302 5855 ita,
2335 5796 2443 5844 etc.
