4128 6346
455 222 561 280 675

1713 219 1776 286 8ο
1820 218 2096 284 ευεειιιι
2137 215 2518 282 ΙΙΙΕΠΟΝΥΜΙ

3655 218 3763 282 676

452 338 680 411 bratur?
710 339 799 402 Ait
841 337 1041 410 quippe
1083 349 1266 395 sermo
1297 335 1517 394 divinus
1545 351 1559 392 :
1593 335 1722 394 Cum
1771 335 2057 394 habueritis
2085 336 2136 402 Α
2166 335 2306 392 tians
2332 336 2562 392 vulnera
2596 354 2608 392 :
2642 345 2697 392 et
2733 335 2916 405 justus
2960 336 3051 407 qui
3080 345 3206 407 post
3235 337 3418 408 plagas
3449 337 3647 409 recipit
3673 355 3762 394 sa-

449 433 583 496 diem
616 434 832 504 festum,
861 441 1252 503 azymaﬂsuper
1281 432 1686 492 mnarilttdinem
1713 429 2054 489 ntandueabi-

449 526 514 588 tis.
547 525 746 598 (Exod.
778 539 885 594 xit,
913 523 991 597 8).
1028 525 1202 584 Simul
1224 535 1406 584 autem
1436 525 1896 587 considerandum
1923 532 2055 595 puto

451 618 578 692 quid
612 617 742 678 velit
769 617 886 674 haec
906 617 1101 690 iussio.
1135 633 1255 688 quae
1286 618 1548 688 praecepit
1577 624 1826 686 agentem
1852 615 2053 687 pascha

454 711 548 768 Dei
590 725 779 783 azyma
811 725 934 770 cum
979 709 1436 772 amaritudinibus
1482 709 1835 771 manducare.
1875 709 1942 768 Et
1987 709 2055 766 de

451 804 660 874 azymis
687 802 816 874 quid
849 813 933 860 est
959 819 1077 858 mea
1105 803 1508 873 interpretatio,
1539 803 1833 873 Apostolus
1856 801 2057 862 Paulos

451 897 728 970 exposuit.
767 896 846 955 De
877 895 1244 958 amaritudine
1287 911 1417 954 vero
1454 895 1599 966 quod
1640 895 1908 964 sequitur,
1959 909 2057 952 ne~

454 1004 609 1050 cesso
649 996 734 1046 est
777 998 839 1050 ut
882 989 1085 1064 aliquid
1131 989 1466 1060 Apostolicm
1497 987 1850 1060 disputationi
1881 987 2059 1050 simile

453 1084 482 1124 δ
511 1087 792 1144 reddatur.
826 1087 904 1142 De
955 1086 1169 1158 azymis
1206 1085 1390 1158 itaque
1437 1083 1732 1154 Apostolus
1779 1085 1852 1144 ita
1883 1083 2053 1140 dicit:

456 1177 619 1242 Festa
667 1180 984 1240 celebremus
1031 1196 1135 1234 non
1187 1181 1240 1240 in
1285 1179 1541 1250 fermento
1571 1178 1751 1246 veteri,
1804 1195 1962 1249 neque
2003 1177 2058 1232 in

455 1275 704 1346 fermento
735 1274 955 1330 malitia:
987 1284 1034 1335 et
1064 1273 1330 1346 nequitiae,
1356 1273 1442 1330 sed
1473 1273 1527 1328 in
1558 1273 1756 1342 azymis
1791 1271 2060 1330 sincerita-

457 1369 522 1426 tis
550 1378 598 1424 et
623 1369 855 1428 veritatis
899 1368 944 1442 (1
975 1367 1096 1430 Cor.
1131 1384 1186 1436 ν,
1225 1367 1300 1437 8).
1354 1367 1428 1424 De
1469 1366 1930 1426 amaritudinibus
1961 1382 2054 1422 ne-

455 1478 612 1524 cesse
642 1473 727 1522 est
751 1473 809 1518 ut
839 1463 967 1522 talis
999 1461 1138 1520 ratio
1170 1461 1455 1529 reddatur,
1485 1475 1610 1533 qum
1635 1461 1828 1518 doceat
1853 1463 1932 1520 sic
1963 1475 2060 1521 eas

453 1554 1117 1627 celebrandas,quomodo
1129 1570 1318 1626 azyma
1335 1554 1714 1612 comedantur.
1739 1553 2062 1612 llabetosin-

455 1653 738 1716 ceritatem
761 1660 815 1707 et
836 1650 1146 1718 veritatem,
1178 1659 1232 1706 et
1255 1649 1650 1710 amaritudiues
1666 1659 1717 1708 te
1739 1661 2058 1721 sequentur,

2159 427 2411 486 nitatem.
2463 427 2629 484 Facta
2681 437 2757 484 est
2805 428 2936 488 milii
2996 426 3349 500 (subauditur
3401 429 3579 501 plaga)
3627 431 3762 486 sicut

2157 536 2294 590 aqua
2317 519 2542 580 mendas:
2577 537 2681 578 non
2710 519 2904 580 habent
2933 521 3089 592 ﬁdem
3117 519 3251 594 (λετ.
3289 537 3386 592 xv,
3423 521 3511 592 18,
3549 522 3663 594 19).
3701 524 3760 581 Si

2157 611 2372 682 quidem
2409 613 2560 682 plaga
2597 628 2716 672 mea
2750 627 2856 674 non
2892 625 3096 681 manet.
3127 613 3296 690 850
3337 614 3435 674 sed
3464 631 3635 688 super
3675 634 3766 674 me

2158 707 2374 766 transit.
2403 704 2532 766 Ideo
2558 705 2668 766 hinc
2694 707 2818 766 dicit
2854 707 3108 766 Dominus
3138 725 3156 766 :
3189 709 3251 766 Si
3281 726 3554 768 conversus
3576 711 3761 782 fueris,

2123 800 2432 859 restituam
2484 807 2557 858 te.
2598 799 2682 866 Ad
2733 816 2926 862 omnes
2966 801 3084 858 hmo
3129 802 3370 873 quuitur
3419 803 3584 871 Deus,
3626 821 3768 875 quos

2159 892 2365 953 reverti
2386 893 2499 954 vult
2527 893 2593 952 ad
2624 895 2878 954 salutem.
2908 893 3143 956 Videtur
3171 905 3361 954 autem
3397 897 3653 968 quiddam
3680 899 3763 954 si-

2159 985 2422 1058 gnificare
2460 986 2710 1058 mysterii
2759 987 2814 1046 in
2868 1003 2936 1048 eo
2977 986 3120 1057 quod
3179 987 3292 1045 ait:
3358 990 3629 1046 restituam
3683 1001 3766 1058 te;

2161 1093 2322 1138 nemo
2348 1080 2545 1149 quippe
2567 1079 2780 1138 restitui
2813 1088 3017 1149 potest,
3044 1080 3148 1140 nisi
3182 1081 3236 1138 in
3269 1096 3394 1140 eum
3419 1081 3598 1139 locum
3623 1083 3768 1139 unde

2161 1177 2288 1230 ante
2307 1169 2655 1235 discesserat.
2691 1182 2750 1230 ut
2778 1182 2905 1242 puta
2933 1173 2978 1232 si
3024 1173 3328 1235 membrum
3373 1180 3628 1246 corporis
3659 1177 3766 1232 mei

2159 1261 2324 1322 fuerit
2352 1280 2382 1322 a
2404 1279 2664 1336 compage
2693 1265 3043 1336 disiunctum,
3071 1267 3314 1328 medicus
3337 1269 3470 1328 illud
3497 1270 3553 1327 in
3580 1271 3768 1341 pristi-

2163 1375 2291 1418 num
2325 1360 2504 1420 locum
2548 1361 2841 1422 restituere
2885 1372 3132 1422 conatur.
3163 1362 3222 1422 Si
3250 1365 3452 1436 aliquis
3481 1376 3771 1437 separatur

2165 1467 2196 1508 e
2227 1453 2420 1528 patria,
2455 1453 2508 1510 in
2537 1456 2791 1512 exsilium
2821 1456 3075 1526 mittitur,
3110 1467 3167 1514 et
3211 1468 3403 1529 postea
3451 1476 3547 1531 per
3586 1461 3771 1517 indul-
3867 1447 3872 1450 ’

2165 1545 2402 1620 gentiam
2435 1561 2624 1604 eorum
2654 1548 2742 1618 qtti
2769 1559 2997 1619 possunt
3021 1551 3238 1610 exsules
3259 1551 3496 1623 salvere,
3525 1553 3770 1611 redditur

2165 1637 2404 1696 libertati
2434 1659 2445 1695 :
2477 1641 2621 1698 redit
2649 1642 2796 1700 unde
2829 1642 3008 1702 fuerat
3045 1645 3334 1716 expulsus.
3371 1647 3525 1706 Miles
3555 1665 3772 1721 quoque

457 1753 515 1809 et
554 1745 907 1806 manducahis
949 1759 1138 1816 azyma
1189 1757 1312 1800 eunt
1361 1743 1687 1808 sinceritate.
1719 1752 1772 1798 et
1801 1742 2054 1798 veritate.
2088 1739 2137 1804 Β
2163 1734 2408 1806 abiectus
2433 1751 2500 1792 ex
2529 1737 2721 1798 ordine
2741 1753 2862 1806 suo,
2892 1738 3207 1802 restituitur
3235 1741 3438 1810 ordini,
3469 1749 3514 1799 sl
3541 1758 3772 1814 accepe—

453 1837 590 1908 Qttia
607 1837 808 1897 Paulus
838 1836 1000 1898 istius
1020 1834 1168 1896 modi
1191 1850 1378 1907 azyma
1407 1832 1761 1900 comedebat,
1794 1834 2064 1902 sequeba-

452 1938 548 1988 tur
572 1947 696 1988 eum
747 1928 1053 1986 amaritudo
1082 1927 1355 1986 dicentem
1382 1944 1396 1984 :
1430 1923 1684 1986 Inimicus
1725 1925 1865 1982 vobis
1894 1929 2062 1997 factus

455 2041 570 2078 sum
585 2026 703 2080 vero
735 2021 912 2078 dicens
942 2019 1140 2094 (Galat.
1163 2033 1238 2086 tv,
1275 2019 1384 2089 16).
1419 2017 1780 2078 Mandueabat
1807 2019 2065 2076 amaritu-

457 2116 615 2178 dincs
664 2115 719 2170 in
772 2113 974 2182 dolore,
1010 2113 1064 2172 in
1097 2112 1293 2180 labore,
1337 2111 1390 2166 in
1429 2108 1620 2182 vigiliis
1664 2111 1976 2181 frequenter,
2009 2110 2064 2164 in

463 2211 598 2282 {ante
629 2218 676 2264 et
718 2208 804 2264 siti
847 2205 919 2284 (ll
951 2206 1072 2262 Cor.
1103 2221 1192 2272 ιι,
1228 2202 1345 2275 27).
1394 2213 1546 2260 extra
1594 2211 1788 2260 caetera
1816 2219 1936 2274 qua:
1968 2218 2064 2274 pro

459 2303 625 2362 totius
649 2297 835 2356 mundi
859 2299 1032 2358 salute
1061 2296 1354 2374 pandebat,
1384 2304 1440 2356 et
1477 2310 1600 2368 qua:
1631 2310 1754 2354 eum
1788 2293 2068 2354 faciebant

462 2393 750 2466 praesidem
785 2392 1035 2450 veritatis
1056 2405 1243 2464 azyma
1271 2405 1394 2446 cum
1428 2387 1885 2451 amaritudinibus
1913 2403 2066 2446 man-

459 2487 682 2546 ducare.
710 2485 774 2540 Et
802 2483 914 2540 Lex
947 2485 1167 2556 quidem
1200 2483 1315 2543 haec
1341 2483 1474 2538 dicit
1508 2500 1521 2537 :
1548 2481 1747 2554 Azyma
1775 2498 1890 2536 cum
1918 2497 2065 2542 ama-

457 2579 775 2640 ritudinibus
819 2579 1070 2638 comedite
1109 2586 1158 2632 et
1190 2575 1505 2650 intplemini,
1533 2577 1680 2634 sicut
1725 2585 1778 2636 et
1805 2574 1914 2630 alio
1945 2575 2068 2632 loco

464 2673 667 2734 dicitur
719 2674 786 2728 de
835 2671 1204 2746 quibusdam:
1261 2669 1581 2730 Manducate
1630 2679 1679 2728 et
1722 2668 1928 2742 implete
1957 2685 2063 2728 vos.

458 2766 738 2838 Propheta
781 2781 917 2826 vero
975 2781 1084 2826 non
1131 2765 1251 2822 ait:
1313 2762 1762 2824 Amaritudinem
1813 2762 2063 2829 comedi;

463 2860 560 2918 sed
597 2879 610 2916 :
641 2859 1002 2920 Amaritudine
1030 2859 1258 2928 repletus
1288 2873 1450 2922 sunt:
1483 2857 1590 2914 hoc
1625 2865 1730 2925 est,
1759 2858 1810 2911 in
1837 2872 1924 2914 tne
1950 2867 2066 2912 tan-

474 2963 589 3014 tum
622 2953 809 3016 saeculi
842 2950 1282 3026 persecutionum
1310 2949 1528 3020 pondus
1557 2949 1804 3008 incubuit
1833 2948 1939 3021 [ΑΙ.
1986 2951 2068 3004 in-

463 3045 717 3120 cumbit],
753 3057 820 3112 .ut
862 3046 1056 3124 plenus
1101 3043 1470 3102 amaritudine
1512 3042 1725 3100 fierem.
1778 3042 1950 3112 Quare
1979 3043 2068 3114 qui

2167 1831 2237 1886 rit
2265 1833 2496 1888 veniam.
2533 1832 2608 1890 ita
2633 1840 2689 1888 et
2716 1849 2859 1890 nunc
2880 1834 3083 1894 dicitur
3112 1835 3178 1892 ad
3212 1837 3446 1897 mortale
3473 1853 3671 1908 genus,
3718 1839 3770 1896 id

2167 1935 2250 1980 est
2281 1924 2348 1981 ad
2396 1939 2496 1984 nos
2544 1925 2822 1994 homines,
2871 1926 2962 1995 qui
3016 1942 3044 1982 a
3105 1928 3214 1986 Deo
3244 1927 3520 1987 fueramus
3547 1930 3770 1985 aversi:

2167 2015 2228 2074 Si
2281 2018 2531 2078 conversi
2591 2017 2830 2088 fueritis,
2881 2019 3168 2078 restituam
3216 2037 3335 2078 vos.
3374 2021 3525 2079 Finis
3570 2023 3774 2094 quippe

2166 2110 2607 2179 repromissionis
2643 2112 2919 2170 restitutio
2948 2121 3056 2180 est,
3105 2123 3164 2170 ut
3195 2115 3246 2170 in
3282 2115 3508 2174 Actibus
3546 2127 3774 2189 aposto-

2168 2201 2342 2262 lorum
2391 2203 2658 2274 legimus:
2697 2203 2871 2277 Usque
2911 2206 2980 2260 ad
3011 2214 3244 2279 tempora
3275 2209 3618 2266 restitutionis
3663 2226 3773 2264 om.

2169 2297 2311 2352 nium
2331 2313 2447 2368 qua:
2475 2295 2677 2356 locutus
2706 2307 2780 2352 est
2802 2298 2941 2356 Deus
2962 2315 3053 2372 per
3084 2317 3142 2358 os
3167 2312 3461 2360 sanctorum
3491 2302 3773 2375 preplteta-

2166 2405 2284 2448 rum
2315 2407 2548 2459 suorum,
2574 2392 2627 2446 in
2654 2391 2872 2450 Christo
2894 2391 3049 2461 .lesu,
3076 2393 3163 2454 cui
3185 2401 3272 2451 est
3298 2395 3472 2465 gloria
3513 2406 3569 2454 et
3600 2395 3774 2468 impe-

2169 2489 2308 2548 rium
2333 2489 2385 2548 iit
2412 2489 2608 2548 sarcula
2643 2489 2990 2550 saeculorum.
3069 2489 3268 2550 Amen.

2591 2621 2872 2678 HOMlLlA
2918 2621 3317 2680 DUODECIMA

2172 2737 2247 2794 De
2275 2752 2340 2792 eo
2371 2736 2513 2814 quod
2543 2739 2834 2814 scriptum
2853 2748 2937 2793 est
2970 2757 2982 2794 :
3018 2737 3282 2814 Ecceiego
3314 2741 3462 2796 mitto
3490 2741 3772 2814 piscatores

2277 2808 2490 2876 multos,
2519 2809 2647 2864 dicit
2679 2810 2956 2877 Dominus,
2989 2822 3093 2868 etc.
3129 2808 3356 2883 (τιεί-ειη.
3388 2808 3514 2879 xvr',
3550 2813 3660 2885 16).

2239 2949 2404 3028 855
2429 2950 2480 3004 In
2508 2948 2806 3034 Evangelia
2837 2949 2982 3022 quod
3005 2949 3302 3010 secundum
3325 2949 3634 3010 Matthmum
3664 2959 3774 3020 est,
3868 2945 3873 2950 ’

2169 3045 2424 3100 scribitur
2453 3039 2701 3100 Salvator
2743 3049 2929 3104 noster
2967 3043 3188 3104 venisse
3228 3042 3388 3117 juxta
3437 3059 3586 3104 mare
3617 3041 3771 3102 Gali-

467 3156 547 3194 me
574 3139 904 3204 contristent,
938 3138 1300 3210 confortantur
1330 3137 1385 3190 in
1413 3137 1530 3192 me?
1558 3135 1720 3192 Multa
1757 3152 1952 3208 passus
1980 3145 2064 3192 est
2093 3129 2140 3192 C
2171 3135 2307 3203 item,
2359 3144 2412 3192 et
2457 3135 2527 3192 ibi
2560 3134 2761 3194 vidisse
2807 3134 3092 3196 Simonem
3136 3146 3192 3194 et
3223 3134 3494 3198 Andream
3548 3135 3771 3196 fratrem

466 3235 732 3294 Jeremias
773 3235 839 3290 ab
878 3233 962 3288 bis
993 3232 1082 3304 qui
1117 3231 1410 3288 veritatem
1455 3230 1648 3290 audire
1693 3230 1978 3296 nolebant,
2013 3242 2069 3288 et

463 3336 622 3383 erant
661 3327 758 3382 illo
804 3327 857 3380 in
894 3327 999 3380 hoc
1042 3323 1243 3380 sarculo
1288 3321 1566 3390 fortiores,
1611 3323 1870 3393 queniam
1903 3323 2068 3400 855

467 3437 574 3476 non
607 3431 933 3492 estregnum
967 3417 1061 3473 Dei
1095 3416 1164 3472 de
1190 3415 1396 3472 saeculo
1420 3417 1548 3484 isto,
1579 3415 1674 3476 sed
1705 3415 1775 3472 de
1804 3417 1906 3471 alia
1937 3432 2071 3490 qua-

465 3516 589 3571 dam
625 3514 918 3572 viventium
953 3515 1198 3584 regione,
1235 3518 1294 3568 ut
1318 3510 1570 3568 Salvator
1603 3510 1676 3566 ait
1710 3529 1720 3566 :
1756 3511 1816 3566 Si
1841 3519 1972 3568 esset
2005 3511 2070 3570 de

468 3603 564 3662 hoc
601 3607 793 3661 mundo
833 3621 1051 3682 regnum
1080 3620 1274 3670 meum,
1306 3603 1531 3662 ministri
1559 3603 1658 3660 mei
1689 3601 1984 3659 laborarent
2015 3613 2069 3660 ut

474 3718 576 3755 non
605 3701 836 3755 traderer
876 3697 1079 3753 Iudaeis
1111 3697 1297 3770 (Joan.
1341 3707 1502 3766 xvnt,
1536 3696 1651 3769 56).
1677 3695 2070 3756 Cttnfortantnr

469 3809 604 3868 ergo
631 3793 893 3850 adversus
944 3807 1067 3847 eum
1112 3791 1162 3846 in
1198 3791 1402 3846 szeculo
1433 3791 1562 3845 isto.
1596 3790 1661 3848 Et
1698 3791 1840 3864 quod
1883 3791 2070 3862 justus

471 3886 707 3944 debilior
736 3885 856 3940 sita
882 3883 1339 3964 persequentibus
1363 3898 1443 3951 se,
1469 3881 1593 3938 vide
1619 3893 1918 3958 martyrum
1949 3899 2072 3956 pas-

470 3979 680 4038 siones.
711 3976 890 4034 Judex
923 3977 973 4031 in
1007 3977 1130 4030 altis
1164 3975 1527 4032 tribunalibus
1557 3975 1712 4030 sedet
1743 3974 1808 4034 ad
1831 3985 2068 4042 ιιιιιιιιιη,

469 4084 524 4128 et
550 4071 618 4127 ad
647 4071 872 4126 delicias
906 4080 927 4108 ο
954 4069 1256 4125 sententias
1298 4083 1554 4144 promens
1581 4087 1592 4122 :
1631 4067 1985 4126 Christianus
2017 4070 2070 4126 in

475 4179 581 4238 quo
606 4163 858 4220 Christus
889 4159 1123 4225 habitat,
1151 4159 1429 4232 iudicatur
1455 4161 1650 4236 plenus
1671 4163 2070 4232 amaritudine,

475 4269 527 4315 et
559 4258 626 4314 ad
667 4267 897 4313 mortem
933 4269 1108 4330 usque
1134 4253 1437 4324 subjectus,
1462 4254 1788 4310 confortatis
1834 4256 2074 4318 inimicis

475 4356 588 4412 suis
620 4354 910 4410 adversum
942 4365 1020 4407 se.
1054 4348 1225 4422 Plaga
1266 4367 1378 4409 mea
1411 4349 1567 4422 ﬁrma
1593 4359 1686 4406 est.
1719 4349 1821 4420 Qui
1849 4353 2073 4412 confer-

479 4457 660 4503 tantur
691 4447 749 4510 in
780 4461 890 4514 me,
921 4443 1147 4500 vulnera
1177 4442 1419 4500 inferunt
1461 4441 1595 4502 mihi
1633 4461 1647 4498 :
1678 4454 1734 4504 et
1771 4445 1926 4516 plaga
1955 4461 2074 4504 mea

2172 3231 2290 3300 ejus
2320 3227 2596 3282 mittentes
2624 3227 2760 3284 retia
2797 3227 2852 3286 in
2881 3242 3051 3288 mare.
3093 3226 3264 3286 Erant
3304 3228 3506 3304 quippe
3538 3228 3772 3300 piscato-

2173 3336 2281 3378 res.
2317 3313 2504 3390 Ibique
2532 3320 2796 3378 additur:
2850 3319 3045 3378 Videns
3087 3331 3258 3378 autem
3288 3338 3372 3382 eos
3415 3321 3592 3386 Jcsns,
3641 3322 3775 3380 dixit

2171 3415 2246 3470 eis
2276 3430 2293 3467 :
2327 3413 2505 3468 Venite
2536 3421 2647 3486 post
2698 3429 2796 3482 me,
2831 3421 2877 3468 et
2913 3413 3107 3486 facium
3157 3430 3247 3476 vos
3289 3415 3569 3490 piscatores
3599 3413 3770 3472 homi-

2173 3525 2315 3564 num.
2353 3505 2419 3564 Et
2440 3509 2784 3578 relinquentes
2804 3524 2901 3564 sua
2919 3509 3048 3564 retia
3074 3507 3236 3569 secuti
3258 3517 3377 3566 sunt
3406 3525 3520 3570 eum
3547 3507 3767 3580 (Matth.

2173 3619 2244 3678 tv,
2283 3602 2395 3672 18).
2432 3602 2496 3658 Et
2529 3601 2654 3658 fecit
2695 3616 2792 3660 eos
2840 3601 3090 3660 Salvator
3134 3602 3204 3668 de
3254 3603 3612 3676 piscatoribus
3655 3602 3770 3674 pis-

2171 3697 2338 3762 cium,
2369 3696 2668 3767 piseatorcs
2703 3694 3006 3754 hominum.
3038 3696 3194 3760 Alios
3237 3713 3459 3770 quoque
3494 3697 3635 3758 duos
3665 3699 3777 3756 fra-

2175 3792 2514 3848 tresinvenit
2549 3791 2836 3855 Dominus.
2865 3791 3133 3854 Jacobum
3177 3791 3452 3860 Zebedaei,
3505 3801 3560 3848 et
3602 3791 3774 3852 Joan-

2174 3901 2300 3941 nem
2337 3884 2558 3942 fratrem
2605 3885 2745 3960 ejus,
2783 3885 2836 3942 in
2869 3885 3119 3942 navicula
3151 3900 3276 3948 cum
3319 3894 3472 3958 patre
3502 3883 3775 3952 Zebedmo

2175 3979 2482 4059 reficientes
2509 3979 2644 4038 retia
2671 3993 2770 4034 sua
2802 3978 3020 4052 (Matth.
3053 3995 3130 4046 tv,
3177 3978 3293 4053 2t).
3340 3981 3486 4054 Quos
3527 3996 3650 4040 cum
3703 3983 3778 4042 si.

2177 4073 2380 4133 militer
2417 4071 2484 4128 ad
2520 4071 2806 4144 Evangelii
2852 4074 3222 4136 ministerium
3257 4086 3632 4146 pravocassel,
3669 4077 3779 4146 pis-

2177 4178 2392 4224 catores
2423 4165 2701 4224 hominum
2737 4165 2992 4224 reddidit.
3045 4168 3100 4226 Si
3134 4168 3254 4246 quis
3283 4184 3414 4242 ergo
3439 4169 3594 4242 juxta
3639 4168 3778 4232 hanc

2176 4259 2458 4319 historiam
2488 4259 2810 4320 consideret
2853 4259 3159 4332 discipulos
3204 4260 3528 4330 Salvatoris,
3575 4271 3633 4320 ut
3673 4261 3776 4322 ha.

2179 4354 2342 4416 beant
2383 4368 2490 4412 non
2520 4353 2695 4412 solum
2727 4354 2961 4430 gratiam
3003 4355 3298 4424 sermonis,
3349 4356 3418 4418 ita
3467 4354 3779 4430 Scriptura.

2179 4465 2300 4510 rum
2327 4449 2540 4508 ratione
2579 4458 2891 4512 contextam
2923 4459 2985 4510 ut
3023 4451 3184 4519 retia,
3215 4467 3336 4524 qua:
3374 4451 3590 4521 possint
3616 4466 3779 4523 super

476 4541 628 4596 firma
657 4548 761 4595 est.
797 4538 924 4595 Sive
952 4537 1022 4592 de
1049 4551 1213 4592 cruce
1267 4535 1484 4596 Domini
1527 4535 1910 4612 praedicatum,
1958 4539 2074 4604 sive
2099 4531 2153 4598 D
2179 4541 2446 4602 humanas
2474 4543 2683 4604 animas
2708 4558 2844 4622 gyro
2872 4542 3096 4604 artificis
3126 4544 3474 4623 superfundi,
3501 4554 3560 4602 et
3589 4545 3778 4608 consi-

475 4633 542 4690 de
564 4633 748 4704 justis,
776 4632 894 4686 sive
923 4629 1238 4703 specialiter
1268 4629 1337 4702 de
1370 4628 1614 4686 Jercmia
1651 4629 1900 4688 volueris
1927 4634 2072 4690 acci-

470 4742 623 4799 pere,
655 4741 762 4780 non
795 4723 1118 4779 abhorrebit
1159 4739 1188 4778 a
1220 4737 1408 4780 sensu.
1436 4721 1607 4800 Plaga
1635 4740 1748 4788 mea
1791 4725 1944 4798 ﬁrma
1972 4737 2070 4796 est,

470 4821 610 4878 unde
635 4819 894 4877 sanabor?
914 4817 978 4876 Et
1005 4817 1261 4875 Salvator
1287 4805 1472 4892 potest
1495 4818 1702 4888 dicere,
1738 4817 1892 4878 Unde
1918 4838 2074 4883 sana-

474 4916 600 4973 bor?
633 4912 1096 4982 resurrectionem
1149 4928 1306 4968 suam
1364 4921 1491 4984 post
1535 4913 1820 4972 clavorum
1854 4929 2070 4972 annun-

547 5046 573 5074 ἰ
604 5035 830 5092 lluetitts
857 5035 933 5090 ait
970 5050 982 5088 :
1018 5031 1164 5090 LXX
1219 5033 1582 5090 reddiderunt
1624 5035 1756 5106 μετὰ
1805 5033 2072 5110 πικρίδων,

473 5133 649 5206 quod,
680 5131 947 5192 I-tebraiee
1009 5139 1098 5206 est
1127 5205 1135 5206 ί
1159 5139 1390 5206 tamen
1412 5113 1549 5206 _‘w_.__
1569 5129 1844 5186 .lnnathan
1909 5137 2074 5206 fimo

475 5183 879 5272 ἶιῖπὲιῖὺῖξὲιὶὲἦ
890 5183 1229 5275 ἷέιτιὶὼὶιίοῖί
1261 5183 1730 5275 ἰάῐῖψίὲζι⁷1ῑέιέόῆζ
1745 5183 1868 5258 eis.
1903 5183 2072 5258 (ait;

474 5279 548 5333 eis
580 5273 907 5348 agrestibus,
923 5277 1226 5346 Cyprianus
1249 5289 1387 5348 eum
1407 5273 1711 5348 piet'idibns,
1743 5275 2076 5348 Ambrosius

477 5366 596 5404 cum
616 5344 990 5413 amaritudine,
1025 5344 1493 5416 quemadmodum
1521 5356 1578 5400 et
1619 5346 1864 5416 plerique
1903 5345 2076 5402 inter-

479 5433 682 5488 pretes.
717 5422 945 5480 itntinus
977 5413 1527 5488 tto-tttitiamOrigenis
1549 5432 1686 5474 χχιιι
1713 5413 2072 5474 ἰιιΝιιιιιθιοε

475 5491 869 5562 interpretatur
899 5489 1282 5548 Mandueabitis
1319 5487 1455 5548 enim
1491 5504 1674 5562 azyma
1717 5505 1834 5544 cum
1877 5491 2076 5546 amari-

481 5561 661 5617 tudine
689 5565 793 5618 sive
826 5563 1023 5631 piri-iis.
1053 5570 1256 5621 οτηηῠ
1284 5561 1539 5630 generale
1571 5575 1768 5621 nomen
1813 5571 1918 5628 ast,
1965 5575 2072 5631 quo

482 5647 665 5696 amara
695 5637 900 5700 omnia,
949 5643 1002 5696 et
1043 5637 1091 5696 si
1139 5646 1266 5694 esus
1307 5631 1514 5694 mentio
1557 5634 1652 5700 sit,
1681 5647 1868 5694 amara
1892 5635 2072 5689 omnia

480 5703 656 5759 edulia
687 5708 1058 5760 continentur.
1110 5705 1164 5760 ld
1215 5712 1398 5759 autem
1447 5705 1533 5764 hi8
1579 5704 1714 5766 locis
1754 5704 1823 5764 ad
1866 5714 2073 5767 certam

481 5775 716 5845 speciem
748 5775 892 5830 LXX
931 5777 1259 5844 interpretes
1293 5786 1621 5832 revocarunt
1646 5775 1880 5854 πικρίδας
1924 5791 2074 5832 nem-

2181 4634 2339 4692 deret
2369 4635 2472 4688 hoc
2503 4635 2678 4706 ipsum
2717 4649 2841 4692 cum
2886 4649 3096 4694 summa
3142 4635 3354 4698 ratione
3386 4635 3533 4706 fidei,
3569 4635 3782 4698 videbit

2180 4727 2456 4806 quomodo
2507 4743 2611 4784 non
2663 4737 2790 4786 tunc
2823 4736 3030 4790 tantum
3060 4729 3333 4797 Salvator,
3375 4731 3546 4811 856
3596 4731 3693 4791 sed
3725 4741 3781 4794 et

2179 4841 2352 4900 usque
2380 4825 2446 4884 ad
2470 4834 2797 4898 przcsentem
2831 4825 2974 4890 diem
3006 4826 3190 4890 mittat
3220 4826 3508 4890 hominum
3538 4828 3778 4902 piscato-

2182 4935 2291 4988 res,
2324 4920 2618 4982 instituens
2657 4935 2751 4978 eos
2781 4919 2993 4982 animas
3034 4919 3274 4982 liberare
3315 4921 3384 4984 de
3427 4920 3586 4988 mari,
3617 4930 3677 4984 et
3715 4935 3784 4980 ex

2180 5054 2266 5112 pe,
2296 5039 2438 5108 quod
2483 5038 2727 5094 deterius
2759 5049 2846 5094 est
2877 5039 3127 5096 Lactucae
3157 5055 3350 5112 genus.
3401 5038 3544 5096 LXX
3591 5051 3780 5097 autem

2180 5110 2548 5186 Hieronymus
2587 5121 2810 5174 secutos
2831 5121 2938 5186 est.

2248 5181 2291 5265 ι),
2317 5181 2516 5265 lterum
2562 5199 2702 5240 unus
2731 5197 2830 5242 ms.
2867 5183 3002 5256 Reg.
3033 5182 3177 5256 apud
3217 5183 3476 5248 Hostium
3504 5185 3676 5248 simile
3701 5202 3782 5242 re-

2179 5263 2430 5324 pertalur.

2257 5337 2278 5366 ε
2335 5327 2454 5400 Pro;
2490 5325 2703 5388 duobus
2747 5327 2897 5400 hisce
2941 5327 3149 5392 verbis.
3193 5329 3472 5390 sententias
3521 5345 3779 5400 premens,

2180 5414 2304 5468 qua:
2333 5413 2396 5453 ex
2428 5398 2653 5469 Rabano
2684 5399 3094 5465 substituimus,
3121 5410 3353 5469 cogente
3399 5398 3553 5468 recto
3592 5417 3781 5468 sensu,

2180 5467 2406 5544 ipsoque
2465 5467 2701 5540 Origene
2755 5469 3072 5544 SerbBlllﬁ,
3128 5471 3156 5532 ὃ
3207 5467 3465 5540 δικαστής
3514 5476 3784 5540 καθέζεται

2175 5539 2408 5623 stringam,
2438 5539 2752 5623 καὶ-τρυφῶν
2785 5543 2835 5598 ἐν
2861 5549 2934 5617 τῷ
2961 5539 3292 5623 δικάστςηρίῳ.
3323 5544 3382 5606 In
3411 5539 3787 5623 anteaﬂulga-

2177 5614 2244 5668 tis
2273 5615 2428 5697 libris
2455 5614 2606 5668 nullo
2629 5614 2797 5674 sensu
2827 5614 2922 5672 aut
2949 5623 3100 5676 certe
3128 5614 3428 5694 incongrue
3465 5614 3779 5690 legebatur,

2179 5702 2492 5762 promtnens.
