4128 6346
463 256 571 320 679

1712 256 1775 318 S.
1813 250 2088 318 EUSEBII
2125 251 2507 318 HIERONYMI

3656 263 3761 323 680

463 376 629 447 mini,
658 374 741 433 sic
778 378 835 433 et
876 371 944 448 inf
967 370 1191 446 reliquis
1220 372 1509 432 subsecuta
1554 380 1672 443 est,
1703 383 1765 431 ut
1805 374 2013 432 diceret
2042 389 2057 428 :
2089 376 2143 439 Α
2168 374 2241 428 cie
2273 373 2397 441 Dei,
2421 382 2469 429 et
2499 372 2743 429 habitavit
2771 375 2827 429 in
2860 380 2997 430 terra
3027 372 3173 430 Naid
3203 372 3357 447 (Gen.
3388 388 3516 444 xu,
3550 374 3663 450 l6).
3703 378 3764 434 Si

467 471 580 543 Ego
610 469 854 542 Angelus
884 467 1132 535 Domini;
1165 467 1263 525 sed
1290 467 1367 525 ait
1398 485 1412 523 :
1441 467 1555 541 Ego
1590 468 1735 524 Deus
1764 467 2060 537 Abraham,

464 572 515 617 et
544 563 683 618 Deus
708 561 885 630 Isaac,
909 570 957 617 et
980 560 1123 617 Deus
1150 560 1316 617 Jacob
1341 561 1541 635 (Exod.
1568 577 1648 630 ut,
1672 561 1748 633 6).
1778 562 1909 617 Erat
1936 575 2065 633 ergo

464 654 539 711 ibi
568 654 713 712 Deus
739 655 794 711 in
825 654 1034 726 Angelo
1060 654 1311 722 visibilis,
1347 664 1403 711 et
1430 670 1528 726 per
1557 652 1801 711 foramen
1826 653 1942 724 ejus
1972 667 2065 725 ap-

464 750 732 823 parebant
752 749 1055 821 posteriora
1078 749 1215 821 ejus.
1241 750 1376 819 Quia
1399 751 1560 822 igitur
1584 748 1765 807 nescis
1793 764 1899 820 quo
1928 756 2067 806 tem-

465 857 598 916 pore
648 844 934 900 mittantur
974 853 1298 912 venatores,
1345 859 1478 899 cave
1535 857 1606 899 ne
1662 840 1951 913 aliquando
1997 841 2065 897 de

466 950 648 1000 monte
673 942 996 1010 descendas,
1022 958 1089 999 ne
1120 943 1396 1014 relinquas
1422 940 1614 1009 colles,
1636 955 1704 996 ne
1724 938 1794 995 de
1815 939 2065 995 cavernis

462 1047 747 1111 petrarum
790 1053 976 1096 exeas.
1011 1037 1068 1095 Si
1106 1037 1252 1094 enim
1294 1036 1426 1092 foris
1456 1035 1628 1091 fueris
1668 1035 1953 1103 inventus,
1979 1031 2064 1087 di-

466 1143 661 1193 centur
690 1135 790 1192 tibi
817 1150 881 1192 ea
912 1149 1035 1207 qua:
1072 1133 1148 1201 ii,
1180 1133 1271 1204 qui
1301 1132 1433 1189 foris
1463 1132 1626 1202 sunt],
1658 1138 1940 1187 merentur
1963 1142 2065 1183 au-

467 1229 586 1288 dire
614 1247 628 1287 :
660 1230 853 1297 Stulte,
874 1228 972 1283 hac
997 1238 1144 1284 nocte
1166 1236 1195 1266 ι
1220 1226 1455 1283 animam
1480 1233 1621 1280 tuam
1649 1232 1877 1294 repetent
1904 1240 1936 1277 a
1966 1230 2013 1277 te
2045 1234 2066 1276 .'

461 1338 580 1397 qua:
606 1331 779 1379 autem
803 1322 999 1396 parasti
1024 1323 1175 1394 cujus
1204 1328 1356 1375 erunt
1400 1318 1556 1391 (Luc.
1585 1332 1681 1383 xu,
1710 1315 1833 1387 20)?
1869 1315 2065 1371 Dicen-

470 1426 556 1474 tur
581 1426 762 1473 autem
788 1416 885 1473 tibi
913 1416 1045 1487 ista,
1084 1415 1131 1472 si
1158 1413 1366 1471 dixeris
1400 1430 1413 1469 :
1450 1411 1728 1467 Destruam
1756 1410 2059 1483 apothecas,

462 1518 511 1565 et
541 1513 769 1583 majores
799 1508 1067 1580 aediﬁcabo
1091 1549 1106 1576 ,
1135 1514 1181 1562 et
1210 1508 1380 1562 dicam
1406 1506 1595 1561 anima:
1624 1519 1749 1560 mea:
1779 1520 1796 1558 :
1826 1502 2017 1558 Anima
2043 1545 2058 1570 ,

461 1602 617 1658 habes
634 1603 766 1658 bona
783 1600 1013 1674 reposita
1031 1600 1086 1654 in
1101 1616 1267 1655 annos
1284 1598 1475 1653 multos
1493 1615 1513 1665 ;
1534 1597 1815 1668 requiesce,
1834 1596 2060 1664 comede,

459 1694 606 1763 bibe,
636 1696 832 1751 laetare.
881 1692 1288 1750 Animadvertis
1328 1691 1397 1749 de
1440 1689 1721 1746 montibus
1749 1697 1806 1745 et
1834 1688 2063 1743 collibus

2166 468 2234 523 ad
2265 467 2530 525 malorum
2571 470 3037 541 comparationem
3067 471 3287 538 venias,
3317 470 3514 527 melius
3546 479 3632 528 est
3666 471 3764 528 ab-

2166 563 2357 620 scondi
2379 579 2410 619 a
2439 562 2578 621 facie
2607 564 2727 633 Dei,
2751 579 2913 636 quam
2944 563 3131 636 fugere
3159 579 3306 621 eum.
3337 564 3394 619 In
3426 565 3535 622 alio
3562 565 3765 636 quippe

2166 656 2519 713 conscientiae
2546 656 2743 713 vulnus
2774 657 3045 715 inﬁictum
3075 657 3193 732 [AL
3219 658 3478 733 inﬁxum]
3504 660 3765 717 tenebras

2167 758 2220 806 et
2246 760 2453 808 secreta
2486 752 2827 824 perquirens,
2861 753 3051 810 levare
3090 754 3280 811 oculos
3314 770 3421 812 non
3466 755 3666 827 patitur
3694 754 3766 812 ad

2124 860 2137 871 ι
2167 842 2387 899 caelum.
2422 844 2479 900 In
2524 846 2632 902 alio
2680 856 2861 927 autem
2893 861 2961 903 ex
2997 846 3379 919 desperatione
3420 858 3542 905 nata
3570 859 3768 907 contu-

2168 938 2344 992 macia
2369 937 2597 1010 negligit
2633 939 2946 995 Dominum.
2982 939 3106 996 Non
3145 956 3199 996 se
3224 941 3603 998 absconderant
3633 958 3767 1015 ergo

2167 1046 2198 1084 a
2219 1031 2353 1101 facie
2383 1047 2515 1097 mea,
2543 1048 2703 1103 neque
2732 1033 3047 1088 abscondita:
3071 1033 3183 1106 [ΑΙ.
3211 1034 3614 1108 absconderant]
3646 1044 3768 1091 sunt

2165 1123 2466 1195 iniquitates
2485 1141 2664 1181 eorum
2686 1138 2867 1182 contra
2883 1127 3060 1183 oculos
3082 1144 3244 1184 meos.
3272 1127 3303 1185 J
3309 1128 3416 1184 usti
3445 1144 3613 1200 super
3632 1145 3769 1201 quas

2167 1216 2463 1287 injustitias
2512 1234 2617 1275 non
2657 1235 2717 1277 se
2760 1219 3167 1277 absconderunt
3209 1236 3240 1277 a
3288 1220 3424 1279 facie
3465 1222 3606 1279 Dei?
3654 1224 3769 1279 Ali-

2167 1309 2385 1380 quando
2414 1310 2636 1368 fuerunt
2661 1312 2716 1369 in
2748 1314 3022 1383 peccatis,
3052 1315 3273 1386 quando
3303 1325 3459 1371 erant
3492 1316 3544 1371 in
3588 1316 3764 1386 mari,

2167 1417 2233 1457 ex
2261 1418 2369 1474 quo
2399 1420 2429 1459 a
2452 1405 2814 1475 piscatoribus
2841 1407 3068 1463 extracti
3092 1417 3241 1464 sunt.
3275 1408 3354 1465 Ne
3382 1409 3566 1481 itaque
3587 1410 3770 1481 suspi-

2167 1505 2385 1563 centur,
2422 1497 2549 1569 quia
2597 1513 2704 1555 non
2749 1515 2816 1555 ex
2847 1499 3228 1557 misericordia
3261 1502 3390 1572 Dei,
3424 1502 3521 1559 sed
3548 1518 3616 1559 ex
3643 1518 3771 1574 pro-

2167 1589 2284 1659 prio
2305 1591 2501 1647 merito
2523 1602 2545 1631 ο
2576 1591 2645 1647 de
2681 1594 2949 1664 profundo
2978 1594 3046 1650 ad
3079 1603 3299 1653 montes
3323 1597 3592 1665 venerint,
3617 1612 3766 1653 com-

2168 1698 2396 1740 monens
2428 1683 2536 1758 [AL
2580 1686 2913 1759 commouet]
2955 1687 3079 1745 illos
3107 1703 3289 1746 sermo
3330 1689 3585 1759 divinus,
3614 1701 3669 1749 et
3713 1692 3770 1749 in

461 1786 923 1845 descendentem?
945 1784 1337 1842 animadvertis
1364 1782 1758 1840 consistentem
1786 1790 1944 1837 extra
1970 1795 2064 1852 pe-
2093 1778 2141 1840 B
2170 1777 2282 1834 illis
2309 1793 2407 1835 nos
2441 1777 2469 1817 ά
2500 1779 2686 1837 delicti
2725 1782 2960 1853 prioris,
3004 1792 3059 1840 et
3089 1783 3297 1841 idcirco
3340 1794 3464 1857 post
3504 1801 3769 1857 prospera

463 1888 562 1938 tra:
587 1880 869 1938 foramen?
895 1878 1169 1953 quomodo
1211 1886 1361 1935 erret
1392 1885 1448 1933 et
1480 1892 1543 1933 ea
1582 1883 1734 1947 putet
1760 1874 1903 1931 bona
1942 1888 2064 1930 esse

459 1990 583 2049 quae
608 1975 757 2032 nulla
777 1984 929 2041 sunt,
961 1972 1151 2030 dicens
1181 1990 1194 2027 :
1222 1971 1411 2027 Dicam
1431 1970 1621 2026 anima:
1648 1984 1773 2024 mea:
1802 1984 1819 2022 :
1848 1966 2057 2036 Anima,

461 2069 620 2127 habes
647 2067 816 2125 multa
845 2068 979 2125 bona
1006 2067 1234 2139 reposita
1260 2082 1279 2123 :
1310 2066 1643 2122 frumentum
1664 2062 1733 2135 {et
1759 2062 2058 2119 ubertatem

460 2162 570 2237 [AL
598 2160 912 2236 utilitatem]
944 2168 1285 2219 terrenorum
1318 2160 1589 2217 fructuum
1618 2172 1741 2214 esse
1767 2157 2060 2213 arbitratus

458 2265 544 2314 est
572 2257 735 2328 bona,
766 2256 1021 2313 nesciens
1050 2254 1175 2327 quia
1209 2268 1338 2310 vera
1367 2254 1509 2309 bona
1539 2267 1644 2308 non
1676 2256 1977 2307 nascuntur
2006 2249 2059 2304 in

455 2348 743 2407 maledicta
772 2356 936 2417 terra,
967 2346 1067 2404 sed
1108 2348 1165 2403 in
1199 2346 1517 2404 cmlestibus
1543 2343 1856 2416 regionibus
1886 2362 1899 2396 :
1936 2342 2060 2398 the-

460 2443 759 2502 saurizavit
778 2441 891 2499 sibi
919 2442 973 2498 in
1005 2450 1175 2510 terra,
1202 2439 1329 2512 quia
1356 2440 1410 2495 in
1442 2448 1591 2517 terra
1620 2452 1743 2494 esse
1771 2437 2058 2493 thesauros

457 2540 751 2597 arbitratus
772 2545 878 2595 est.
904 2535 962 2594 Si
986 2534 1111 2608 quis
1134 2543 1340 2601 autem,
1369 2532 1579 2589 sublata
1603 2546 1788 2601 cruce,
1815 2530 2059 2603 sequitur

458 2634 749 2692 Dominum
791 2632 998 2701 Iesum,
1027 2639 1084 2687 et
1131 2624 1460 2687 thesaurizat
1504 2627 1608 2683 sibi
1653 2627 1708 2682 in
1747 2626 1918 2693 caelo,
1949 2640 2057 2682 non

460 2730 659 2787 dicitur
687 2729 738 2785 ei
769 2744 788 2783 :
820 2727 1012 2793 Stulte,
1043 2726 1140 2781 hac
1170 2733 1318 2780 nocte
1342 2724 1570 2779 animam
1600 2730 1742 2777 tuam
1770 2729 1997 2795 repetent
2024 2738 2058 2775 a

461 2831 512 2877 te
538 2839 559 2878 :
590 2821 687 2879 sed
714 2821 996 2877 venientes
1025 2817 1355 2885 venatoresl,
1383 2825 1439 2873 et
1463 2823 1776 2888 quaerentes
1802 2813 2057 2869 animalia

455 2915 525 2974 de
580 2913 897 2984 montibus,
926 2912 996 2970 de
1049 2912 1302 2980 collibus,
1349 2910 1421 2967 de
1473 2910 1723 2967 cavernis
1750 2917 2053 2980 petrarum,

461 3011 629 3069 etiam
669 3010 821 3067 illum
849 3022 971 3065 cum
1003 3007 1083 3065 eis
1122 3006 1323 3078 pariter
1360 3004 1627 3075 accipient
1666 3003 1737 3060 de
1765 3003 2055 3059 venatione

460 3104 715 3174 sublimi,
744 3111 801 3161 et
828 3102 893 3159 ad
925 3099 1244 3159 sublimiora
1276 3098 1628 3156 beatitudinis
1658 3111 1825 3169 regna
1865 3105 2053 3168 porta-

2165 1881 2328 1944 atque
2353 1873 2553 1942 felicia,
2575 1876 2749 1931 tristia
2774 1874 3015 1933 inferens
3045 1876 3152 1951 [AL
3179 1877 3368 1951 infert]
3390 1878 3556 1935 dicit:
3584 1879 3769 1953 Neque

2165 1965 2486 2022 absconditce
2512 1976 2633 2022 sunt
2655 1968 2955 2040 iniquitates
2982 1986 3162 2025 eorum
3188 1979 3371 2027 contra
3398 1971 3577 2028 oculos
3607 1990 3764 2029 meos.

2163 2060 2295 2130 Quae
2325 2071 2626 2134 sequuntur
2670 2063 3044 2122 difﬁcultatem
3089 2066 3248 2123 nobis
3296 2067 3767 2139 interpretationis

2162 2154 2427 2225 objiciunt
2451 2174 2464 2213 :
2493 2155 2609 2213 sive
2634 2159 2782 2213 enim
2815 2158 3183 2232 intelligamus
3204 2175 3272 2217 ea
3299 2160 3581 2219 cohaerere
3602 2177 3767 2234 supe-

2162 2248 2417 2317 rioribus,
2449 2249 2810 2307 nihilominus
2835 2253 2904 2309 de
2935 2254 3307 2311 retribueudis
3333 2255 3618 2327 suppliciis
3639 2271 3763 2326 per-

2164 2340 2499 2399 timescimus
2539 2361 2553 2399 :
2585 2345 2700 2401 sive
2733 2344 2948 2402 videtur
2975 2362 3082 2403 non
3116 2347 3327 2406 haerere
3355 2364 3477 2406 cum
3515 2350 3764 2421 superio-

2160 2435 2334 2507 ribus,
2369 2452 2490 2508 qua':
2524 2438 2593 2495 de
2619 2438 2985 2510 piscatoribus
3012 2452 3066 2499 et
3096 2444 3453 2501 venatoribus
3481 2444 3716 2500 diximus
3740 2486 3758 2515 ,

2160 2537 2215 2584 et
2250 2528 2330 2585 sic
2355 2544 2461 2586 nou
2504 2532 2778 2589 modicum
2820 2535 2981 2591 nobis
3016 2540 3327 2609 scrupulum
3368 2549 3655 2609 generant.
3691 2539 3761 2593 Et

2159 2624 2440 2679 retribuam
2480 2625 2587 2680 illis
2620 2628 2845 2697 primum
2876 2628 3112 2700 duplices
3148 2632 3431 2701 injustitias
3467 2646 3679 2699 eorum;
3706 2642 3761 2687 et

2158 2728 2369 2790 peccata
2410 2720 2641 2791 ipsorum
2688 2723 2744 2777 in
2792 2724 2975 2794 quibus
3031 2727 3514 2782 contaminaverunt
3568 2736 3758 2783 terram

2158 2829 2344 2883 meam,
2367 2814 2422 2868 in
2447 2815 2730 2895 morticinis
2752 2816 3195 2874 abominationum
3223 2837 3459 2889 suarum,
3486 2830 3535 2877 et
3564 2822 3758 2892 iniqui-

2156 2908 2347 2962 tatibus
2390 2910 2529 2976 suis,
2571 2910 2753 2981 quibus
2809 2911 3150 2984 impleverunt
3193 2914 3548 2971 htereditatem
3590 2932 3758 2972 meam

2158 2999 2405 3071 (Jerem.
2467 3020 2594 3071 xvr,
2656 3006 2766 3077 18).
2818 3007 2972 3075 Quod
3023 3008 3137 3077 ait,
3184 3010 3446 3080 primum,
3494 3011 3608 3066 sive
3647 3025 3756 3065 non

2157 3093 2543 3167 intelligentes,
2576 3098 2793 3169 quidam
2841 3100 2989 3172 quod
3046 3102 3306 3173 scriptum
3350 3113 3471 3170 est,
3513 3105 3756 3160 abstule-

459 3200 617 3257 bunt.
651 3172 787 3266 Quia
829 3197 965 3253 oculi
992 3196 1091 3250 mei
1128 3210 1284 3267 super
1326 3210 1503 3249 omnes
1540 3193 1649 3248 uias
1687 3208 1869 3248 eorum
1899 3191 2047 3264 (Jer.
2075 3172 2121 3235 C
2153 3197 2280 3243 runt
2324 3207 2337 3242 :
2380 3190 2494 3246 sive
2548 3190 2900 3264 Septuaginta
2952 3172 3313 3266 interpretes,
3371 3198 3512 3254 sicut
3543 3206 3598 3254 et
3652 3210 3758 3254 ca:-

460 3310 575 3364 xvr,
605 3293 722 3366 17).
749 3293 924 3364 Super
951 3305 1143 3348 omnes
1171 3289 1289 3347 vias
1314 3288 1625 3347 istiusmodi
1653 3288 1933 3343 hominum
1963 3286 2055 3357 qui

460 3392 517 3447 in
543 3388 821 3447 montibus
846 3394 1268 3453 conversantur,
1302 3385 1357 3441 in
1386 3382 1632 3455 {collibus
1661 3381 1975 3448 ambulant,
2000 3380 2053 3435 in

459 3490 709 3547 cavernis
734 3485 981 3542 habitant
1002 3492 1300 3555 petrarum,
1324 3480 1491 3537 habet
1517 3479 1709 3536 oculos
1736 3478 1901 3535 Deus.
1931 3476 2056 3531 Non

458 3599 514 3640 se
540 3580 916 3639 absconderant
945 3596 978 3633 a
1004 3578 1136 3650 facie
1164 3593 1298 3632 mea.
1331 3575 1432 3643 Qui
1464 3574 1640 3631 sancti
1666 3581 1824 3642 sunt,
1855 3587 1964 3627 non
1995 3586 2057 3627 se

460 3674 803 3734 abscondunt
836 3688 868 3729 a
907 3671 1047 3729 facie
1074 3670 1203 3735 Dei;
1248 3670 1336 3739 qui
1364 3675 1546 3724 autem
1575 3665 1794 3737 injusti,
1817 3664 2054 3720 abscon-

460 3772 663 3830 duntur
690 3785 721 3825 a
748 3767 892 3825 facie
919 3766 1060 3838 ejus.
1094 3765 1265 3822 Adam
1283 3772 1410 3836 post
1432 3759 1922 3832 transgressionem
1945 3772 2057 3814 cce-

459 3865 613 3923 lestis
637 3862 878 3921 mandati
905 3861 1104 3916 audivit
1124 3874 1297 3915 vocem
1323 3857 1535 3912 Domini
1566 3855 1662 3910 Dei
1680 3852 2055 3909 deambulantis

458 3954 961 4034 in860paradiso
986 3962 1100 4028 post
1124 3952 1412 4018 meridiem,
1443 3959 1489 4005 et
1517 3947 1782 4006 abscondit
1810 3963 1865 4002 se
1896 3943 2050 4019 (Gen.

457 4068 540 4124 tu,
572 4052 651 4125 8).
698 4051 930 4109 Sanctus
960 4049 1063 4105 hoc
1093 4062 1200 4103 non
1244 4044 1411 4115 facit,
1445 4044 1542 4101 sed
1581 4040 1916 4099 conscientia
1966 4054 2055 4094 ac-

460 4157 613 4205 tuum
641 4159 865 4203 suorum
895 4141 1063 4199 habet
1087 4139 1341 4195 ﬁduciam
1372 4137 1439 4192 ad
1484 4136 1592 4210 [AL
1628 4133 1791 4206 apud]
1836 4133 2007 4189 Deum
2039 4149 2053 4186 :

364 4256 367 4257 '
462 4241 525 4298 Si
563 4243 701 4296 enim
737 4236 1049 4293 conscientia
1082 4249 1178 4288 nos
1211 4248 1315 4287 non
1360 4228 1775 4302 reprehenderit,
1808 4226 2055 4297 fiduciam

457 4332 703 4389 habemus
730 4330 798 4385 ad
826 4326 1030 4395 Deum,
1061 4334 1108 4381 et
1135 4324 1494 4397 quodcumque
1536 4320 1834 4395 petierimus
1853 4360 1867 4386 ,
1911 4319 2057 4373 acci-

457 4430 652 4502 piemus
680 4426 743 4482 ab
764 4443 821 4481 eo
850 4423 1068 4499 (Iloan.
1092 4436 1183 4489 ut,
1209 4420 1329 4493 21).
1355 4418 1558 4475 Verum
1582 4416 1778 4485 Adam,
1806 4417 2053 4488 quamvis

458 4518 797 4593 peccaverit,
846 4525 1029 4573 tamen
1074 4530 1189 4572 non
1233 4528 1405 4585 usque
1446 4511 1567 4586 [AL
1623 4509 2051 4584 usquequaque]

454 4615 524 4673 ad
560 4613 860 4687 perfectam
890 4613 1152 4669 malitiam
1200 4624 1358 4667 mens
1403 4609 1521 4680 ejus
1550 4608 1758 4665 corruit
1785 4607 1894 4681 [AL
1928 4623 2051 4665 cor-

454 4708 688 4783 ruerat],
722 4718 776 4766 et
817 4707 943 4764 ideo
989 4707 1292 4764 absconsus
1337 4702 1446 4777 [AL
1488 4700 1859 4776 absconditus]
1888 4711 1970 4758 est
2018 4717 2049 4757 a

452 4803 594 4863 facie
618 4802 736 4862 Dei.
759 4801 788 4843 ι)
815 4800 951 4859 Cum
982 4812 1163 4859 autem
1199 4798 1441 4873 peccavit
1473 4798 1831 4870 impiissimus
1859 4796 2046 4853 fratri-

454 4900 613 4972 cida',
642 4896 1065 4956 animadvertite
1093 4894 1222 4967 quid
1248 4893 1443 4951 fecerit
1475 4912 1489 4949 :
1517 4892 1773 4965 Egressus
1804 4899 1878 4947 est
1910 4908 1943 4947 a
1969 4892 2049 4965 fa-

525 5094 555 5126 ι
575 5082 930 5143 Cohaerenter
959 5078 1028 5135 ad
1055 5075 1306 5136 Graecum
1339 5084 1569 5148 textum,
1602 5088 1661 5134 ut
1685 5079 1753 5135 ab
1782 5079 1901 5150 ipso
1927 5078 2043 5135 lau-

456 5160 615 5219 datur
633 5155 895 5228 Origenej
917 5153 1321 5228 ignotissimum
1349 5151 1531 5226 ψυχήν
1558 5173 1656 5208 σου
1686 5152 1789 5208 ἀπὸ
1817 5159 1935 5217 σοῦ,
1958 5166 2047 5207 re-

453 5224 1068 5305 posuimus'exitabani
1095 5224 1617 5305 lection_e,_'animam
1648 5232 1791 5305 tuam
1816 5231 2045 5305 repetent

454 5295 488 5360 a
515 5313 562 5360 te
584 5317 603 5358 :
624 5296 1081 5371 quemadmodum
1103 5297 1336 5371 recurrit
1358 5295 1446 5351 hic
1468 5299 1617 5352 locus
1638 5304 1693 5351 et
1716 5296 1875 5371 paulo
1898 5303 2040 5365 post.

452 5375 516 5434 In
555 5367 716 5430 antea
742 5369 978 5441 vulgatis
1007 5377 1159 5435 erat,
1190 5368 1369 5422 anima
1395 5377 1485 5423 tua
1532 5378 1740 5439 repente
1775 5367 2043 5436 auferetur

450 5464 485 5521 α
510 5453 916 5575 ιε’(ὶοηείηηίον
955 5508 1166 5567 Rabani
1201 5511 1368 5568 lectio
1396 5512 1668 5576 videatur,
1704 5508 1835 5567 Cum
1874 5520 2047 5566 autem

454 5591 791 5663 impiissimus
821 5582 1099 5663 fratricida
1124 5582 1488 5663 animadvertit
1508 5584 1633 5663 quid
1649 5583 1852 5663 [eceriL
1885 5600 2051 5663 egres-

455 5654 547 5720 sus
581 5673 679 5731 est,
710 5654 832 5718 etc.'
855 5659 915 5715 lu
959 5669 1094 5712 mss.
1127 5671 1271 5731 vero
1298 5656 1432 5729 Reg.
1452 5654 1611 5731 [apud
1648 5654 1937 5731 iluetium,
1971 5654 2049 5711 Tu

455 5742 651 5811 autem,
665 5726 1010 5811 impiissimus
1038 5728 1338 5801 parricida,
1370 5726 1742 5801 animadverte,
1766 5728 1891 5801 quid
1912 5729 2049 5800 [ece—

452 5808 548 5879 rit,
566 5807 852 5867 mendose.

2116 3650 2117 3653 η
2158 3575 2394 3645 positum
2447 3593 2461 3631 :

2160 3292 2297 3349 tera,
2366 3285 2661 3342 secundum
2715 3286 3183 3360 dispensationem
3240 3308 3394 3348 suam
3450 3293 3614 3365 861
3660 3307 3758 3348 au-

2158 3379 2299 3435 ferre
2334 3389 2357 3417 ο
2387 3380 2711 3448 voluerunt,
2744 3382 2888 3440 Deus
2918 3385 3133 3442 viderit.
3184 3383 3295 3443 Nos
3356 3388 3516 3443 istum
3572 3380 3753 3444 locum

2157 3492 2279 3534 cum
2347 3481 2563 3536 caeteris
2629 3480 2961 3538 editionibus
3043 3482 3387 3540 conferentes
3441 3482 3751 3540 invenimus

2522 3575 2589 3631 Et
2636 3576 2914 3632 retribuam
2970 3579 3079 3635 illis
3139 3580 3363 3652 primum
3409 3580 3637 3653 duplices
3665 3581 3751 3634 in-

2154 3671 2385 3740 iustitias
2406 3689 2583 3728 eorum
2612 3689 2631 3729 :
2659 3683 2718 3729 ut
2740 3674 3061 3732 ostendatur
3089 3676 3216 3748 quia
3245 3676 3347 3732 etsi
3379 3690 3446 3732 ex
3474 3676 3749 3747 posterio-

2156 3765 2310 3821 ribus
2348 3765 2508 3822 factis
2539 3766 2684 3838 digni
2716 3767 2894 3825 eﬁ‘ecti
2920 3778 3047 3825 sunt
3075 3769 3415 3825 beatitudine
3447 3768 3541 3824 Dei
3568 3810 3584 3838 ,
3612 3778 3751 3825 atta-

2156 3876 2280 3917 men
2306 3862 2429 3931 quia
2460 3862 2754 3932 aliquaudo
2780 3872 3157 3934 peccaverunt
3183 3904 3197 3931 ,
3241 3871 3299 3919 et
3329 3861 3580 3919 humanis
3605 3862 3753 3918 vitiis

2159 3970 2265 4011 non
2292 3956 2585 4022 carebant,
2608 3956 2839 4027 primum
2867 3966 3085 4029 oportet
3106 3972 3204 4015 eos
3243 3959 3489 4029 recipere
3525 3972 3624 4013 sua
3653 3956 3752 4013 (ιρι

2158 4049 2307 4105 licta.
2338 4049 2405 4105 Et
2428 4050 2551 4106 vide
2590 4051 2635 4107 si
2661 4067 2768 4107 non
2799 4067 2930 4108 vera
2957 4052 3028 4107 sit
3049 4052 3222 4121 ratio,
3253 4051 3375 4123 quis
3400 4061 3627 4123 peccata
3644 4066 3753 4107 non

2157 4145 2399 4214 recipit?
2428 4160 2627 4216 nempe
2664 4145 2756 4201 ille
2778 4147 2871 4217 qui
2908 4155 3033 4217 post
3070 4144 3446 4202 credulitatem
3472 4146 3755 4216 etbaptis-

2158 4254 2304 4297 mum
2334 4237 2567 4295 audierit
2587 4238 2879 4295 Dominum
2902 4238 3174 4296 dicentem
3203 4254 3219 4295 ε
3258 4237 3491 4294 Dimissa
3518 4248 3636 4293 sunt
3654 4238 3755 4297 tibi

2158 4340 2367 4402 peccata
2387 4330 2605 4404 (Matth.
2636 4347 2689 4386 ιχ
2709 4374 2723 4400 ,
2750 4332 2817 4399 2;
2847 4329 3006 4388 Joan.
3038 4348 3153 4399 vui,
3176 4332 3268 4404 11)
3291 4374 3305 4399 ,
3338 4347 3438 4388 nec
3456 4328 3601 4388 'ultra
3627 4347 3755 4403 pcc-

2156 4423 2368 4479 caveris
2398 4422 2505 4496 [AL
2539 4424 2889 4497 peccaverit].
2921 4424 2978 4481 Si
3017 4433 3196 4481 autem
3231 4425 3660 4496 postlavacrum
3693 4432 3752 4480 et

2160 4514 2376 4572 veniam
2409 4516 2728 4574 delictorum
2763 4533 2954 4574 rursus
2979 4518 3046 4573 ad
3078 4518 3334 4589 pristinas
3354 4518 3546 4575 sordes
3582 4516 3752 4573 fueri-

2153 4625 2276 4667 mus
2318 4612 2554 4680 reversi,
2588 4620 2642 4667 et
2669 4610 2845 4668 adhuc
2875 4610 3201 4683 imperfecto
3228 4627 3393 4669 sensu
3426 4612 3497 4668 ab
3529 4620 3749 4683 aposto-

2153 4703 2329 4759 lorum
2372 4702 2616 4774 vestigiis
2659 4702 2983 4760 recedentes
3008 4745 3022 4769 ,
3055 4711 3150 4759 aut
3178 4704 3379 4775 injusta
3416 4703 3749 4775 gesserimus

2152 4799 2354 4870 aliqua,
2373 4805 2633 4854 autcerte
2654 4798 2708 4853 in
2730 4797 2846 4869 ipsa
2864 4797 3072 4870 justitia
3102 4797 3213 4854 sint
3232 4798 3408 4870 aliqua
3436 4797 3603 4853 mixta
3635 4795 3745 4866 [AL

2152 4892 2302 4967 nata]
2324 4900 2565 4965 peccata,
2591 4892 2720 4965 quid
2739 4893 2896 4950 nobis
2914 4892 3426 4951 ﬁatconsideremus
3447 4936 3463 4962 ,
3490 4900 3749 4948 utrumne
3816 4922 3819 4923 ν

2228 5089 2251 5118 ο
2283 5077 2459 5151 Voces
2482 5119 2498 5145 ,
2528 5078 2591 5133 de
2616 5078 2887 5151 profundo
2908 5118 2922 5145 ,
2946 5093 3016 5151 ex
3042 5076 3252 5132 Rabani
3284 5083 3473 5132 vetere
3505 5072 3747 5151 lectione

2147 5158 2203 5206 et
2231 5165 2363 5206 mss.
2395 5150 2581 5224 Begiis
2610 5145 2772 5224 apud,
2796 5150 3047 5206 Huetium
3072 5192 3087 5217 ,
3119 5164 3225 5205 non
3259 5154 3524 5205 renuente
3549 5145 3743 5202 Grazco

2149 5230 2295 5277 textu
2319 5222 2647 5280 suﬁ‘ecimus.

2217 5293 2245 5333 ἀ
2279 5294 2470 5350 Denuo
2508 5312 2570 5351 ex
2597 5293 2804 5351 Rabani
2824 5293 3068 5351 'lectione
3099 5291 3415 5349 sull‘ecimus
3435 5290 3525 5347 hic
3545 5290 3706 5346 verba
3726 5330 3741 5356 ,

2152 5366 2323 5456 delicti
2349 5370 2558 5456 prioris,
2581 5367 2725 5440 quod
2748 5376 2803 5424 et
2816 5366 3077 5439 Origenes
3101 5367 3345 5437 scripsit,
3366 5372 3467 5422 τῶν
3485 5363 3745 5442 προτέρων

2152 5443 2555 5516 ἁμαρτημάτων.

2210 5507 2443 5571 ei'lie'se
2474 5511 2864 5584 lnterpretibus
2890 5509 3037 5584 LXX
3072 5522 3262 5581 parum
3294 5523 3509 5584 arquum
3533 5507 3748 5584 praebet

2156 5583 2559 5658 Hieronymus;
2590 5580 2839 5658 quodque
2888 5580 3125 5649 mireris,
3166 5598 3289 5638 cum
3312 5580 3407 5658 eos
3438 5580 3505 5637 ad
3530 5580 3745 5658 libitum

2158 5659 2340 5714 omnia
2364 5650 2433 5714 ἐι
2478 5650 2680 5715 temere
2708 5650 3051 5727 [detruncare
3104 5650 3745 5727 conqueriturtorigeni

2160 5732 2280 5800 ipse
2327 5731 2503 5787 aliena
2534 5742 2589 5787 et
2617 5722 2799 5800 spuria
2826 5727 3059 5799 afﬁnxit,
3107 5722 3271 5785 voces
3292 5726 3415 5783 illas
3453 5722 3744 5781 nimirum:

2160 5803 2295 5860 sicut
2320 5811 2371 5859 et
2396 5813 2610 5862 aeterm.
2643 5801 2907 5859 Haemus.
