4128 6346
340 248 449 307 681

919 250 1356 312 TRANSLATIO
1398 253 1835 314 llOMlLlARUM
1874 250 2202 311 ORIGENIS
2243 254 2309 312 IN
2346 254 2719 315 JEREMIAM:
2762 258 2932 319 HOM.
2974 262 3092 321 XII.

3527 268 3633 327 632

340 366 693 439 egredientes
723 369 792 427 de
813 374 1071 442 praesenti
1091 375 1294 431 saeculo
1318 421 1332 445 ,
1368 376 1411 430 si
1433 376 1784 433 habuerimus
1809 376 1937 431 vitia
1963 375 2011 435 Α
2043 373 2109 429 ad
2152 374 2531 444 paenitentiam
2587 388 2980 437 convertuntur
3008 424 3021 449 ,
3066 380 3351 451 Scriptura
3390 382 3634 444 dicente:

336 462 427 517 vel
474 464 695 521 virtutes
726 509 739 535 ,
774 470 1099 536 recipiemus
1134 487 1231 541 pro
1263 473 1550 529 virtutibus
1593 474 1849 544 praemia,
1880 482 1934 528 et

332 553 681 614 dimittentur
722 561 880 616 nobis
911 577 976 618 ea
1022 580 1142 634 quae
1176 564 1413 621 scientes
1447 568 1829 637 peccavimus;
1864 582 1931 623 an

329 648 641 719 plectemur
668 667 767 723 pro
796 654 1013 711 delictis
1041 697 1055 721 ,
1102 672 1278 728 neque
1326 658 1657 728 recipiemus
1708 660 1931 730 praemia

336 760 445 815 pro
476 746 787 804 virtutibus.
808 750 913 807 Sed
935 760 1186 807 neutrum
1213 754 1404 808 horum
1437 771 1624 810 verum
1666 765 1770 821 est,
1806 756 1930 826 quia

335 846 397 893 et
424 855 524 910 pro
563 844 799 911 peccatis
833 845 1239 915 torquebimur,
1270 855 1325 902 et
1353 862 1451 918 pro
1473 848 1679 918 justitia
1706 849 1932 919 recipie-

330 947 465 987 mus
487 937 707 1003 praamia
736 952 853 1007 qua:
875 954 1167 994 meremur.
1201 939 1256 995 Si
1290 940 1430 994 enim
1463 949 1585 1011 post
1614 939 1931 997 fundamen-

338 1037 459 1083 tum
489 1030 619 1086 Jesu
657 1030 860 1087 Christi
888 1076 903 1101 ,
948 1051 1055 1089 non
1084 1035 1263 1090 solum
1294 1036 1347 1091 in
1387 1045 1478 1093 tuo
1503 1037 1669 1094 corde
1690 1054 1882 1094 aurum
1910 1083 1925 1108 ,

324 1132 390 1179 et
411 1136 693 1195 argentum
721 1172 735 1197 ,
760 1136 814 1184 et
846 1127 1078 1198 lapidem
1103 1132 1403 1201 pretiosum
1424 1131 1489 1201 (si
1530 1142 1711 1188 tamen
1760 1133 1929 1190 habes

321 1216 539 1287 aliquid
569 1221 685 1275 auri
715 1221 799 1277 vel
830 1222 1081 1294 argenti)
1128 1226 1698 1296 supermdificaveris;
1733 1244 1924 1284 verum

320 1318 384 1364 et
406 1310 575 1381 ligna,
603 1310 783 1368 fenum
803 1357 816 1377 ,
874 1324 927 1370 et
956 1316 1212 1386 stipulam
1232 1362 1246 1387 ,
1279 1319 1408 1389 quid
1440 1320 1534 1374 tibi
1559 1322 1639 1375 vis
1662 1321 1777 1377 fieri
1802 1337 1925 1377 cum

318 1405 510 1459 anima
524 1407 770 1477 sejuncta
789 1408 897 1483 [ΑΙ.
928 1410 1176 1485 seducta]
1202 1411 1365 1468 fuerit
1391 1429 1418 1467 α
1441 1416 1715 1485 corpore?
1747 1426 1922 1470 utrum

317 1516 455 1556 nam
486 1501 697 1573 ingredi
730 1504 782 1558 in
814 1517 1002 1561 sancta
1033 1523 1155 1562 cum
1189 1507 1350 1578 lignis
1383 1509 1517 1574 tuis,
1550 1524 1673 1564 cum
1721 1508 1844 1565 feno
1871 1521 1926 1565 et

316 1594 527 1665 stipula
554 1639 569 1664 ,
603 1604 661 1652 ut
691 1595 799 1670 [Al.
829 1598 905 1671 et]
938 1599 1153 1669 polluas
1182 1616 1409 1671 regnum
1447 1600 1571 1657 Dei:
1602 1618 1668 1655 an
1702 1609 1924 1672 propter

314 1687 534 1762 lignum
560 1733 574 1757 ,
610 1692 815 1759 fenum,
862 1704 917 1750 et
946 1694 1204 1765 stipulam
1248 1694 1381 1751 foris
1425 1695 1710 1751 residere?
1740 1705 1795 1751 et
1823 1710 1922 1767 pro

2044 468 2126 524 Ne
2152 471 2467 541 imprOperes
2494 472 2604 526 viro
2633 478 2937 532 convertenti
2966 496 2999 531 a
3026 478 3245 548 peccatis
3271 475 3497 545 (Eccles.
3521 496 3635 547 vni,

2038 561 2114 635 6).
2152 563 2497 636 Opprobrium
2547 584 2650 621 non
2681 572 2875 639 accepit
2902 573 3145 627 adversus
3176 575 3442 644 proximos
3474 593 3594 631 suos
3619 593 3635 629 :

2036 660 2105 711 ad
2147 659 2370 713 nihilum
2411 661 2659 716 deductus
2690 675 2764 717 est
2809 665 2864 719 in
2909 678 3181 740 conspectu
3220 671 3330 740 ejus
3360 671 3641 741 malignus,

2035 753 2268 809 timentes
2307 764 2479 809 autem
2526 756 2809 813 Dominum
2836 762 3133 834 magniﬁcat
3175 762 3293 835 (Ps.
3343 781 3457 832 xxv,
3492 764 3634 837 5-4).

2034 842 2232 901 Omnes
2264 846 2426 917 igitur
2452 848 2781 919 quicumque
2811 851 3093 907 materiam
3124 852 3270 908 illius
3300 855 3441 926 ignis
3464 855 3636 912 liabe-

2033 953 2156 996 mus
2179 941 2230 995 in
2254 942 2431 1008 nobis,
2450 944 2683 1013 primum
2715 945 3041 1014 recipiemus
3072 956 3264 1003 nostra
3282 948 3497 1004 delicta.
3526 948 3635 1005 Sed

2031 1033 2177 1091 dicet
2197 1036 2331 1091 mihi
2357 1037 2556 1108 aliquis
2583 1037 2651 1095 de
2678 1040 3029 1097 audientibus
3048 1082 3061 1107 ,
3085 1058 3304 1113 expone
3335 1053 3388 1100 et
3411 1044 3462 1100 id
3487 1044 3635 1115 quod

2030 1128 2308 1198 sequitur:
2344 1128 2591 1200 Duplices
2639 1133 2925 1205 injustitias
2956 1151 3155 1190 eorum.
3216 1136 3348 1193 Esto
3378 1138 3585 1209 quippe
3615 1181 3631 1208 ,

2032 1220 2237 1291 recipio
2264 1236 2382 1277 mea
2428 1221 2535 1295 [Al.
2571 1224 2816 1293 recipere
2849 1225 2958 1299 me]
2993 1236 3237 1297 peccata,
3268 1241 3325 1283 ut
3351 1231 3633 1301 complea-

2033 1321 2119 1366 tur
2149 1313 2201 1367 id
2230 1315 2373 1383 quod
2424 1314 2491 1370 ab
2520 1315 2784 1385 Apostolo
2824 1318 3025 1373 dictum
3059 1329 3179 1375 est:
3217 1321 3280 1376 Si
3306 1324 3457 1393 cujus
3503 1340 3633 1395 apus

2027 1408 2230 1474 arserit,
2266 1408 2627 1464 detrimentum
2654 1413 2880 1480 patietur
2901 1430 2917 1467 :
2940 1415 3046 1486 ipse
3075 1424 3246 1468 autem
3273 1417 3437 1488 863
3461 1418 3636 1472 salvus

2028 1499 2162 1569 erit,
2197 1502 2271 1556 sic
2302 1511 2468 1556 tamen
2496 1505 2645 1575 quasi
2667 1521 2759 1577 per
2802 1508 2970 1580 ignem
3004 1508 3047 1579 (Ι
3078 1508 3197 1563 Cor.
3229 1524 3322 1577 ιιι,
3358 1510 3449 1581 15)
3480 1530 3492 1564 :
3535 1528 3633 1566 cur

2025 1606 2155 1648 vero
2203 1593 2440 1664 duplicia
2483 1598 2691 1666 recipio
2725 1600 2992 1667 peccata?
3032 1599 3133 1655 Cui
3183 1602 3631 1671 reSpondendum

2025 1696 2139 1753 est,
2169 1687 2296 1757 quia
2327 1705 2498 1744 servus
2547 1690 2633 1761 qui
2684 1692 2777 1746 scit
2808 1693 3128 1747 voluntatem
3177 1693 3395 1749 Domini
3424 1697 3507 1750 sui
3533 1741 3547 1765 ,
3582 1706 3633 1752 et

316 1796 485 1849 auro,
516 1796 763 1855 argento,
796 1795 851 1842 et
877 1787 1058 1857 lapide
1088 1788 1326 1857 pretioso
1366 1789 1499 1845 nihil
1534 1790 1802 1847 mercedis
1830 1807 1920 1847 ac-

2026 1798 2128 1837 non
2147 1784 2274 1856 facit
2312 1800 2444 1849 eam,
2481 1785 2651 1856 plagis
2672 1785 2939 1857 vapulabit
2967 1788 3144 1842 multis
3171 1788 3324 1857 (Luc.
3353 1806 3423 1846 xu
3448 1835 3463 1859 ,
3500 1790 3626 1861 ωε

318 1876 550 1947 cipere?
580 1878 687 1934 Sed
738 1895 912 1951 neque
958 1881 1061 1937 hoc
1107 1897 1320 1953 aequum
1348 1891 1449 1938 est.
1485 1883 1623 1949 Quid
1646 1884 1810 1954 igitur
1840 1899 1925 1940 se-

314 1970 534 2041 quitur,
564 1970 666 2027 nisi
690 1982 747 2026 ut
775 1973 1005 2044 primum
1036 1985 1261 2046 propter
1281 1976 1422 2048 ligna
1450 1976 1594 2048 ignis
1620 1978 1714 2033 tibi
1738 1978 1917 2046 detur,

310 2065 415 2134 qui
455 2075 744 2121 consumat
789 2067 993 2137 lignum
1020 2112 1034 2137 ,
1072 2067 1256 2125 fenum
1280 2112 1294 2136 ,
1324 2071 1410 2126 vel
1442 2073 1734 2141 stipulam?
1777 2073 1918 2128 Deus

308 2158 520 2229 quippe
560 2170 747 2216 noster
790 2161 932 2231 apud
978 2178 1073 2220 eos
1117 2165 1209 2234 qui
1245 2176 1473 2235 possunt
1504 2167 1810 2239 intelligere
1838 2169 1921 2224 di-

306 2254 479 2317 vina,
532 2254 671 2325 ignis
719 2254 923 2312 dicitur
960 2273 1083 2313 esse
1130 2272 1483 2315 consumens.
1518 2261 1733 2316 Etcum
1773 2262 1920 2317 dicat

307 2346 585 2417 prOpheta
612 2366 625 2402 :
661 2348 800 2404 Deus
830 2362 1004 2406 noster
1022 2352 1156 2426 ignis
1185 2370 1490 2410 consumens
1523 2365 1597 2410 est
1629 2356 1812 2428 (Deut.
1843 2373 1915 2425 ιγ,

303 2437 417 2504 24;
473 2439 637 2496 Hebr.
671 2458 770 2512 xu,
802 2442 898 2516 29)
923 2485 939 2512 ,
975 2462 1082 2502 non
1132 2449 1385 2518 apposuit
1415 2449 1540 2521 quid
1589 2459 1915 2521 consumat,

304 2535 413 2591 tibi
436 2536 819 2605 derelinquens
845 2540 915 2595 de
943 2542 1403 2599 manifestioribus
1435 2545 1790 2601 intellectum.
1814 2545 1916 2602 Neo

304 2642 421 2698 que
434 2630 579 2683 enim
600 2629 827 2703 862M
855 2633 997 2702 quod
1016 2634 1084 2688 ad
1114 2636 1408 2705 imaginem
1423 2646 1477 2692 et
1496 2637 1914 2693 similitudinem

304 2735 471 2776 suam
504 2735 789 2791 permanet
818 2762 834 2792 ,
869 2724 1007 2797 ignis
1044 2726 1145 2783 iste
1172 2732 1487 2798 consumit,
1527 2747 1637 2787 non
1667 2733 1919 2803 proprias

304 2823 635 2873 creaturas:
667 2816 759 2872 sed
800 2819 1239 2889 supermdificata
1275 2822 1447 2893 ligna,
1482 2822 1665 2879 fenum
1694 2866 1710 2894 ,
1741 2825 1915 2896 stipu-

304 2905 448 2963 lam.
483 2908 661 2964 Locus
681 2919 764 2966 est
791 2910 1047 2982 difﬁcilis,
1079 2924 1135 2970 et
1164 2915 1229 2969 ad
1260 2915 1731 2985 interpretandum
1765 2919 1914 2974 nimii

304 3001 540 3057 sudoris
568 3019 733 3073 egens
754 3048 769 3073 ,
806 3016 863 3061 ut
890 3023 1012 3062 cum
1042 3008 1231 3077 primis
1254 3011 1499 3066 secunda
1544 3016 1915 3069 consentiant.

304 3092 801 3164 Repromissiones
843 3100 1080 3170 legimus
1102 3144 1116 3168 ,
1160 3112 1213 3159 et
1241 3116 1360 3172 poSt
1390 3120 1656 3177 prospera
1691 3116 1915 3179 repente

306 3190 496 3247 tristia
533 3169 927 3264 praedicanturi
963 3197 1033 3253 Et
1063 3169 1368 3269 retribuam,
1391 3169 1577 3275 inquit
1606 3247 1621 3272 ,
1664 3169 1770 3261 illis
1812 3206 1919 3277 pri-
1946 3169 1991 3232 Ο

307 3302 461 3341 mum
492 3290 724 3360 duplices
752 3292 1038 3364 injustitias
1069 3312 1282 3365 eorum;
1311 3300 1624 3355 necessario
1649 3310 1674 3338 ⁸
1703 3302 1920 3372 apposi-

308 3388 431 3435 tum
478 3390 603 3452 est,
635 3386 894 3455 primum:
927 3388 1158 3457 primum
1202 3393 1401 3462 quippe
1442 3404 1668 3465 propter
1699 3395 1917 3466 injustis

308 3471 423 3526 tias
447 3482 723 3531 tormenta
761 3478 1096 3547 perpetimur
1119 3524 1134 3550 ,
1168 3483 1369 3539 deinde
1404 3497 1623 3555 pr0pter
1648 3485 1917 3555 justitiam

311 3578 671 3621 coronamur.
709 3567 898 3641 Neque
925 3572 1072 3626 enim
1108 3575 1420 3629 econtrario
1461 3585 1589 3631 ante
1634 3575 1921 3633 tribuenda

316 3670 452 3714 sunt
474 3662 622 3731 justa
646 3705 661 3729 ,
694 3674 748 3719 et
780 3664 857 3719 sic
884 3666 1163 3722 reddenda
1201 3677 1425 3737 peccata
1446 3712 1461 3738 ,
1498 3681 1555 3725 ut
1576 3672 1921 3727 cessantibus

320 3751 486 3807 bonis
506 3755 636 3810 vitia
652 3766 856 3813 aeterna
880 3768 1244 3828 permaneant
1268 3803 1282 3828 ,
1318 3762 1414 3818 sed
1434 3771 1564 3818 ante
1588 3764 1921 3834 recipiemus

314 3846 464 3901 mala
490 3891 506 3915 ,
538 3856 596 3903 et
640 3848 839 3905 deinde
884 3851 1025 3907 bona
1050 3894 1067 3921 ,
1099 3862 1188 3922 ut,
1208 3844 1438 3911 sublatis
1463 3856 1615 3910 vitiis
1642 3899 1657 3923 ,
1687 3857 1923 3912 virtutes

314 3952 682 4010 permaneant
701 3943 753 3998 in
776 3954 1065 4001 aeternum.
1093 3945 1339 4004 Observa
1352 3964 1571 4006 omnem
1600 3951 1919 4008 thesaurum

313 4033 761 4107 Scripturarum,
794 4050 849 4095 et
878 4040 1125 4097 invenies
1147 4056 1363 4113 semper
1390 4044 1559 4100 Deum
1589 4060 1652 4101 ea
1684 4047 1919 4117 primum

315 4130 748 4188 comminantem
778 4149 899 4205 qum
933 4134 1110 4191 tristia
1128 4145 1259 4192 sunt
1283 4153 1298 4204 ;
1322 4145 1377 4193 et
1404 4152 1466 4194 ea
1500 4140 1758 4210 deinceps
1782 4140 1922 4196 infe-

316 4233 540 4281 rentem
565 4242 684 4297 qua:
711 4228 953 4284 laztitiam
971 4232 1249 4301 prtebeant
1279 4233 1651 4290 audientibus.
1668 4235 1916 4303 Occidit,

316 4322 375 4371 et
414 4317 691 4373 viviﬁcat:
727 4323 962 4390 percutit
1004 4334 1059 4378 et
1087 4333 1282 4391 sanat;
1330 4326 1443 4396 ipse
1474 4326 1721 4383 dolorem
1755 4328 1917 4398 facit,

316 4418 373 4463 et
397 4426 614 4465 rursum
645 4416 882 4469 restituit
909 4457 922 4481 ,
954 4418 1256 4487 percussit,
1291 4426 1348 4474 et
1372 4435 1565 4475 manus
1597 4420 1716 4491 ejus
1761 4436 1921 4477 sana-

265 4548 268 4552 .
315 4504 711 4576 verunt(l)eut.
744 4524 897 4564 xxxii
922 4553 937 4578 ,
971 4511 1085 4581 59).
1114 4513 1291 4583 Super
1322 4512 1404 4568 his
1424 4530 1554 4584 ergo
1579 4557 1595 4580 ,
1624 4517 1714 4585 qui
1738 4515 1920 4587 justus

315 4607 427 4663 est,
462 4599 745 4656 intellectu
775 4604 863 4671 pio
910 4605 1263 4661 considerans
1292 4622 1409 4677 quin
1448 4607 1737 4682 dicuntur,
1772 4611 1920 4681 inge-

316 4692 536 4756 miscat,
571 4702 627 4748 et
647 4694 825 4750 dicat:
869 4695 1090 4753 Domine
1114 4740 1128 4765 ,
1159 4699 1271 4767 quis
1298 4699 1547 4754 habitabit
1590 4702 1646 4755 in
1689 4702 1922 4757 taberna-

316 4784 437 4839 culo
462 4796 550 4841 tuo
582 4829 595 4851 ,
628 4797 719 4843 aut
748 4791 863 4861 quis
882 4794 1155 4863 requiescet
1186 4794 1239 4848 in
1262 4804 1431 4849 monte
1457 4806 1634 4849 sancto
1661 4797 1794 4850 tuo?
1822 4796 1925 4864 Qui

316 4878 632 4951 ingreditur,
657 4882 848 4953 inquit,
869 4885 977 4940 sine
1013 4887 1213 4941 macula
1241 4929 1255 4955 ,
1279 4899 1326 4942 et
1354 4899 1601 4958 operatur
1617 4892 1882 4962 justitiam
1902 4934 1916 4958 ,

316 4973 411 5043 qui
437 4973 665 5045 loquitur
686 4979 948 5033 veritatem
970 4980 1025 5034 in
1050 4982 1203 5037 corde
1227 4999 1321 5037 suo
1343 5026 1357 5048 ,
1385 4985 1474 5055 qui
1496 4978 1596 5038 non
1615 4989 1715 5059 egit
1743 4988 1922 5042 dolum

319 5065 378 5120 in
421 5068 604 5141 lingua
637 5088 732 5127 sua
760 5117 774 5141 ,
809 5092 898 5128 nec
929 5076 1065 5141 fecit
1088 5080 1325 5149 proximo
1364 5098 1456 5135 suo
1486 5083 1710 5145 malum.
1744 5093 1792 5139 et
1828 5102 1923 5157 0p-

321 5160 592 5230 probrium
614 5181 716 5220 non
745 5169 938 5239 accepit
952 5169 1197 5227 adversus
1227 5174 1490 5244 proximos
1513 5193 1633 5232 suos
1668 5176 1785 5251 (Ps.
1806 5194 1923 5244 XIV,

323 5250 455 5324 1-5).
493 5254 603 5312 Nos
632 5260 796 5314 etiam
826 5276 933 5317 non
957 5262 1044 5320 his
1083 5266 1483 5338 approbremus
1508 5270 1600 5342 qui
1630 5287 1661 5327 a
1680 5250 1928 5343 peccatis

400 5440 634 5524 l'l‘iotam
660 5447 852 5524 exlioc
876 5454 1148 5523 praecipue
1200 5454 1319 5511 loco
1368 5452 1589 5524 Origeni
1643 5454 1914 5523 inurunt,

323 5514 471 5597 quod
507 5514 1083 5597 piacularibus-modo,
1110 5541 1213 5581 non
1250 5514 1774 5583 :eternisvaddixisse
1805 5514 1919 5597 pm;

323 5587 415 5639 nis
437 5585 717 5646 hominum
746 5596 948 5651 scelera
986 5585 1265 5654 videatur:
1292 5606 1504 5653 constet
1529 5612 1660 5653 vero
1700 5613 1769 5653 ex
1806 5585 1920 5653 'ﬁde

325 5668 452 5728 post
506 5668 957 5740 resurrectioiiem
993 5670 1336 5740 etjudicium
1388 5670 1588 5725 nullam
1634 5685 1922 5735 superesse

327 5731 730 5808 emendationis
770 5754 943 5808 spem.
976 5731 1177 5796 Confer
1214 5743 1265 5797 in
1291 5742 1434 5798 hanc
1474 5758 1587 5798 rem
1640 5731 1923 5798 Bellarmi-

331 5815 483 5872 num,
516 5803 668 5863 lib.n
698 5807 769 5865 de
802 5803 1139 5884 'Purgatorio
1166 5816 1304 5885 fcap.
1354 5816 1409 5885 9,
1463 5822 1624 5887 atque
1648 5815 1923 5883 Huetium,

657 5901 933 5967 Ρυειιοι..
995 5906 1189 5969 XXV.

2026 1876 2248 1947 dignum
2294 1877 2567 1948 siquidem
2596 1888 2682 1935 est
2727 1895 2821 1935 eos
2851 1880 2941 1951 qui
2973 1882 3040 1936 de
3068 1882 3335 1938 Gentibus
3359 1881 3467 1956 [ΑΙ.
3498 1900 3633 1954 gen-

2027 1967 2129 2042 tes)
2147 1978 2296 2032 sunt.
2321 1969 2590 2039 simplicia
2613 1972 2864 2041 recipere
2894 1982 3139 2043 peccata,
3166 1983 3221 2030 et
3245 1990 3345 2031 nos
3366 1977 3626 2046 duplicia,

2024 2063 2239 2119 dicente
2268 2064 2567 2134 Apostolo:
2610 2063 2914 2120 Voluntarie
2964 2067 3291 2133 peccantibus
3322 2070 3467 2124 nobis
3513 2079 3629 2139 post

2023 2157 2365 2229 cognitionem
2385 2157 2615 2211 veritatis
2626 2160 2742 2228 jam
2760 2159 2903 2212 ultra
2931 2175 3035 2214 non
3056 2171 3283 2216 remanet
3310 2178 3407 2232 pro
3420 2172 3628 2233 peccato

2023 2248 2213 2304 hostia.
2258 2248 2544 2304 Horribilis
2591 2260 2764 2305 autem
2792 2252 3029 2323 quietiam
3077 2257 3393 2324 exspectatio
3434 2257 3629 2329 judicii

2021 2343 2179 2415 ignis,
2202 2342 2344 2397 zelus
2370 2344 2633 2398 comedere
2655 2342 2850 2399 habens
2883 2347 3203 2403 adversarios
3230 2347 3417 2421 (Hebr.
3445 2366 3506 2416 Χ,
3533 2351 3625 2420 QG,

2021 2436 2134 2507 27).
2170 2436 2567 2507 Prophetatum
2614 2447 2698 2494 est
2727 2438 2793 2494 de
2826 2439 2911 2494 bis
2951 2440 3040 2511 qui
3082 2459 3108 2495 a
3160 2444 3545 2513 peccatoribus
3575 2452 3629 2499 et

2020 2528 2375 2585 venatoribus
2403 2530 2472 2586 de
2496 2530 2766 2602 profundo
2795 2534 2849 2587 in
2883 2533 3164 2589 montibus
3192 2543 3322 2590 sunt
3341 2537 3625 2604 abstracti,

2020 2624 2297 2695 quomodo
2347 2627 2618 2695 recipiant
2654 2626 2893 2697 primum
2938 2628 3177 2698 duplicia
3232 2640 3455 2698 peccata
3504 2646 3625 2687 sua.

2023 2720 2271 2777 Postbaec
2292 2721 2361 2776 de
2384 2720 2673 2777 vocatione
2696 2722 2939 2793 gentium
2970 2724 3353 2793 prophetatum
3378 2734 3481 2789 est,
3507 2740 3620 2780 non

2020 2832 2208 2872 eorum
2236 2816 2325 2887 qui
2360 2816 2591 2873 necdum
2625 2826 3003 2887 cognoverunt
3028 2816 3307 2873 Christum
3337 2812 3486 2885 ,‘sed
3532 2818 3624 2889 qui

2014 2907 2124 2980 jam
2148 2890 2323 2965 vocati
2357 2918 2504 2976 sunt,
2537 2919 2594 2964 ut
2618 2910 2796 2965 sciant
2830 2909 3025 2965 laudes
3051 2910 3260 2967 referre
3280 2927 3380 2982 pro
3408 2912 3580 2983 gratia
3608 2932 3621 2967 :

2017 3009 2075 3058 et
2098 3002 2153 3056 in
2176 3002 2422 3058 Ecclesia
2446 3003 2813 3059 consistentes
2838 3044 2853 3069 ,
2887 3002 3280 3071 conﬁteantur,
3312 3014 3365 3059 et
3390 3005 3625 3059 adorent

2019 3110 2219 3149 nomen
2271 3095 2428 3164 ejus:
2457 3095 2701 3161 Domine,
2736 3096 2990 3164 fortitudo
3031 3112 3180 3161 mea,
3214 3105 3261 3150 et
3308 3086 3627 3168 adjuto'rium

2024 3187 2132 3262 [ΑΙ.
2158 3188 2336 3261 robur]
2366 3197 2412 3243 et
2440 3192 2700 3261 refugium
2736 3206 2906 3243 meum
2948 3191 3003 3243 in
3030 3190 3114 3244 die
3150 3188 3409 3244 malorum
3438 3232 3455 3258 ,
3492 3191 3559 3243 ad
3582 3197 3631 3243 te

2023 3292 2198 3356 gentes
2228 3284 2431 3338 venient
2460 3283 2521 3336 ab
2563 3294 2789 3337 extremo
2822 3293 2973 3337 terrw
3004 3323 3020 3349 ,
3052 3292 3099 3335 et
3131 3282 3337 3338 dicent:
3368 3283 3631 3350 Quoniam

2023 3378 2159 3450 falsa
2191 3377 2527 3445 possederunt
2566 3385 2737 3445 patres
2775 3375 2939 3428 nostri
2967 3375 3247 3429 simulacra
3279 3419 3292 3443 ,
3350 3391 3441 3429 nec
3470 3386 3541 3429 est
3572 3377 3628 3430 in

2021 3471 2129 3526 illis
2159 3470 2358 3524 utilitas
2388 3467 2599 3539 (Jerem.
2635 3483 2727 3522 xv:
2753 3512 2767 3535 ,
2814 3467 2924 3538 l9).
2958 3466 3245 3534 Quomodo
3276 3468 3343 3521 ab
3376 3477 3626 3522 extremo

2026 3572 2187 3618 terra:
2215 3571 2485 3617 venerunt
2527 3558 2729 3615 Gentes
2757 3558 2825 3613 ad
2872 3558 3162 3613 Dominum
3189 3600 3204 3625 ,
3238 3569 3292 3614 et
3323 3558 3582 3614 dixerunt
3614 3577 3625 3613 :

2029 3657 2285 3725 Quoniam
2308 3656 2445 3725 falsa
2466 3653 2803 3727 possederunt
2828 3662 2998 3721 patres
3018 3654 3181 3707 nostri
3202 3653 3505 3716 simulacra,
3537 3668 3629 3707 nec

2025 3763 2099 3807 est
2122 3753 2176 3806 in
2202 3750 2309 3805 illis
2326 3748 2526 3803 utilitas
2550 3750 2573 3801 ?
2600 3747 2838 3816 Quinam
2870 3746 2957 3801 isti
2986 3747 3076 3817 qui
3096 3746 3320 3801 veniunt
3348 3746 3416 3801 ab
3444 3756 3629 3801 extre-

2026 3845 2175 3902 mis?
2205 3844 2348 3899 Sunt
2374 3843 2466 3898 alii
2496 3842 2655 3912 primi
2690 3851 2875 3908 terrze,
2907 3850 3035 3895 sunt
3059 3840 3149 3894 alii
3181 3840 3486 3895 novissimi.
3516 3839 3621 3907 Qui

2024 3946 2154 3995 sunt
2176 3937 2372 4009 primi?
2401 3935 2689 4007 Sapientes
2712 3934 2898 3990 saeculi
2920 3977 2934 4001 ,
2971 3932 3204 3999 nobiles,
3238 3933 3629 4003 divites,opti-

2026 4045 2219 4092 mates.
2244 4032 2346 4102 Qui
2375 4039 2509 4087 sunt
2537 4030 2811 4087 extremi?
2844 4029 3021 4085 Stulta
3052 4028 3239 4084 mundi
3267 4028 3624 4100 elegitDeus,

2026 4138 2088 4186 ut
2116 4127 2418 4185 confundat
2449 4124 2610 4181 fortia
2644 4166 2659 4195 ,
2704 4133 2761 4178 et
2801 4138 2865 4177 ea
2892 4137 3015 4193 quae
3063 4136 3171 4177 non
3200 4131 3382 4191 erant,
3443 4132 3505 4178 ut
3533 4122 3630 4178 de-

2026 4233 2204 4281 struat
2244 4238 2365 4293 quae
2396 4229 2545 4276 sunt.
2582 4216 2797 4273 Venient
2827 4215 3016 4272 Gentes
3063 4214 3126 4269 ab
3157 4225 3383 4270 extremo
3434 4225 3583 4272 terra:
3611 4234 3631 4271 :

2026 4318 2181 4392 quasi
2232 4306 2465 4373 dixerit:
2500 4313 2569 4369 de
2600 4312 2687 4367 his
2730 4310 2985 4366 omnibus
3031 4309 3125 4380 qui
3180 4319 3309 4364 sunt
3349 4309 3634 4364 novissimi

2026 4430 2190 4485 super
2218 4422 2447 4477 terram,
2478 4408 2546 4464 de
2576 4405 2763 4471 fatuis,
2791 4405 2861 4461 de
2886 4403 3247 4475 ignobilibus,
3272 4404 3341 4459 de
3371 4405 3627 4474 abjectis.

2026 4506 2095 4561 Et
2130 4506 2340 4560 dicent:
2374 4501 2633 4570 Quoniam
2689 4499 2827 4569 falsa
2878 4497 3218 4569 possederunt
3250 4509 3419 4566 patres
3471 4501 3637 4555 nostri

2030 4601 2310 4657 simulacra
2338 4640 2354 4665 ,
2393 4613 2487 4651 nec
2519 4603 2591 4649 est
2621 4592 2728 4647 illis
2777 4591 2976 4645 utilitas
3009 4607 3024 4643 :
3059 4606 3165 4646 non
3198 4597 3323 4662 quia
3358 4609 3483 4647 vera
3526 4596 3635 4649 sint

2033 4696 2175 4753 idola
2200 4736 2215 4761 ,
2251 4693 2317 4747 ad
2343 4706 2576 4761 quorum
2610 4687 3022 4743 distinctionem
3070 4702 3219 4741 nunc
3270 4687 3404 4743 falsa
3451 4689 3638 4744 dican-

2034 4802 2153 4860 tur,
2187 4787 2283 4844 sed
2312 4784 2455 4841 idola
2484 4799 2605 4855 quae
2634 4781 2769 4837 falsa
2793 4790 2921 4836 sunt
2949 4797 3043 4851 per
3072 4794 3352 4852 naturam,
3385 4787 3529 4841 nulla
3552 4795 3637 4842 est

2026 4889 2083 4945 in
2108 4888 2188 4942 eis
2232 4884 2455 4938 utilitas.
2485 4880 2539 4935 Si
2571 4879 2732 4933 faciet
2760 4876 2863 4931 sibi
2902 4877 3069 4932 homo
3095 4878 3229 4934 deos
3260 4922 3273 4945 ,
3311 4891 3364 4936 et
3401 4883 3488 4936 isti
3522 4898 3630 4937 non

2029 4992 2157 5040 sunt
2185 4981 2279 5036 dii.
2312 4978 2428 5033 Non
2457 4974 2632 5030 solum
2664 4973 2732 5028 de
2764 4974 3045 5042 corporeis
3074 4974 3385 5030 simulacris
3424 4977 3635 5031 faciunt

2029 5080 2131 5135 sibi
2159 5076 2409 5131 homines
2454 5072 2586 5127 deos
2614 5112 2629 5137 ,
2658 5069 2754 5124 sed
2785 5079 2841 5124 et
2867 5068 2935 5123 de
2962 5070 3130 5124 corde
3155 5072 3473 5142 conﬁngunt
3499 5092 3509 5126 :
3542 5073 3634 5143 qui

2035 5174 2178 5229 enim
2208 5173 2437 5240 possunt
2467 5162 2729 5219 simulare
2758 5162 2925 5215 alium
2976 5173 3286 5219 creatorem
3334 5176 3488 5218 extra
3515 5164 3639 5219 uni-

2036 5261 2311 5324 versitatis
2339 5260 2532 5324 Deum,
2564 5254 2593 5295 1³
2628 5255 2796 5311 alium
2845 5254 3108 5325 Spiritum
3139 5266 3385 5311 sanctum
3413 5299 3429 5321 ,
3463 5258 3631 5313 alium

2022 5443 2403 5520 Origenianor.
2430 5439 2528 5495 lib.
2568 5452 2650 5520 ιι.ζ
2672 5436 2995 5520 quiusa“,
3017 5454 3164 5493 num.
3190 5437 3280 5520 i7.

2094 5509 2148 5561 bV
2167 5516 2575 5573 Addidimusex
2612 5509 2820 5567 Rabani
2867 5510 3107 5564 lectione
3159 5518 3213 5563 et
3261 5509 3454 5568 Graeco
3487 5522 3638 5570 textu

2023 5606 2214 5650 vocem
2246 5589 2437 5647 alium,
2466 5598 2588 5654 qua:
2624 5581 2829 5638 deerat.
2869 5580 3038 5635 Paulo
3074 5596 3294 5654 quoque
3327 5584 3507 5654 infra,
3541 5590 3634 5641 ho-

2024 5668 2209 5730 mines,
2239 5652 2627 5716 subsutuimus
2662 5670 2757 5725 pro
2780 5668 2954 5730 omnes
2985 5667 3053 5730 es
3076 5652 3267 5730 iisdem
3318 5653 3544 5730 Rabano
3576 5667 3632 5714 et

2025 5723 2263 5796 Graeco:
2301 5732 2565 5802 pleraque
2618 5723 2803 5783 autem
2859 5725 2946 5779 his
2994 5723 3192 5779 similia
3232 5728 3431 5797 passim
3488 5732 3637 5787 taciti

2036 5810 2382 5878 castigamus.
3141 5892 3222 5953 22
