4104 6336
478 219 586 278 683

1719 206 1778 264 S.
1824 207 2094 266 EUSEBII
2137 207 2516 282 HlEIiONYMI

3671 209 3780 266 θδι

479 332 783 395 Christum.
815 327 920 386 alia
949 323 1148 385 srecula
1176 331 1332 380 extra
1376 319 1491 376 inec
1536 335 1658 391 quae
1683 322 1962 384 cernimus
1993 322 2076 392 ,_ii
2106 325 2156 384 A
2183 322 2409 394 sculpta:
2457 330 2603 376 sunt.
2668 320 2844 391 Atque
2889 320 2961 382 ita
2992 319 3244 384 universa
3276 320 3638 394 spectantium
3668 322 3776 394 [AL

483 423 736 486 homines
751 413 1448 490 feceruntsibimdeos,
1465 423 1517 470 et
1531 413 1895 480 adoraverunt
1911 431 2076 486 opera

486 536 743 580 manuum
775 529 1015 574 suarum.
1049 513 1255 580 Omnes
1307 509 1615 590 philosophi
1641 507 1743 588 "qui
1771 509 1920 574 varia
1946 509 2077 582 dog-

484 628 627 676 mata
658 612 1019 690 prodiderunt
1045 656 1059 680 ,
1093 624 1284 676 omnes
1328 606 1573 664 haeretici
1607 606 1697 676 qui
1727 616 1980 662 auctores
2010 605 2076 662 ad

481 717 642 776 aliter
666 711 998 774 credendum
1023 709 1092 766 de
1116 708 1226 764 Deo
1250 707 1470 773 miseris
1497 706 1823 780 mortalibus
1851 705 2078 774 exstite-

479 815 639 880 runt,
674 806 917 866 fecerunt
948 802 1052 858 sibi
1089 801 1233 860 idola
1259 842 1272 866 .
1307 809 1364 864 et
1387 799 1556 862 animi
1599 797 1709 874 [Αι.
1737 797 1956 872 animm]
1988 815 2078 853 vo-

477 904 744 978 luptatem
779 906 1110 972 putaverunt
1159 898 1334 960 Deum
1361 937 1375 963 ,
1408 904 1464 952 et
1509 897 1763 954 conversi
1816 895 2081 962 aderam.-

478 1006 610 1056 runt
634 1008 775 1070 opus
791 1006 1051 1050 manuum
1081 1005 1335 1058 suarum,
1372 996 1626 1062 putantes
1661 1004 1787 1046 vera
1813 1003 1936 1046 esse
1959 1003 2080 1060 qua;

483 1089 785 1146 tinxerant.
831 1085 1035 1140 Omnes
1080 1082 1250 1154 igitur
1302 1089 1411 1136 tam
1454 1079 1523 1136 de
1565 1079 1768 1136 visibili
1818 1079 2076 1148 materia,

478 1196 640 1252 quam
675 1178 744 1236 de
767 1177 924 1233 falsis
952 1173 1301 1246 dogmatibus
1329 1173 1597 1244 tingentes
1628 1171 1736 1244 sibi
1766 1171 1928 1240 deos,
1960 1185 2082 1226 cor-

483 1274 618 1348 ripit
647 1286 792 1328 nunc
821 1284 1002 1326 sermo
1033 1266 1248 1328 divinus
1279 1265 1505 1330 dicens:
1542 1263 1602 1320 Si
1621 1264 1774 1334 faciet
1804 1263 1900 1318 sibi
1927 1261 2080 1316 homo

483 1367 608 1422 deos
630 1405 647 1434 ,
679 1374 728 1420 et
759 1364 845 1420 isti
877 1378 977 1418 non
1007 1369 1123 1423 sunt
1153 1357 1243 1413 Dii
1269 1372 1289 1424 ;
1317 1365 1587 1432 propterea
1615 1354 1950 1428 manifestabo
1975 1354 2081 1410 illis

479 1462 536 1524 in
568 1469 791 1528 tempore
819 1458 916 1512 isto
944 1471 1072 1527 Opus
1101 1469 1348 1516 manuum
1377 1466 1606 1518 mearum
1640 1495 1653 1520 ,
1686 1448 1950 1508 ostendam
1978 1447 2082 1502 illis

480 1555 720 1610 virtutem
745 1564 914 1606 meam
953 1546 1088 1618 (Jer.
1124 1561 1238 1616 xvr,
1266 1544 1392 1618 20):
1426 1543 1482 1598 in
1513 1559 1622 1612 quo
1649 1552 1896 1614 tempore
1923 1585 1936 1608 ,
1976 1537 2079 1594 nisi

479 1646 680 1710 inisto,
700 1659 806 1716 quo
835 1642 1085 1700 Salvator
1114 1648 1308 1704 noster
1334 1635 1634 1714 assumpsit
1664 1648 1864 1704 corpus
1894 1631 2084 1686 Imma-

2181 411 2543 484 peccantium]
2571 413 2855 468 multitudo
2877 415 3015 484 leget
3046 412 3099 467 in
3136 423 3356 490 pectore
3383 429 3503 470 meo
3537 415 3784 484 Sigtlnlas

2181 505 2443 580 imagines
2463 513 2807 576 peccatorum
2820 506 2988 580 866
3005 505 3152 572 Nihil
3176 507 3320 562 enim
3345 506 3646 562 absconsum
3661 508 3672 579 |
3687 508 3749 562 Al
3763 548 3776 562 .

2182 596 2586 674 absconditum].
2613 599 2865 672 quodnon
2887 598 3209 660 revelabitur.
3230 597 3295 658 Et
3326 600 3458 660 inter
3485 616 3538 654 se
3562 599 3786 656 invicem

2182 692 2550 764 cogitationum
2578 692 2928 760 accusantium
2960 691 3062 746 sive
3093 691 3474 768 defendentium
3505 689 3685 764 (Rom.
3719 706 3783 759 Il,

2186 783 2385 852 i5),Et
2407 801 2419 836 :
2441 781 2620 838 Nolite
2637 793 2755 838 ante
2785 795 2982 851 tempus
3001 783 3444 856 judicare,donec
3471 785 3639 840 veniat
3671 783 3788 838 Do-

2183 875 2373 940 minus,
2404 887 2452 928 et
2477 874 2735 930 illuminet
2765 875 3067 930 abscondita
3088 876 3412 929 tenebrarum
3429 885 3473 929 et
3489 875 3790 950 manifeste!

2183 967 2403 1022 consilia
2442 969 2672 1022 cordium
2696 967 2763 1040 (II
2789 963 2908 1022 Cor.
2941 969 2992 1032 .4,
3139 967 3238 1023 Cui
3268 967 3644 1024 manifesmbit
3667 965 3785 1040 [ΑΙ.

2185 1060 2627 1133 manifestetur]?
2659 1063 2850 1134 utique
2895 1077 3002 1116 non
3030 1060 3167 1131 sibi,
3200 1063 3290 1136 qui
3330 1074 3622 1134 antequam
3656 1061 3794 1118 fiant

2185 1160 2379 1209 cuncta
2410 1154 2689 1226 cognoscit
2716 1171 2728 1206 :
2763 1153 2857 1209 sed
2883 1152 2968 1208 bis
2995 1156 3086 1225 qui
3119 1170 3240 1210 cum
3275 1154 3369 1210 illo
3393 1155 3607 1210 venturi
3635 1163 3793 1222 sunt,

2185 1255 2240 1302 et
2269 1256 2494 1317 pr0pter
2524 1248 2813 1317 puritatem
2849 1246 3047 1302 mentis
3077 1257 3130 1303 et
3168 1249 3420 1317 corporis
3452 1245 3664 1317 Agnum
3697 1261 3794 1303 se—

2185 1351 2418 1408 quentur
2449 1338 2566 1412 [ΑΙ.
2597 1337 2944 1412 sequuntur],
2981 1339 3234 1396 ostendet
3269 1338 3466 1395 delicta
3507 1340 3558 1395 in
3619 1340 3796 1397 corde

2191 1429 2494 1500 peccatoris
2543 1447 2805 1502 expressa
2842 1442 2899 1486 ut
2952 1441 3231 1504 resurgant
3265 1433 3392 1504 justi
3425 1433 3477 1488 in
3507 1433 3733 1506 gloriam
3771 1477 3787 1502 ,

2188 1533 2504 1596 peccatores
2533 1540 2662 1581 vero
2692 1525 2745 1580 in
2776 1525 3126 1595 Opprobrium
3149 1534 3204 1581 et
3225 1524 3599 1592 confusionem
3627 1538 3795 1581 teter-

2188 1638 2353 1687 nam;
2391 1637 2420 1676 a
2458 1622 2656 1692 quibus
2695 1621 2890 1676 liberet
2939 1637 3037 1676 nos
3082 1621 3223 1700 Deus
3276 1629 3624 1694 resurgentes
3663 1636 3792 1676 cum

481 1713 751 1798 num?Et
795 1737 953 1796 sciant
978 1735 1099 1805 quia
1134 1750 1225 1806 ego
1265 1749 1380 1796 sum
1423 1713 1696 1786 Dominus.
1740 1726 1950 1784 Deinde
1981 1726 2084 1782 alia

2191 1715 2410 1769 Christo
2441 1714 2599 1778 Jesu’,
2631 1715 2715 1769 cui
2745 1724 2828 1770 est
2861 1713 3036 1785 gloria
3084 1723 3138 1772 et
3163 1713 3452 1786 imperium
3495 1714 3552 1770 in
3586 1714 3792 1769 sarcula

485 1833 734 1903 sequitur
783 1828 1072 1900 prophetia
1121 1826 1305 1896 (quam
1358 1824 1544 1890 nescio
1582 1836 1748 1893 quare
1790 1819 1932 1890 apud
1978 1818 2079 1874 Se-

485 1924 770 1996 ptuaginta
812 1937 922 1980 non
954 1918 1316 1984 invenientes.
1354 1918 1408 1976 in
1459 1917 1674 1984 caneris
1703 1914 2035 1978 editionibus
2066 1954 2080 1978 ,

480 2032 603 2092 quae
630 2030 754 2076 cum
793 2013 1022 2072 Hebraeo
1059 2010 1412 2080 consentiunt
1441 2023 1696 2082 sermone
1723 1999 2078 2092 reperimus),

479 2126 601 2184 quae
631 2111 790 2180 plena
819 2114 906 2168 est
930 2105 1258 2174 necessariis
1290 2104 1482 2171 rebus,
1519 2111 1573 2182 et
1595 2112 1705 2174 tam
1741 2100 1998 2186 utilibus,
2027 2106 2089 2154 ut

483 2203 680 2276 possit,
719 2200 768 2256 si
795 2199 1010 2262 animus
1039 2196 1208 2252 fuerit
1235 2205 1504 2270 attentus,
1555 2211 1586 2250 a
1632 2195 1780 2274 vitiis
1829 2205 2086 2266 revocare

485 2297 792 2354 Lectorem.
827 2294 918 2352 Sic
948 2300 1128 2354 autem
1159 2291 1440 2362 sequitur;
1475 2287 1753 2354 Peccatum
1782 2285 1924 2369 Iuda
1966 2303 2087 2340 con-

487 2391 735 2464 scriptum
761 2397 832 2444 est
862 2388 997 2459 ston
1027 2386 1193 2455 ferreo
1214 2425 1228 2450 ,
1259 2385 1314 2438 in
1345 2400 1514 2460 ungue
1543 2382 1880 2438 adamantina
1899 2426 1912 2448 ,
1953 2378 2090 2433 scul-

487 2494 630 2556 ptum
647 2498 803 2552 super
825 2490 1000 2554 pectus
1029 2478 1200 2553 cordis
1217 2493 1393 2548 eorum
1411 2475 1544 2548 (Jer.
1577 2474 1789 2548 X\'II,I_).
1818 2473 2086 2550 Quoniam

486 2576 709 2634 diflieile
739 2585 824 2630 est
851 2573 1086 2644 aliquem
1115 2585 1175 2626 se
1200 2569 1399 2625 malum
1431 2569 1679 2638 conliteri
1709 2609 1722 2632 ,
1757 2567 1878 2622 ideo
1916 2565 2089 2620 Judaei

485 2678 512 2706 ἰ
538 2669 632 2742 qui
661 2666 996 2736 exemplaria
1040 2664 1296 2720 nonnulla
1347 2663 1618 2730 falsarum
1642 2703 1655 2726 ,
1689 2660 1851 2716 etiam
1885 2661 1940 2713 in
1987 2659 2090 2714 hoc

486 2761 610 2818 loco
640 2776 740 2832 pro
772 2770 978 2826 peccato
1007 2758 1148 2812 Juda
1177 2799 1190 2824 ,
1237 2765 1502 2828 peccatum
1538 2770 1713 2810 eorum
1766 2759 2089 2824 posuerunt.

488 2854 596 2912 Sed
637 2856 680 2910 si
715 2854 1014 2924 figuraliter
1044 2849 1367 2918 consideres
1421 2848 1500 2921 (ut
1548 2862 1697 2918 saepe
1727 2843 2092 2915 ostendimus)

482 2946 672 3002 .Indam
701 2945 980 3002 Christum
1009 2942 1338 3014 nuncupari,
1366 2941 1588 2997 forsitan
1617 2950 1900 3010 peccatum
1938 2927 2093 3012 indm

485 3049 770 3112 peceatum
805 3047 1048 3094 nostrum
1079 3043 1182 3101 est,
1213 3032 1304 3108 qui
1327 3032 1602 3088 credimus
1629 3031 1680 3086 in
1703 3030 1982 3087 Christum
2027 3028 2096 3084 de

2186 1810 2508 1866 sreculorum
2529 1852 2542 1876 ,
2577 1810 2772 1866 Amen.

2545 1944 2832 2008 HOMILIA
2864 1893 3124 2001 DECIMIA
3151 1943 3430 2000 TERTIA.

2261 2060 2336 2115 De
2374 2075 2439 2115 eo
2478 2059 2622 2129 quod
2666 2060 2929 2126 scriptum
2965 2067 3085 2129 est):
3121 2056 3398 2129 Quomodo
3442 2071 3688 2112 conversa
3729 2075 3790 2114 es

2185 2132 2240 2190 in
2267 2127 2667 2190 amaritudinem
2685 2131 2798 2186 vitis
2821 2129 2993 2190 aliena
3018 2127 3224 2197 (εἰει-θαι
3247 2127 3314 2200 Π,
3344 2129 3435 2195 21,
3465 2130 3581 2200 22),
3617 2144 3794 2198 usque

2190 2203 2255 2258 ad
2292 2219 2413 2257 eum
2440 2205 2616 2260 locum
2651 2204 2701 2255 in
2733 2217 2840 2269 quo
2862 2201 2944 2272 ait
2979 2216 2996 2254 :
3032 2200 3298 2272 Maculam
3347 2216 3399 2262 es
3427 2202 3479 2258 in
3519 2208 3800 2272 conspectu

2190 2291 2299 2328 meo
2330 2275 2382 2328 in
2421 2265 2774 2342 iniquitatibus
2802 2271 2927 2338 tuis,
2950 2271 3078 2326 dicit
3098 2267 3373 2326 Dominus.
3641 2265 3653 2272 ’
3765 2265 3772 2276 ³

2461 2385 2600 2444 Deus
2639 2398 2856 2462 mortem
2887 2404 2989 2440 non
3035 2387 3186 2458 fecit,
3214 2404 3375 2458 neque
3429 2387 3714 2444 delectatur
3740 2392 3802 2450 in

2192 2483 2480 2551 perditione
2503 2481 2800 2552 viventium.
2835 2479 3034 2534 Creavit
3068 2480 3205 2533 enim
3237 2490 3290 2533 ut
3321 2489 3486 2535 essent
3517 2483 3713 2548 omnia,
3747 2491 3802 2536 et

2191 2577 2445 2629 salutares
2469 2573 2493 2612 δ
2520 2575 2872 2654 generationes
2903 2573 3111 2640 mundi,
3147 2590 3237 2627 nec
3268 2575 3418 2650 estin
3447 2576 3519 2632 eis
3549 2590 3804 2636 venenum

2193 2667 2574 2737 mortis,neque
2595 2665 2783 2736 inferni
2802 2681 3012 2736 regnum
3038 2682 3191 2744 super
3214 2678 3402 2718 terram
3429 2666 3581 2738 (Sap.
3612 2683 3648 2733 ι,
3678 2666 3796 2738 15).

2197 2757 2398 2813 Deinde
2420 2757 2637 2828 paulurn
2659 2757 2798 2810 ultra
2824 2755 3124 2828 procedens
3142 2758 3359 2827 reperio
3375 2758 3516 2822 unde
3532 2758 3598 2812 sit
3616 2775 3795 2828 mors:

2197 2849 2404 2904 Invidia
2441 2859 2614 2904 autem
2643 2848 2837 2903 diaboli
2887 2866 3024 2903 mors
3077 2849 3284 2906 intravit
3339 2850 3390 2904 in
3422 2850 3593 2904 orbem
3623 2860 3799 2906 terra.

2196 2961 2310 2998 rum
2351 2941 2508 3016 (Sap.
2547 2959 2582 2997 ll
2610 2984 2622 3008 ,
2671 2941 2789 3013 ﬁt).
2825 2941 3016 2996 Omnia
3065 2941 3230 3012 igitur
3259 2943 3401 2998 bona
3445 2943 3496 2997 in
3542 2943 3702 2998 nobis
3740 2953 3804 3000 et

2200 3044 2420 3107 propter
2468 3049 2566 3089 nos
2611 3033 2857 3112 condidit
2905 3035 3080 3097 Deus,
3125 3034 3219 3090 sed
3274 3034 3590 3114 nosmetipsi
3624 3047 3644 3073 ο
3681 3052 3796 3092 ma-

495 3133 638 3188 tribu
669 3129 830 3198 Juda,
860 3139 916 3186 et
939 3144 1002 3185 ex
1034 3129 1152 3197 ejus
1183 3124 1482 3182 secundum
1508 3139 1728 3178 carnem
1755 3125 1928 3196 stirpe
1973 3135 2096 3176 nas-
2123 3113 2171 3180 C
2203 3130 2369 3186 liliam
2402 3142 2564 3201 atque
2589 3142 2808 3200 peccata
2839 3115 3130 3200 propriam
3155 3131 3313 3204 nobis
3341 3113 3660 3186 attraximus
3689 3147 3792 3186 νο.

491 3234 730 3282 contem.
767 3222 824 3286 Si
851 3231 1032 3276 autem
1076 3221 1316 3275 volueris
1369 3220 1633 3274 sacratius
1677 3217 1983 3288 intelligere
2023 3215 2090 3272 de

487 3317 768 3390 proditore
789 3315 926 3370 Juda
960 3314 1167 3380 dictum
1197 3328 1213 3364 :
1248 3310 1529 3366 Peccatum
1559 3309 1716 3364 Judw
1747 3311 1996 3380 scriptum
2018 3317 2092 3378 est

490 3412 545 3465 in
575 3411 708 3482 stylo
739 3411 926 3480 ferreo,
963 3407 1014 3458 in
1051 3421 1220 3480 ungue
1251 3403 1608 3468 adamantina,
1649 3400 1908 3470 scalptum
1937 3416 2091 3471 super

491 3513 668 3572 pectus
693 3501 864 3556 cordis
888 3514 1088 3564 eorum,
1119 3495 1448 3566 repugnabit
1497 3493 1592 3550 tibi
1638 3493 1782 3564 quod
1825 3493 2086 3563 sequitur,

493 3596 708 3652 Eorum.
741 3594 909 3666 Igitur
945 3592 1221 3666 (utsnpra
1253 3588 1524 3658 diximus)
1556 3602 1836 3658 supernos
1857 3585 1947 3657 qui
1976 3599 2094 3655 pec-

493 3705 678 3746 camus
705 3688 806 3742 ista
837 3685 1209 3748 conveniunt,
1242 3698 1472 3754 quorum
1507 3689 1726 3751 peccata
1778 3697 1881 3734 non
1926 3679 2092 3732 forin-

498 3797 656 3840 secus
687 3780 887 3834 alicubi
911 3777 1355 3838 conscribuntur,
1390 3775 1484 3829 sed
1513 3773 1566 3828 in
1599 3774 1784 3828 cordis
1809 3773 2092 3828 conscien-

498 3875 594 3942 tia,
626 3873 770 3944 stylo
801 3879 1019 3926 exarata
1043 3868 1246 3940 ferreo,
1277 3869 1484 3937 sculpta
1511 3883 1688 3940 ungue
1717 3865 2090 3922 adamantino.

495 3964 651 4035 Quod
680 3973 859 4020 autem
891 3972 1110 4032 peccata
1161 3971 1342 4028 nostra
1387 3945 1696 4015 scribantur
1729 3960 1780 4012 in
1827 3969 2044 4028 peetore
2076 3997 2090 4022 ,

495 4073 561 4114 ex
597 4057 679 4111 bis
705 4071 824 4125 qua:
854 4063 1174 4124 sequuntur,
1223 4053 1490 4122 intellige.
1537 4053 1842 4121 Antequam
1894 4063 2090 4119 pecca-

497 4161 610 4206 tum
675 4149 870 4202 l'aciam
937 4146 1082 4200 nulla
1141 4145 1192 4198 in
1255 4143 1421 4212 corde
1488 4159 1610 4199 meo
1658 4143 1861 4213 peccati
1913 4141 2090 4208 imago

494 4253 791 4306 versatur:
842 4256 965 4298 cum
1030 4247 1210 4294 autem
1287 4237 1619 4294 conscientia
1688 4235 1895 4308 peccati
1957 4235 2092 4289 inta-

489 4339 653 4413 865
706 4336 887 4408 ginem
953 4332 1274 4402 sumpserit,
1306 4329 1477 4385 habeo
1530 4329 1760 4383 formam
1817 4329 1990 4392 illius,
2038 4336 2093 4383 et

495 4446 712 4502 semper
737 4440 860 4484 ante
889 4426 1087 4482 oculos
1121 4422 1306 4478 cordis
1337 4427 1440 4477 mei
1465 4421 1644 4478 delicti
1679 4437 1873 4492 pompa
1901 4420 2090 4490 depin-

2195 3209 2421 3278 luntate.
2456 3221 2609 3277 Unde
2657 3231 2712 3276 et
2743 3222 2793 3275 in
2826 3221 3085 3292 prmsenti
3136 3223 3367 3282 lectione
3399 3239 3494 3294 per
3546 3223 3788 3296 prophe—

2196 3327 2303 3372 tam
2336 3333 2478 3371 nunc
2498 3317 2746 3386 queritur
2773 3315 2938 3383 Deus,
2975 3325 3028 3370 et
3058 3315 3459 3386 quodammodo
3489 3316 3684 3371 dubius
3713 3318 3800 3371 in-

2194 3411 2360 3481 quirit
2391 3456 2404 3479 ,
2439 3409 2711 3480 quomodo
2759 3410 2811 3463 in
2843 3408 3165 3480 quibusdam
3215 3424 3401 3463 amara
3456 3410 3526 3464 sit
3564 3410 3748 3464 anima
3780 3453 3798 3478 ,

2198 3519 2359 3576 quam
2389 3505 2602 3560 dulcem
2636 3505 2748 3572 ipse
2772 3502 3114 3567 condiderat,
3145 3515 3198 3558 et
3222 3506 3296 3558 ait
3323 3521 3336 3556 :
3373 3501 3643 3570 Quomodo
3670 3522 3800 3558 eon-

2195 3579 2339 3651 v'ersa
2389 3614 2440 3650 es
2480 3597 2534 3650 in
2579 3595 2981 3649 amaritudinem
3027 3595 3142 3648 vitis
3193 3594 3408 3649 aliena?
3457 3595 3611 3664 Quod
3658 3595 3800 3651 dicit

2203 3691 2310 3745 tale
2342 3700 2420 3744 est
2442 3730 2456 3756 ,
2494 3689 2606 3759 Ego
2633 3689 2733 3744 feci
2771 3687 2936 3758 pedes
2959 3729 2973 3752 ,
3007 3688 3201 3758 quibus
3237 3687 3615 3764 ingrederetur
3646 3703 3800 3743 mor-

2195 3781 2302 3835 tale
2329 3796 2534 3850 genus;
2569 3797 2670 3848 qua
2703 3795 2866 3835 causa
2895 3779 3093 3834 factum
3124 3789 3206 3834 est
3241 3790 3297 3834 ut
3326 3780 3635 3840 claudicent
3667 3781 3794 3850 plu-

2194 3873 2367 3927 rimi?
2398 3873 2511 3943 Ego
2535 3873 2638 3928 feci
2661 3873 2842 3927 omnia
2867 3871 3111 3927 membra
3139 3871 3338 3938 valida,
3359 3879 3521 3941 atque
3549 3871 3791 3944 integra;

2193 3965 2467 4034 quomodo
2514 3965 2672 4020 video
2722 3965 2774 4020 in
2821 3964 3008 4019 multis
3076 3963 3276 4019 debilia
3323 3973 3486 4032 atque
3535 3964 3794 4019 inutilia?

2194 4057 2380 4127 Itaque
2408 4073 2514 4111 non
2554 4058 2730 4113 soluat
2767 4057 2926 4126 primi
2961 4056 3196 4111 hominis
3237 4057 3439 4123 anima,
3466 4057 3559 4112 sed
3587 4068 3641 4111 et
3673 4059 3797 4112 uni-

2194 4168 2473 4208 versorum
2505 4153 2570 4207 ad
2619 4153 2912 4224 imaginem
2949 4162 3008 4208 et
3052 4153 3462 4216 similitudinem
3509 4155 3603 4210 Dei
3649 4155 3794 4211 facta

2195 4258 2281 4304 est
2319 4248 2469 4318 (Gen.
2500 4250 2654 4320 1,26)
2686 4291 2699 4313 ,
2730 4248 2896 4322 866
2920 4258 2974 4302 et
3003 4250 3282 4320 antiquior
3325 4259 3410 4304 est
3455 4248 3571 4306 haec
3615 4251 3797 4322 imago

2192 4361 2309 4412 qum
2335 4343 2427 4398 Dei
2460 4353 2565 4408 est,
2599 4323 2832 4412 imagine
2859 4341 3070 4406 Zabuli,
3104 4358 3265 4412 quam
3300 4353 3486 4412 postea
3519 4343 3682 4398 nobis
3709 4345 3796 4397 in-

2191 4438 2409 4492 duimus
2441 4438 2508 4492 ob
2543 4449 2838 4507 peccatum.
2871 4435 3025 4491 Unde
3053 4435 3318 4491 debemus
3347 4452 3676 4508 magnOpere
3708 4441 3787 4493 la.

494 4529 657 4598 gitur.
690 4526 755 4580 Et
789 4521 1056 4594 siquidem
1085 4529 1233 4575 esset
1259 4527 1541 4590 peceaturu
1571 4534 1752 4572 meum
1785 4525 2088 4572 atramento
2116 4508 2169 4572 D
2196 4533 2414 4597 1.0mm,
2450 4542 2511 4586 υι
2548 4531 2820 4608 quomodo
2858 4531 3239 4602 delinquentes
3270 4532 3607 4604 portavimus
3643 4532 3785 4587 ima-

499 4620 870 4689 conscriptum
896 4659 911 4684 ,
952 4615 1182 4669 forsitan
1229 4612 1476 4668 delerem
1517 4609 1681 4676 illud;
1726 4627 1864 4667 nunc
1911 4622 2090 4666 autem

497 4713 765 4783 scripturn
789 4720 872 4765 est
901 4709 952 4763 in
979 4708 1120 4779 ston
1144 4707 1343 4773 ferreo,
1371 4707 1496 4762 etin
1519 4721 1700 4777 ungue
1723 4705 2089 4773 adamantina,

495 4809 756 4878 scriptum
774 4803 880 4876 [ΑΙ.
903 4801 1196 4873 seulptum]
1226 4811 1310 4856 est
1339 4817 1502 4871 super
1532 4811 1715 4871 pectus
1745 4802 1928 4857 cordis
1959 4803 2087 4871 mei,

496 4914 554 4957 ut
599 4914 811 4955 mecum
854 4897 921 4950 ad
962 4896 1197 4950 tribunal
1230 4896 1447 4962 veniat,
1475 4905 1531 4950 et
1571 4895 1911 4964 compleatur
1953 4895 2088 4950 illud

495 4998 639 5071 quod
666 5013 695 5050 a
735 4994 956 5050 Christo
992 4991 1370 5061 prophetatum
1404 5000 1488 5045 est
1521 5007 1534 5043 :
1569 4989 1721 5044 Nihil
1757 4989 2082 5058 absconsum,

490 5097 630 5165 quod
665 5107 766 5144 non
799 5084 1213 5158 manifestabitur
1245 5125 1258 5148 ,
1297 5094 1342 5137 et
1371 5082 1502 5138 nihil
1530 5085 1784 5138 occultum
1813 5085 1950 5155 quod
1982 5101 2082 5138 non

489 5186 764 5262 palam/iet
792 5181 950 5256 (Mat.
985 5196 1036 5260 x,
1070 5179 1184 5266 '26).
1219 5176 1519 5264 Nudabitur
1549 5180 1781 5248 pectoris
1811 5181 1913 5234 mei
1953 5194 2081 5234 con-

485 5281 737 5350 scientia,
773 5287 828 5335 et
878 5284 1070 5348 aperto
1103 5273 1292 5338 corde,
1317 5274 1646 5330 videbuntur
1673 5275 1868 5331 litterae
1891 5292 2081 5347 pecca-

489 5385 700 5444 torum,
732 5387 853 5444 quze
885 5372 936 5428 in
971 5369 1113 5441 stylo
1153 5368 1332 5436 ferreo
1357 5413 1370 5438 ,
1410 5367 1462 5421 in
1515 5383 1691 5439 ungue
1729 5369 2078 5426 adamantino

551 5543 578 5571 ⁸
622 5532 823 5594 Confer
861 5530 1251 5600 Hieronymum
1308 5530 1360 5586 in
1408 5529 1780 5598 Commentar.
1829 5534 1880 5587 in
1929 5531 2073 5588 hunc

475 5605 652 5662 locum
691 5613 825 5662 tom.
857 5619 928 5670 IV,
977 5601 1084 5658 col.
1124 5602 1246 5668 136,
1277 5607 1330 5658 et
1371 5616 1493 5672 qua:
1535 5602 1608 5658 ibi
1640 5619 1667 5656 a
1698 5604 1855 5662 nobis
1891 5619 2066 5674 anno-

479 5683 755 5818 uiati‘égii
783 5743 924 5815 apud
944 5743 1203 5802 ﬂuetium
1237 5759 1396 5814 mss.,
1422 5745 1679 5804 salutares
1707 5746 1828 5819 fecit
1853 5763 2070 5823 genera-

2195 4627 2378 4696 ginem
2411 4625 2688 4680 terrestris
2719 4643 2732 4680 :
2766 4625 2835 4678 ita
2865 4624 2931 4679 ad
2963 4623 3338 4694 paenitentiam
3366 4625 3621 4680 conversi
3659 4643 3784 4695 por-

2196 4730 2370 4775 temus
2408 4719 2696 4789 imaginem
2731 4719 2987 4784 cmlestis,
3017 4718 3085 4773 ad
3114 4734 3274 4789 quam
3304 4730 3357 4773 et
3386 4720 3642 4775 universa
3675 4722 3788 4792 pri-

2195 4828 2340 4866 mum
2373 4811 2590 4866 condita
2622 4819 2866 4866 creatura
2897 4820 2998 4875 est,
3030 4809 3098 4863 ob
3127 4811 3280 4880 cujus
3311 4812 3364 4884 in
3412 4811 3610 4866 malum
3640 4827 3790 4868 con-

2194 4906 2498 4962 versionem
2545 4922 2687 4960 nunc
2729 4914 3016 4975 peccantes
3065 4919 3250 4959 sermo
3299 4905 3605 4976 corripiens
3651 4907 3729 4961 ait
3772 4924 3786 4960 :

2194 5001 2464 5070 Quomodo
2486 5017 2728 5054 conversa
2748 5015 2798 5053 cs
2818 4999 2871 5052 in
2895 4998 3295 5052 amaritudinem
3315 4999 3430 5051 vitis
3451 4998 3619 5052 aliena
3634 5001 3656 5052 Ρ
3670 4998 3790 5072 Ego

2189 5105 2360 5148 autem
2404 5094 2631 5166 plantavi
2662 5109 2775 5146 eam
2803 5091 3152 5163 fruetiferam,
3184 5091 3473 5144 universam
3496 5108 3685 5146 veram.
3722 5093 3794 5148 Et

2185 5197 2314 5242 ante
2342 5187 2597 5253 diximus,
2627 5199 2680 5242 et
2707 5201 2849 5240 nunc
2889 5183 3078 5240 eadem
3111 5182 3325 5254 plenius
3355 5192 3413 5238 ut
3445 5184 3786 5255 intelligatis,

2185 5281 2508 5352 repetimus,
2543 5280 2665 5350 quia
2713 5279 2854 5335 Deus
2882 5279 3077 5333 bonam
3110 5277 3371 5348 plantavit
3400 5277 3639 5333 hominis
3672 5281 3781 5336 ani-

2183 5387 2352 5438 mam,
2384 5370 2479 5430 sed
2507 5371 2620 5443 ipsa
2651 5371 2785 5427 vitio
2816 5385 2914 5426 suo
2951 5369 3212 5426 adversus
3250 5369 3564 5444 conditoris.
3588 5371 3792 5445 depra-

2183 5542 2219 5585 Γ
2355 5573 2368 5586 .

2205 5550 2456 5682 wfmiinus
2487 5622 2551 5661 ex
2581 5605 2773 5682 iisdem
2799 5618 2956 5669 mss.,
2981 5602 3184 5657 malitia
3213 5613 3367 5674 atque
3410 5613 3626 5678 peccato
3662 5625 3794 5682 pro-

2175 5679 2290 5746 prio
2315 5679 2461 5754 nobis
2492 5677 2804 5738 attraaimus
2832 5683 3069 5733 mortem.
