4128 6346
533 243 637 301 687

1788 239 1848 297 S.
1891 237 2167 297 EUSEBII
2203 238 2583 297 IIIERONYMI

3729 245 3832 304 688

602 358 783 413 locum
812 354 1099 435 in_quo.ai.t
1123 370 1136 409 :
1156 352 1482 435 IIusti/icavit
1512 352 1735 435 animam
1766 370 1913 411 suam
1953 354 2122 410 Israel
2147 371 2201 432 Α
2231 356 2302 411 sit
2321 357 2544 427 justior.
2572 355 2641 411 Et
2667 355 2791 411 dedi
2819 357 2867 411 ei
2889 356 3123 414 libellum
3154 356 3359 428 repudii
3388 357 3441 413 in
3476 374 3661 415 manus
3689 365 3825 435 ejus,

609 446 641 483 a
670 425 953 499 peccatrice
975 425 1121 481 Juda
1148 426 1372 498 (Ierem.
1409 442 1489 493 ιιι,
1519 425 1630 498 11).

606 544 773 615 869
816 542 996 612 Ipsum
1042 541 1276 612 primum
1328 541 1578 597 lectionis
1626 555 1972 607 sermonem,
2032 540 2121 611 qui

531 640 898 710 perobscurus
949 645 1072 705 est,
1116 635 1381 692 debemus
1411 646 1700 702 excutere,
1736 646 1792 691 et
1820 645 2003 707 postea
2030 676 2046 703 ,
2080 633 2124 688 si

530 731 793 786 Dominus
822 730 1038 787 dederit
1066 728 1211 785 viam
1242 729 1601 801 intelligendi,
1629 729 1695 785 ad
1717 731 1968 786 altiorem
2001 743 2122 783 sen-

531 836 652 879 sum
691 825 901 880 venire.
962 825 1021 880 In
1064 823 1374 895 Regnorum
1427 824 1578 879 libris
1644 823 1816 879 fertur
1863 823 2119 887 historia,

528 932 650 988 qute
696 916 859 974 docet
906 925 1032 988 post
1074 918 1384 973 Salomonis
1427 917 1736 982 interitum,
1788 915 2122 987 temporibus

525 1008 775 1066 Roboam
823 1010 1112 1065 duodecim
1159 1010 1336 1065 tribus
1384 1009 1555 1065 fuisse
1575 1010 1804 1066 divisas:
1840 1008 1896 1063 id
1939 1018 2024 1064 est
2066 1008 2123 1062 in

526 1101 718 1159 decem
764 1103 939 1159 tribus
987 1090 1247 1174 regnasse
1295 1101 1609 1170 Jeroboam,
1660 1112 1717 1158 et
1769 1110 1995 1157 vocatas
2026 1114 2121 1157 eas

524 1209 652 1252 esse
681 1195 877 1251 Israel:
914 1194 1127 1250 duabus
1168 1208 1300 1251 vero
1326 1193 1608 1264 praefuisse
1637 1193 1904 1260 Roboam,
1944 1201 2000 1248 et
2026 1208 2124 1248 vo-

525 1298 678 1346 catas
706 1304 801 1346 eas
830 1304 954 1346 esse
982 1288 1198 1344 Judam.
1241 1289 1373 1357 Quze
1403 1298 1429 1326 α
1467 1289 1730 1346 discretio
1757 1287 1943 1360 populi
1967 1288 2121 1357 juxta

522 1384 685 1440 Iidem
733 1383 890 1453 libri,
932 1399 1106 1454 usque
1150 1383 1217 1438 ad
1272 1393 1592 1453 praesentem
1627 1382 1770 1438 diem
1814 1390 2117 1452 permanet.

522 1477 711 1549 Neque
736 1478 883 1534 enim
920 1481 974 1532 in
1011 1477 1282 1548 aliquibus
1321 1479 1689 1534 voluminibus
1721 1477 1999 1534 invenitur
2027 1476 2117 1530 ubi

520 1570 691 1629 Israel
735 1581 791 1628 et
832 1571 970 1627 Juda
1012 1573 1113 1628 sub
1144 1589 1254 1627 uno
1285 1586 1477 1627 rursus
1507 1572 1740 1643 imperio
1778 1572 2115 1641 redigantur.

520 1664 741 1721 Primus
770 1665 956 1736 itaque
989 1666 1235 1735 peccavit
1261 1664 1425 1720 Israel
1457 1665 1558 1720 sub
1580 1664 1898 1733 Jcroboam,
1932 1673 1986 1719 et
2013 1678 2119 1719 cae-

2228 459 2276 503 et
2304 466 2407 503 non
2433 450 2603 503 timuit
2632 451 3027 521 prtevaricatrix
3051 449 3088 506 J
3094 452 3194 505 uda
3224 467 3371 506 soror
3403 455 3537 525 ejus,
3568 452 3655 506 sed
3677 453 3826 518 abiit,

2227 551 2274 596 et
2302 541 2559 611 fornicata
2602 551 2676 597 est
2720 551 2768 596 et
2798 544 2934 615 ipsa,
2982 556 3029 599 et
3057 545 3192 615 facta
3215 556 3291 599 est
3320 544 3600 615 fornicatio
3627 548 3739 619 ejus
3771 546 3824 599 in

2227 632 2479 700 nihilum,
2523 644 2572 689 et
2600 635 2951 691 masc/labatur
2988 638 3041 691 in
3073 638 3269 708 lignum
3298 647 3344 690 et
3368 639 3634 708 lapidem:
3681 649 3729 693 et
3768 639 3825 694 in

2225 724 2314 781 his
2330 726 2564 781 omnibus
2592 743 2697 783 non
2721 740 2792 783 est
2820 746 3067 785 conversa
3096 730 3166 783 ad
3191 747 3272 784 me
3302 732 3697 799 prtevaricatria:
3726 729 3826 785 Juv

2226 817 2316 887 da,
2369 835 2434 873 ea:
2462 828 2569 873 toto
2599 822 2752 874 corde
2777 837 2869 874 suo
2888 862 2904 889 ,
2938 822 3029 876 sed
3054 822 3109 875 in
3135 822 3460 876 mendacium
3483 821 3673 893 (Ibid,
3706 822 3822 894 IO):

2225 926 2327 967 uec
2364 910 2545 985 timuit
2591 929 2654 968 ex
2686 912 2770 969 his
2803 931 2923 985 qua:
2954 914 3159 970 fecerat
3191 915 3390 981 Israel,
3429 925 3488 971 ut
3518 926 3632 973 toto
3654 917 3827 973 corde

2224 1013 2641 1061 converteretur
2670 1007 2735 1062 ad
2768 1022 2877 1075 me,
2909 1017 2966 1064 et
2996 1009 3249 1079 deposito
3277 1008 3563 1066 mendacio
3584 1052 3599 1079 ,
3636 1012 3687 1065 in
3717 1025 3826 1082 quo

2226 1101 2653 1168 perseverabat,
2711 1117 2840 1157 vere
2887 1110 3075 1173 ageret
3115 1103 3522 1173 paenitentiam.
3581 1101 3653 1159 Et
3693 1105 3826 1159 dixit

2223 1191 2481 1248 Dominus
2518 1194 2585 1248 ad
2616 1209 2723 1261 me,
2759 1196 3072 1268 justiﬁcavit
3111 1198 3341 1253 animum
3380 1213 3529 1252 suam
3575 1196 3745 1252 Israel
3792 1216 3825 1254 a

2226 1288 2630 1358 prmvaricatrice
2656 1286 2802 1342 Iuda
2844 1288 3034 1359 (Ibid.,
3070 1292 3192 1357 II):
3236 1291 3466 1347 Peccata
3506 1292 3674 1349 Israel
3697 1309 3843 1369 cum,

2222 1378 2376 1434 Iudae
2425 1380 2571 1434 vitiis
2602 1390 2917 1450 comparata
2939 1381 3239 1451 justiticant
3266 1382 3670 1453 quodammodo
3705 1387 3825 1441 ani-

2223 1488 2365 1527 mam
2391 1472 2529 1543 ejus.
2570 1471 2717 1527 Vade
2742 1482 2791 1527 et
2829 1476 2939 1547 lege
2969 1492 3229 1530 sermones
3259 1475 3385 1530 istos
3415 1476 3484 1529 ad
3515 1478 3824 1548 Aquilonem

2222 1565 2415 1637 (Ibid,
2446 1567 2560 1636 12).
2598 1565 2652 1622 Si
2690 1567 3008 1622 intellexisti
3039 1568 3357 1634 historiam,
3391 1568 3671 1625 videamus
3694 1572 3822 1641 quid

2220 1657 2277 1712 in
2306 1656 2389 1711 bis
2418 1672 2602 1713 sermo
2639 1659 2901 1730 mysticus
2950 1660 3244 1731 signiticet.
3297 1660 3533 1718 Vocatio
3553 1665 3820 1734 gentium,

516 1759 653 1814 teris
683 1759 1099 1815 successoribus
1126 1759 1279 1829 ejus;
1313 1767 1367 1814 et
1394 1766 1542 1814 tanta
1572 1760 1841 1829 peccavit,
1872 1768 1931 1813 ut
1960 1759 2117 1814 aDeo
2148 1774 2194 1834 Β
2223 1753 2561 1825 exspectatio
2601 1752 2793 1819 Israel,
2841 1753 3032 1808 habuit
3076 1755 3394 1825 exordium,
3448 1764 3507 1811 ut
3544 1765 3821 1813 teStantur

517 1852 831 1909 traderetur
878 1854 1221 1924 captivitati,
1278 1862 1334 1909 et
1396 1854 1627 1909 serviret
1670 1853 1813 1924 apud
1864 1855 2117 1925 Assyrios

517 1960 693 2017 usque
724 1945 791 2001 ad
821 1954 1150 2016 praesentem
1178 1944 1348 2001 diem.
1392 1946 1465 2001 Et
1491 1945 1632 2002 Juda
1660 1947 1924 2016 peccavit,
1954 1946 2117 2000 tradi-

518 2045 718 2109 tusque
767 2047 851 2094 est
897 2037 1244 2111 Babyloniis,
1303 2052 1411 2094 non
1456 2054 1628 2109 usque
1678 2039 1743 2093 ad
1797 2039 2115 2093 hodiernam

515 2129 683 2196 diem,
717 2131 814 2187 sed
846 2130 930 2203 (ut
956 2131 1236 2201 Scriptura
1268 2131 1519 2202 testatur)
1546 2132 1885 2203 septuaginta
1918 2132 2074 2186 annis
2097 2172 2112 2198 ,

518 2225 589 2283 de
617 2226 817 2297 quibus
846 2226 1114 2282 Jeremias
1156 2226 1535 2297 prophetavit,
1587 2235 1640 2280 et
1680 2226 1891 2280 Daniel.
1952 2225 2009 2281 Si
2031 2225 2116 2279 in-

513 2320 776 2378 tellexisti
812 2320 1098 2376 historiam
1139 2337 1257 2392 quae
1301 2322 1353 2375 in
1388 2320 1701 2391 Regnorum
1738 2320 1886 2375 libris
1915 2320 2113 2389 scripta

516 2422 621 2482 est,
670 2413 961 2470 considera
994 2414 1159 2470 verba
1200 2415 1516 2484 prophetaa,
1548 2423 1602 2468 et
1631 2412 1839 2468 videbis
1862 2412 2111 2467 eurudem

516 2506 751 2577 exprimi
774 2522 1017 2562 sensum.
1053 2509 1357 2562 Accusatur
1374 2505 1537 2561 Israel
1556 2505 1847 2561 etdicitur:
1874 2505 2115 2561 Audiens

514 2598 870 2671 congregatio
893 2598 1030 2654 Iuda
1058 2640 1073 2664 ,
1106 2598 1250 2669 quod
1282 2598 1352 2654 ob
1380 2606 1598 2667 peccata
1619 2613 1716 2653 sua
1748 2598 1913 2652 Israel
1943 2599 2113 2654 tradi-

520 2697 609 2745 tus
637 2691 709 2744 sit
739 2690 1078 2759 captivitati,
1114 2704 1223 2744 non
1255 2690 1368 2760 egit
1398 2689 1776 2759 ptenitentiam
1798 2732 1811 2757 ,
1848 2705 1952 2745 nec
1982 2705 2114 2745 cono

513 2798 673 2839 versa
706 2793 790 2839 est
820 2783 887 2838 ad
917 2798 1030 2839 me:
1061 2782 1157 2838 sed
1199 2784 1467 2837 intantum
1500 2792 1720 2853 peccata
1755 2785 1991 2853 peccatis
2020 2800 2115 2839 cu-

514 2876 775 2943 mulavit,
810 2884 868 2930 ut
896 2876 963 2929 ad
996 2876 1463 2945 comparationem
1489 2876 1744 2930 vitiorum
1778 2875 1895 2946 ejus
1916 2876 2116 2945 jUSlItII‘

514 2968 827 3023 inveniatur
866 2966 1055 3022 Israel.
1102 2965 1310 3021 Deinde
1359 2966 1623 3035 propheta
1676 2967 1982 3037 praedicare
2027 2970 2115 3038 ju-

517 3059 680 3116 betur
730 3058 799 3115 ad
849 3057 1047 3125 Israel,
1098 3067 1159 3113 ut
1189 3059 1318 3128 quia
1343 3058 1481 3114 Iuda
1513 3057 1665 3129 pejor
1696 3060 1790 3114 illo
1819 3059 1992 3115 lactus
2017 3061 2109 3125 sit,

2220 1846 2481 1917 apostoli,
2512 1857 2632 1917 post
2659 1847 3135 1903 annuntiationem
3161 1865 3325 1919 quam
3350 1848 3660 1907 Iudaeorum
3685 1867 3824 1922 prm-

2219 1942 2543 1999 dicaverunt
2572 1942 2905 2015 SynagOgis:
2938 1945 3022 1997 Ad
3048 1961 3155 2011 vos,
3188 1947 3457 2015 dicentes,
3486 1960 3596 2004 erat
3628 1951 3817 2005 missus

2219 2054 2422 2105 sermo;
2464 2040 2553 2093 sed
2581 2040 2706 2109 quia
2732 2039 2977 2111 indignos
3009 2056 3097 2094 ros
3134 2042 3298 2113 871
3330 2043 3582 2112 judicatis
3617 2053 3822 2099 aeternae

2218 2131 2357 2199 vitae,
2391 2146 2503 2184 ecce
2526 2131 2872 2186 convertimur
2903 2132 2972 2185 ad
2993 2142 3167 2203 gentes
3200 2132 3335 2205 (Act.
3369 2150 3484 2201 xm,
3518 2136 3636 2207 46).
3680 2136 3821 2192 Pau-

2220 2222 2305 2277 lus
2346 2238 2563 2292 quoque
2613 2237 2767 2278 sacra
2813 2237 2946 2279 voce
2995 2225 3273 2294 loquitur:
3330 2223 3558 2281 Illorum
3605 2237 3819 2301 peccato

2217 2314 2362 2369 salus
2384 2316 2619 2386 gentibus
2640 2316 2780 2386 facta
2810 2325 2885 2370 est
2907 2316 2976 2370 ad
2998 2316 3276 2373 zelandum
3296 2335 3385 2374 eos
3417 2320 3595 2390 (Rom.
3615 2322 3724 2389 xt,I
3744 2321 3813 2394 Ι).

2216 2408 2389 2479 Igitur
2436 2410 2607 2465 multa
2656 2421 2879 2478 peccata
2920 2411 3070 2467 illius
3119 2413 3306 2482 populi
3348 2411 3594 2469 fecerunt
3633 2430 3757 2470 eum
3785 2429 3816 2469 a

2220 2502 2453 2557 Iiomiuo
2491 2502 2826 2573 derelinqui,
2871 2511 2927 2559 et
2961 2520 3060 2560 nos
3098 2506 3168 2559 ad
3198 2521 3349 2573 spem
3384 2506 3576 2562 salutis
3604 2506 3815 2576 venire,

2216 2597 2309 2668 qui
2352 2597 2517 2653 alieni
2566 2612 2785 2653 eramus
2817 2606 3267 2655 testamentorum
3290 2643 3304 2668 ,
3341 2608 3397 2657 et
3422 2601 3811 2673 repromissio-

2216 2691 2325 2746 nis.
2384 2690 2541 2747 Unde
2585 2693 2787 2747 etenim
2833 2694 2964 2749 mihi
3012 2696 3201 2751 nescio
3249 2696 3341 2751 ubi
3382 2705 3533 2753 extra
3568 2708 3811 2753 sanctam

2217 2791 2420 2839 terram
2456 2793 2605 2849 nato,
2653 2801 2797 2840 nunc
2836 2786 2905 2842 de
2948 2787 3472 2858 repromissiunibus
3507 2790 3809 2860 disputare,

2215 2892 2270 2935 et
2300 2879 2531 2935 credere
2564 2882 2615 2935 in
2650 2882 2818 2937 Deum
2848 2884 3283 2952 patriarcharum
3314 2886 3611 2955 Abraham,
3640 2888 3812 2953 Isaac,

2214 2983 2270 3029 et
2300 2972 2492 3039 Iacob.
2528 2985 2583 3031 et
2606 2977 2658 3030 in
2686 2976 2870 3033 Iesum
2888 2978 3167 3035 Christum
3189 2980 3281 3051 qui
3310 2981 3552 3037 omnium
3582 2982 3813 3054 prophe-

2216 3074 2390 3120 tarum
2418 3066 2648 3123 vocibus
2679 3069 3007 3139 praadicatus
3038 3072 3160 3127 est?
3187 3070 3215 3110 ι’
3243 3071 3303 3128 Si
3325 3072 3651 3130 intellexisti
3678 3075 3817 3130 duos

515 3161 867 3209 convertatur
918 3151 985 3206 ad
1042 3151 1331 3206 Dominum
1360 3193 1373 3217 ,
1426 3163 1480 3207 et
1522 3152 1730 3219 Israel,
1758 3162 1814 3208 et
1842 3154 1976 3209 Iuda
2009 3155 2110 3211 sub
2136 3173 2181 3235 ρ
2210 3159 2446 3231 populos
2470 3202 2484 3225 ,
2524 3161 2696 3216 Israel
2732 3172 2788 3218 et
2825 3163 3105 3232 Gentium,
3158 3166 3403 3239 intellige
3448 3169 3814 3239 transmigra-

515 3261 626 3300 uno
652 3243 884 3315 imperio
912 3244 1124 3299 futuros
1155 3258 1310 3309 esse,
1344 3252 1400 3299 et
1424 3244 1490 3299 ad
1522 3246 1808 3314 pristinam
1841 3247 2112 3303 redituros

512 3337 885 3394 concordiam.
916 3336 1075 3406 Quod
1103 3347 1161 3392 ut
1192 3337 1407 3408 planius
1436 3338 1527 3393 ﬁat
1556 3380 1570 3404 ,
1603 3339 1778 3409 ipsius
1809 3341 2111 3412 Scripturce

511 3431 680 3488 verba
730 3430 986 3499 ponenda
1028 3441 1191 3486 sunt:
1249 3430 1475 3486 Etdixit
1521 3430 1780 3488 Dominus
1831 3434 1901 3488 ad
1939 3451 2020 3490 me
2058 3438 2113 3490 in

513 3524 692 3580 diebus
731 3525 886 3597 Regis
929 3522 1130 3579 Josite:
1186 3522 1376 3577 Vidisti
1402 3526 1529 3595 quid
1548 3526 1667 3596 fecit
1696 3527 1825 3581 mihi
1856 3528 2113 3583 habitatio

515 3620 701 3674 domus
734 3616 906 3673 Israel
940 3615 1077 3689 (Jer.
1107 3633 1187 3685 ιιι,
1218 3615 1271 3679 6,
1303 3617 1357 3682 7,
1390 3617 1487 3687 8)?
1515 3618 1630 3673 Non
1656 3618 1792 3675 dixit
1816 3620 1949 3675 Juda
1971 3667 1984 3691 ,
2018 3621 2114 3677 sed

514 3712 671 3783 prius
716 3712 908 3767 Israel.
961 3710 1102 3765 Abiit
1146 3710 1323 3766 subtus
1362 3727 1560 3765 omnem
1585 3724 1807 3767 montem
1837 3715 2112 3783 excelsum,

516 3816 566 3860 et
592 3805 775 3860 subtus
799 3821 950 3859 omne
971 3805 1173 3876 lignum
1201 3804 1370 3876 870
1395 3822 1740 3872 nemorosum,
1779 3816 1826 3859 et
1856 3810 2117 3879 fornicata

520 3906 596 3954 est
641 3897 753 3952 illic
796 3907 843 3952 et
872 3897 1015 3967 dixi,
1066 3908 1339 3968 postquam
1376 3899 1635 3967 fornicata
1662 3907 1737 3953 est
1759 3905 1868 3953 hwc
1898 3902 2073 3955 omnia
2096 3917 2114 3954 :

519 3990 825 4046 Convertere
836 3990 905 4044 ad
919 4006 1017 4058 me,
1034 4000 1080 4045 et
1103 4006 1206 4044 non
1223 3999 1297 4044 est
1310 4007 1570 4046 conversa.
1594 3992 1660 4045 Et
1671 3995 1866 4049 audivit
1880 3996 2119 4067 praevari-

519 4086 773 4140 cntionem
792 4088 928 4158 ejus,
956 4082 1010 4136 id
1027 4092 1099 4139 est
1122 4082 1302 4156 populi
1326 4083 1517 4152 Israel,
1537 4086 1933 4155 prtevaricatria:
1946 4086 1983 4140 Ι
1989 4089 2113 4142 uda.

517 4175 589 4232 Et
602 4178 860 4243 viderunt,
877 4175 933 4230 id
948 4184 1045 4241 est,
1062 4176 1103 4230 ii
1118 4176 1364 4245 quierant
1387 4177 1450 4231 de
1469 4174 1505 4230 J
1510 4178 1631 4245 uda,
1650 4180 1893 4249 quoniam
1921 4181 1984 4236 de
2008 4198 2119 4237 om-

518 4270 675 4327 nibus
700 4268 1078 4343 comprehensa
1105 4279 1177 4324 est
1204 4271 1259 4324 in
1288 4269 1473 4339 quibus
1499 4272 1847 4327 maeclrabatur
1869 4275 2116 4331 habitatio

521 4358 719 4418 Israel.
765 4361 954 4417 Dimisi
984 4378 1099 4416 eam
1120 4371 1169 4415 et
1190 4362 1310 4416 dedi
1331 4365 1375 4417 ei
1408 4364 1637 4419 libellum
1659 4367 1889 4437 repudii.
1927 4369 2117 4426 Dimisi

523 4454 671 4511 enim
718 4456 978 4527 populum
1010 4453 1210 4521 Israel,
1245 4465 1301 4509 et
1327 4454 1461 4525 ejeci
1495 4470 1590 4511 eos
1621 4458 1672 4513 in
1700 4457 1957 4532 Assyrios
1990 4480 2003 4514 :
2046 4461 2117 4518 Et

2218 3254 2420 3308 tionem
2452 3254 2615 3310 Israel
2637 3256 2703 3311 de
2735 3255 2843 3329 [AL
2875 3257 2953 3331 in]
2988 3258 3184 3329 populo
3212 3259 3525 3317 Judaaorum
3548 3270 3635 3331 ,et
3661 3261 3728 3317 de
3749 3277 3817 3320 eo

2216 3347 2476 3417 scriptum
2502 3364 2653 3404 esse:
2689 3349 2877 3404 Dimisi
2898 3361 3092 3417 eam,et
3109 3353 3229 3406 dedi
3260 3354 3305 3407 ei
3327 3352 3560 3409 libellum
3589 3356 3814 3428 repudii.

2220 3439 2436 3494 Dimisit
2466 3442 2610 3496 enim
2640 3446 2772 3498 vere
2802 3443 2947 3499 Deus
2981 3447 3238 3515 populum
3272 3446 3471 3514 Israel,
3505 3455 3562 3502 et
3590 3449 3735 3503 dedit
3768 3447 3818 3504 ei

2220 3535 2462 3590 libellum
2512 3536 2755 3605 repudii,
2809 3544 2870 3593 ut
2913 3549 2935 3577 ο
2979 3556 3216 3609 sequens
3257 3540 3435 3596 firmat
3477 3544 3812 3613 exemplum.

2218 3625 2380 3682 Jubet
2424 3628 2510 3682 lex
2553 3627 2727 3700 Moysi
2774 3630 2987 3686 mulieri
3035 3630 3345 3702 displiccuti
3404 3635 3526 3689 viro
3562 3650 3661 3689 suo
3700 3634 3819 3689 dari

2218 3718 2462 3775 libellum
2492 3720 2725 3790 repudii,
2756 3732 2810 3776 et
2843 3722 3042 3777 dimitti
3065 3738 3208 3792 eam,
3242 3734 3297 3780 et
3323 3733 3453 3781 tunc
3478 3725 3598 3780 viro
3629 3725 3818 3795 licere,

2219 3822 2280 3868 ut
2300 3815 2523 3869 alteram
2555 3814 2736 3871 ducat.
2787 3816 2948 3872 Juxta
2977 3818 3122 3875 hunc
3154 3835 3373 3876 sensum
3400 3820 3642 3891 intelligo
3674 3821 3822 3876 acci-

2219 3910 2437 3979 pientes
2466 3909 2685 3967 Judaeos
2707 3911 2950 3969 libellum
2978 3914 3191 3984 repudii
3215 3958 3231 3984 ,
3264 3924 3319 3971 et
3361 3915 3584 3971 omnino
3610 3915 3820 3972 derelio

2220 4013 2339 4060 ctos
2375 4020 2405 4059 a
2437 4005 2691 4061 Domino.
2739 4006 2843 4062 Ubi
2886 4009 3032 4064 enim
3059 4010 3170 4079 jam
3200 4011 3342 4081 apud
3373 4026 3467 4066 eos
3491 4009 3821 4082 pr0p1ietae?

2222 4097 2313 4152 ubi
2337 4098 2489 4169 signa
2517 4100 2820 4155 virtutum?
2850 4101 2941 4157 ubi
2970 4101 3343 4159 maniicstatio
3368 4103 3500 4160 Dei?
3533 4104 3651 4161 Non
3688 4115 3822 4161 tem-

2222 4189 2402 4259 plum,
2437 4206 2543 4246 non
2576 4192 2807 4248 vietimrc
2830 4235 2844 4259 ,
2883 4209 2992 4249 non
3035 4194 3177 4250 alius
3199 4196 3429 4266 quilibet
3459 4198 3637 4252 cultus
3666 4198 3821 4253 volu-

2222 4283 2460 4339 minibus
2492 4284 2652 4355 I.egis
2676 4301 2990 4357 expressus.
3044 4288 3217 4357 Ejecti
3256 4298 3383 4344 sunt
3413 4288 3480 4344 de
3506 4290 3820 4361 regionibus

2222 4377 2363 4443 suis,
2387 4390 2549 4448 atque
2572 4380 2640 4432 ita
2657 4378 3089 4437 deditDominus
3113 4381 3353 4437 libellum
3386 4383 3599 4451 repudii
3626 4384 3814 4439 Israel.

2222 4470 2352 4527 Post
2381 4487 2477 4528 eos
2508 4488 2610 4528 nos
2637 4474 2729 4544 qui
2760 4474 2812 4529 in
2843 4474 3138 4546 Scripturis
3166 4474 3337 4531 Judaei
3378 4490 3643 4533 vocamur
3684 4477 3820 4549 (Ju-

523 4549 646 4603 dedi
689 4548 737 4600 ei
787 4546 1025 4601 libellum
1062 4548 1267 4621 repudii
1304 4548 1361 4602 in
1387 4567 1541 4605 manu
1567 4553 1701 4623 ejus,
1738 4562 1782 4606 et
1813 4571 1916 4608 non
1949 4556 2118 4611 timuit
2150 4580 2196 4639 ι)
2222 4563 2325 4619 dmi
2374 4576 2557 4621 autem
2602 4576 2826 4636 propter
2854 4567 3055 4623 tribum
3089 4568 3261 4635 Iuda,
3296 4586 3361 4625 ex
3392 4570 3544 4642 cujus
3575 4546 3823 4627 Salvator

523 4640 917 4713 prwuaricatrix
942 4636 1083 4692 Juda
1114 4637 1253 4710 (Jer.
1280 4655 1360 4707 ιιι,
1393 4641 1470 4712 9).
1499 4642 1629 4698 Post
1654 4654 1797 4699 tanta
1822 4663 1940 4716 quae
1958 4663 2115 4718 passa

525 4742 613 4789 est
642 4731 829 4799 Israel,
863 4730 1087 4786 dimissa
1115 4746 1147 4784 a
1178 4732 1308 4801 Deo,
1342 4733 1614 4803 accipiens
1644 4736 1885 4792 libellum
1907 4740 2116 4810 repudii

523 4823 586 4880 in
615 4836 808 4879 manus
853 4836 1005 4887 suas,
1038 4822 1303 4879 debuerat
1346 4839 1375 4878 a
1405 4826 1553 4881 vitiis
1580 4826 1716 4883 Iuda
1752 4834 2015 4898 converti,
2065 4843 2119 4889 et

524 4933 625 4991 per
655 4918 829 4974 aliena
863 4924 1083 4988 peccata
1114 4930 1387 4989 correpta,
1413 4921 1515 4975 sibi
1547 4924 1744 4978 similia
1778 4912 2115 4995 prEeCavere:

510 5028 648 5083 σφωε
679 5028 786 5066 non
818 5008 992 5065 solum
1019 5026 1245 5082 peccare
1277 5027 1385 5068 non
1413 5012 1595 5085 desiit,
1625 5018 1717 5073 sed
1742 5020 1967 5089 pristina
2003 5037 2121 5079 sce-

524 5108 643 5164 Iera
673 5107 990 5176 duplicavit,
1028 5107 1295 5161 intantum
1330 5118 1390 5162 ut
1420 5110 1485 5163 ad
1515 5115 1977 5182 comparationem
2004 5121 2121 5189 ejus

521 5201 872 5273 congregatio
896 5198 1098 5267 Israel,
1146 5215 1266 5271 quae
1314 5203 1463 5272 prius
1492 5204 1665 5263 fuerat
1692 5208 1810 5279 ipsa
1839 5210 2115 5286 damnata,

594 5420 621 5487 fl
660 5411 812 5487 tinus
842 5407 977 5482 Reg.
1007 5423 1117 5487 ms1
1131 5410 1590 5487 ‘apudﬂuetium,
1620 5434 1733 5487 qua?
1753 5422 2016 5480 discessio.

590 5483 621 5523 ι)
663 5479 1050 5564 Hiprnnymtts.
1078 5479 1467 5564 Siintellexisti
1495 5479 1885 5562 duos'populOs,
1919 5479 2111 5564 Israel,

512 5564 570 5614 ,ει
600 5557 874 5629 gentium:
918 5558 1243 5629 sententiam
1292 5559 1473 5629 retulit
1499 5601 1514 5626 ,
1548 5578 1575 5614 3
1622 5557 1800 5619 (tophis
1836 5557 2111 5625 discessu;

518 5624 785 5704 prigenes
821 5625 981 5695 paulo
1003 5624 1239 5704 inferius
1275 5645 1285 5679 :
1318 5624 1429 5704 sita
1462 5624 1607 5704 ὑμεῖς
1652 5633 1832 5703 Ἰούδα,
1867 5638 2032 5699 ἰούδα
2060 5624 2115 5700 δέ

517 5698 716 5777 ξιάκτρν
755 5706 969 5777 cogitent
995 5697 1046 5777 ἐξ
1074 5696 1235 5777 Ἰούδᾳ
1265 5702 1420 5777 φυλῆς
1447 5696 1800 5777 damnantur“,
1822 5696 1879 5766 et
2200 5760 2205 5765 .

517 5770 572 5843 9,
602 5768 784 5846 ἄνδρες
810 5767 977 5825 Ἰοῦδα
1014 5770 1157 5839 ἡμεῖς
1200 5767 1356 5842 ἔσμεν
1385 5770 1467 5831 διὰ
1490 5779 1573 5834 τὸν
1597 5767 1835 5857 Χριστὸίν,
1863 5767 2117 5858 «petatis

2223 4658 2396 4727 stirpe
2422 4657 2732 4729 descendit)
2760 4662 3019 4717 conversi
3047 4676 3231 4717 sumus
3266 4663 3373 4736 [ΑΙ.
3408 4665 3598 4732 simus]
3627 4665 3691 4720 ad
3720 4666 3823 4720 Do-

2225 4752 2458 4818 minum,
2491 4762 2546 4809 et
2580 4754 2873 4810 novissima
2905 4767 3129 4824 nostra,
3160 4772 3283 4828 quae
3307 4758 3510 4814 utinam
3542 4759 3733 4814 saltem
3768 4759 3821 4815 in
3862 4778 3867 4787 ·

2226 4844 2332 4901 hoc
2363 4855 2613 4915 tempore
2648 4862 2753 4903 non
2783 4850 3225 4920 complerentur,
3259 4853 3455 4908 similia
3484 4853 3662 4909 futura
3697 4862 3822 4909 sunt

2227 4942 2466 5010 peccatis
2515 4940 2676 5010 Iuda,
2719 4942 2888 4999 immo
2934 4947 3141 5015 pejora.
3197 4946 3267 5002 Et
3304 4956 3362 5003 ut
3405 4949 3597 5004 credas
3618 4950 3670 5004 in
3693 4965 3824 5005 con-

2230 5036 2591 5091 summatione
2640 5039 2822 5093 szeculi
2866 5039 3141 5095 deteriora
3173 5042 3333 5097 nobis
3371 5054 3634 5099 eventura
3660 5060 3820 5114 quam

2231 5137 2532 5184 evenerunt
2571 5130 2812 5195 Iudaeis,
2865 5135 2987 5190 audi
3037 5135 3376 5194 Salvatorem
3425 5137 3478 5192 in
3512 5138 3822 5209 (Evangelio

2229 5223 2615 5292 praedicantem
2643 5244 2657 5281 :
2718 5227 2849 5282 Cum
2883 5229 3247 5300 multiplicata:
3281 5233 3473 5304 fuerint
3496 5233 3820 5306 iniquitates,

2218 5434 2319 5521 γᾴρ
2350 5432 2695 5521 Sassinate
2722 5442 3058 5521 ἀνατέταλκεγ
3081 5443 3113 5521 Δὁ
3142 5446 3327 5521 Κύριος
3350 5449 3512 5521 ἡμῶν,
3540 5457 3597 5503 et
3620 5447 3810 5506 homil.

2223 5504 2298 5559 46'
2317 5549 2332 5572 ,
2374 5509 2481 5595 ᾲλγ
2498 5512 2584 5596 iui-'1
2612 5508 2726 5596 332g,
2741 5504 3419 5596 Spontné'ieuyom'vov‘rbu
3448 5504 3689 5596 xpsa'rt‘w,
3720 5504 3817 5596 (ari;

2221 5597 2345 5657 πρτε
2378 5578 2797 5657 ἁμαρτία-’κιδδοὶ
2829 5587 2973 5657 ἡμῶν
3014 5578 3163 5654 ἐστῖι,’
3199 5597 3300 5645 τῶν
3348 5578 3692 5649 «teretibus-oni
3720 5578 3822 5650 ⁸ἐι·ιί

2221 5649 2308 5703 τὸν
2338 5649 2555 5777 Χέισιὲὀν
2578 5654 2664 5709 τὸν
2690 5656 2749 5708 ἐκ
2762 5649 2918 5728 φυλῆς
2943 5649 3145 5713 Ἰούδα(
3161 5659 3426 5717 HUE'I‘IUS.
3590 5678 3591 5681 ‘
3782 5682 3785 5693 τ

2298 5731 2321 5760 ο
2417 5724 2521 5777 uud
2548 5724 2875 5777 Rabanunr.
2904 5736 2960 5777 ut
2988 5731 3283 5777 ralinmmms
3314 5734 3481 5777 ῆπηυι
3505 5736 3785 5777 ρηνηηιιηιιι

2298 5731 2321 5760 ο
2365 5724 2521 5793 Apud
2548 5724 2875 5792 Rabanu'm',
2904 5736 2960 5780 ut
2988 5731 3283 5802 relinquens
3309 5734 3481 5803 ﬁrmet
3505 5736 3819 5808 exemplum.
