4128 6346
288 350 393 408 639

836 345 1273 406 TllANSLA'I‘lO
1312 342 1752 403 HOMILIARUM
1793 341 2119 400 OllIGENIS
2160 341 2229 399 IN
2268 342 2640 400 JEBEMIAM.
2684 344 2851 402 HUM.
2894 344 3033 400 XIV.

3478 346 3585 402 690

287 470 585 542 refrigescet
614 468 839 523 charitas
867 466 1169 522 multorum.
1214 466 1315 533 Qui
1337 473 1510 519 autem
1539 479 1888 535 perseueraue-
1916 466 1971 525 Α
1994 463 2280 519 veritatem
2311 462 2381 519 ob
2417 461 2613 518 delicta
2647 479 2660 515 :
2711 462 2898 532 sicque
2931 461 3202 533 benignus
3235 466 3357 531 est,
3400 467 3457 517 et
3495 474 3586 519 se-

286 563 357 615 rit
381 576 543 632 usque
568 561 622 615 in
648 561 825 630 ﬁnem,
858 559 942 614 hic
961 558 1135 613 salvus
1166 558 1261 613 erit
1293 556 1454 629 (Mat.
1478 571 1623 621 xstv,
1652 554 1763 627 l2).
1821 548 1889 608 Et

288 654 345 709 in
392 654 501 708 alio
539 655 685 708 loco:
734 652 885 707 Fient
932 652 1048 725 [Αι.
1080 650 1274 723 faciet]
1310 652 1461 723 signa
1481 658 1528 705 et
1557 649 1793 722 prodigia
1829 650 1885 703 in

284 747 412 802 caelo
436 755 485 802 et
507 748 562 801 in
592 756 752 811 terra,
782 746 851 801 ad
875 746 1223 817 decipiendos,
1243 747 1288 799 si
1309 745 1423 814 fieri
1444 753 1608 817 potest
1632 742 1740 816 [ΑΙ.
1762 758 1887 813 pos-

282 840 589 913 Set].etiam
617 840 803 897 electos
824 838 1018 907 (Ibid,
1043 838 1137 908 24)
1174 856 1187 893 :
1227 838 1393 910 872
1422 845 1678 907 tantaque
1709 836 1887 891 incre-

284 937 493 994 dulitas
538 938 592 991 in
642 937 903 992 universo
953 936 1191 989 humano
1238 947 1441 1004 genere
1477 932 1655 987 futura
1682 941 1793 996 est,
1826 939 1887 984 ut

284 1030 541 1088 Salvator
572 1039 757 1085 noster
801 1029 925 1100 (qui
973 1028 1156 1082 omnia
1192 1042 1312 1097 qua:
1357 1033 1484 1080 sunt
1525 1032 1752 1079 ventura
1792 1037 1886 1077 co-

282 1123 581 1195 gnoverat)
632 1122 980 1193 loqueretur:
1008 1119 1177 1174 Putas
1219 1119 1427 1172 vertiens
1460 1116 1632 1171 Filius
1662 1115 1885 1169 hominis

282 1217 509 1271 inveniet
551 1215 711 1286 ﬁdem
758 1230 912 1286 super
957 1224 1149 1269 terram
1197 1210 1349 1279 (Luc.
1398 1225 1559 1275 mu,
1601 1207 1691 1279 8)?
1744 1207 1886 1263 Vere

282 1308 485 1380 quippe
514 1308 559 1363 si
582 1308 892 1378 iudicemus
920 1305 1080 1361 ﬁdem
1114 1313 1140 1341 λ
1168 1312 1222 1359 et
1252 1303 1569 1365 veritatem,
1606 1314 1715 1354 non
1744 1299 1889 1355 mul-

285 1401 617 1469 titudinem,
665 1408 722 1455 et
767 1398 1121 1469 respiciamus
1188 1396 1528 1452 voluntatem
1578 1392 1881 1459 hominum,

283 1509 393 1549 non
434 1492 942 1564 congregationem,
993 1489 1238 1544 videmus
1266 1488 1318 1542 in
1350 1496 1503 1542 tanto
1527 1499 1753 1540 numero
1784 1484 1888 1539 Ec-

283 1586 579 1642 clesiarum
599 1585 624 1622 δ
646 1583 861 1639 ﬁdelem
884 1581 1107 1637 difﬁcile
1125 1580 1376 1651 reperiri.
1406 1579 1559 1634 Tunc
1582 1588 1737 1633 erant
1757 1591 1887 1632 vere

283 1680 520 1750 ﬁdeles,
591 1677 823 1749 quando.
875 1685 1176 1749 martyrum
1243 1673 1477 1729 victimae
1528 1671 1881 1739 feriebantur,

283 1774 508 1846 quando
533 1780 789 1827 cruentas
818 1770 1109 1839 exsequias
1143 1766 1436 1837 prosecuti,
1469 1769 1654 1821 tristes
1685 1765 1749 1820 ad
1782 1765 1883 1820 Ec-

1990 571 2169 620 verns,
2201 566 2255 611 et
2280 557 2517 626 loquitur
2536 554 2605 611 ad
2631 570 2730 610 nos
2755 570 2851 625 per
2873 555 3197 625 Pr0phetam
3221 554 3407 610 dicens
3433 570 3448 607 :
3493 553 3580 607 Vi-

1990 648 2108 704 disti
2148 649 2272 719 quid
2301 649 2417 719 fecit
2449 647 2573 702 mihi
2610 646 2860 702 habitatio
2891 647 3073 701 domus
3104 645 3276 701 Israel
3297 645 3489 719 (Israel
3523 646 3578 700 in

1992 742 2245 812 praesenti
2290 758 2384 811 pro
2428 741 2740 797 Judmorum
2782 740 2981 809 p0pulo
3017 739 3221 810 accipe)
3264 738 3387 793 abiit
3423 753 3581 809 super

1990 852 2187 890 onmem
2216 844 2439 889 montem
2467 834 2721 889 excelsum
2745 874 2760 900 ,
2805 843 2852 887 et
2891 832 3048 886 subiit
3074 848 3229 903 usque
3266 832 3335 888 ad
3379 847 3581 886 omnem

1988 929 2186 1001 lignum
2213 943 2557 982 nemorosum.
2599 927 2653 981 Si
2688 925 3005 980 consideres
3032 925 3364 979 Pharisaeum
3392 940 3582 980 ascen-

1988 1021 2204 1076 dentem
2233 1021 2492 1091 templum
2521 1034 2641 1075 cum
2665 1019 2939 1089 superbia,
2972 1027 3028 1074 et
3055 1034 3163 1073 non
3189 1019 3581 1088 percutientem

1990 1125 2176 1186 pectus
2206 1130 2386 1179 suum,
2418 1129 2595 1184 neque
2626 1113 2765 1176 mala
2800 1113 3017 1183 propria
3049 1110 3411 1180 sentientem,
3442 1127 3579 1183 quo-

1990 1210 2153 1266 modo
2177 1209 2354 1265 dicat:
2387 1208 2594 1264 Gratias
2624 1208 2714 1262 tibi
2736 1224 2865 1282 ago,
2903 1208 3025 1273 quia
3052 1223 3155 1262 non
3183 1223 3297 1261 sum
3325 1217 3379 1260 ut
3409 1209 3583 1262 cceteri

1987 1302 2243 1367 homines,
2266 1311 2520 1372 raptores,
2554 1300 2759 1373 injusti,
2790 1300 3039 1361 adulteri,
3065 1308 3112 1353 et
3133 1298 3267 1353 sicut
3286 1299 3381 1353 iste
3406 1297 3580 1364 publi-

1987 1415 2147 1452 canus
2178 1414 2197 1451 :
2213 1398 2398 1468 jejuno
2421 1396 2496 1450 bis
2522 1397 2575 1450 in
2607 1394 2838 1464 sabbato,
2866 1394 3091 1449 decimas
3120 1394 3188 1448 do
3210 1396 3272 1448 de
3294 1394 3584 1450 substantia

1987 1506 2097 1545 mea
2130 1489 2282 1561 (Luc,
2312 1504 2462 1553 xvm,
2502 1488 2616 1559 11).
2644 1486 2807 1542 Vides
2837 1487 3114 1558 quomodo
3144 1486 3393 1543 ascendit
3421 1501 3583 1557 super

1987 1601 2202 1641 omnem
2229 1594 2467 1639 montem
2494 1584 2771 1639 excelsum
2790 1624 2804 1648 ,
2835 1594 2887 1637 et
2916 1581 3284 1637 inflammatus
3320 1596 3582 1650 arrogan-

1987 1678 2058 1732 tia
2104 1676 2204 1731 ista
2248 1684 2563 1746 praesumat.
2611 1675 2750 1731 Sunt
2788 1684 2970 1730 autem
3016 1674 3106 1729 alii
3142 1673 3233 1745 qui
3276 1672 3586 1729 ascendunt

1983 1786 2148 1840 super
2165 1770 2353 1838 colles,
2385 1780 2440 1826 et
2461 1769 2593 1825 fiunt
2622 1770 2813 1826 subtus
2837 1784 3003 1824 omne
3028 1767 3232 1838 lignum
3258 1780 3365 1821 non
3394 1765 3583 1821 fructi-

281 1866 508 1922 clesiam
557 1874 580 1904 ε
615 1862 1047 1928 revertebamur,
1099 1859 1277 1916 omnis
1328 1866 1447 1915 erat
1484 1859 1772 1915 ωυιιὶιυάο
1800 1858 1883 1912 Ῑυ·
1914 1857 2192 1935 Bferum,
2237 1867 2331 1923 sed
2370 1882 2759 1922 nemorosum:
2809 1866 3074 1937 siquidem
3120 1864 3347 1919 alterius
3376 1871 3584 1917 natura:

280 1958 551 2029 gentium,
581 1953 800 2027 quando
829 1952 1211 2010 catechumeni
1245 1953 1298 2007 in
1327 1954 1499 2023 prima
1521 1952 1704 2006 statim
1730 1950 1755 1987 ά
1777 1951 1884 2006 ﬁde

281 2066 384 2123 pro
414 2049 646 2106 ferendo
689 2050 953 2121 martyrio
999 2046 1361 2113 docebantur,
1413 2046 1632 2111 quando
1663 2045 1883 2100 mulier-

280 2145 424 2203 cula:
452 2155 509 2200 et
535 2144 802 2200 inﬁrmior
828 2141 936 2213 (At.
961 2141 1230 2213 inﬁrmus]
1258 2155 1420 2196 sexus
1449 2153 1620 2210 usque
1647 2138 1715 2194 ad
1740 2154 1883 2193 mor-

279 2250 389 2298 tem
412 2238 673 2295 manebat
695 2237 800 2311 [Ah
827 2234 1202 2308 permanebat]
1224 2234 1544 2305 intrepidus.
1576 2234 1730 2290 Tunc
1753 2248 1883 2289 vere

274 2337 430 2406 signa
454 2335 525 2389 de
538 2333 701 2399 coelo,
728 2342 855 2388 tunc
884 2331 1086 2388 fiebant
1126 2340 1374 2402 portenta
1407 2330 1475 2386 de
1504 2338 1671 2387 terra.
1730 2329 1883 2385 Tunc

279 2437 438 2485 erant
464 2427 625 2498 pauci
656 2426 908 2497 quidem,
960 2425 1055 2481 sed
1088 2440 1218 2481 vere
1248 2424 1436 2480 ﬁdeles
1456 2467 1471 2492 ,
1515 2433 1798 2496 angustam
1828 2433 1883 2480 et

275 2529 486 2576 arctam
518 2518 885 2590 ingredientes
917 2519 1082 2585 viam,
1114 2518 1486 2589 quaeducitad
1518 2518 1703 2573 vitam.
1728 2516 1883 2573 Nunc

282 2626 422 2668 vero
453 2612 674 2683 quando
706 2612 832 2669 facti
871 2626 1061 2667 sumus
1100 2610 1283 2681 plures
1332 2610 1484 2682 (quia
1541 2610 1767 2666 difficile
1796 2620 1883 2666 est

276 2707 470 2778 plures
504 2721 630 2763 esse
675 2707 870 2772 bonos,
920 2719 1095 2775 neque
1136 2704 1281 2760 enim
1320 2705 1578 2759 mentitur
1606 2703 1764 2760 Jesus
1798 2705 1882 2759 di-

274 2815 445 2857 cens:
486 2798 643 2854 Multi
672 2800 863 2866 vocati,
896 2799 1052 2868 pauci
1083 2807 1254 2853 autem
1284 2799 1432 2854 electi
1463 2798 1623 2872 (Mat.
1644 2816 1735 2868 xx,
1766 2798 1877 2869 16);

275 2908 345 2950 ex
384 2892 553 2947 tantis
582 2890 947 2947 Christianam
980 2890 1141 2947 tidem
1162 2892 1549 2961 pollicentibus
1564 2892 1720 2961 pauci
1748 2907 1880 2947 sane

273 2982 391 3059 (At.
423 2981 582 3055 satis]
610 2984 961 3056 reperiuntur
986 2984 1076 3052 qui
1107 2983 1343 3039 habeant
1374 2983 1557 3053 ﬁdem,
1590 2996 1644 3039 et
1674 2994 1695 3022 θ
1729 2986 1880 3040 veri-

274 3087 476 3144 tatem,
528 3086 585 3133 et
628 3076 968 3133 beatitudine
1011 3077 1160 3147 digni
1210 3080 1339 3133 sint.
1404 3078 1461 3134 Si
1486 3078 1670 3149 itaque
1699 3078 1875 3133 dicit:

1989 1973 2071 2020 est
2107 1963 2334 2033 lignum,
2366 1962 2509 2032 quod
2542 1961 2789 2017 ubertate
2818 1960 2994 2016 fertile
3022 1971 3127 2025 est,
3172 1958 3395 2013 alterius
3436 1955 3581 2025 quod

1989 2065 2195 2111 tantum
2231 2055 2469 2110 abundat
2499 2053 2693 2109 fronde
2740 2052 3017 2109 foliorum.
3063 2051 3120 2107 In
3174 2050 3485 2108 nemoribus
3525 2057 3585 2106 et

1987 2147 2123 2202 lucis
2154 2162 2310 2201 nemo
2342 2147 2552 2218 plantat
2587 2147 2778 2212 ficum,
2826 2160 2986 2200 nemo
3022 2144 3263 2207 vineam,
3313 2156 3475 2197 nemo
3500 2156 3583 2196 ar-

1988 2239 2148 2295 bores
2185 2238 2390 2294 fertiles
2415 2282 2430 2305 ,
2481 2239 2575 2294 sed
2618 2238 2969 2294 oblectationi
3002 2237 3151 2293 visus
3189 2243 3397 2292 tantum
3436 2235 3585 2306 ligna

1986 2332 2316 2387 frondentia.
2350 2331 2512 2386 Tales
2532 2341 2657 2387 sunt
2678 2330 2949 2397 haeretici,
2976 2330 3067 2401 qui
3097 2330 3399 2385 orationem
3426 2343 3583 2383 suam

1986 2427 2274 2482 verborum
2305 2427 2506 2481 decore
2535 2434 2893 2495 componunt,
2922 2438 3031 2479 non
3058 2432 3113 2477 ut
3140 2430 3459 2479 convertant
3487 2436 3582 2475 au-

1985 2522 2197 2578 dientes
2225 2536 2253 2575 a
2287 2521 2453 2587 vitiis,
2483 2520 2577 2576 sed
2601 2529 2657 2575 ut
2677 2520 2971 2576 delectent.
3004 2519 3172 2591 Igitur
3191 2520 3282 2591 qui
3306 2517 3585 2574 istiusmo-

1984 2615 2037 2670 di
2080 2614 2402 2670 seductione
2451 2628 2743 2684 persuasus
2796 2621 2925 2680 est,
3004 2613 3135 2670 abiit
3177 2615 3372 2669 subtus
3418 2629 3583 2670 omne

1984 2711 2211 2780 lignum.
2244 2710 2527 2779 Simulque
2557 2709 2781 2764 attende
2808 2724 2977 2780 quare
3013 2724 3122 2764 non
3152 2707 3385 2776 dixerit,
3420 2723 3585 2765 omne

1984 2806 2212 2876 lignum,
2265 2813 2319 2860 et
2348 2803 2599 2869 tacuerit,
2650 2819 2828 2875 neque
2858 2819 3073 2860 rursum
3104 2790 3385 2860 addiderit
3421 2819 3583 2859 omne

1983 2902 2189 2973 lignum
2218 2901 2582 2966 fructiferum,
2612 2900 2709 2957 sed
2733 2899 3106 2971 significanter
3133 2899 3393 2971 adiecerit
3423 2918 3437 2955 :
3462 2900 3585 2955 sub-

1983 3005 2065 3051 tus
2086 3011 2234 3049 omne
2259 2996 2459 3067 lignum
2480 2996 2806 3067 frondosum.
2842 2995 3211 3062 Quamobrem
3238 2996 3281 3050 si
3318 2996 3587 3067 intelligas

1982 3106 2080 3147 cur
2106 3090 2458 3161 praecipiatur
2479 3090 2532 3145 in
2562 3089 2705 3161 Lege
2732 3109 2744 3145 :
2779 3090 2904 3145 Non
2928 3090 3188 3163 plantabis
3215 3105 3365 3145 omne
3389 3091 3588 3165 lignum

273 3171 528 3226 Primum
583 3178 807 3240 Ρΐορῑθν
854 3179 1076 3241 Peccala
1125 3170 1308 3225 dimiSi
1358 3169 1542 3236 Israel.
1591 3179 1646 3225 ει
1684 3172 1877 3243 reliqui
1909 3238 1949 3255 η
1976 3184 2132 3254 juxta
2161 3185 2328 3238 altare
2359 3182 2570 3238 Domini
2595 3182 2696 3237 Dei
2733 3184 2963 3255 tui,2nec
2994 3183 3153 3253 facies
3190 3198 3370 3240 nemus
3397 3182 3579 3252 (Deut.

272 3278 406 3319 eum
436 3264 492 3317 in
517 3264 1024 3335 commigrationem
1055 3262 1162 3336 [ΑΙ.
1198 3264 1703 3339 comminationem]
1731 3284 1745 3321 :
1786 3266 1881 3322 Ju-

273 3356 382 3411 das
408 3366 590 3413 autem
624 3358 850 3413 audiens
879 3372 945 3413 ea
973 3373 1095 3428 quae
1121 3358 1435 3414 acciderant
1462 3359 1625 3414 Israel
1648 3402 1663 3428 ,
1706 3361 1880 3417 noluit

270 3450 348 3505 ad
393 3465 484 3505 me
519 3450 798 3505 converti:
852 3450 921 3505 de
969 3452 1172 3506 nostris
1213 3453 1453 3521 loquitur
1491 3454 1755 3523 peccatis,
1786 3455 1878 3525 qui

272 3544 529 3613 legentes
560 3556 623 3597 ea
643 3558 767 3613 qua:
793 3558 985 3613 passus
1016 3551 1099 3599 est
1128 3545 1359 3614 p0pulus
1387 3544 1699 3600 Judaeorum
1721 3588 1735 3611 ,
1771 3562 1878 3602 non

275 3635 572 3705 timemus,
617 3649 794 3704 neque
833 3634 1098 3690 dicimus:
1134 3635 1196 3692 Si
1229 3636 1554 3691 naturalibus
1585 3640 1746 3692 ramis
1776 3656 1880 3693 non

273 3729 538 3801 pepercit,
560 3739 753 3799 quanto
773 3731 940 3801 magis
970 3746 1061 3783 nec
1086 3731 1231 3786 nobis
1260 3741 1433 3801 parcet
1455 3731 1631 3788 Deus?
1670 3735 1727 3789 Si
1760 3735 1881 3790 illos

271 3823 575 3893 gloriantes
602 3838 725 3879 esse
753 3840 813 3880 se
840 3826 1036 3879 olivam
1063 3825 1281 3899 bonam,
1304 3826 1442 3882 etde
1466 3827 1646 3883 radice
1670 3828 1777 3902 [ΑΙ.
1796 3846 1883 3884 ra-

273 3917 482 3990 dicem]
537 3919 992 3987 patriarcharum,
1045 3919 1346 3985 Abraham,
1376 3922 1570 3987 ulsaac,
1607 3931 1663 3977 et
1691 3922 1879 3993 Jacob,

273 4012 538 4067 Christus
565 4009 583 4049 τ
619 4012 1084 4069 clementissimus
1110 4014 1253 4069 Deus
1280 4030 1379 4083 pro
1406 4031 1507 4069 suo
1538 4017 1733 4071 merito
1762 4031 1885 4072 era-

274 4105 506 4168 dicavit,
541 4113 748 4174 quanto
774 4105 945 4176 magis
977 4122 1154 4176 neque
1184 4107 1340 4162 nobis
1370 4119 1574 4176 parcet,
1607 4110 1651 4163 si
1683 4110 1883 4166 similia

282 4197 615 4253 fecerimus?
649 4199 782 4255 Vide
796 4200 1184 4270 benignitatem
1200 4202 1609 4257 etseveritatem
1638 4204 1753 4257 Dei.
1778 4204 1885 4261 Ne-

282 4306 394 4362 que
418 4292 565 4347 eaim
592 4292 861 4365 benignus
887 4303 1091 4349 tantum
1106 4304 1207 4355 est.
1226 4305 1280 4351 et
1304 4312 1407 4352 non
1434 4312 1687 4353 severus:
1707 4315 1884 4369 neque

283 4398 516 4438 severus
543 4394 776 4452 tantum,
804 4392 859 4440 et
887 4402 997 4441 non
1026 4387 1190 4441 etiam
1216 4388 1504 4457 benignus.
1532 4390 1588 4446 Si
1616 4391 1884 4463 benignus

274 4479 445 4550 873
474 4488 621 4534 esset
654 4480 1050 4545 tantummodo,
1084 4482 1375 4538 bonitatem
1410 4484 1528 4553 ejus
1559 4495 1881 4542 contemne-

278 4587 505 4626 remus:
552 4574 596 4627 si
638 4588 863 4629 severus
892 4585 1096 4629 tantum
1120 4616 1136 4640 ,
1169 4576 1481 4646 desperatio
1520 4594 1619 4633 nos
1661 4580 1878 4646 salutis,

280 4674 511 4733 propter
540 4675 759 4734 peccata
790 4682 910 4735 qua:
942 4666 1201 4734 fecimus,
1246 4668 1613 4739 praecipitaret
1643 4674 1696 4726 in
1727 4674 1875 4729 vitia.

278 4755 439 4811 Nunc
471 4773 606 4812 vero
644 4759 795 4827 quasi
824 4769 849 4807 Β
883 4759 1025 4815 Deus
1047 4806 1061 4831 ,
1094 4762 1454 4817 necessariam
1486 4765 1683 4836 quippe
1712 4766 1879 4825 habe-

281 4864 406 4904 mus
429 4848 677 4907 homines
708 4851 1009 4908 bonitatem
1037 4853 1154 4923 ejus
1183 4854 1253 4909 ob
1280 4857 1674 4925 paenitentiam,
1708 4866 1763 4913 et
1792 4874 1880 4915 se-

284 5084 339 5137 d.
358 5013 387 5042 ⁸
419 5011 576 5080 Legit
626 5012 880 5069 Babanus
900 5057 914 5081 ,
967 5013 1125 5083 ﬁdem
1155 5023 1415 5083 nostram,
1442 5024 1490 5069 et
1513 5033 1615 5072 non
1642 5015 1881 5072 multitu-

322 5101 482 5137 suem.

322 5101 482 5139 mem.

356 5155 384 5194 δ
426 5156 729 5226 Legebatur
777 5166 937 5212 antea
965 5198 979 5221 ,
1014 5156 1167 5225 ﬁdem
1193 5172 1211 5209 :
1265 5156 1519 5211 Rabanus
1555 5157 1706 5225 juxta
1732 5158 1883 5216 Grae-

284 5242 444 5291 Cum,
478 5226 715 5303 ﬁdelem,
748 5227 1026 5303 substituit
1046 5269 1060 5291 ,
1105 5228 1195 5297 qui
1223 5235 1279 5281 et
1306 5243 1466 5303 mox],
1493 5228 1720 5303 ﬁebant,
1755 5232 1882 5303 legit

285 5314 411 5369 pro,
444 5299 784 5373 feriebantur.
827 5299 1017 5373 Graece
1046 5313 1263 5373 qugque
1291 5306 1395 5362 est,
1427 5300 1665 5373 ἐγίνοντο.

363 5382 385 5407 ε
428 5372 516 5447 Sic
549 5370 713 5425 habet
742 5371 997 5447 Rabanus
1027 5382 1079 5447 et
1108 5368 1329 5447 Graecus
1356 5368 1628 5447 ἠρχόμεθα
1653 5389 1665 5425 :
1698 5384 1883 5444 antea,

282 5442 701 5511 revertebantur,
734 5452 851 5497 erat
883 5443 933 5495 in
965 5442 1222 5511 vulgatis.

358 5510 386 5548 ά
407 5511 597 5586 Idem,
627 5514 680 5566 in
722 5516 894 5586 prima
930 5510 1105 5565 statim
1129 5513 1258 5586 ﬁdei
1287 5515 1617 5586 perceptione
1642 5516 1705 5570 de
1734 5516 1887 5583 diffe-

282 5584 449 5639 rendo
475 5584 731 5655 martyrio
745 5586 1079 5648 docebantur,
1116 5585 1262 5654 quod
1289 5584 1631 5653 ’p'ostremum
1659 5590 1889 5643 verbum

284 5656 597 5711 rescribere
647 5657 696 5709 in
732 5666 886 5711 textu
926 5671 1031 5710 non
1084 5655 1486 5724 dubitavimus,
1543 5672 1666 5713 cum
1710 5662 1889 5715 minus

283 5727 430 5783 bene
479 5736 638 5782 antea
681 5738 848 5796 esset,
890 5726 1242 5782 ducebantur:
1274 5729 1453 5800 coegit
1481 5731 1623 5784 enim
1648 5742 1703 5786 et
1732 5731 1885 5788 Grat-

284 5813 413 5856 cum
435 5799 671 5874 ferbuit)
696 5805 1045 5874 namxoiiv-ro.

366 5880 389 5908 ο
433 5870 711 5939 Rabauus,
745 5883 793 5928 et
820 5870 939 5928 uera
961 5872 1277 5929 beatitudine
1302 5873 1535 5946 dignam.
1568 5873 1657 5943 Si,
1688 5883 1792 5931 etc.
1864 5896 1887 5913 τη

1985 3293 2097 3345 xvr,
2127 3278 2221 3347 2t)
2264 3295 2277 3331 :
2318 3278 2639 3333 nominatim
2686 3279 2885 3350 quippe
2931 3278 3279 3334 interdicitur
3320 3293 3389 3334 ne
3427 3278 3583 3334 lucus

1984 3372 2265 3442 plantetur
2282 3372 2336 3426 in
2361 3371 2584 3441 templo,
2607 3371 2652 3426 si
2670 3371 3055 3427 observaveris
3075 3386 3245 3441 quare
3264 3371 3465 3427 dictum
3487 3372 3578 3428 sit:

1985 3463 2268 3520 Fornicata
2292 3474 2364 3520 est
2392 3464 2531 3529 illic,
2565 3472 2614 3518 et
2645 3465 2757 3520 dixi
2788 3472 3061 3537 postquam
3084 3465 3343 3537 fornicata
3371 3474 3447 3520 est
3473 3467 3581 3521 hac

1987 3559 2160 3613 omnia
2182 3574 2203 3613 :
2230 3558 2311 3612 Ad
2339 3573 2419 3611 me
2440 3565 2753 3621 convertere,
2797 3567 2847 3611 et
2876 3573 2979 3612 non
2997 3565 3073 3612 est
3092 3573 3362 3623 conversa,
3385 3566 3433 3612 et
3458 3559 3585 3613 uidit

1984 3650 2460 3722 prceuaricationem
2481 3652 2595 3722 ejus
2612 3649 2999 3719 prccvaricatria:
3017 3647 3181 3713 Iuda,
3202 3648 3270 3705 de
3295 3649 3453 3705 nobis
3472 3649 3585 3705 dici

1987 3744 2250 3813 intellige,
2300 3745 2390 3813 qui
2439 3743 2884 3814 derelinquentes
2922 3742 3090 3816 8⁵14
3139 3752 3379 3813 pactum,
3435 3744 3582 3815 quod

1987 3852 2109 3892 cum
2137 3837 2251 3893 Deo
2282 3836 2527 3902 fecimus,
2560 3852 2664 3890 non
2696 3851 3005 3903 servamus,
3049 3852 3225 3907 neque
3256 3837 3585 3907 respicimus

1988 3932 2226 4000 priorem
2257 3930 2538 3999 populum,
2573 3938 2980 3998 testamentum,
3021 3939 3078 3987 et
3104 3932 3583 4001 repromissiones,

1989 4032 2044 4080 et
2079 4023 2411 4079 nobilitatem
2452 4023 2672 4094 generis
2722 4038 2817 4093 per
2854 4033 3139 4095 peccatum
3176 4024 3359 4080 simile
3402 4024 3588 4091 perdi-

1988 4116 2155 4172 disse.
2190 4116 2251 4171 Si
2272 4117 2445 4171 essetis
2469 4118 2567 4183 [itii
2593 4116 2872 4181 Abraham,
2904 4133 3060 4188 Opera
3084 4117 3248 4189 patris
3274 4116 3427 4171 vestri
3449 4120 3589 4185 face—

1987 4214 2110 4267 retis
2134 4210 2315 4283 (Joan.
2345 4227 2459 4277 vm,
2490 4211 2579 4280 39)
2617 4229 2632 4265 :
2679 4212 2810 4267 dicit
2833 4212 2911 4266 eis
2944 4211 3229 4266 Dominus.
3282 4210 3353 4265 Et
3389 4210 3446 4265 in
3479 4212 3589 4267 alio

1988 4304 2110 4359 loco
2135 4303 2375 4359 Joannes
2401 4304 2641 4374 Baptista
2665 4325 2678 4360 :
2706 4303 2789 4358 Ne
2809 4305 3091 4377 incipiatis,
3118 4304 3316 4371 inquit,
3341 4303 3511 4358 dicere
3529 4304 3586 4358 in

1989 4400 2151 4467 vobis,
2174 4402 2299 4471 quia
2320 4409 2516 4468 patrem
2538 4401 2781 4455 habemus
2804 4400 3067 4454 Abraham
3088 4416 3107 4454 :
3130 4400 3247 4453 dico
3266 4403 3401 4453 enim
3421 4400 3583 4463 vobis,

1988 4492 2111 4564 quia
2138 4501 2319 4562 potens
2332 4500 2405 4546 est
2421 4490 2676 4547 Dominus
2698 4508 2761 4546 ea:
2779 4491 3038 4563 lapidibus
3056 4491 3167 4544 istis
3186 4491 3434 4546 suscitare
3448 4492 3585 4556 ﬁlios

1991 4584 2212 4639 Abrahae
2234 4584 2387 4656 (Luc.
2404 4599 2483 4650 ιιι,
2500 4582 2584 4655 8):
2612 4582 2820 4652 lapides
2846 4596 2966 4637 esse
2985 4596 3083 4636 nos
3106 4582 3439 4652 significans,
3456 4584 3585 4655 quia

1989 4678 2056 4732 ad
2079 4677 2491 4732 similitudinem
2519 4675 2760 4744 lapidum
2775 4675 3104 4730 obdurantes
3118 4675 3280 4729 corda
3298 4685 3482 4733 nostra
3497 4693 3585 4735 re~

1990 4774 2207 4826 nnimus
2248 4771 2555 4824 veritatem.
2590 4769 2662 4823 Et
2695 4783 2825 4823 vere
2862 4768 3207 4839 omnipotens
3239 4768 3377 4824 Deus
3410 4770 3583 4827 susci-

1991 4863 2128 4919 tabit
2154 4861 2293 4916 ﬁlios
2324 4860 2555 4916 Abrahae
2591 4859 2659 4915 de
2689 4858 2983 4928 lapidibus,
3011 4858 3056 4913 si
3085 4874 3501 4930 permaneamus
3528 4856 3586 4917 in

2066 5018 2084 5058 ί
2128 5018 2411 5092 interserit
2436 5019 2713 5092 Rabanus,
2747 5020 2837 5092 qui
2864 5022 3054 5084 suavis,
3081 5029 3191 5078 etc.

2066 5101 2090 5139 s
2131 5090 2386 5163 Legimus
2420 5106 2542 5163 cum
2575 5090 2829 5156 Raban'o,
2871 5107 3090 5162 unoque
3122 5108 3289 5163 penes
3333 5094 3586 5151 Huetium

1995 5179 2101 5237 ms.
2128 5162 2290 5237 Reg.,
2323 5163 2470 5237 quasi
2513 5161 2652 5217 Deus
2674 5204 2687 5229 ,
2733 5165 3075 5237 necessariam
3113 5161 3303 5237 quippe
3347 5165 3590 5237 habemus

1997 5236 2225 5289 homines
2254 5235 2552 5301 bonitatem,
2582 5243 2713 5301 etc.,
2736 5235 2820 5288 cui
2853 5235 3072 5289 lectioni
3104 5235 3346 5289 concinit
3368 5236 3590 5293 Gmcus

1996 5314 2177 5384 textus
2204 5312 2290 5359 νῦν
2318 5303 2372 5361 δὲ
2400 5308 2468 5366 ὡς
2498 5307 2622 5384 θεὸς
2652 5300 2934 5384 ἀμφότερον
2963 5302 3100 5378 ἔχει,
3131 5310 3394 5384 χρήζομεν
3411 5310 3518 5384 γὰρ
3540 5308 3591 5364 oi

2005 5325 2177 5360 texuls
2204 5327 2290 5359 νυν
2318 5325 2372 5361 οε
2400 5327 2468 5366 ως
2498 5325 2622 5368 uso;
2652 5325 2934 5432 αμφοτῖςον
2963 5326 3100 5378 εχει,
3131 5325 3394 5380 χρηςομεν
3452 5325 3518 5384 ap
3540 5325 3589 5364 oi

2005 5376 2268 5451 ἅνθρωποι
2292 5383 2671 5451 μετωροῦντες,
2698 5386 2802 5429 etc.
2838 5448 2848 5451 4
2873 5386 3147 5451 anlumex
3178 5378 3367 5430 eodem
3399 5331 3589 5451 artum

1981 5447 2179 5505 .mal‘im
2226 5447 2471 5516 suppleri
2523 5458 2784 5517 praeterea
2838 5448 3015 5502 locum
3065 5447 3181 5517 ita,
3250 5450 3398 5516 quasi
3444 5447 3588 5505 Deus

1991 5530 2268 5589 utrumque
2293 5515 2476 5583 habet,
2512 5515 2858 5573 necessarium
2880 5563 2895 5585 ,
2926 5526 3032 5590 etc.
3064 5515 3427 5590 Niltilosecius
3451 5536 3589 5590 prae-

1994 5587 2221 5646 ferenda
2255 5590 2375 5644 haec
2399 5590 2561 5644 lectio
2585 5590 2759 5645 fuerat
2788 5587 2941 5661 alteri
2981 5587 3244 5661 hactenus
3269 5587 3584 5661 ἰηιιπθέεω,

1992 5678 2113 5733 qum
2138 5677 2247 5717 non
2277 5676 2387 5716 uno
2439 5660 2650 5716 laborat
2680 5660 2899 5733 mendo,
2930 5659 3077 5728 quasi
3103 5658 3233 5733 dans
3263 5658 3584 5729 necessaria,

1991 5735 2182 5807 quippe
2208 5733 2451 5787 habemus
2477 5748 2651 5813 omnes
2676 5732 2953 5786 bonitatem
2978 5734 3093 5803 ejus
3120 5732 3181 5815 ob
3209 5735 3583 5804 penitentiam,

1995 5816 2102 5862 CIC.
3364 5814 3407 5827 ’”
