4104 6336
544 347 643 404 ωι

1793 350 1853 405 s.
1897 332 2173 408 absenti
2204 336 2462 408 ‘l‘ilEltON
2475 340 2587 409 int

3736 356 3851 413 693

542 470 839 540 adoptione
856 468 994 539 eius,
1012 480 1067 527 et
1086 471 1337 541 Spiritum
1360 486 1458 541 per
1479 484 1639 543 quem
1662 470 1902 542 adoptati
1927 468 2135 538 sumus,
2164 464 2220 535 Α
2244 469 2572 527 credidimus
2600 472 2653 527 in
2682 470 2987 538 Christum,
3022 473 3263 544 legamus
3291 472 3624 543 Scripturas,
3653 473 3846 529 videas

541 563 909 618 custodiamus
945 560 999 619 in
1046 563 1219 620 nobis.
1267 560 1416 620 Vidit
1458 564 1587 635 ergo
1632 566 2135 636 praevaricationem

541 656 705 712 Israel
743 658 1144 727 praevaricatrix
1178 656 1338 728 Juda,
1370 656 1488 729 quas
1517 657 1621 713 non
1652 660 1890 714 servavit
1923 668 2136 729 pactum

541 748 681 818 quod
711 764 833 803 cum
860 746 973 804 Deo
999 748 1211 805 fecerat
1237 768 1249 803 :
1283 748 1350 804 Et
1375 750 1499 805 vidit
1528 752 1770 824 quoniam
1793 752 1855 807 de
1876 753 2135 821 omnibus,

536 846 593 898 in
622 843 802 913 quibus
834 843 1201 909 mmo/rebatur,
1233 845 1600 917 comprehensa
1623 846 1821 918 cstjlla
1852 850 2132 919 generatio.

538 932 732 994 Omnia
762 937 960 1010 quippe
992 953 1112 1007 qua:
1136 938 1328 1011 passus
1357 950 1438 995 est
1466 941 1627 995 lsrnel
1647 984 1662 1009 ,
1705 958 1804 996 uos
1830 942 1918 1012 qui
1947 957 2139 998 sumus

532 1031 692 1097 ξηαπ,
742 1026 984 1102 legentes
1034 1030 1087 1085 in
1142 1033 1311 1087 sacris
1370 1033 1766 1101 voluminibus,
1826 1035 2137 1091 invenimus

537 1122 794 1194 quoniam
821 1120 887 1177 de
910 1122 1219 1194 oi‘nnibusgtl
1257 1127 1453 1196 quibus
1485 1127 1883 1196 comprehensa
1928 1136 2033 1195 est,
2082 1130 2134 1184 in

538 1216 737 1285 quibus
770 1216 1143 1272 Ittwciiabatur
1165 1216 1424 1275 habitatio
1449 1210 1634 1286 israei,
1662 1218 1867 1275 dimisit
1890 1238 2006 1276 eam
2032 1223 2135 1278 D0-

539 1308 741 1375 miuus,
777 1314 834 1363 et
863 1308 1012 1364 dedit
1048 1311 1094 1365 ci
1123 1302 1365 1365 libellum
1397 1308 1630 1383 repudii.
1662 1310 1877 1367 Etcum
1910 1313 2137 1370 debere-

540 1416 662 1456 mus
694 1414 759 1457 ex
792 1401 875 1457 his
900 1412 1020 1473 qua!
1054 1402 1127 1457 illi
1163 1405 1304 1473 passi
1338 1406 1486 1471 sunt,
1514 1420 1611 1459 nos
1643 1403 1710 1460 ad
1749 1406 1975 1462 meliora
2008 1424 2136 1463 con-

538 1495 701 1563 verti,
728 1502 783 1550 et
802 1495 1076 1565 inspicere
1100 1492 1378 1567 quodﬂAl.
1405 1496 1551 1571 quia]
1573 1497 1647 1553 illi
1675 1509 1896 1569 propter
1918 1510 2133 1570 peccata

539 1586 725 1641 traditi
759 1597 885 1641 sunt
915 1588 1246 1657 captivitati,
1291 1598 1345 1645 et
1372 1589 1641 1645 interfecti
1671 1592 1739 1646 ab
1772 1592 2039 1657 inimicis,
2083 1600 2136 1649 et

540 1679 786 1735 civitates
827 1688 1014 1734 eorum
1057 1680 1164 1752 igni
1203 1691 1409 1738 exusue
1438 1693 1603 1737 sunt:
1656 1684 2033 1756 (tumjitaquc,
2079 1694 2136 1741 ut

539 1770 800 1839 diximus,
829 1770 946 1828 hcce
975 1771 1252 1828 nobiscum
1285 1774 1729 1849 deberemus[Al.
1763 1777 2133 1852 debuerimus]

2244 578 2364 618 mus
2394 564 2512 634 quis
2540 564 2869 633 justiticatus
2900 564 2970 618 sit
2994 606 3009 629 ,
3055 566 3176 634 quis
3217 556 3508 620 offenderit
3538 565 3703 620 Deum
3724 606 3739 633 ,
3785 572 3847 621 et

2244 672 2366 712 cum
2396 658 2542 712 omni
2566 657 2953 713 Observatione
2977 656 3213 711 nitamur
3232 672 3292 712 ea
3324 656 3505 713 facere
3527 673 3648 726 quae
3665 660 3847 727 justus

2239 746 2473 819 legimus
2507 747 2729 815 fecisse,
2762 758 2817 804 et
2850 762 3136 803 caveamus
3166 748 3219 803 in
3244 748 3347 809 hoc
3376 750 3618 805 incidere
3642 751 3694 805 in
3718 764 3847 821 qua

2240 840 2550 895 inciderunt
2579 840 2630 893 hi
2664 841 2756 910 qui
2791 840 2976 896 traditi
3009 849 3135 896 sunt
3160 836 3479 910 captiv'itati,
3509 850 3563 897 et
3583 843 3742 908 eiecti
3772 842 3851 899 de

2241 935 2559 990 hrereditate
2584 936 2704 990 Dei.
2738 935 2808 990 Et
2830 951 2935 989 non
2958 936 3126 989 timuit
3147 937 3541 1007 prwoarieatria:
3563 935 3724 1003 ludo,
3751 936 3849 992 sed

2241 1026 2349 1101 [AL
2382 1028 2454 1102 et]
2485 1029 2628 1098 abiit,
2660 1038 2708 1083 et
2738 1032 2995 1102 fornicata
3028 1038 3103 1084 est
3129 1038 3176 1083 et
3206 1031 3339 1097 ipsa.
3363 1030 3493 1086 Post
3524 1031 3850 1087 fornicatios

2240 1137 2387 1189 nem,
2419 1122 2472 1177 in
2502 1134 2605 1193 qua
2636 1124 2787 1193 prius
2817 1121 2925 1195 [AL
2953 1119 3189 1195 primus]
3216 1123 3423 1179 corruit
3450 1126 3637 1191 Israel,
3677 1126 3850 1181 forni-

2239 1223 2358 1271 cata
2383 1226 2463 1270 est
2496 1216 2661 1271 etiam
2690 1215 2848 1271 Juda.
2882 1215 2948 1270 Et
2976 1217 3119 1287 facta
3143 1226 3217 1271 est
3248 1218 3527 1287 fornicatio
3552 1223 3665 1292 ejus
3684 1220 3738 1273 iu
3759 1220 3852 1273 ni-

2239 1308 2426 1373 hilum,
2470 1316 2517 1363 ει
2549 1306 2895 1363 ιηωεήηὸαιιιῑ·
2928 1309 2983 1362 in
3021 1308 3163 1381 ligna
3193 1306 3303 1381 [Ait
3330 1307 3554 1382 tignum]
3584 1320 3631 1364 ιι
3666 1310 3851 1379 lapide

2240 1401 2351 1474 [Λι.
2386 1400 2667 1474 lapidem].
2701 1400 2928 1469 Quando
2961 1412 3259 1471 peccamus
3288 1402 3426 1457 duro
3452 1412 3643 1457 contra
3668 1404 3848 1459 Deum

2239 1494 2423 1559 corde,
2458 1494 2595 1548 nihil
2634 1494 2781 1549 aliud
2818 1494 3068 1560 facimus,
3097 1494 3203 1549 nisi
3241 1508 3365 1549 eum
3401 1494 3581 1564 lapide
3610 1497 3851 1552 fornica-

2241 1600 2380 1639 mur.
2410 1585 2640 1652 Quando
2669 1587 2721 1640 in
2755 1585 2782 1624 ιι
2827 1586 3109 1655 voluptate
3139 1592 3462 1655 peccamus,
3508 1588 3853 1643 inmcnamur

2239 1678 2432 1733 subtus
2452 1692 2613 1734 omne
2638 1680 2837 1749 lignum
2870 1686 3245 1735 nemoros‘ttm.
3272 1679 3341 1733 Et
3364 1680 3416 1734 in
3440 1681 3520 1734 his
3544 1681 3713 1753 873
3732 1697 3850 1735 om-

2242 1773 2388 1826 nibus
2411 1790 2511 1827 non
2534 1781 2606 1827 est
2634 1789 2876 1827 conversa
2903 1775 2971 1827 ad
2988 1782 3067 1829 ine
3086 1775 3473 1843 prievar'icatria:
3488 1774 3633 1829 Iuda
3656 1790 3718 1829 ea:
3732 1782 3852 1831 toto

540 1874 814 1935 reputare,
846 1864 970 1935 quia
1000 1868 1041 1920 si
1075 1868 1213 1922 Deus
1251 1868 1586 1923 naturalibus
1616 1848 1779 1924 ramis
1812 1885 1919 1925 non
1949 1848 2139 1941 peper;
2170 1848 2219 1918 Β
2246 1866 2399 1919 corde
2418 1884 2531 1932 suo,
2567 1868 2656 1922 sed
2678 1870 2733 1923 in
2757 1870 3044 1925 mendacio.
3076 1873 3139 1925 Et
3165 1886 3263 1926 nos
3286 1871 3537 1926 conversi
3559 1886 3748 1928 sumus
3772 1873 3846 1926 ad

541 1960 631 2025 cit,
668 1958 923 2029 quantum
957 1960 1125 2030 magis
1155 1976 1253 2016 nec
1281 1962 1438 2017 nobis
1474 1963 1694 2033 parcet?
1722 1965 1765 2019 si
1795 1964 1917 2019 illos
1950 1966 2041 2033 qui
2072 1967 2140 2022 de

544 2048 977 2121 patriarcharum
1002 2068 1204 2121 genere
1236 2053 1747 2123 descendebant,sic
1769 2066 1991 2126 prepter
2013 2072 2140 2127 pec-

538 2153 657 2201 cata
676 2145 904 2215 dimisit,
924 2146 1181 2218 quid,nos
1211 2149 1539 2218 necesse;sit
1559 2158 1784 2204 vocatos
1807 2164 1871 2204 ex
1886 2150 2139 2220 gentibus

540 2240 691 2310 pati?
734 2234 865 2295 nihil
901 2236 1094 2295 horum
1139 2242 1487 2312 repetamus,
1528 2252 1581 2298 et
1612 2242 1757 2312 gideo
1786 2258 1885 2298 nos
1915 2253 2139 2301 vocatos

546 2340 603 2385 ut
632 2331 710 2386 illi
741 2331 1147 2402 incitentur‘,;ad
1201 2333 1417 2399 zelum,
1494 2333 1746 2389 videntes
1793 2349 1979 2391 servos
2037 2336 2139 2391 ali-

544 2423 760 2493 quando
790 2422 895 2497 [Αι.
931 2425 1256 2499 quondam],
1287 2425 1509 2492 liberos,
1532 2426 1798 2495 ignobiles
1823 2428 2133 2500 aliquando,

545 2532 689 2574 nunc
715 2520 806 2575 Dei
837 2519 998 2576 filios.
1032 2518 1287 2577 Siautem
1318 2522 1397 2577 illi
1423 2526 1571 2577 tanta
1597 2525 1735 2593 passi
1765 2534 1908 2592 sunt,
1936 2537 2139 2595 quanto

546 2612 715 2684 magis
750 2626 885 2679 nos,
930 2612 974 2667 si
1023 2614 1461 2682 peCcavcrimus,
1506 2617 1686 2685 pejora
1730 2618 2034 2686 patiemur?
2080 2619 2135 2674 In

544 2707 741 2775 quibus
778 2706 1150 2761 mmch’abatur
1191 2707 1451 2762 habitatio
1487 2707 1682 2764 domus
1716 2704 1904 2776 Israel,
1958 2709 2136 2766 dimisi

544 2814 699 2865 eam,
728 2808 783 2853 et
815 2798 937 2853 dedi
970 2799 1019 2853 ei
1060 2799 1304 2854 libellum
1343 2800 1551 2869 repudii
1586 2800 1639 2854 in
1674 2808 1863 2856 manus
1890 2803 2009 2871 ejus
2034 2845 2048 2869 ,
2084 2814 2138 2858 et

544 2907 654 2946 non
686 2892 865 2947 timuit
892 2894 1297 2964 prtevariCatrix
1320 2894 1453 2950 Juda
1485 2894 1623 2963 haec,
1665 2911 1788 2963 quae
1826 2898 1950 2953 iecit
1985 2899 2133 2953 habi-

546 2985 682 3041 tatio
713 2985 900 3053 israel,
935 2988 1059 3057 quia
1092 2986 1272 3041 dimisi
1303 3000 1444 3051 eam,
1469 2986 1634 3060 875
1660 2998 1715 3046 et
1747 2990 1870 3046 dedi
1903 2990 1951 3046 ei
1989 2992 2140 3048 libel-

545 3081 656 3134 ium
686 3080 923 3150 repudii.
976 3079 1084 3135 Nec
1114 3082 1293 3136 timuit
1325 3084 1733 3149 prrevaricatrix
1768 3082 1903 3139 .luda
1924 3127 1938 3151 ,
1978 3094 2038 3141 ut
2070 3098 2140 3143 ne

547 3176 660 3243 ipsa
692 3180 915 3243 propter
945 3182 1165 3244 peccata
1191 3188 1311 3240 sua,
1348 3175 1890 3244 siiniliigsustineret.
1925 3178 1982 3234 Si
2016 3180 2138 3249 quis

2248 1957 2564 2024 Dominum;
2606 1958 2700 2014 sed
2731 1962 2853 2031 quia
2884 1976 2991 2016 non
3025 1972 3089 2017 ex
3122 1969 3236 2017 toto
3266 1956 3432 2017 corde
3458 1963 3728 2031 conversi,
3759 1963 3851 2018 di-

2243 2050 2383 2105 citur
2409 2067 2420 2102 :
2455 2050 2576 2105 Non
2608 2062 2683 2107 est
2708 2068 2953 2108 conversa
2984 2054 3054 2107 ad
3084 2072 3162 2110 me
3193 2055 3581 2124 prwearimtriat
3608 2054 3755 2111 Inda
3782 2068 3853 2112 ea

2245 2152 2346 2199 toto
2374 2147 2528 2200 corde
2553 2161 2667 2211 suo,
2697 2148 2787 2201 sed
2814 2148 2867 2201 in
2894 2149 3180 2203 mendacio.
3203 2148 3392 2219 Neque
3416 2158 3549 2205 vero
3576 2151 3651 2205 ait
3676 2169 3687 2204 :
3722 2150 3849 2207 Non

2244 2247 2325 2293 est
2346 2254 2609 2295 conversa
2633 2238 2696 2294 ad
2724 2252 2810 2295 me
2828 2240 3241 2311 pracvaricatrix
3264 2240 3400 2295 Juda
3416 2251 3473 2296 et
3495 2242 3690 2296 tacuit:
3719 2243 3844 2310 sed,

2250 2334 2369 2388 Non
2399 2345 2510 2401 est,
2556 2336 2759 2405 inquit,
2813 2350 3054 2389 conversa
3083 2336 3150 2388 ad
3178 2348 3255 2388 me
3284 2337 3672 2406 pravaricatria;
3699 2335 3852 2390 Iuda

2244 2445 2308 2483 ea:
2330 2438 2435 2482 toto
2458 2428 2614 2483 corde
2636 2442 2727 2483 suo
2751 2469 2766 2495 ,
2810 2442 2985 2483 verum
3020 2431 3072 2482 in
3104 2428 3375 2483 mendacio
3399 2445 3417 2484 :
3446 2438 3505 2484 ut
3528 2429 3851 2486 ostenderet

2244 2537 2337 2575 eos
2367 2521 2460 2591 qui
2486 2530 2904 2589 convertuntur,
2946 2524 2991 2577 si
3022 2538 3129 2576 non
3159 2537 3224 2577 ex
3254 2531 3369 2577 toto
3409 2523 3574 2578 corde
3608 2534 3853 2580 conver-

2244 2623 2432 2668 tuntur
2455 2654 2469 2680 ,
2502 2614 2553 2669 in
2580 2614 2885 2679 mendacio,
2916 2626 3028 2670 non
3060 2617 3114 2669 in
3146 2614 3371 2670 veritate
3402 2616 3668 2672 converti.
3696 2615 3853 2684 Qua-

2246 2714 2465 2775 propter
2487 2706 2725 2775 legamus
2749 2707 2952 2761 vcteris
2970 2706 3308 2762 Testamenti
3333 2707 3612 2773 historias,
3633 2716 3687 2762 et
3711 2722 3846 2777 pro-

2245 2801 2457 2869 phetas,
2488 2808 2545 2854 et
2575 2801 2618 2855 si
2642 2808 2779 2870 Quos
2797 2799 3124 2870 jnstilicatos
3147 2800 3538 2865 invenerimus,
3565 2801 3851 2855 imitemur

2245 2908 2329 2957 ea,
2363 2908 2457 2963 per
2483 2904 2604 2963 quin
2632 2892 2706 2947 illi
2734 2893 3015 2962 jltStilicaii
3048 2903 3194 2947 sunt.
3227 2892 3494 2961 Legamus
3522 2891 3843 2964 Evangelia,

2244 2995 2298 3041 et
2344 3001 2505 3041 omne
2547 2998 2745 3039 novum
2796 2985 3225 3040 Testamentum.
3289 2984 3560 3055 Legamus
3609 2986 3849 3055 apostoli

2246 3077 2395 3132 Pauli
2430 3077 2709 3148 Epistolas
2741 3077 3044 3143 universas,
3075 3086 3131 3131 et
3161 3076 3468 3131 scribamus
3500 3077 3552 3131 in
3584 3076 3850 3134 cordibus

2248 3172 2471 3237 nostris,
2496 3172 2741 3225 viventes
2761 3170 2913 3240 juxta
2937 3178 3203 3240 praecepta
3226 3170 3491 3236 coelestia,
3518 3180 3704 3226 utnon
3729 3177 3850 3226 tra-

546 3238 717 3335 unper
744 3238 960 3337 emptus
987 3264 1210 3321 domum
1244 3238 1504 3337 emptoris
1531 3238 1586 3325 et
1612 3270 1815 3325 domini
1855 3238 2140 3328 tueritim
2164 3238 2211 3302 Ο
2246 3266 2403 3321 datur
2432 3273 2485 3321 et
2512 3265 2667 3319 nobis
2689 3238 2907 3319 libellus
2932 3238 3161 3334 repudii,
3214 3263 3308 3318 sed
3359 3265 3674 3320 coheredes
3722 3264 3840 3336 [ΑΙ.

544 3372 767 3430 gressus
798 3405 811 3429 ,
860 3361 1169 3418 sciscitatur
1218 3361 1285 3416 ab
1326 3362 1509 3432 aliquo
1560 3375 1846 3431 conservo,
1895 3367 2017 3436 quis
2069 3362 2138 3425 de

547 3453 817 3521 prioribus
848 3455 1022 3509 servis
1063 3453 1348 3510 oﬂ'ender'rt
1391 3454 1668 3510 dominum
1700 3504 1711 3525 ,
1766 3460 1891 3529 quid
1924 3474 2139 3529 prome‘

543 3546 714 3599 ruerit
743 3562 756 3598 :
808 3553 863 3599 et
889 3545 933 3599 sl
964 3545 1194 3601 voluerit
1233 3545 1287 3599 in
1317 3545 1480 3601 domo
1503 3546 1710 3603 domini
1737 3564 2091 3619 perseverare
2116 3590 2132 3618 ,

541 3642 695 3691 cavet
719 3650 781 3691 ea
824 3636 1036 3703 facere,
1079 3649 1201 3706 quas
1223 3648 1317 3693 eos
1349 3636 1545 3695 fecisse
1571 3640 1719 3695 audit
1749 3639 1856 3713 [ΑΙ.
1880 3643 2136 3717 audivit],

542 3728 635 3797 qui
682 3727 997 3783 verberibus
1036 3736 1093 3787 et
1144 3730 1464 3797 tormentis,
1520 3740 1574 3786 et
1610 3733 1945 3803 relegatione
1989 3732 2134 3807 digni

543 3818 892 3876 exstiterunt.
922 3820 1571 3893 iteindeZdiligentissime
1600 3824 1880 3893 inquirens
1904 3827 2033 3897 quid
2060 3828 2138 3885 [ευ

541 3920 734 3969 cerunt
763 3912 839 3968 illi
867 3912 957 3980 qui
986 3912 1291 3969 libertatem
1319 3929 1349 3969 a
1373 3914 1592 3970 domino
1617 3929 1955 3987 meruerunt,
1985 3922 2135 3978 omni

540 4005 730 4061 labore
752 4004 943 4062 nititur
965 4047 979 4073 ,
1006 4014 1148 4061 utea
1170 4006 1356 4074 iaciat,
1377 4024 1497 4079 quin
1519 4023 1614 4064 eos
1637 4009 1833 4067 fecisse
1858 4017 2129 4084 cognovit.

540 4098 614 4154 Et
639 4106 739 4154 nos
768 4098 950 4169 itaque
972 4100 1061 4170 qui
1092 4114 1201 4156 non
1229 4115 1448 4157 eramus
1479 4102 1620 4157 servi
1649 4103 1745 4158 Dei
1770 4145 1783 4170 ,
1834 4106 1929 4160 sed
1958 4107 2136 4165 idolo-

537 4204 683 4261 rum,
715 4200 770 4247 et
791 4189 1124 4258 daemonum,
1154 4201 1207 4247 et
1230 4199 1413 4263 postea
1442 4209 1506 4248 ex
1537 4195 1791 4264 gentibus
1820 4207 2134 4274 congregati

612 4365 637 4393 ι
676 4355 897 4423 Mutilus
926 4369 1142 4424 sensus,
1183 4365 1275 4413 aut
1303 4358 1486 4415 verius
1524 4359 1705 4416 nullus
1729 4371 1851 4418 erat
1879 4365 1932 4419 in
1965 4375 2127 4424 antea

538 4427 767 4497 vulgatis
794 4420 969 4504 libris,
992 4420 1060 4504 {le
1087 4420 1324 4483 omnibus
1350 4431 1691 4504 mmo/iubatur
1717 4432 1985 4504 habitatio,
2004 4420 2122 4497 fetet.

539 4469 926 4567 prmotermissis
951 4469 1134 4567 itisce,
1178 4514 1298 4570 quae
1333 4516 1398 4555 ex
1430 4502 1635 4557 Rabani
1670 4469 2127 4564 lecti'onlens’tib‘stt‘i:

539 4570 758 4647 luimus,
804 4569 989 4647 quibus
1018 4574 1401 4647 comprehensa
1445 4582 1539 4639 est,
1568 4575 1641 4647 in
1676 4578 1860 4647 quibus
1906 4581 2127 4635 marche-

2247 3354 2836 3429 hazredcs]eiiiciamur
2859 3370 2980 3411 cum
3004 3355 3361 3413 Christolesu
3381 3403 3394 3426 ,
3421 3369 3441 3396 ε
3457 3366 3513 3413 et
3533 3358 3847 3415 videbimus

2244 3452 2385 3524 quod
2421 3451 2752 3521 plenitudine
2780 3451 3027 3520 gentium
3054 3446 3356 3506 Ecclesium
3383 3450 3472 3505 Dei
3499 3451 3840 3516 introeunte,

2244 3551 2297 3603 in
2332 3547 2643 3602 novissimis
2682 3546 2922 3599 salvetur
2967 3544 3132 3601 lsrael
3155 3587 3168 3611 ,
3218 3545 3517 3600 secundum
3554 3544 3683 3599 illud
3713 3548 3843 3600 elo-

2243 3642 2428 3711 quium
2456 3659 2467 3694 :
2511 3639 2637 3693 Cum
2666 3646 2837 3692 autent
2868 3638 3133 3709 plenitudo
3156 3639 3381 3711 gentium
3409 3620 3684 3705 introierit,
3715 3648 3849 3695 tunc

2249 3738 2414 3791 omnis
2455 3735 2623 3791 Israel
2669 3734 2842 3788 salvus
2882 3736 2997 3803 erit,
3046 3745 3094 3789 et
3131 3735 3217 3813 fiet
3254 3746 3390 3790 unus
3429 3748 3574 3808 grex,
3617 3743 3661 3790 et
3698 3721 3849 3794 unus

2243 3841 2418 3901 pastor
2445 3829 2463 3900 (
2492 3828 2645 3883 Rom.
2670 3844 2747 3895 χι,
2775 3830 2878 3893 25;
2906 3827 3064 3882 Joan.
3096 3844 3151 3898 ι,
3186 3829 3253 3885 10
3286 3831 3324 3899 ),
3376 3829 3577 3883 docens
3608 3829 3660 3883 in
3687 3842 3849 3884 com-

2242 3938 2403 3977 mune
2441 3921 2697 3991 populum
2746 3934 2901 3975 suum
2942 3920 3295 3991 magniﬁcare
3346 3925 3778 3991 omnipotentem
3812 3920 3844 3960 ά

2243 4016 2526 4071 Dominum
2576 4028 2696 4069 cum
2739 4014 2954 4070 Christo
2992 4010 3147 4081 Jesu,
3191 4014 3280 4069 cui
3320 4022 3407 4070 est
3432 4012 3603 4085 gloria
3640 4020 3697 4070 et
3726 4012 3848 4069 im-

2239 4113 2448 4182 perium
2480 4109 2532 4163 in
2566 4109 2770 4164 satcula
2799 4108 3147 4174 saeculorum,
3178 4106 3372 4166 Amen.

2288 4369 2330 4425 ,δ
2372 4367 2651 4429 Rabanus,
2700 4364 2985 4431 voluntate,
3043 4362 3187 4434 quod
3228 4369 3282 4415 et
3324 4375 3454 4434 mss.
3486 4359 3616 4432 Reg.
3663 4376 3848 4430 penes

2234 4439 2487 4496 Hnetinm
2516 4438 2807 4507 praeierunt
2838 4455 2849 4491 :
2884 4445 2995 4507 tum
3022 4432 3162 4500 erat,
3191 4432 3529 4505 peccavimus,
3558 4448 3677 4504 pro,
3711 4451 3854 4503 pec-

2234 4529 2413 4583 camus
2432 4528 2448 4565 :
2474 4504 2743 4583 iti_Grtec0
2773 4504 3021 4583 esl,_6rar_4
3046 4507 3431 4583 ἁμαρτάνῳμεγ.

2309 4594 2329 4622 ε
2364 4582 2492 4637 Mss.
2526 4581 2657 4649 Reg.
2684 4580 2822 4648 apud
2858 4575 3109 4633 iluetinm
3135 4575 3161 4639 ,'
3183 4586 3228 4629 et
3254 4575 3575 4649 plenitudine
3598 4576 3842 4649 gentium

539 4641 709 4743 fatur,
743 4650 848 4695 etc.
876 4640 1342 4743 Destitutalt‘ndtoc
1374 4654 1532 4734 pacto
1564 4640 1847 4739 lectionem
1877 4666 2127 4743 compro-
2152 4680 2202 4743 Ι)
2237 4653 2526 4743 Εοειξεεαειι
2556 4640 2653 4743 ρξὶ
2677 4640 2967 4743 introeunte
2993 4691 3007 4713 ,
3038 4640 3619 4743 nouissimus].salvetrnr'
3634 4644 3835 4743 Isragl.

540 4711 631 4796 bat
653 4711 876 4796 graecus
908 4712 1022 4796 ipse
1051 4711 1413 4796 archetypas,
1437 4714 1514 4796 (ξτι
1540 4722 1659 4796 arpi
1679 4723 1879 4779 πάντων
1905 4720 1972 4780 ὧν
2000 4711 2125 4782 Ξιατ-

539 4782 716 4854 ελήφθη
744 4784 773 4842 ἡ
801 4787 1035 4841 κατοικία
1058 4790 1147 4845 τοῦ
1178 4782 1410 4866 ἰσήρᾶἡλμ
1444 4790 1492 4846 ἐν
1523 4782 1901 4865 οἷς”ἔμοιχᾶτο.

2301 4731 2329 4773 d
2358 4724 2555 4780 Confer
2584 4721 2835 4778 iluelium
2859 4720 3313 4790 Origenianorum
3343 4718 3432 4774 lib.
3465 4734 3499 4772 ιι
3529 4718 3733 4785 Quzest.
3759 4720 3800 4774 Ξ
3820 4758 3836 4787 ,

2230 4812 2385 4852 num.
2416 4796 2506 4863 29,
2542 4792 2643 4849 sui)
2666 4791 2851 4849 linem.

3451 4924 3826 4943 h—

878 5018 1497 5108 INCIPIUNT
1569 5020 2097 5113 HOMILI/E
2169 5023 2393 5111 XIV
2468 5025 2594 5111 IN
2665 5016 3469 5111 EZECHIELEM.

1050 5298 1604 5374 ltOMlLlAlPRlMA.

759 5438 837 5495 De
876 5407 1279 5511 prima‘visione
1318 5440 1607 5497 Ezechielis
1646 5442 1799 5514 (Cap.
1826 5443 1887 5513 l).

596 5574 812 5645 8173;
828 5572 943 5630 Non
993 5574 1173 5629 omnis
1211 5572 1303 5643 qui
1338 5575 1587 5644 captivus
1625 5583 1707 5629 est
1739 5582 1965 5644 propter
1994 5590 2119 5645 pec-

529 5673 647 5720 cata
684 5669 919 5722 Sustinet
961 5665 1350 5738 captivitatem.
1386 5664 1518 5722 Nam
1556 5670 1677 5722 eum
1712 5669 1887 5723 omnis
1936 5669 2111 5724 multi-

530 5758 654 5810 tudo
692 5750 994 5811 intimorum
1018 5774 1178 5813 causa
1209 5761 1417 5828 peccati
1440 5761 1703 5815 derelicta
1732 5760 1892 5817 fuerit
1919 5778 1945 5817 a
1979 5762 2107 5829 Deo,

544 5859 593 5901 et
638 5849 998 5917 captivitatem
1037 5854 1307 5907 sustinens
1348 5855 1731 5922 cumprehenszi
1767 5858 1889 5913 sita
1934 5858 2109 5914 Nabu-

2234 5307 2602 5372 chodonosor,
2621 5312 2783 5376 atque
2808 5303 2985 5375 ejecta
3010 5303 3079 5360 de
3097 5311 3241 5360 terra
3270 5310 3478 5373 sancta,
3509 5304 3565 5361 ln
3595 5304 3835 5381 Babylo-

2231 5398 2375 5453 niam
2402 5411 2572 5467 usque
2602 5395 2858 5467 perducta
2882 5394 2985 5451 sit:
3011 5396 3165 5465 pauci
3189 5404 3361 5451 tamen
3385 5390 3537 5465 justi,
3558 5399 3648 5469 qui
3672 5411 3837 5459 erant

2228 5492 2282 5546 in
2313 5490 2514 5560 populo
2540 5505 2647 5543 non
2676 5489 2746 5545 ob
2766 5488 2979 5558 culpam
3008 5502 3160 5543 suam
3192 5489 3569 5544 sustinuerunt
3594 5493 3837 5561 captivi-

2228 5590 2414 5649 tatem,
2446 5582 2540 5637 sed
2565 5581 2635 5635 ob
2660 5581 2711 5636 id
2737 5596 2803 5635 ne
2821 5589 3167 5647 peccatores,
3191 5579 3287 5649 qui
3311 5579 3524 5635 fuerant
3547 5583 3683 5653 jugo
3706 5600 3836 5655 cap-

2225 5675 2451 5731 tivitatis
2478 5673 2749 5746 oppressi,
2786 5672 3009 5729 omnino
3038 5671 3343 5729 subsidium
3374 5690 3479 5728 non
3528 5670 3829 5737 haberent.

2222 5765 2518 5837 Fingamus
2557 5768 2775 5836 quippe,
2813 5764 3198 5835 peccatoribus
3230 5768 3285 5823 in
3318 5764 3677 5838 Babyloniam
3728 5771 3825 5827 ab-

2220 5857 2416 5925 ductis,
2454 5859 2631 5930 justos
2668 5864 2721 5916 in
2768 5859 3008 5931 antiquis
3045 5857 3242 5915 linibus
3283 5858 3556 5926 resedisse
3590 5878 3603 5915 :
3650 5863 3822 5921 [iebat
