4128 6346
431 329 550 392 €93

995 333 1434 394 TRANSLATIO
1474 333 1904 394 HOMILIARUM
1944 333 2263 392 ORIGENIS
2301 335 2367 391 IN
2410 333 2870 396 EZECHIELEM.
2915 339 3079 395 "OM.
3121 341 3164 396 l.

3636 341 3740 398 69i

431 461 505 506 ut
535 465 824 521 numquam
849 447 1504 538 peccator-esbremetlium
1549 459 2038 521 consequerentur.
2070 445 2118 510 Α
2149 448 2406 505 adhibere
2433 457 2702 504 tormenta
2728 451 3101 520 peccantibus,
3134 468 3405 526 nunquam
3429 451 3742 512 misericors

433 541 726 615 Disposuit
753 539 932 614 igitur
972 542 1215 597 clemens
1249 547 1302 597 et
1342 539 1636 612 benignus,
1671 552 1723 596 et
1761 541 2042 596 hominum

432 644 654 691 amatOr
680 635 822 691 Deus
847 635 989 690 inter
1009 634 1269 704 supplicia
1294 631 1492 702 quibus
1519 645 1838 705 peccatores
1863 633 2038 705 punit,

432 731 605 788 etiam
633 731 969 785 visitationis
1001 743 1116 785 suae
1147 728 1379 785 miscere
1413 730 1690 800 pietatem,
1723 743 1823 784 nec
1851 728 2042 786 immo-

429 819 624 881 derata
651 837 808 893 ptena
837 821 1066 877 miseros
1097 835 1364 891 premere.
1391 819 1619 892 Semper
1640 817 1767 876 talis
1792 829 1875 876 est
1897 821 2040 878 Deus

430 923 648 982 noster,
677 915 955 972 excruciat
981 921 1268 979 nocentes,
1293 913 1388 968 sed
1419 912 1574 984 quasi
1603 913 1726 984 plus
1755 922 2041 984 patertor—

430 1011 636 1066 mentis
677 1009 1026 1065 clementiam
1070 1010 1260 1064 sociat.
1307 1008 1366 1064 Si
1401 1017 1585 1064 autem
1616 1007 1698 1064 vis
1739 1021 2038 1079 agnoscere

433 1107 573 1158 vera
624 1103 941 1172 che,"‘qute
989 1100 1260 1166 dicimus,
1316 1099 1443 1156 vide
1495 1099 1624 1168 quid
1671 1099 1934 1155 acciderit
1983 1099 2035 1156 in

431 1191 674 1262 Egypto
731 1208 758 1246 a
822 1193 982 1248 l‘atue.
1045 1192 1102 1250 Si
1155 1189 1414 1247 voluisset
1461 1190 1774 1247 interﬁcere
1826 1197 2033 1247 tantum

431 1287 753 1360 Egyptios,
785 1296 841 1343 et
881 1287 1075 1358 puuire
1113 1288 1388 1342 cruciatos
1420 1285 1473 1341 in
1513 1285 1821 1356 septennali
1867 1276 2033 1352 fame,

432 1379 658 1435 fecisset
700 1379 887 1450 utique
927 1377 1071 1450 quod
1110 1377 1387 1439 voluerat,
1435 1387 1486 1432 et
1537 1391 1716 1448 neque
1746 1377 1947 1447 Joseph
1979 1377 2033 1432 in

433 1469 728 1543 Egyptum
759 1465 1152 1538 descendisset,
1187 1485 1366 1539 neque
1395 1467 1604 1525 Pharao
1634 1468 1860 1525 vidisset
1888 1485 2035 1525 soms

432 1565 586 1622 nium
633 1565 701 1620 de
746 1563 855 1629 his,
898 1579 1018 1633 quae
1065 1562 1304 1636 Egypto
1354 1562 1566 1618 fuerant
1603 1567 1897 1627 eventura,
1930 1575 2034 1619 nec

429 1657 548 1727 regi
599 1657 791 1712 fuisset
835 1655 1118 1712 ostensum
1159 1671 1186 1710 a
1232 1655 1478 1727 principe
1529 1655 1882 1721 vinariorum,
1911 1671 2033 1712 esse

430 1749 720 1822 quemdam
748 1794 762 1820 ,
817 1750 908 1821 qui
961 1750 1133 1821 possit
1187 1752 1301 1820 regi
1342 1749 1613 1806 somnium
1656 1751 2030 1823 interpretari.

2145 550 2203 596 et
2229 541 2494 612 benignus
2537 539 2681 597 Deus
2710 544 2887 612 ptenis
2915 545 3122 601 scelera
3155 549 3370 618 puniret
3409 566 3423 604 :
3456 547 3551 603 sed
3580 545 3739 619 quasi

2146 632 2648 704 induigentissimus
2673 643 2826 704 pater
2847 635 2917 691 ob
2945 633 3048 693 h‘oc
3068 640 3294 710 corripit
3318 641 3509 708 lilium,
3529 651 3588 697 ut
3613 655 3740 698 eru-

2146 723 2255 781 diat
2282 743 2297 782 :
2329 727 2481 797 quasi
2505 727 3025 799 providentissimus
3059 731 3314 803 magister
3339 735 3412 790 ita
3442 735 3737 792 severitate

2144 818 2342 874 frontis
2397 819 2659 876 lascivum
2693 821 3018 892 discipulum
3066 825 3317 896 castigat,
3372 841 3437 883 ne
3475 827 3646 884 amari
3677 841 3739 885 se

2143 913 2384 968 sentiens
2429 903 2636 984 pereat.
2695 911 2832 970 Vide
2881 913 3226 972 Saiomonem
3273 918 3735 988 sapientissimum

2142 1004 2418 1072 omnium,
2471 1005 2597 1078 quid
2641 1006 2709 1063 de
2748 1007 2845 1062 Del
2893 1011 3326 1080 correptionibus
3379 1014 3736 1083 suspicetur:

2142 1093 2275 1162 Fili,
2308 1096 2415 1151 noli
2459 1113 2569 1152 esse
2605 1099 2952 1168 pusillanimis
2984 1099 3035 1154 in
3080 1099 3359 1175 disciplina
3406 1100 3532 1167 Dei,
3576 1119 3738 1175 neque

2141 1191 2353 1259 deficias
2389 1200 2654 1262 correptus
2682 1191 2743 1246 ab
2773 1207 2829 1246 eo
2853 1187 3028 1265 (Eccl.
3060 1195 3178 1261 vn).
3213 1195 3378 1264 Quem
3403 1197 3538 1250 enim
3561 1196 3738 1268 diligit

2143 1286 2417 1352 Dominus,
2447 1289 2662 1359 corripit
2685 1305 2703 1342 :
2730 1288 2963 1360 ﬂagellat
2994 1299 3164 1345 autem
3185 1301 3382 1345 oimtem
3399 1291 3567 1361 ﬁlium
3586 1307 3737 1363 quem

2139 1383 2342 1453 recipit.
2380 1379 2578 1437 Nullus
2605 1393 2680 1436 est
2714 1383 2872 1452 enim,
2905 1384 3081 1456 inqtiit
3110 1385 3428 1456 Apostolus,
3457 1386 3618 1456 ﬁlius,
3652 1387 3738 1456 qui

2138 1490 2253 1527 cum
2281 1476 2586 1542 peccaverit,
2621 1491 2724 1529 non
2750 1473 3044 1547 ﬂagelletur
3069 1493 3099 1530 a
3121 1481 3287 1550 patre.
3313 1475 3382 1532 Et
3407 1475 3474 1532 ad
3506 1477 3611 1533 hoc
3637 1475 3741 1530 nii-

2137 1567 2385 1624 rabiiiter
2426 1567 2634 1624 addidit
2690 1569 2879 1626 dicens
2915 1590 2927 1624 :
2975 1570 3042 1626 Ili
3071 1569 3350 1642 disciplina
3394 1577 3731 1643 perseverate.

2140 1658 2423 1731 Tamquam
2452 1661 2574 1730 ﬁliis
2616 1661 2756 1716 robis
2785 1661 2936 1730 offert
2963 1679 3016 1717 se
3049 1663 3188 1717 Deus
3209 1659 3402 1733 (Hebr.
3438 1661 3561 1734 xtl).
3603 1661 3736 1729 Quis

2137 1753 2280 1811 enim
2316 1743 2480 1822 ﬁlius,
2511 1751 2672 1826 quem
2709 1763 2820 1811 neu
2850 1755 3076 1828 corripit
3103 1757 3294 1828 pater?
3320 1755 3472 1824 Quod
3505 1756 3548 1811 si
3581 1763 3735 1811 extra

427 1843 585 1902 Nunc
635 1851 788 1912 vero,
839 1853 897 1898 ut
937 1842 1140 1910 cernis,
1189 1839 1334 1899 Deus
1381 1841 1616 1914 ﬂagellat
1660 1843 1814 1914 quasi
1855 1849 2027 1914 pater,
2062 1855 2107 1918 Β
2137 1847 2481 1920 disciplinam
2504 1851 2656 1917 estis,
2680 1852 2834 1919 cujus
2858 1845 3152 1920 participes
3175 1849 3301 1906 facti
3326 1855 3660 1906 suntomnes
3683 1857 3732 1918 κ,

426 1939 605 2011 parcit
661 1949 842 1994 autem
896 1933 1065 2011 878
1114 1939 1223 1994 non
1274 1937 1451 1994 solum
1499 1938 1698 2007 lsrael,
1744 1953 1930 1994 verum
1975 1943 2032 1995 et

427 2029 736 2103 Egyptiis,
767 2043 889 2085 cum
921 2027 1089 2084 alieni
1127 2027 1235 2084 sint
1266 2029 1332 2085 ab
1363 2043 1460 2097 eo,
1493 2038 1718 2101 propter
1751 2030 2030 2101 prepriam

432 2119 933 2178 mansuetudinem.
985 2120 1057 2176 Et
1102 2121 1449 2177 manifestum
1494 2129 1579 2177 est
1621 2123 1748 2194 quia
1779 2122 1903 2178 boni
1933 2119 2030 2178 Dei

434 2230 576 2286 opus
621 2227 785 2285 super
822 2225 918 2271 eos
949 2219 1289 2282 ererceatur,
1323 2213 1452 2270 dum
1499 2214 1701 2285 Joseph
1747 2215 2032 2271 descendit

427 2311 482 2366 in
515 2307 834 2381 Egyptum,
857 2307 986 2363 dum
1017 2307 1229 2364 Pharao
1255 2308 1484 2363 'so‘mniis
1519 2308 1868 2376 admonetur,
1901 2309 2028 2366 dum

426 2401 684 2473 princeps
731 2399 843 2456 vini
890 2401 1245 2471 interpretem
1291 2399 1527 2467 indicat,
1579 2400 1705 2456 dum
1748 2402 2024 2472 interpres

421 2494 647 2551 disserit
676 2497 806 2550 vasa
829 2536 844 2563 ,
877 2495 1040 2566 atque
1063 2496 1137 2550 ita
1164 2495 1427 2551 ubertatis
1461 2501 1712 2565 tempore
1739 2539 1754 2564 ,
1783 2495 2027 2568 fi'ugih'us

422 2589 811 2662 congregatis,
845 2589 1172 2660 pdSterioris
1218 2589 1379 2645 famis
1425 2591 1654 2660 penuria
1702 2591 1951 2648 vincitur.
1987 2593 2028 2649 E

420 2682 621 2753 quibus
646 2681 900 2738 omnibus
934 2683 1280 2754 perspicuum
1309 2690 1520 2738 estnon
1549 2697 1670 2738 esse
1697 2683 2029 2740 immodera-

423 2785 535 2832 tam
587 2775 760 2844 iram,
804 2789 925 2846 quin
957 2774 1025 2830 ab
1056 2775 1328 2832 haereticis
1357 2775 1410 2831 in
1442 2773 1701 2831 Creatore
1729 2776 2029 2846 reprehen-

418 2871 593 2928 ditur.
633 2871 956 2929 Pote‘ramus
983 2871 1203 2943 quidem
1246 2872 1444 2927 multas
1481 2870 1738 2928 historias
1780 2881 2028 2930 retexere

418 2965 487 3020 ad
513 2966 632 3022 haec
658 2964 938 3035 probanda
962 2980 1078 3034 qua:
1101 2963 1236 3032 dixi,
1259 2964 1356 3020 sed
1382 2979 1450 3022 ne
1475 2965 1665 3021 videar
1685 2981 1714 3020 a
1739 2968 2026 3038 proposito

421 3056 688 3114 recedere
712 3098 727 3125 ,
754 3057 1140 3128 compendium
1175 3056 1317 3113 l’aclo
1345 3060 1643 3114 sermonis.
1674 3057 2022 3130 Propositum

419 3153 622 3225 quippe
651 3153 783 3208 mihi
806 3159 890 3208 est
919 3151 1213 3221 explanare
1243 3150 1309 3206 de
1347 3163 1434 3215 co,
1465 3151 1606 3222 quod
1638 3159 1863 3222 pr‘upter
1895 3165 2024 3223 pec;

2135 1943 2449 2012 adulterini,
2480 1953 2534 2002 et
2559 1961 2672 2001 non
2704 1931 2800 2001 lilii
2833 1945 2985 2002 esuis.
3025 1943 3133 2002 Sed
3161 1945 3234 2001 sit
3269 1941 3380 2018 [ΑΙ.
3409 1943 3476 2019 si]
3509 1941 3736 2000 forsitan

2133 2039 2352 2110 aliquis,
2404 2038 2494 2109 qui
2534 2040 2650 2109 ipso
2702 2039 2920 2094 nomine
2968 2041 3064 2094 ira:
3122 2038 3366 2094 oti‘ensus
3414 2039 3737 2094 criminetur

2133 2151 2252 2191 eam
2286 2134 2338 2189 in
2374 2133 2506 2190 Duo.
2540 2134 2633 2190 Cui
2663 2117 3136 2205 respondebimus,
3166 2139 3278 2188 non
3303 2137 3411 2186 tam
3441 2131 3578 2186 iram
3611 2135 3736 2188 e'sse

2136 2233 2274 2286 iram
2320 2227 2440 2297 Dei,
2471 2225 2630 2299 quam
2679 2217 3044 2283 necessariam
3077 2223 3564 2298 dispensationem.
3595 2222 3736 2280 Audi

2132 2325 2274 2396 quod
2325 2323 2396 2378 sit
2449 2339 2584 2392 opus
2629 2322 2726 2377 irte
2761 2321 2881 2390 Dei,
2935 2329 2995 2376 ut
3041 2313 3252 2392 arguat,
3282 2329 3341 2374 ut
3389 2318 3645 2388 cerrigat,
3678 2325 3737 2374 ut

2133 2420 2387 2476 emendet
2418 2438 2430 2474 :
2464 2409 2708 2486 Domine,
2743 2435 2805 2471 ne
2828 2405 2881 2471 in
2915 2417 2993 2470 ira
3026 2426 3116 2470 tua
3137 2413 3326 2489 arguas
3356 2413 3454 2476 me,
3489 2425 3650 2482 neque
3680 2409 3732 2464 in

2132 2518 2308 2585 furore
2339 2525 2424 2567 tuo
2471 2507 2721 2583 corripias
2748 2513 2828 2565 me
2868 2501 3044 2580 (Psal.
3075 2509 3172 2578 vt).
3207 2497 3311 2577 Qui
3341 2503 3462 2562 liiec
3489 2505 3736 2576 loquitur

2133 2607 2236 2661 scit
2268 2605 2362 2660 Dei
2413 2606 2650 2660 furorem
2703 2603 2811 2658 non
2847 2609 2968 2658 eese
3013 2597 3265 2657 inutilem
3313 2596 3381 2656 ad
3421 2595 3736 2664 sanitatem,

2131 2683 2225 2757 sed
2247 2701 2312 2756 ad
2338 2701 2438 2757 hoc
2464 2695 2713 2755 adhiberi
2745 2691 2801 2753 ut
2826 2683 2982 2753 curet
3001 2687 3358 2767 mgrotan‘tes,
3393 2699 3451 2749 ut
3481 2689 3734 2749 emendet

2130 2810 2261 2859 eos,
2312 2794 2402 2866 qui
2469 2789 2780 2849 sermonem
2843 2791 2958 2862 ejus
3011 2789 3203 2846 audire
3256 2787 3730 2860 contempserunt.

2130 2887 2339 2946 idcirco
2357 2895 2455 2942 nec
2468 2885 2789 2956 deprecatur
2812 2899 2880 2938 ne
2898 2873 3096 2938 talibus
3118 2879 3373 2938 remediis
3387 2878 3730 2945 emendetur,

2132 2995 2198 3033 ne
2222 2994 2345 3034 cum
2371 2975 2570 3047 poenali
2603 2973 2816 3032 medela
2845 2971 3074 3045 recipiat
3106 2965 3390 3044 pristinam
3415 2971 3724 3041 sanitatem,

2127 3073 2281 3143 quasi
2311 3068 2356 3126 si
2385 3065 2579 3125 servus
2607 3067 2716 3138 jam
2745 3065 2884 3123 inter
2918 3051 3132 3138 ﬂagella
3163 3067 3396 3137 positus,
3625 3059 3728 3121 Do-

2130 3165 2334 3220 minum
2367 3169 2644 3234 precetur,
2677 3160 3068 3231 repromittens
3102 3159 3151 3215 ei
3179 3169 3239 3214 Se
3271 3159 3533 3231 imperata
3556 3155 3728 3214 lactu-

417 3254 537 3302 cata
567 3250 666 3303 atia'
695 3246 949 3318 captivtis
979 3243 1244 3304 abductus
1277 3245 1348 3300 sit
1373 3245 1603 3316 populus
1626 3244 1813 3301 Israel.
1848 3246 1915 3301 Et
1950 3251 2018 3305 he
2048 3246 2092 3310 C
2128 3266 2337 3325 rum,et
2357 3253 2535 3311 dicat:
2562 3249 2803 3321 Domine,
2834 3269 2896 3307 ne
2923 3255 2976 3308 in
3002 3255 3082 3307 ira
3111 3263 3198 3308 tua
3225 3255 3418 3325 arguas
3444 3267 3541 3318 me,
3565 3261 3727 3322 neque

419 3340 564 3397 forte
607 3340 805 3413 aliquis
836 3339 1136 3413 arbitretur
1185 3347 1500 3409 peccatores
1546 3353 1578 3394 a
1610 3339 1719 3396 Deo
1761 3340 2016 3411 traditos,

415 3436 487 3493 ab
511 3451 576 3491 eo
605 3435 840 3492 "ulterius
871 3437 978 3491 non
1003 3435 1319 3506 gubernari,
1351 3437 1410 3491 et
1439 3435 1613 3492 semei
1640 3435 1693 3491 in
1726 3436 2016 3507 captivita-

416 3537 524 3585 tem
556 3529 832 3600 redactos,
856 3529 1002 3585 tillra
1030 3527 1500 3600 dispensationem
1531 3530 1682 3600 ejus,
1717 3539 1772 3585 et
1794 3528 2016 3586 miseri-

352 3684 360 3690 _
417 3621 661 3680 cerdiam
695 3631 802 3678 n’on
832 3625 1071 3689 mereri,
1107 3629 1438 3692 praesentem
1479 3624 1659 3680 locum
1705 3624 2020 3694 diligentius

417 3719 851 3776 consideremus.
884 3717 1070 3775 Daniel
1116 3727 1219 3772 non
1269 3720 1538 3789 peccavit,
1581 3719 2017 3788 Ananias,Aza-

419 3813 550 3884 rias',
583 3809 771 3870 MiSael
816 3821 847 3867 a
891 3817 1116 3883 peccato
1155 3813 1424 3871 immunes
1456 3813 1682 3872 fuerunt
1707 3857 1720 3882 ,
1751 3823 1807 3870 et
1838 3823 2020 3872 tamen

419 3905 622 3974 captivi
663 3903 842 3962 effecti
876 3911 1038 3976 sunt,
1067 3903 1128 3961 ut
1155 3906 1227 3962 ibi
1254 3907 1417 3978 positi
1455 3907 1729 3977 captivum
1759 3907 2021 3978 populum

418 3996 871 4066 consolarentur,
904 4005 957 4052 et
989 3999 1084 4068 per
1110 3997 1548 4056 exhortationem
1581 3999 1734 4057 vocis
1765 4011 1878 4056 suae
1906 4014 2022 4070 poe-

416 4090 656 4147 nitentes
705 4088 760 4145 in
811 4087 1115 4146 Jerusalem
1168 4091 1530 4147 restituerent
1574 4092 1871 4163 castigatos
1920 4107 2019 4162 pro

420 4185 688 4252 tempore.
739 4181 1095 4253 Septuaginta
1127 4183 1329 4255 quippe
1373 4184 1532 4239 annis
1563 4184 1845 4240 servitutis
1884 4198 2016 4254 sup-

419 4275 577 4346 plicia
607 4265 1015 4346 pependerunt,
1049 4287 1112 4330 ac
1148 4275 1227 4332 sic
1253 4274 1450 4332 deinde
1481 4275 1534 4330 in
1570 4275 1734 4333 sedes
1768 4278 2020 4346 proprias

417 4366 627 4425 reversi
665 4369 814 4434 sunt,
857 4367 980 4438 quia
1025 4373 1246 4423 sanctus
1291 4367 1682 4439 prophetat-um
1711 4375 1891 4424 sermo
1927 4368 2020 4424 de-

414 4461 594 4532 jectns
639 4459 850 4515 animos
903 4459 1303 4516 sublevaret-at.
1346 4461 1544 4516 Verum
1597 4473 1705 4516 non
1756 4462 1935 4516 solum
1981 4461 2018 4518 ii

416 4563 650 4627 quatuor
669 4545 836 4629 879
879 4553 932 4610 in
979 4554 1294 4625 captivitate
1341 4555 1619 4625 propheta!
1653 4556 2014 4622 exstiterunt,

2122 3351 2176 3404 in
2199 3349 2378 3419 furore
2405 3347 2492 3402 tuo
2517 3345 2770 3418 corripitis
2792 3347 2891 3401 ine.
2918 3341 3110 3402 Omnia
3139 3359 3259 3415 quae
3286 3343 3382 3398 Dei
3413 3345 3561 3412 sunt,
3581 3341 3725 3398 bona

2121 3449 2268 3504 sunt,
2302 3448 2352 3494 et
2381 3441 2656 3494 meremur
2688 3433 2911 3506 corripi.
2943 3431 3201 3492 Ausculta
3228 3432 3360 3506 quid
3383 3429 3532 3488 dicat
3564 3436 3579 3490 ':
3623 3431 3722 3486 Ar-

2120 3547 2274 3605 guam
2318 3548 2402 3586 cos
2429 3529 2482 3585 in
2509 3531 2695 3585 auditu
2721 3527 2974 3602 angustia:
3005 3545 3204 3584 eorum.
3251 3525 3375 3584 Ideo
3405 3525 3722 3584 audivimus

2120 3641 2205 3696 ea,
2233 3640 2352 3696 quae
2380 3621 2448 3680 de
2477 3623 2829 3679 tribulatione
2855 3627 3006 3690 sunt,
3035 3621 3090 3678 ut
3122 3619 3497 3678 ementiemur.
3527 3619 3581 3676 lu
3609 3625 3724 3677 mai

2123 3717 2338 3773 ledictis
2386 3731 2603 3788 quoque
2651 3713 2879 3772 Levitici
2919 3715 3180 3786 Scriptum
3211 3723 3338 3770 est:
3380 3713 3442 3771 Si
3470 3713 3586 3785 post
3621 3714 3724 3769 ista

2122 3829 2225 3866 non
2275 3809 2584 3874 obedierint,
2620 3811 2785 3880 neque
2811 3809 3044 3862 conversi
3088 3807 3277 3878 fuerint
3311 3807 3377 3861 ad
3409 3823 3525 3870 me,
3561 3813 3726 3878 appos

2121 3921 2240 3959 nam
2267 3905 2338 3959 eis
2365 3903 2548 3976 plagas
2573 3901 2764 3972 septem
2789 3905 2944 3971 super
2970 3903 3182 3970 peccata
3213 3903 3408 3953 eorum.
3445 3897 3506 3952 Si
3547 3901 3722 3952 autem

2122 4007 2234 4068 post
2283 3995 2392 4051 licet:
2439 3991 2670 4049 conversi
2714 3999 2814 4048 noti
2847 3993 3060 4061 ruerint,
3098 3991 3380 4047 emendab'o
3419 3997 3503 4048 eos
3530 3991 3720 4064 (Levii.

2120 4087 2497 4156 xxvi).0mnia
2532 4087 2649 4154 D'ei,
2671 4093 2790 4153 qua:
2805 4085 3259 4141 ridenturamara‘
3287 4099 3430 4154 esse,
3452 4085 3505 4141 in
3535 4083 3724 4142 crudis

2123 4177 2325 4233 tionem
2347 4183 2403 4231 et
2424 4175 2667 4230 remedia
2684 4172 2993 4244 prollriuut.
3010 4172 3249 4228 Medicus
3270 4183 3352 4229 est
3369 4173 3532 4239 Deus,
3565 4177 3723 4242 pater

2121 4275 2207 4324 est
2230 4267 2663 4334 Deus,domi‘utts
2694 4275 2797 4332 est,
2829 4281 2935 4322 non
2951 4281 3131 4336 asper,
3151 4266 3246 4322 sed
3267 4265 3406 4322 lenis
3436 4271 3522 4322 est
3545 4265 3723 4321 domi-

2123 4375 2246 4418 nus.
2294 4361 2351 4418 Si
2395 4363 2612 4418 veneris
2643 4358 2711 4416 ad
2741 4371 2860 4428 eos,
2891 4360 2980 4430 qui
3024 4359 3199 4427 puniti
3245 4365 3372 4414 sunt
3417 4357 3720 4414 secundum

2122 4457 2333 4527 eloquia
2361 4457 2770 4527 Scripturarum
2797 4495 2811 4518 ,
2842 4461 3109 4525 compone
3133 4452 3446 4522 Scripturas
3473 4452 3723 4523 Scriptus

2122 4552 2218 4617 ris,
2244 4561 2301 4605 ut
2327 4563 2384 4606 et
2408 4557 2460 4605 te
2488 4549 2777 4619 Apostolus
2803 4547 2980 4611 docet,
2999 4557 3053 4601 et
3071 4544 3280 4600 videbis
3303 4545 3378 4602 ibi
3401 4541 3724 4601 dulcissima

416 4648 513 4704 sed
550 4657 605 4703 et
637 4646 887 4704 Ezechiel
919 4660 1058 4702 unus
1085 4661 1152 4700 ex
1195 4646 1277 4702 eis
1299 4644 1434 4716 fuit,
1472 4656 1525 4700 et
1550 4645 1843 4702 Zacharias
1876 4646 2018 4701 ﬁlius
2047 4633 2100 4694 D
2125 4658 2265 4708 esse,
2302 4643 2392 4698 ubi
2430 4641 2770 4697 amarissima
2801 4639 3203 4718 existimantur.
3245 4638 3516 4708 Scriptum
3548 4648 3636 4718 est
3668 4639 3720 4692 in

418 4737 694 4797 Barachite
723 4738 1054 4810 captivitatis
1093 4743 1340 4809 tempore
1373 4739 1476 4794 sub
1513 4729 1676 4794 Dario
1713 4755 1840 4810 rege
1868 4739 2012 4794 ceci-

424 4837 523 4892 nit.
557 4834 869 4890 invenimus
889 4835 1052 4892 etiam
1073 4835 1330 4906 Aggteum
1361 4834 1670 4904 multosque
1711 4835 1847 4890 alios
1889 4850 2017 4904 pro-

419 4929 708 4999 phetarum
739 4927 930 4983 iisdem
962 4927 1315 4998 propbetasse
1344 4923 1702 4998 temporibus,
1725 4941 1795 4982 ex
1820 4927 2018 4996 quibus

418 5023 711 5088 indicatur,
736 5019 910 5078 Deum
948 5038 1054 5076 non
1088 5019 1460 5078 tantummodo
1488 5021 1678 5091 punire
1709 5033 2017 5092 peccantes,

418 5131 607 5172 verum
639 5125 694 5172 et
720 5115 1160 5172 misericordiam
1189 5115 1422 5172 miscere
1449 5115 1748 5186 suppliciis.
1779 5116 1934 5184 Quod
1966 5118 2012 5174 si

419 5207 656 5275 dubitas,
671 5208 798 5263 audi
814 5223 980 5264 voces
1000 5216 1272 5263 tormenta
1295 5207 1637 5277 patientium,
1653 5209 1930 5280 quomodo
1943 5221 2021 5265 sa-

423 5301 640 5368 cratim,
664 5301 783 5356 etin
809 5299 1139 5356 cruciatibus
1162 5301 1275 5354 suis
1289 5299 1630 5355 clementiam
1645 5299 1740 5355 Dei
1757 5301 2017 5373 eloquan-

425 5407 541 5452 tur:
571 5393 777 5450 Cibabis
799 5410 891 5449 nos
912 5411 1045 5466 pane
1067 5396 1432 5465 lacrymarum,
1455 5404 1501 5448 e.’
1525 5393 1724 5466 potabis
1751 5411 1842 5450 nos
1864 5397 1915 5449 in
1942 5393 2022 5450 la-

423 5490 611 5562 crymis
623 5498 669 5544 et
691 5492 745 5542 in
761 5505 1021 5542 mensura.
1039 5487 1154 5543 Non
1178 5489 1249 5543 ait
1265 5488 1658 5554 indili'ercnter,
1680 5490 1731 5544 in
1747 5489 2017 5560 iacrymis;

423 5583 541 5645 sed,
561 5583 612 5635 in
635 5581 878 5653 lacrymis
899 5590 947 5635 et
969 5581 1021 5634 in
1035 5597 1293 5636 mensura.
1310 5582 1679 5638 Misericordia
1703 5583 1900 5651 quippe
1921 5581 2017 5638 Dei

422 5672 760 5745 inpendere.
779 5671 834 5728 Si
855 5688 962 5728 non
981 5679 1126 5728 esset
1154 5674 1282 5728 utile
1309 5675 1651 5730 conversioni
1673 5673 2013 5744 peccantium

2126 4737 2387 4808 propheta
2434 4752 2447 4788 ε
2502 4733 2624 4789 Non
2679 4733 2904 4788 vindicat
2952 4733 3026 4787 bis
3074 4715 3128 4786 in
3157 4733 3388 4802 idipsum
3424 4733 3478 4787 in
3517 4715 3725 4806 judicio

2124 4829 2313 4902 (Num.
2349 4825 2411 4898 t).
2459 4826 2762 4882 Viudicavit
2789 4825 2959 4881 semei
2999 4826 3055 4880 in
3089 4825 3292 4896 judicio
3334 4841 3432 4897 per
3452 4826 3720 4882 diluvium

2125 4922 2282 4994 (Gen.
2318 4937 2412 4984 vn.
2447 4921 2562 4991 19),
2597 4917 2889 4974 vindicavit
2911 4919 3078 4975 semel
3109 4919 3163 4974 in
3187 4920 3398 4990 judicio
3428 4929 3596 4989 super
3621 4920 3725 4975 Se-

2125 5017 2339 5070 dotuam
2367 5023 2421 5070 et
2459 5011 2822 5070 Gomorrham
2843 5053 2858 5078 ,
2892 5011 3186 5068 vindicavit
3224 5011 3394 5069 semei
3427 5013 3481 5074 in
3511 4999 3722 5083 judicio

2124 5126 2292 5178 super
2339 5108 2650 5180 Egyptum,
2701 5114 2756 5160 et
2805 5116 3066 5162 sexcenta
3120 5107 3292 5163 tnillia
3346 5107 3719 5164 lsraelitarum

2125 5202 2323 5276 (Exod.
2368 5200 2502 5271 xiv).
2535 5198 2657 5254 Noli
2695 5198 3014 5254 existimare
3043 5199 3184 5268 quod
3231 5198 3350 5255 haec
3385 5199 3519 5254 uitio
3559 5205 3718 5270 ptent!

2126 5307 2331 5353 tantum
2379 5295 2544 5351 fuerit
2592 5290 2998 5364 peccatOrihus,
3031 5291 3183 5363 quasi
3221 5301 3342 5362 post
3378 5291 3629 5356 mortem,
3663 5289 3720 5348 et

2125 5391 2386 5462 supplicia
2416 5391 2609 5445 iterum
2643 5402 2673 5442 a
2719 5386 2988 5457 supplicio
3019 5386 3324 5455 excipiendi
3357 5385 3486 5441 sint.
3536 5373 3716 5441 Puniti

2127 5496 2251 5542 sunt
2284 5486 2336 5541 in
2379 5483 2668 5555 praesenti,
2703 5497 2770 5537 ne
2803 5481 2855 5535 in
2891 5479 3070 5534 futuro
3115 5480 3318 5550 jugiter
3373 5481 3718 5550 punirentur;

2126 5578 2303 5635 Cerne
2345 5592 2634 5649 pauperem
2663 5576 2714 5629 in
2740 5569 3060 5643 Evangelio,
3106 5572 3360 5642 squalore
3402 5581 3453 5627 et
3490 5567 3718 5642 penuria

2127 5673 2412 5742 premitur,
2459 5679 2516 5725 et
2578 5675 2765 5740 postea
2823 5667 2875 5722 in
2929 5664 3162 5721 Abrahae
3227 5665 3347 5720 sinu
3403 5659 3714 5735 requiescit.

503 5866 529 5898 λ
557 5853 828 5922 Corrupte
845 5851 1070 5907 adulteri
1128 5851 1414 5922 legebatur
1461 5869 1556 5926 pro
1587 5853 1894 5920 adulterini,
1920 5853 2144 5927 ‘etImox
2169 5854 2214 5908 si
2241 5867 2338 5924 pro
2376 5853 2464 5907 sit.
