4128 6346
363 268 489 328 697.

894 260 1335 320 TRANSLATIO
1374 259 1810 320 HOMILIARUM
1851 259 2177 320 ORIGENIS
2216 263 2280 319 ΙΝ
2326 263 2781 325 EZECHIELEM.
2829 266 2992 325 llOM.
3036 268 3077 324 Ι.

3555 273 3660 331 698

363 384 662 441 timentibus
690 391 757 439 te.
819 381 981 455 Legis
1009 389 1063 437 et
1091 380 1487 453 Prophetarum
1534 382 1675 438 Deus
1716 381 1948 438 abscon-
1975 384 2138 454 Aqui
2164 399 2311 437 mane
2394 383 2697 450 oriebatur,
2758 386 3015 439 contritus
3097 393 3176 440 est
3250 401 3407 457 super
3470 395 3660 443 terram

362 480 880 540 ditmultitudinem
924 478 1183 534 bonitatis
1244 492 1358 532 suae
1409 492 1518 532 non
1566 476 1952 549 diligentibus,

362 577 463 637 sed
490 576 812 633 timentibus
831 589 913 630 se.
946 572 1161 628 Parvuli
1184 572 1383 643 quippe
1412 578 1572 639 sunt,
1602 586 1702 626 nec
1731 578 1957 642 possunt

361 685 488 730 cum
514 669 885 727 emolumenta
916 682 1016 723 suo
1037 666 1251 721 discere
1279 666 1422 735 quod
1445 674 1697 721 amentur
1720 680 1748 719 a
1772 664 1954 733 Patre,

362 782 436 822 ne
457 765 828 821 dissolvantur
854 804 869 826 ,
901 778 969 817 ne
1003 760 1309 831 despiciant
1341 760 1635 814 bonitatem
1667 759 1779 815 Dei.
1809 758 1953 827 Qua-

359 869 587 932 propter
613 872 736 913 cum
764 854 1007 910 audieris
1034 852 1103 909 de
1130 851 1313 924 populi
1341 852 1654 922 captivitate
1673 896 1688 921 ,
1735 851 1959 906 credere

360 953 584 1025 quidem
610 966 739 1009 vere
759 950 1028 1006 accidisse
1052 963 1170 1005 eam
1191 947 1342 1018 juxta
1364 946 1608 1002 historice
1636 947 1794 1002 ﬁdem
1813 987 1828 1013 ,
1861 946 1958 1001 sed

361 1046 417 1101 in
445 1045 657 1117 signum
693 1042 776 1099 rei
821 1042 1050 1097 alterius
1108 1040 1452 1111 prmeessisse
1477 1083 1492 1109 ,
1524 1046 1579 1095 et
1627 1039 1958 1109 subsequens

362 1141 703 1211 signiticasse
741 1136 1086 1210 mysterium.
1110 1135 1243 1192 Nam
1281 1144 1336 1190 et
1360 1145 1413 1188 tu
1435 1175 1450 1198 ,
1474 1132 1568 1205 qui
1587 1135 1800 1189 vocaris
1829 1132 1961 1189 lide-

366 1233 467 1300 lis,
503 1235 595 1304 qui
627 1230 901 1301 conspicis
933 1244 1117 1300 pacem
1144 1272 1158 1295 ,
1195 1227 1443 1287 Christus
1472 1228 1670 1297 quippe
1696 1242 1797 1297 pax
1835 1240 1960 1281 nos-

368 1336 451 1385 tra
482 1336 567 1382 est
596 1368 610 1391 ,
645 1325 697 1380 iu
728 1322 1030 1379 Jerusalem
1061 1320 1448 1377 commoraris.
1479 1322 1533 1375 Si
1558 1328 1736 1375 autem
1767 1335 1961 1390 pecca-

359 1421 509 1476 veris
531 1417 879 1488 derelinquet
898 1426 949 1472 te
974 1415 1211 1472 visitatio
1242 1415 1367 1478 Dei,
1390 1421 1446 1469 et
1474 1412 1703 1469 traderis
1716 1414 1962 1483 captivus

358 1510 895 1579 Nabuchodonosor,
938 1517 992 1564 et
1022 1508 1250 1563 traditus
1273 1508 1490 1563 duceris
1516 1506 1567 1562 in
1592 1507 1953 1580 Babylonem.

359 1609 499 1663 Cum
540 1606 682 1662 enim
711 1604 942 1661 contusa
976 1602 1138 1658 fuerit
1168 1602 1346 1658 anima
1374 1612 1459 1657 tua
1489 1616 1518 1655 a
1551 1602 1725 1670 vitiis,
1754 1611 1809 1657 et
1839 1617 1963 1674 per-

359 1699 799 1765 turbationibus,
858 1696 1149 1752 abduceris
1200 1697 1252 1751 in
1284 1695 1651 1768 Babylonem,
1704 1697 1957 1765 quoniam

2061 476 2197 549 (lsa.
2231 474 2364 549 xw).
2400 475 2558 532 Jesus
2606 477 2873 549 loquitur:
2921 478 3169 533 Videbam
3197 478 3480 546 Satanam,
3505 482 3658 553 quasi

2060 568 2237 641 fulgur
2262 568 2326 622 de
2377 567 2504 623 caelo
2532 568 2803 623 callentem
2834 568 2987 640 (Luc.
3045 569 3222 643 xvtn).
3250 570 3311 626 ιιι
3344 587 3451 642 quo
3483 571 3665 630 diﬂert

2060 662 2243 718 dicere
2265 663 2444 732 fulgur
2475 672 2565 718 aut
2598 662 2884 719 luciferum
2911 664 2980 720 de
3010 666 3152 721 caelo
3176 678 3425 722 ruentem
3457 668 3481 723 ἲ
3507 667 3662 736 Quod

2060 757 2126 813 ad
2156 772 2269 812 rem
2299 757 2574 828 pertinet,
2616 758 2796 812 omnis
2819 762 3175 815 consonantia
3201 761 3269 816 de
3302 761 3533 819 cadente
3555 771 3659 819 est.

2064 853 2211 909 Deus
2244 854 2447 925 quippe
2486 862 2719 910 mortem
2746 872 2849 909 non
2889 854 3019 911 fecit
3045 900 3061 923 ,
3096 870 3195 912 nec
3236 856 3498 931 malitiam
3527 874 3660 929 ope-

2062 956 2212 1002 ratus
2243 955 2347 1002 est.
2378 946 2641 1004 Liberum
2682 947 2970 1003 arbitrium
3007 958 3062 1004 et
3094 950 3299 1004 immitti
3333 994 3348 1019 ,
3378 962 3432 1005 et
3457 952 3667 1023 Angelo

2064 1040 2132 1096 ad
2157 1040 2413 1096 universo
2434 1042 2704 1112 permisit.
2726 1041 2824 1096 Hic
2841 1047 2953 1111 jam
2970 1042 3379 1113 intelligendum
3402 1055 3505 1111 est,
3532 1060 3667 1114 quo-

2063 1135 2225 1191 modo
2258 1152 2354 1206 per
2380 1136 2594 1191 arbitrii
2625 1137 2960 1202 libertatem,
2992 1137 3085 1192 alii
3116 1137 3183 1192 ad
3221 1140 3489 1193 bonorum
3527 1154 3663 1193 con-

2063 1230 2381 1287 scenderint
2430 1236 2830 1298 summitatem,
2874 1231 2965 1286 alii
2998 1231 3309 1285 corruerint
3339 1230 3392 1286 in
3444 1231 3665 1287 malitiae

2065 1324 2412 1397 profundum.
2446 1324 2524 1379 Tu
2557 1339 2706 1393 vero,
2743 1324 2929 1388 homo,
2960 1339 3133 1396 quare
3170 1340 3278 1379 non
3309 1322 3391 1378 vis
3438 1322 3665 1378 arbitrio

2064 1428 2118 1475 te
2147 1429 2237 1473 tuo
2265 1418 2581 1474 derelictum
2608 1419 2630 1472 ?
2674 1418 2852 1485 Quare
2883 1433 3028 1488 aegre
3054 1417 3162 1473 fers
3191 1416 3290 1471 niti
3318 1461 3333 1486 ,
3377 1415 3661 1480 laborare,

2064 1512 2396 1569 contendere
2417 1553 2432 1578 ,
2462 1520 2518 1567 et
2547 1526 2650 1583 per
2681 1511 2819 1566 bona
2854 1525 3018 1581 opera
3077 1510 3308 1581 teipsutn
3387 1522 3605 1563 causam
3632 1505 3657 1546 δ

2065 1615 2168 1661 tua:
2202 1604 2323 1661 ﬁeri
2375 1603 2607 1660 salutis?
2648 1605 2727 1658 An
2762 1605 2935 1674 magis
2966 1612 3017 1659 te
3057 1600 3360 1657 delectabit
3383 1599 3663 1654 dormieno

2068 1711 2175 1757 tem
2204 1740 2218 1767 ,
2260 1709 2315 1755 et
2371 1700 2422 1754 in
2475 1699 2588 1755 otio
2636 1697 2990 1753 constitutum
3039 1707 3243 1751 aeterna
3298 1691 3667 1765 prosperitate

357 1793 602 1865 Babylon
658 1792 894 1865 confusio
938 1792 1349 1860 interpretatur.
1411 1789 1522 1844 Etsi
1576 1805 1787 1845 rursum
1844 1804 1958 1859 ραι-
1987 1794 2455 1867 Breqniescere?
2513 1792 2671 1848 Ραιειο
2729 1807 2903 1858 meus,
2964 1788 3140 1860 inquit
3196 1787 3459 1842 Dominus
3506 1785 3664 1840 Jesus

359 1885 648 1943 nitentiam
682 1886 893 1957 egeris,
951 1894 1005 1941 et
1037 1900 1133 1955 per
1181 1884 1590 1940 conversionem
1640 1884 1756 1940 veri
1780 1872 1961 1942 cordis

357 1980 794 2038 misericordiam
851 1981 940 2036 Dei
987 1980 1401 2052 impetraveris,
1450 1980 1678 2035 mittitur
1724 1980 1816 2036 tibi
1864 1981 1963 2036 Es-

356 2078 525 2142 dras,
571 2076 661 2147 qui
694 2085 747 2133 te
774 2075 1027 2145 reducat,
1058 2085 1113 2132 et
1137 2075 1406 2131 aedificare
1450 2074 1608 2132 faciat
1633 2075 1956 2132 Jerusalem.

370 2169 584 2227 Esdras
626 2171 827 2241 quippe
882 2170 1271 2239 interpretatur
1312 2169 1569 2241 adjutor,
1626 2177 1681 2225 et
1733 2167 1961 2223 mittitur

360 2262 464 2319 tibi
488 2262 710 2319 verbum
740 2263 970 2333 juvans,
1007 2272 1070 2318 ut
1097 2263 1389 2318 revertaris
1442 2263 1495 2318 in
1524 2261 1753 2333 patriam
1793 2272 1957 2316 tuam.

359 2360 779 2421 Sacramentum
812 2367 900 2415 est
920 2370 974 2412 et
999 2358 1053 2414 id
1076 2358 1217 2429 quod
1234 2359 1286 2414 in
1304 2359 1592 2430 aenigmate
1605 2369 1657 2414 et
1684 2373 1714 2412 a
1740 2357 1962 2413 Daniele

362 2453 571 2509 dicitur
600 2495 613 2517 ,
648 2461 704 2509 et
736 2452 807 2507 ab
855 2453 1119 2525 Apostolo
1150 2452 1516 2508 abscondente
1558 2452 1761 2519 pariter
1786 2461 1840 2507 et
1870 2466 1961 2507 re-

355 2547 574 2604 velante
604 2556 894 2601 narratur:
973 2544 1041 2600 In
1080 2545 1247 2600 Adam
1293 2562 1467 2600 omnes
1502 2546 1788 2613 morimur,
1835 2554 1882 2599 et
1907 2546 1961 2599 in

357 2636 572 2696 Christo
613 2654 789 2695 omnes
819 2639 1139 2711 viviﬁcamur
1172 2638 1364 2710 (lCor.
1414 2638 1529 2709 xv).
1591 2638 1718 2693 Fuit
1761 2638 1961 2710 quippe

365 2732 542 2789 Adam
571 2731 625 2786 in
673 2732 934 2803 paradiso
965 2774 978 2797 ,
1032 2732 1128 2788 sed
1183 2746 1406 2801 serpens
1472 2732 1806 2803 captivitatis
1845 2731 1963 2803 ejus

369 2838 537 2884 Causa
567 2822 781 2883 exstitit
809 2866 824 2890 ,
856 2833 913 2879 et
943 2824 1104 2889 fecit,
1138 2832 1196 2881 ut
1224 2824 1515 2894 ejiceretur
1562 2824 1675 2879 sive
1720 2824 1788 2880 de
1808 2824 1963 2880 Jeru-

359 2918 562 2991 salem,
597 2919 717 2974 sive
753 2916 821 2973 de
848 2917 1123 2990 paradiso,
1171 2926 1227 2973 et
1256 2917 1470 2972 veniret
1505 2917 1558 2974 in
1610 2918 1785 2972 locum
1819 2916 1963 2971 hunc

363 3011 760 3084 lacrymarum.
787 3008 1026 3081 Serpens
1058 3009 1233 3065 hostis
1274 3018 1357 3065 est
1384 3010 1689 3066 contrarius
1717 3009 1954 3065 veritati.

362 3101 687 3160 Contrarius
732 3113 919 3160 autem
946 3119 1053 3159 non
1086 3119 1114 3158 a
1157 3104 1424 3175 principio
1466 3111 1679 3159 creatus
1711 3113 1794 3159 est
1818 3146 1833 3171 ,
1870 3118 1964 3159 ne-

2064 1890 2339 1954 Cltristtts,
2382 1887 2700 1960 usquemodo
2746 1892 3008 1959 operatur,
3043 1892 3091 1937 et
3134 1898 3225 1953 ego
3256 1895 3442 1953 operor
3468 1878 3656 1952 (Joan.

2066 1985 2187 2056 xv);
2215 1993 2267 2039 et
2292 1983 2383 2039 tibi
2406 1982 2659 2053 displicet
2686 1978 2905 2050 operari
2958 1978 3049 2048 qui
3076 1976 3144 2031 ad
3176 1990 3344 2046 opera
3376 1980 3530 2027 natus
3558 1969 3655 2026 es?

2063 2080 2178 2136 Non
2204 2080 2285 2135 vis
2315 2095 2451 2150 opus
2481 2087 2630 2132 tuum
2662 2075 2780 2131 ﬁeri
2815 2074 3083 2145 justitiam
3111 2116 3125 2141 ,
3159 2070 3481 2142 sapientiam
3510 2113 3525 2137 ,
3573 2080 3665 2123 ca-

2064 2174 2302 2230 stitatem
2333 2172 2356 2226 ‘t
2384 2171 2501 2226 Non
2552 2170 2632 2225 vis
2677 2178 2828 2223 tuum
2882 2180 3020 2235 opus
3068 2179 3191 2220 esse
3236 2160 3611 2218 fortitudinem
3643 2198 3660 2225 ,

2062 2269 2305 2339 aliasque
2333 2264 2613 2321 virtutes?
2664 2262 2835 2334 Igitur
2874 2244 2925 2315 in
2955 2258 3326 2328 captivitatem
3367 2254 3661 2318 ducuntur,

2062 2360 2153 2430 qui
2186 2366 2407 2428 pr0pter
2448 2363 2674 2427 peccata
2723 2367 2823 2408 sua
2853 2351 3133 2407 servitutis
3178 2361 3430 2403 meruere
3460 2344 3667 2417 suppli-

2064 2454 2168 2510 cia.
2197 2452 2264 2506 Et
2287 2451 2424 2506 venit
2452 2450 2608 2505 Iesus
2638 2448 2875 2504 Christus
2915 2446 3201 2516 praedicare
3229 2442 3439 2513 captivis
3479 2441 3662 2494 remis-

2063 2547 2292 2612 sionem,
2323 2553 2370 2599 et
2398 2544 2546 2598 circis
2574 2543 2737 2597 visum
2769 2539 2921 2614 (Luc.
2952 2537 3054 2611 ιγ).
3082 2538 3188 2593 [ste
3215 2536 3408 2592 clamat
3438 2534 3546 2595 eis.
3573 2532 3667 2606 qui

2063 2648 2192 2695 sunt
2218 2638 2270 2693 in
2303 2637 2535 2693 vinculis
2568 2654 2580 2690 :
2612 2633 2950 2707 Egredimiui
2979 2674 2995 2699 ,
3026 2640 3081 2687 et
3113 2631 3178 2685 iis
3204 2670 3219 2694 ,
3250 2630 3341 2701 qui
3374 2634 3665 2682 versantur

2066 2735 2119 2789 in
2149 2732 2413 2788 tenebris:
2445 2731 2661 2787 Videte.
2698 2729 2763 2784 Et
2790 2743 2888 2783 nos
2905 2725 3179 2781 l‘uimusin
3217 2722 3446 2779 vinculis
3472 2734 3667 2790 peccav

2067 2838 2243 2882 torum
2268 2867 2284 2893 ,
2315 2835 2371 2882 et
2402 2840 2500 2879 nos
2524 2821 2817 2894 aliquando
2874 2818 3240 2874 versabamur
3272 2818 3325 2871 in
3376 2812 3616 2869 tenebris
3649 2853 3663 2878 ,

2064 2924 2362 2980 adversum
2388 2930 2635 2978 rectores
2664 2918 3011 2974 tenebrarum
3045 2912 3233 2969 mundi
3261 2910 3419 2967 istius
3439 2922 3667 2964 concer-

2062 3028 2248 3075 tantes
2283 3036 2295 3072 :
2341 3018 2489 3074 venit
2531 3015 2689 3071 Jesus
2721 3013 2962 3068 omnium
2994 3008 3384 3081 prophetarum
3437 3003 3665 3061 vocibus

2067 3114 2391 3185 prmdicatus
2415 3153 2430 3178 ,
2462 3111 2650 3166 dicens
2679 3109 2894 3179 ligatis:
2922 3106 3113 3161 Exite:
3164 3112 3218 3161 et
3249 3101 3559 3158 constitutis
3603 3099 3657 3153 in

366 3213 475 3271 que
511 3200 692 3254 statim
725 3213 891 3270 super
920 3208 1110 3271 pectus
1136 3241 1150 3267 ,
1178 3207 1232 3254 et
1261 3207 1508 3255 ventrem
1534 3215 1689 3254 suum
1722 3199 1963 3255 ambula-

2071 3207 2315 3264 tenebris
2347 3226 2361 3262 :
2394 3204 2651 3275 Aspicite.
2683 3203 2738 3259 Si
2770 3210 2955 3257 autem
2980 3200 3061 3255 vis
3093 3197 3282 3253 audire
3313 3193 3662 3249 Ezechielem

359 3294 441 3350 vit
470 3335 485 3356 ,
536 3309 713 3365 neque
747 3292 850 3350 fuit
879 3293 948 3349 ab
989 3293 1143 3348 initio
1185 3293 1525 3349 maledictus.
1575 3291 1745 3348 Sicuti
1788 3291 1960 3347 Adam

358 3396 417 3443 et
445 3386 556 3443 Eva
586 3402 693 3455 non
721 3387 904 3443 statim
938 3395 997 3441 ut
1027 3386 1155 3442 lacti
1183 3394 1331 3454 sunt,
1359 3395 1386 3424 α
1418 3402 1525 3441 non
1555 3393 1914 3457 peccaverunt
1944 3400 1960 3439 :

360 3480 436 3541 ita
469 3492 525 3538 et
573 3495 800 3552 serpens
858 3480 958 3535 fuit
987 3480 1280 3551 aliquando
1312 3496 1421 3535 non
1452 3491 1709 3551 serpgms,
1742 3494 1866 3535 cum
1908 3478 1964 3534 in

364 3575 627 3647 paradiso
676 3574 993 3633 deliciarum
1034 3583 1359 3630 moraretur.
1402 3572 1558 3629 Unde
1599 3580 1787 3644 postea
1837 3586 1963 3626 cor-

361 3687 532 3728 ruens
580 3670 652 3726 ob
729 3681 952 3741 peccata
1013 3669 1214 3726 meruit
1251 3668 1484 3724 audire:
1517 3666 1599 3723 Tu
1639 3665 1961 3738 signaculum

363 3764 728 3824 similitudinis
753 3806 771 3833 ,
805 3780 997 3820 corona
1025 3763 1228 3819 decoris
1250 3764 1301 3817 in
1323 3761 1567 3836 paradiso
1591 3759 1686 3815 Dei
1716 3770 1866 3814 natus
1890 3774 1964 3824 es,

366 3860 532 3915 donec
562 3860 766 3913 inventa
798 3866 870 3913 est
913 3858 1160 3929 iniquitas
1183 3858 1237 3910 in
1268 3866 1344 3920 te,
1372 3852 1647 3909 antbulasti
1669 3853 1969 3908 immacula-

367 3962 453 4008 tus
476 3956 529 4009 in
562 3952 794 4008 omnibus
823 3952 994 4026 884
1018 3955 1111 4008 viis
1134 3954 1237 4007 tuis
1262 3950 1481 4025 (Ezech.
1510 3949 1719 4023 xxvm).
1745 3949 1822 4004 De
1855 3962 1966 4019 quo

365 4048 533 4105 etiam
564 4046 669 4104 Joh
695 4056 1001 4114 memorat,
1035 4048 1158 4117 quia
1192 4047 1244 4101 in
1289 4054 1583 4115 conspectu
1625 4042 1969 4113 omnipoten-

366 4142 439 4199 tis
463 4141 559 4196 Dei
590 4138 928 4210 superbierit
962 4156 976 4195 :
1011 4138 1206 4195 Cecidit
1246 4139 1436 4210 quippe
1478 4138 1541 4191 de
1579 4136 1702 4191 cmlo
1744 4134 1927 4205 lucifer
1952 4176 1967 4198 ,

368 4236 462 4309 qui
504 4250 655 4290 mane
703 4234 963 4292 oriebatur
986 4276 1001 4303 ,
1049 4234 1304 4289 contritus
1334 4240 1408 4287 est
1435 4247 1593 4302 super
1625 4240 1813 4285 terram
1845 4225 1969 4299 (Job

370 4330 474 4400 ιι).
537 4327 674 4384 Vide
717 4328 1131 4384 consonantiam
1177 4325 1480 4398 prophetici
1551 4323 1970 4395 Evangelicique

364 4423 664 4481 sermonis.
706 4423 1010 4494 Pronhetes
1039 4422 1173 4480 dicit
1205 4440 1219 4479 :
1246 4421 1443 4478 Cecidit
1480 4422 1544 4476 de
1575 4422 1699 4475 caelo
1741 4420 1927 4491 lucifer
1952 4463 1966 4488 ,

2067 3302 2236 3357 lilium
2271 3300 2512 3355 hominis
2554 3299 2605 3352 in
2629 3296 2947 3366 captivitate
2997 3292 3379 3362 praedicantem
3415 3333 3429 3357 ,
3478 3295 3534 3341 et
3558 3285 3666 3340 iSte

2067 3405 2227 3469 typus
2252 3402 2368 3449 erat
2397 3390 2601 3447 Christi
2635 3408 2647 3444 :
2684 3388 2810 3443 Ideo
2830 3388 3024 3455 factum
3054 3393 3127 3440 est
3151 3384 3289 3455 ,ait,
3316 3383 3368 3435 in
3403 3379 3665 3453 trigesimo

2066 3504 2202 3543 anno
2230 3487 2283 3540 in
2316 3492 2499 3556 quarto
2530 3498 2704 3545 mense
2735 3522 2749 3546 ,
2790 3481 2842 3533 in
2870 3480 3047 3549 quinta
3078 3476 3280 3540 mensis,
3311 3483 3360 3528 et
3391 3489 3485 3546 ego
3524 3487 3666 3526 eram

2067 3581 2121 3635 in
2150 3578 2319 3634 medio
2347 3575 2660 3650 captivitatis
2690 3589 2835 3628 secus
2863 3574 3060 3643 flumen
3120 3568 3358 3634 Chobar,
3394 3576 3443 3621 et
3500 3565 3669 3637 aperti

2067 3682 2183 3728 sunt
2213 3671 2345 3725 caeli.
2379 3668 2551 3725 Secus
2581 3666 2807 3721 (luvium
2841 3679 2972 3735 ergo
3009 3661 3229 3718 Chobar
3261 3659 3513 3715 Ezechiel
3539 3672 3664 3711 cum

2067 3766 2286 3835 triginta
2318 3770 2468 3818 esset
2504 3775 2768 3815 annorum
2802 3765 3021 3823 apertos
3075 3754 3209 3809 vidit
3238 3751 3427 3808 caelos.
3467 3748 3531 3803 Et
3559 3747 3669 3802 Do-

2065 3859 2233 3913 minus
2254 3857 2418 3929 885
2438 3853 2467 3907 J
2477 3870 2591 3908 esus
2612 3851 2850 3909 Christus
2870 3849 3123 3920 incipiens
3145 3855 3254 3901 erat
3274 3845 3425 3917 quasi
3452 3842 3671 3913 triginta

2067 3967 2321 4006 annorum
2359 3966 2505 4003 secus
2534 3947 2752 4020 ﬂuvium
2781 3942 3086 4007 Jordanem,
3132 3951 3179 3996 et
3208 3939 3375 4004 aperti
3406 3946 3523 3993 sunt
3559 3937 3673 3990 caeli

2069 4045 2258 4120 (Joan.
2286 4060 2335 4109 ι;
2379 4032 2508 4096 Luc.
2540 4058 2595 4096 ιιι
2617 4042 2658 4110 ).
2694 4041 2757 4093 Et
2784 4053 2881 4108 per
2916 4051 3135 4091 omnem
3166 4030 3507 4104 prophetiam
3534 4030 3672 4084 Eleo

2070 4138 2237 4195 cltieli
2268 4136 2505 4191 dicitur:
2538 4131 2647 4187 Fili
2671 4132 2916 4186 hominis.
2947 4129 3082 4197 Quis
3121 4138 3303 4182 autem
3338 4136 3356 4163 ε
3388 4123 3534 4177 [ilius
3574 4120 3676 4175 ho-

2072 4232 2256 4295 minis,
2305 4240 2365 4285 ut
2404 4228 2669 4283 Dominus
2702 4239 2856 4280 meus
2899 4223 3057 4279 Jesus
3098 4219 3372 4275 Christus.
3429 4217 3679 4287 Respono

2072 4325 2239 4382 deant
2269 4323 2399 4378 mihi
2426 4320 2693 4387 lueretici,
2719 4315 2745 4355 ἀ
2770 4319 2860 4389 qui
2890 4317 3224 4371 nativitatem
3250 4312 3398 4366 illius
3424 4319 3480 4364 ut
3500 4310 3675 4380 phan-

2075 4428 2247 4475 tasma
2271 4416 2524 4482 eludunt,
2558 4428 2727 4485 quare
2755 4411 3005 4466 Christus
3037 4407 3180 4461 lilius
3207 4403 3445 4458 hominis
3489 4401 3679 4472 appel-

438 4570 466 4599 α
505 4561 726 4618 Rectius
750 4562 878 4618 hinc
897 4576 1156 4617 amoveas
1177 4561 1405 4616 alteram
1458 4556 1689 4629 negandi
1729 4555 1971 4627 particu-
2001 4560 2049 4619 ι)
2076 4556 2162 4623 qui
2191 4555 2243 4607 in
2272 4550 2539 4629 parabolis
2560 4548 2858 4629 appellatur
2883 4544 3059 4627 homo.
3090 4551 3135 4594 et
3161 4540 3525 4629 aliquo‘m'odo
3555 4540 3673 4610 efﬁ-

364 4634 479 4690 lam
508 4677 523 4700 ,
556 4643 613 4689 ut
639 4649 833 4690 sensus
860 4643 1102 4690 constet.

425 4705 451 4746 δ
474 4698 789 4763 Praelusisse
809 4706 1095 4778 Origenem
1115 4705 1566 4778 Pelagio,notum:
1590 4709 1822 4778 suntque
1835 4698 1971 4753 adeo

365 4792 528 4834 caute
542 4795 662 4835 cum
680 4779 781 4834 hoc
796 4774 1189 4848 tutn'ejusmodi
1208 4779 1311 4832 alia
1327 4777 1445 4847 ejus
1460 4774 1685 4843 legenda
1700 4774 1971 4848 dogmata.

446 4861 469 4888 ο
514 4852 648 4904 Audi
678 4852 855 4920 ipsum
885 4846 1179 4920 Or'igenetn
1213 4846 1372 4918 hujus
1412 4846 1815 4920 appellationis,
1863 4856 1969 4911 qua

369 4923 478 4979 κατ’
506 4918 972 4994 ἑξοχήνήϐιιιιειιιε
992 4918 1179 4975 Filius
1227 4920 1453 4994 hominis
1487 4918 1719 4994 dicitur,
1749 4929 1907 4969 causa
1920 4930 1969 4967 ut

370 4988 766 5050 edissere'ntem
800 4995 851 5048 in
879 5003 1239 5049 commentar.
1276 4992 1325 5045 in
1352 4988 1664 5044 Matthmum
1688 5003 1808 5056 cap.
1838 5000 1970 5048 χιιι,

373 5080 440 5121 ex
474 5065 664 5121 Latina
707 5068 1161 5133 interpretatione
1198 5083 1209 5117 :
1244 5061 1470 5117 Causam
1514 5062 1740 5133 reperire
1783 5073 1970 5133 possu-

374 5080 440 5121 ex
475 5077 664 5121 Lattna
707 5077 1161 5133 interpretatione
1198 5083 1209 5117 :
1244 5077 1470 5117 causam
1514 5077 1740 5184 reperire
1783 5077 1969 5129 possu—

374 5155 511 5204 ⁷⁷³³⁸⁸,
546 5147 754 5208 ννοριεν
782 5154 935 5206 quam
963 5138 1074 5193 υἱὸν
1104 5142 1195 5191 τοῦ
1227 5133 1542 5208 ἀχθρώπορ(
1594 5130 1765 5208 '_ili_ur_n
1798 5129 1969 5208 homi-

377 5201 601 5285 nis)7_vel.
634 5201 741 5285 ὺὶὀχυ
767 5201 858 5265 τόὗ
889 5211 1158 5285 ἀνθρώπου
1240 5201 1439 5261 Filium
1475 5201 1701 5285 hominis
1724 5202 1752 5285 ).
1765 5218 1818 5255 se
1862 5201 1972 5285 ipse

374 5272 651 5353 sospitator
702 5272 994 5351 frequentet:
1044 5278 1299 5353 appellat,
1346 5277 1485 5353 quod
1533 5272 1969 5353 quemadmodum

374 5343 644 5406 hominum
688 5343 866 5406 curam
892 5343 1241 5423 gerens'Deus
1279 5343 1432 5423 homo
1462 5348 1513 5400 in
1547 5343 1815 5423 'parabﬂolis
1844 5343 1973 5395 dici-

375 5432 479 5485 tur,
510 5434 558 5495 e_t
583 5417 967 5495 quodammodo
997 5424 1218 5495 fortasse
1244 5421 1470 5491 efﬁcitur
1496 5434 1511 5471 :
1537 5420 1673 5495 ita_et
1699 5417 1967 5476 Servator,

374 5496 463 5567 qui
511 5485 687 5567 Filius
719 5493 813 5549 Dei
861 5485 1029 5564 primo
1059 5504 1107 5549 et
1157 5485 1419 5567 praecipue
1458 5500 1570 5567 est,_
1601 5485 1974 5567 Deus-quoquc

375 5557 471 5626 est.
502 5575 549 5620 cl
582 5565 752 5621 Filius
782 5557 975 5620 amoris
1008 5557 1194 5639 ipsius,
1244 5575 1290 5618 et
1319 5557 1499 5639 imago
1532 5560 1625 5614 Dei
1654 5557 1931 5613 invisibilis
1954 5598 1967 5620 ,

375 5639 467 5691 sed
496 5640 549 5691 in
594 5655 654 5692 eo
684 5640 822 5709 quod
854 5636 1161 5708 primo'ipse
1206 5636 1462 5707 prwcipue
1489 5642 1585 5697 est,
1624 5646 1725 5709 non
1768 5644 1973 5709 perma-

375 5720 497 5776 net;
537 5720 595 5781 at
618 5700 777 5781 jui'tu
822 5700 966 5764 illius
1009 5700 1538 5781 administrationem,
1566 5703 1655 5773 qui
1686 5700 1972 5781 homotin

380 5772 646 5852 parabolis
692 5782 903 5849 dicitur,
949 5798 1125 5836 revera
1150 5789 1324 5834 autem
1366 5777 1506 5832 Deus
1538 5786 1634 5852 est,
1675 5772 1846 5852 Filius
1879 5776 1971 5852 ho-

384 5844 538 5908 minis
568 5854 817 5924 efﬁcitur,
863 5844 1118 5908 imitando
1151 5852 1339 5919 Deum,
1385 5865 1503 5904 cum
1546 5846 1778 5901 homines
1818 5844 1968 5916 regit,

2079 4612 2234 4680 citur.
2263 4612 2374 4678 Nec
2402 4638 2527 4676 sane
2558 4612 2712 4674 homo
2736 4618 2924 4687 aliquis
2951 4614 3258 4687 quaerendus
3287 4620 3383 4687 est,
3409 4612 3678 4687 ipsiusque

2079 4697 2223 4766 ﬁlius
2275 4695 2543 4766 dicendus
2577 4700 2650 4766 est
2701 4681 2969 4766 Servator,
3024 4687 3114 4766 sed
3150 4686 3269 4766 -hac
3320 4681 3418 4736 Dei
3467 4683 3677 4764 natione

2078 4755 2287 4829 stando,
2318 4775 2364 4820 et
2395 4763 2670 4837 parabolas
2693 4758 2807 4832 quae
2828 4761 2998 4831 ipsum
3020 4757 3281 4837 hominem
3303 4771 3412 4837 esse
3433 4755 3677 4816 sciscuut,

2076 4826 2356 4909 sequendo,
2395 4826 2776 4909 prudenter-et
2823 4826 2972 4909 caute
3006 4826 3383 4909 intelligendus
3416 4834 3509 4892 est,
3560 4840 3675 4877 cum

2080 4902 2282 4964 Filium
2311 4902 2534 4961 hominis
2560 4922 2613 4959 se
2640 4907 2749 4976 ipse
2777 4902 3034 4976 appellat.

2151 4980 2175 5017 ί¹
2217 4982 2351 5035 Cum
2404 4967 2714 5033 Docitaruin
2764 4967 3015 5027 haeresim
3069 4983 3174 5026 tam
3212 4985 3357 5036 saepe
3404 4967 3670 5037 Origenes

2080 5054 2378 5108 insectetur
2409 5050 2683 5118 elidatque
2712 5042 3065 5118 validissimis
3087 5041 3442 5118 argumentis,
3483 5039 3677 5118 mirum

2079 5126 2239 5194 plane
2266 5130 2351 5177 est
2388 5123 2491 5176 hoc
2526 5111 2702 5189 ipsum
2733 5118 2808 5194 illi
2841 5111 3318 5182 objecmtnfquod
3353 5111 3678 5164 ementitum

2078 5191 2282 5252 Christi
2308 5207 2528 5263 corpus,
2559 5201 2612 5244 et
2639 5191 3007 5263 specie_ten_us
3034 5198 3327 5263 apparens,
3357 5198 3462 5235 non
3487 5194 3677 5263 verum

2077 5250 2422 5323 crediderit:
2454 5250 2683 5330 Quarta;
2705 5260 2879 5330 inquit
2930 5250 3242 5325 Pamphilus
3292 5255 3346 5307 in
3398 5250 3672 5374 afologia,

2081 5339 2372 5374 Mantuam
2426 5345 2538 5374 mm
2566 5335 2688 5374 ῑςιης
2716 5344 2810 5374 ML
2839 5345 2951 5374 rmm
2978 5328 3087 5374 istis
3115 5324 3349 5374 omnibus
3377 5341 3407 5374 a
3450 5332 3672 5374 versatur

2080 5339 2395 5401 criminatio,
2426 5324 2538 5405 post
2566 5324 2688 5405 istas
2716 5324 2813 5395 esi,
2839 5345 2951 5405 qua;
2978 5324 3087 5405 istis
3115 5324 3682 5405 omnibusnadversatur

2081 5392 2522 5484 (erecaenim'est
2552 5404 2781 5484 malitia)
2803 5392 2949 5470 quod
2976 5398 3153 5451 dicunt
3184 5413 3299 5484 eum
3325 5396 3495 5476 dicere
3533 5392 3685 5451 δοκή-

2083 5466 2198 5545 iret,
2229 5481 2283 5534 id
2324 5488 2435 5544 est,
2466 5478 2695 5546 pulative
2740 5466 2971 5535 tantum,
3004 5480 3056 5546 et_
3082 5485 3190 5546 per
3215 5466 3547 5546 allegoriam,
3578 5479 3680 5517 non

2082 5538 2239 5609 etiam
2284 5538 2566 5606 secundum
2594 5566 2675 5613 ea,
2705 5561 2820 5618 qua:
2842 5545 3004 5618 jurpta
3035 5540 3312 5594 historiam
3355 5538 3676 5618 referuntur,

2082 5564 2239 5609 etiam
2284 5564 2566 5606 secundum
2594 5566 2675 5613 ea,
2705 5564 2820 5615 quw
2878 5564 3004 5597 uana
3035 5564 3312 5594 uisionum
3355 5564 3676 5607 referamur,

2079 5636 2224 5698 gesta
2255 5641 2363 5698 esse
2402 5622 2598 5698 omnia,
2628 5606 2806 5698 qua:
2831 5564 3104 5698 gal‘vatm‘e
3145 5620 3289 5694 gesta
3318 5617 3459 5664 sunt.
3494 5606 3679 5698 ifieqttc

2080 5683 2225 5753 Enim
2256 5694 2475 5751 decedit
2503 5710 2529 5745 a
2561 5683 2691 5747 vero
2721 5689 2870 5742 alibi.
2904 5687 3098 5754 Opera:
3147 5683 3388 5752 pretium
3437 5689 3536 5754 est
3565 5692 3680 5754 suae

2079 5749 2903 5839 ipsum?fideiussorem‘audire,
2937 5749 3048 5839 tum
3075 5749 3196 5811 aliis
3218 5752 3492 5839 sexcentis
3524 5749 3690 5817 locis,

2080 5825 2201 5897 cum
2238 5825 2507 5911 praecipue
2540 5833 2733 5892 homil.
2766 5829 2923 5905 Myin
2964 5827 3168 5885 Lucam
3199 5842 3273 5884 ex
3322 5825 3686 5898 ejusdemmet
