4128 6346
412 347 518 404 0'33

1667 349 1722 401 s.
1767 327 2042 401 nesciui
2065 331 2452 402 ttitsuouvtu

3601 343 3708 401 700

411 467 591 522 latur?
633 467 748 537 Ego
777 464 994 544 afﬁrmo
1023 463 1193 519 lilium
1236 461 1477 518 ho'mlnis
1505 477 1625 519 eum
1660 461 1848 517 fuisse.
1873 455 2008 516 Nam
2041 466 2084 525 Α
2116 475 2216 518 nos
2245 459 2538 518 Ianuarius
2569 468 2934 532 nuncupatur,
2979 457 3313 532 baptismum
3363 455 3582 517 Domini
3631 457 3712 516 ia-

413 563 502 634 qui
529 563 809 632 passiones
830 561 1124 630 assumpsit
1149 557 1438 624 humanas,
1463 569 1682 613 necesse
1705 566 1786 610 est
1805 559 1866 609 "ut
1889 565 2012 610 ante

415 656 722 725 passionem
750 653 1054 724 susceperit
1077 651 1440 707 nativitatem.
1470 649 1654 720 Neque
1675 649 1815 702 cn’m
1835 647 2014 717 potuit

411 749 681 804 humanos
728 747 978 812 atl‘eetus,
1039 747 1230 816 verba,
1277 743 1718 812 consuetudines,
1771 757 2010 809 erucem,

415 851 645 898 mortem
673 842 946 913 recipere,
975 839 1153 896 sinon
1180 840 1451 910 reciperet
1471 837 1832 893 humanitatis
1853 849 2017 891 exor-

413 935 583 992 dium.
615 935 684 990 Et
711 947 1058 1005 conSequens
1079 945 1217 998 erat,
1247 932 1587 987 nativitatem
1618 929 1734 998 ejus
1763 929 2014 984 auferen-

414 1038 518 1096 tes,
551 1029 831 1104 auferrent
878 1027 1044 1083 etiam
1078 1027 1417 1096 passionem,
1469 1029 1522 1080 et
1569 1022 1888 1093 simpliciter
1931 1019 2016 1076 'di-

413 1137 576 1179 cere:
603 1121 720 1177 Non
755 1129 839 1176 est
878 1117 1173 1175 cruciﬁxus
1215 1118 1399 1175 Jesus.
1433 1115 1588 1172 Nunc
1615 1121 1744 1172 vero
1791 1127 2013 1170 crucem

412 1218 716 1286 conlueris,
748 1225 802 1273 et
830 1233 936 1271 non
961 1215 1261 1272 erubescis.
1300 1211 1502 1269 .ludmis
1529 1210 1847 1266 scandalum
1877 1219 2017 1280 prae-

417 1313 568 1370 dicas
605 1313 946 1378 cruciﬁxum,
993 1317 1047 1366 et
1082 1307 1333 1381 g'cntibus
1374 1307 1654 1362 stultitiam
1689 1305 1745 1379 (l
1777 1303 1896 1360 Cor.
1927 1305 2014 1374 ι),

419 1418 471 1463 ει
505 1404 684 1462 minus
729 1405 1044 1461 scandalum
1074 1403 1327 1474 passione
1371 1399 1461 1456 vel
1505 1405 1697 1464 morte,
1739 1397 2018 1453 erubescis

423 1499 762 1556 nativitatem
792 1498 914 1568 ejus
960 1493 1233 1552 couiiteri.
1264 1493 1530 1550 Nimirum
1564 1491 1741 1546 minus
1775 1487 2018 1545 seandali

425 1602 531 1661 est,
581 1594 767 1650 Jesum
818 1599 1004 1646 natum
1052 1590 1238 1658 fuisse,
1293 1603 1454 1660 quam
1507 1597 1804 1653 mortuum,
1849 1593 1941 1639 aut
1969 1580 2019 1641 si

424 1685 740 1740 scandalum
787 1683 1099 1738 Christiana
1145 1682 1278 1738 lides
1306 1695 1413 1736 non
1458 1689 1700 1754 veretur,
1733 1693 1830 1734 cur
1863 1675 2018 1732 times

424 1775 607 1832 dicere
641 1778 875 1840 minora,
911 1775 1001 1845 qui
1029 1773 1152 1847 [Αἰ.
1181 1771 1341 1846 quia]
1372 1772 1575 1843 majora
1609 1785 1772 1826 ausus
1802 1785 1859 1826 es
1881 1783 2015 1824 eon-

2115 565 2259 612 ctum
2293 567 2416 610 esse
2442 555 2844 626 cognoScimus,
2875 555 2966 626 qui
3008 561 3092 610 est
3124 549 3327 611 mensis
3370 563 3596 626 quartus
3641 555 3710 610 ab

2115 665 2256 706 anno
2287 648 2598 720 novojuxta
2625 647 3067 720 supputationem
3093 649 3470 706 “ehi-reorum.
3500 647 3566 706 Et
3587 649 3713 722 quia

2116 745 2184 801 de
2220 757 2451 818 quatuor
2477 743 2765 802 elementis
2808 745 2998 802 mundi
3044 745 3349 802 subsistens
3387 761 3586 816 corpus
3627 761 3714 801 as-

2117 846 2447 908 sumpserat,
2499 839 2770 910 recipiens
2820 837 2983 894 etiam
3017 851 3211 895 sensus
3262 839 3553 907 humanos,
3585 837 3713 894 ideo

2117 931 2345 988 forsitan
2379 925 2510 990 etin
2547 937 2741 1004 quarto
2782 931 2989 998 mense,
3029 925 3274 1006 et
3311 933 3364 989 in
3407 935 3597 1004 quinto
3624 931 3714 989 die

2120 1019 2319 1082 mensis
2353 1037 2436 1083 est
2468 1027 2694 1083 intuitus
2733 1028 3020 1082 visionem.
3058 1017 3124 1080 Et
3156 1043 3246 1100 ego
3275 1043 3418 1081 eram
3457 1025 3511 1082 in
3545 1027 3712 1082 medio

2121 1121 2461 1190 captivitatis.
2513 1109 2740 1176 Videtur
2786 1119 2916 1176 mihi
2963 1119 3208 1175 ironicats
3249 1119 3454 1176 dictum
3488 1109 3591 1174 :Et
3620 1125 3712 1194 ego

2118 1229 2261 1271 eram
2286 1215 2339 1269 in
2365 1214 2531 1269 medio
2553 1214 2888 1283 captivitatis.
2912 1211 2980 1270 Et
3001 1227 3125 1286 ego,
3157 1215 3312 1285 quasi
3334 1215 3376 1268 si
3399 1209 3544 1269 dicat
3561 1213 3712 1285 qula

2122 1301 2398 1362 historiam
2441 1306 2656 1379 quidem
2691 1305 2974 1378 propheta,
3006 1315 3061 1362 et
3087 1321 3188 1378 ego
3228 1297 3319 1378 qui
3350 1322 3455 1363 non
3493 1308 3716 1364 tenebar

2122 1404 2172 1458 in
2201 1403 2434 1473 peccatis
2465 1404 2666 1473 populi,
2696 1417 2842 1458 eram
2872 1402 2923 1456 in
2953 1403 3130 1458 medio
3161 1401 3492 1473 captivitatis
3523 1419 3537 1457 :
3559 1401 3713 1476 juxta

2112 1496 2438 1575 allegoriam
2484 1504 2666 1552 autem
2712 1495 2988 1560 Christus,
3049 1502 3104 1552 et
3150 1511 3250 1567 ego
3298 1497 3419 1552 veni
3453 1497 3506 1552 in
3537 1495 3716 1553 locum

2121 1589 2472 1660 captivitatis,
2507 1585 2630 1644 veni
2656 1587 2721 1643 ad
2755 1601 2849 1644 eos
2881 1583 3040 1657 lines,
3075 1587 3164 1644 ubi
3193 1589 3360 1654 servi,
3391 1589 3478 1644 ubi
3517 1590 3718 1662 captivi

2122 1677 2522 1740 detinebantur.
2559 1681 2737 1740 Habes
2763 1677 3067 1741 istiusmodi
3092 1682 3392 1742 Saivatoris
3423 1687 3595 1742 nostri
3626 1701 3719 1742 vo-

2123 1793 2212 1833 ces
2245 1778 2296 1832 in
2327 1775 2633 1847 PrOphetis,
2659 1776 3011 1849 indignantis,
3042 1780 3167 1852 quia
3195 1795 3300 1835 non
3330 1781 3590 1836 faciamus
3617 1779 3722 1837 ho-

425 1870 600 1925 litori?
628 1868 938 1926 Praesertim
962 1883 1082 1923 cum
1117 1868 1379 1922 nativitas
1413 1866 1559 1921 illius
1587 1881 1693 1920 non
1719 1879 1783 1920 ex
1807 1865 2020 1920 semine
2054 1866 2094 1926 Β
2127 1871 2301 1928 mines
2338 1872 2492 1943 digna
2525 1869 2931 1942 dispensatione
2957 1872 3096 1942 ejus,
3129 1880 3186 1928 et
3213 1873 3448 1928 maxime
3477 1889 3600 1945 nos,
3625 1873 3719 1945 qui

424 1960 548 2029 viri,
581 1967 635 2019 et
673 1961 922 2018 mulieris
961 1973 1154 2018 somno
1191 1961 1537 2018 convenienti
1577 1967 1700 2017 esse
1742 1959 2019 2028 credatur,

423 2057 517 2114 sed
539 2059 688 2129 juxta
721 2057 1000 2129 prophetat”:
1027 2055 1306 2128 eloquium
1331 2055 1562 2112 dicentis
1590 2073 1601 2110 :
1640 2053 1776 2110 Ecce
1807 2055 1948 2125 uirgo
1969 2056 2024 2110 in

425 2163 572 2208 utero
617 2152 870 2224 concipiet
912 2163 959 2207 et
1003 2153 1166 2225 pariet
1214 2151 1404 2220 ﬁlium,
1451 2157 1498 2205 et
1528 2149 1795 2204 vocabitur
1835 2153 2024 2203 nomen

428 2250 543 2319 ejus
576 2243 884 2300 Emmanuel
929 2245 1098 2316 (lsai.
1138 2259 1206 2298 vlt
1228 2242 1272 2314 ).
1308 2241 1422 2298 Hoc
1462 2241 1608 2313 quod
1641 2239 1865 2308 dicitur,
1901 2238 2029 2293 Em-

432 2338 662 2404 manuel,
696 2353 801 2392 non
832 2345 996 2391 unum
1029 2347 1225 2391 nomen
1248 2341 1431 2401 sonat,
1464 2333 1558 2390 sed
1583 2343 1697 2388 rem
1728 2331 2023 2404 significat.

433 2433 774 2489 Adveniente
814 2421 1013 2503 quippe
1051 2430 1200 2500 Jesu,
1243 2429 1500 2495 dicimus,
1544 2427 1806 2483 nobiscum
1849 2424 2032 2480 Domi—

434 2543 547 2582 nus.
583 2523 701 2582 Non
749 2523 955 2580 frustra
1002 2537 1135 2596 ergo
1173 2523 1225 2580 in
1257 2523 1540 2594 trigesimo
1571 2537 1713 2577 anno
1741 2519 2034 2593 prophetat

432 2619 708 2677 Ezechiel.
743 2617 876 2674 Nam
909 2627 965 2674 et
992 2629 1188 2673 nomen
1221 2614 1338 2688 ejus
1368 2617 1535 2687 llgura
1568 2614 1769 2670 Christi
1808 2618 1912 2669 est.
1947 2613 2031 2668 ln-

431 2724 763 2786 terpretatur
795 2715 996 2786 quippe
1027 2713 1301 2782 Ezechiel,
1345 2712 1618 2785 imperium
1667 2709 1765 2766 Dei
1802 2725 1820 2766 :
1861 2711 2032 2780 impe-

427 2807 569 2862 rium
597 2814 776 2862 autem
801 2805 895 2861 Dei
925 2806 1105 2861 nullus
1129 2814 1212 2862 est
1247 2805 1350 2862 nisi
1381 2802 1630 2860 Christus
1656 2802 1836 2860 Jesus.
1867 2797 2035 2876 880

437 2899 610 2956 Filius
656 2913 873 2973 quoque
915 2897 1046 2955 Buzi
1091 2899 1370 2963 scribitur,
1421 2899 1564 2970 quod
1617 2899 2031 2968 interpretatur,

438 3002 782 3062 contemptus.
833 2992 888 3050 Si
919 2995 1109 3048 venias
1152 2991 1216 3046 ad
1265 2991 1575 3061 lucreticos,
1622 2997 1676 3048 et
1720 2991 1911 3047 audias
1941 2994 2036 3049 eos

435 3096 777 3158 spernentes,
823 3094 877 3143 et
926 3101 1021 3157 pro
1067 3085 1240 3143 nihilo
1291 3086 1553 3142 ducentes
1597 3085 1938 3156 Creatorem,
1981 3091 2037 3143 et

440 3182 659 3252 insuper
688 3182 848 3236 etiam
880 3183 1256 3253 criminantes,
1293 3181 1504 3238 videbis
1543 3182 1696 3252 juxta
1741 3181 1863 3239 illos
1900 3195 2032 3236 eon-

2128 1967 2178 2021 in
2214 1981 2335 2020 cum
2384 1975 2630 2036 putamur
2659 1961 2906 2022 credere.
2954 1963 3093 2022 Dicit
3133 1965 3332 2038 quippe
3381 1965 3447 2021 ad
3500 1959 3719 2023 Patrem

2129 2071 2282 2113 suum
2313 2075 2326 2116 :
2368 2058 2496 2126 Qua:
2525 2059 2720 2114 utilitas
2764 2057 2817 2112 in
2857 2060 3110 2130 sanguiue
3135 2075 3273 2128 meo,
3317 2059 3440 2114 dum
3469 2060 3723 2116 descendo

2127 2155 2178 2208 in
2202 2149 2629 2223 corruptionem?
2657 2151 2928 2224 Numquid
2949 2153 3274 2225 conﬁtebitur
3299 2153 3390 2208 tibi
3409 2155 3600 2228 pulvis,
3625 2161 3718 2210 aut

2129 2247 2456 2302 annuntiabit
2503 2247 2769 2304 veritatem
2828 2255 2970 2301 tuam
3012 2239 3196 2320 (Psal.
3255 2243 3454 2320 xnx);
3500 2247 3726 2304 invenio

2131 2355 2345 2415 quoque
2377 2350 2431 2398 et
2451 2343 2609 2398 aliam
2643 2341 2947 2399 istiusmodi
2976 2356 3188 2410 vocem,
3222 2357 3343 2414 quae
3375 2358 3438 2400 ex
3472 2341 3728 2400 Salvato-

2131 2435 2206 2491 ris
2233 2435 2402 2491 nostri
2439 2451 2668 2506 persona
2692 2435 2889 2491 dicitur
2913 2445 3010 2507 per
3035 2435 3353 2508 prophetam
3385 2445 3723 2510 quaerentem

2133 2527 2339 2582 animas
2386 2526 2574 2596 plenas
2601 2525 2848 2596 iustitiae,
2883 2526 3070 2596 plenas
3098 2539 3356 2582 sensuum
3393 2525 3726 2593 divinorum,

2137 2620 2322 2690 plenas
2353 2629 2666 2674 sanctorum
2700 2617 2992 2686 fructuum,
3027 2627 3078 2677 et
3111 2623 3450 2692 quaerentem
3479 2617 3730 2676 veritatis

2134 2727 2292 2770 veros
2325 2711 2536 2780 botros‘,
2565 2711 2660 2768 sed
2692 2713 3059 2770 invenientem
3093 2713 3360 2784 plurimos
3381 2717 3724 2785 peecatores,

2135 2815 2190 2863 et
2233 2807 2502 2865 inferaccs
2551 2805 2838 2874 bonorum,
2899 2817 2954 2863 et
3003 2807 3208 2863 idcirco
3253 2803 3562 2864 dicentem:
3609 2804 3730 2861 Heu

2139 2899 2285 2967 mihi,
2326 2901 2450 2972 quia
2493 2901 2663 2973 factus
2692 2915 2808 2954 sum
2847 2900 2978 2954 sicut
3024 2899 3110 2970 qui
3140 2899 3338 2970 colligit
3381 2889 3631 2969 stipulam
3675 2898 3732 2953 in

2139 3011 2314 3062 messe,
2346 3005 2391 3050 et
2419 2996 2554 3049 sicut
2579 3007 2812 3051 racemos
2841 2996 2897 3050 in
2928 2994 3204 3062 vindemia,
3238 2995 3306 3050 ad
3329 3013 3485 3066 quam
3512 3007 3614 3050 non
3644 3011 3732 3049 su-

2137 3089 2293 3160 persit
2340 3085 2516 3142 botrus
2561 3087 2630 3141 ad
2661 3083 3082 3142 manducandum
3129 3087 3414 3160 primit-iud.
3446 3085 3567 3142 Heu
3605 3083 3736 3143 mihi

2139 3177 2341 3255 (Micli.
2372 3177 2493 3254 vlt).
2524 3180 2678 3250 Quod
2708 3181 2928 3247 dicitur,
2957 3181 3057 3237 Iteu
3087 3182 3234 3250 mihi,
3273 3196 3380 3237 non
3413 3191 3497 3236 est
3525 3182 3732 3250 primo-

438 3273 784 3345 tctnptissimi
811 3275 1090 3335 Creatoris
1117 3276 1316 3331 Filium
1347 3275 1636 3331 Dominum
1667 3284 1916 3330 nostrum
1944 3275 2033 3332 Je—
2061 3262 2106 3325 C
2138 3273 2302 3344 geniti
2335 3274 2496 3329 totius
2524 3281 2812 3339 creatorze,
2865 3289 2972 3331 non
3014 3282 3100 3330 est
3143 3273 3438 3330 divinitatis
3469 3281 3597 3341 “vox,
3630 3271 3729 3330 sed

437 3383 556 3424 sum
587 3368 887 3425 Christum.
920 3367 1074 3436 Quod
1108 3369 1152 3422 si
1183 3367 1305 3438 quis
1342 3369 1661 3436 reluctatur,
1701 3375 1754 3425 et
1783 3377 1891 3423 non
1920 3367 2034 3424 vult

429 3462 566 3529 haec,
614 3474 735 3531 quae
768 3463 1144 3531 exposuimus,
1179 3462 1332 3531 quasi
1365 3461 1710 3531 prephetiam
1750 3461 2021 3531 recipere,

435 3565 675 3624 quanam
707 3554 776 3608 ab
805 3567 872 3608 eo
900 3567 996 3609 cur
1023 3553 1285 3623 scriptum
1327 3562 1431 3623 est,
1483 3553 1535 3608 in
1579 3553 1861 3626 trigesimo
1889 3561 2034 3609 anno

440 3646 564 3702 vita:
594 3646 894 3703 Ezechielis
928 3655 1147 3718 apertos
1178 3645 1346 3700 fuisse
1371 3647 1564 3714 ctelos,
1601 3653 1653 3702 et
1684 3645 1886 3701 vidisse
1909 3657 2032 3700 eum

437 3756 530 3797 eas
575 3740 838 3807 visiOItes,
869 3755 991 3810 qua:
1035 3741 1088 3794 itt
1132 3740 1273 3796 libro
1307 3740 1425 3811 ejus
1472 3739 1840 3795 continentur.
1891 3738 2032 3806 Quid

438 3836 568 3892 mihi
604 3833 824 3905 prodest
851 3849 1116 3891 annorum
1141 3851 1426 3904 numerus,
1459 3834 1564 3890 nisi
1585 3834 1687 3890 hoc
1715 3841 1776 3891 ut
1801 3835 2032 3903 discam,

440 3929 720 3999 trigesimo
738 3942 880 3986 anno
903 3935 960 3985 et
981 3927 1273 3995 Salvatori,
1297 3939 1351 3984 et
1375 3927 1650 3999 pr0phet:e
1675 3925 1844 3984 caelos
1869 3927 2035 3985 fuisse

441 4029 734 4090 reseratas,
769 4029 822 4077 et
853 4021 1189 4093 spiritalibus
1237 4021 1503 4092 spiritalia
1549 4033 1902 4092 comparans,
1936 4035 2030 4078 co-

441 4129 698 4186 gnoscam
744 4114 1020 4177 universa,
1053 4127 1172 4182 qua:
1219 4115 1420 4182 scripta
1451 4119 1602 4181 sunt,
1641 4112 1884 4183 ejusdem
1913 4128 2035 4172 esse

444 4199 539 4263 Dei
573 4205 897 4262 sermones?
939 4204 1142 4276 Quippe
1177 4206 1326 4259 verba
1356 4205 1673 4276 sapientium
1717 4213 1769 4259 ut
1811 4205 2032 4274 stimuli,

436 4311 484 4354 et
505 4299 656 4372 quasi
682 4297 816 4354 clavi
842 4298 896 4355 in
921 4297 1085 4354 altum
1117 4299 1312 4369 conﬁxi
1337 4301 1458 4371 quia
1480 4299 1905 4372 compugentlbus
1928 4300 2038 4357 dati

438 4401 553 4448 sunt
582 4409 615 4447 a
640 4403 848 4466 pastore
875 4409 979 4448 uno
1016 4391 1194 4465 (Eccl.
1229 4392 1357 4464 xu).
1409 4394 1520 4465 Ego
1564 4401 1618 4451 et
1645 4395 1748 4450 hoc
1779 4394 1922 4468 quod
1954 4395 2037 4451 di-

437 4487 600 4554 citur,
634 4488 684 4540 in
718 4491 904 4558 quarto
932 4503 1126 4556 mense,
1154 4487 1338 4561 quinta
1365 4489 1573 4560 mensis,
1606 4489 1760 4560 juxta
1794 4491 2032 4562 possibi6

437 4581 645 4638 litatem
698 4597 895 4638 sensus
939 4583 1044 4638 mei
1093 4582 1447 4654 investigans,
1499 4599 1747 4656 precora
1797 4585 1928 4654 Deo,
1975 4593 2037 4642 ut

2139 3367 2391 3421 humanae
2422 3365 2640 3434 animm,
2674 3379 2832 3438 quam
2866 3365 3129 3438 suscepit,
3183 3365 3328 3424 unde
3360 3366 3526 3423 inl‘ert
3561 3384 3576 3422 :
3611 3365 3733 3423 Heu

2137 3461 2285 3527 mihi,
2320 3461 2492 3514 anima
2525 3475 2657 3529 mea,
2693 3463 2813 3532 quia
2843 3461 2994 3534 periit
3015 3470 3272 3517 revertens
3302 3478 3333 3516 a
3361 3469 3499 3515 terra
3527 3476 3544 3516 :
3569 3469 3615 3516 et
3637 3461 3730 3532 qui

2136 3548 2532 3626 corrigatiinter
2572 3547 2803 3610 homines
2845 3571 2946 3608 non
2990 3563 3086 3610 est.
3123 3555 3326 3610 Omnes
3373 3555 3426 3608 in
3469 3554 3734 3625 sanguine

2132 3645 2467 3719 judicantur,
2516 3648 2890 3718 unusquisque
2941 3647 3246 3718 proximum
3291 3661 3447 3702 suum
3484 3644 3730 3702 tribulat.

2138 3739 2267 3798 litce
2300 3741 2504 3798 idcirco
2538 3753 2836 3798 memorata
2859 3751 3008 3808 sunt,
3039 3743 3163 3814 quia
3192 3741 3266 3796 ait
3292 3739 3585 3813 prephctes
3618 3757 3631 3796 :
3663 3737 3732 3795 Et

2138 3849 2228 3908 ego
2256 3851 2394 3891 eram
2417 3836 2472 3890 in
2503 3834 2674 3890 medio
2718 3835 3028 3904 captivitatis
3053 3833 3212 3906 juxta
3257 3835 3451 3906 ﬂumen
3481 3829 3691 3888 Chobar
3715 3849 3734 3888 :

2137 3928 2279 3998 quod
2339 3927 2730 3999 interpretatur
2791 3927 3083 4000 gravitudo.
3142 3925 3338 3984 Gravis
3402 3927 3582 3982 autem
3651 3927 3737 3983 est

2141 4020 2300 4090 hujus
2341 4019 2522 4076 smculi
2556 4019 2769 4090 ﬂuvius,
2815 4021 2954 4077 sicut
2996 4023 3051 4077 et
3079 4015 3210 4077 alibi
3243 4027 3460 4079 sacrate
3511 4017 3735 4077 dicitur.

2139 4113 2382 4184 Etjuxta
2408 4113 2683 4184 simplices
2715 4126 2928 4185 quoque
2959 4113 3240 4170 historiam
3273 4111 3514 4184 explicat
3539 4129 3552 4167 :
3575 4114 3732 4184 juxta

2137 4221 2231 4264 eos
2254 4219 2408 4274 vero,
2430 4205 2518 4280 qui
2540 4207 2856 4278 spiritaliter
2876 4207 3186 4278 scripturas
3202 4203 3448 4275 audiunt,
3470 4207 3538 4263 de
3555 4208 3736 4263 anima

2137 4303 2430 4374 significat,
2461 4317 2583 4373 quas
2605 4303 2662 4358 in
2692 4305 2818 4359 vitae
2851 4302 3011 4358 istius
3033 4299 3289 4359 inciderit
3329 4301 3598 4358 turbines.
3629 4301 3738 4358 Su-

2138 4413 2228 4468 per
2267 4395 2485 4467 ﬂumina
2511 4392 2799 4468 Babylonis
2837 4395 2906 4451 ibi
2933 4395 3182 4464 sedimus,
3216 4401 3262 4450 el
3299 4395 3555 4467 ﬂeuimus,
3607 4394 3734 4448 dum

2138 4488 2533 4544 recordaremur
2565 4487 2695 4544 Sion
2725 4487 2817 4544 :in
2863 4487 3134 4556 salicibus,
3168 4479 3220 4542 in
3250 4483 3420 4542 medio
3449 4486 3562 4557 ejus
3612 4497 3730 4539 sus-

2139 4583 2410 4654 pendimus
2453 4600 2649 4656 organa
2698 4592 2908 4650 nostra,
2957 4585 3080 4652 quia
3132 4581 3240 4640 illic
3281 4583 3737 4653 interrogaverunt

435 4675 669 4746 idipsuut
697 4677 899 4747 possim
929 4677 1262 4749 intelligere,
1292 4677 1435 4750 quod
1470 4674 1884 4749 Scripturarum
1909 4679 2027 4750 ejus
2059 4663 2113 4725 D
2138 4693 2250 4744 nos,
2283 4679 2368 4746 qui
2397 4678 2627 4746 captivos
2669 4677 2926 4731 duxerunt
2955 4677 3123 4750 888
3169 4691 3283 4746 nos,
3319 4675 3471 4730 verba
3499 4674 3731 4727 cantico-

434 4767 687 4841 congruit
705 4765 990 4826 Voluntati.
1015 4768 1196 4826 Novus
1219 4785 1394 4827 annus
1413 4771 1785 4843 imminetjam
1807 4767 2031 4844 Judteis,

436 4873 492 4919 et
521 4863 732 4933 primus
776 4861 977 4919 mensis
1007 4857 1146 4934 apud
1187 4880 1280 4922 eos
1322 4881 1349 4919 a
1396 4865 1517 4920 novi
1550 4864 1674 4920 anni
1708 4872 2030 4922 numeratur

436 4960 683 5018 exordio.
716 4961 906 5031 Agitur
935 4971 1118 5016 autem
1150 4961 1344 5031 pascha
1380 4961 1448 5017 de
1471 4977 1704 5030 numero,
1730 4962 1850 5018 novi
1877 4961 2030 5018 anni.

437 5053 768 5128 Principium
806 5055 1060 5109 mensium
1087 5055 1182 5110 iste
1212 5055 1352 5109 vobis
1382 5055 1477 5109 erit
1507 5056 1562 5110 in
1604 5055 1864 5110 mensibus
1907 5055 2032 5109 anni

440 5145 654 5220 (Exod.
697 5146 829 5222 xu).
861 5148 946 5204 Ab
980 5147 1082 5203 hoc
1125 5163 1270 5203 anno
1320 5164 1544 5204 numera
1595 5147 1726 5202 mihi
1775 5157 2030 5218 quartum

441 5256 704 5310 mensem,
748 5247 804 5296 et
848 5239 1095 5312 iutellige
1139 5241 1468 5310 baptizatum
1518 5241 1704 5297 Jesum
1757 5242 1807 5295 in
1836 5249 2032 5312 quarto

439 5347 626 5391 mense
657 5334 782 5392 novi
813 5335 962 5390 anni.
999 5333 1077 5389 Eo
1110 5335 1253 5392 enim
1286 5351 1493 5402 mense,
1531 5337 1621 5408 qui
1653 5335 1793 5408 apud
1826 5335 2032 5391 Roma-

442 5540 759 5612 ilieronyrni
790 5539 1243 5612 interpretatione
1271 5537 1462 5612 fletus
1491 5545 1602 5592 erat
1631 5537 1848 5612 indutus
1869 5539 2038 5612 festi-3

443 5612 534 5666 bus
567 5608 816 5681 sordidis.
851 5608 1004 5677 Quod
1035 5611 1238 5681 quidem
1263 5618 1328 5681 _et
1374 5608 1620 5681 adversus
1648 5624 1751 5681 eos
1778 5608 1921 5680 facit,
1954 5608 2042 5675 qui

449 5680 950 5753 negantDomiuum
970 5679 1227 5746 nostrum,
1253 5679 1541 5736 humanum
1567 5679 1812 5733 habuisse
1844 5696 2050 5753 corpus,

446 5751 538 5807 sed
560 5752 845 5807 caelestibus
871 5762 919 5807 et
943 5754 1266 5824 spiritalibus
1296 5753 1467 5824 fuisse
1488 5760 1802 5806 contextum.
1832 5751 1894 5806 Si
1919 5751 2054 5805 enim

460 5825 523 5896 de
553 5825 868 5896 t'tclestibus,
904 5834 948 5876 et
977 5834 1034 5896 ut
1062 5825 1143 5896 illi
1171 5823 1306 5896 falso
1335 5833 1592 5896 asserunt,
1624 5824 1686 5878 de
1711 5823 1984 5890 sideribus,
2009 5831 2057 5878 et

461 5895 569 5954 alia
630 5893 855 5964 quadam
907 5893 1195 5956 sublimiori
1247 5895 1573 5968 spiritalique
1632 5903 1821 5950 natura
1871 5911 2060 5968 corpus

2140 4787 2254 4825 rum
2283 4768 2409 4842 (Ps.
2436 4769 2686 4841 cxxxvt).
2714 4769 2817 4824 ista
2851 4777 2978 4826 sunt
2999 4771 3220 4824 ﬂumina
3247 4767 3560 4840 Babylonis,
3581 4763 3734 4838 juxta

2142 4881 2261 4936 quae
2295 4864 2570 4933 sedentes,
2604 4877 2656 4921 et
2685 4863 3102 4921 reminiscentes
3126 4865 3313 4934 patria:
3345 4861 3616 4928 cteiestis,
3645 4859 3734 4915 lu-

2141 4967 2265 5028 gent
2309 4967 2473 5027 atque
2501 4957 2808 5028 deplorant,
2861 4956 2951 5014 ubi
2990 4955 3328 5026 suspendunt
3372 4967 3577 5026 organa
3610 4969 3731 5022 sua,

2140 5053 2192 5107 in
2223 5050 2482 5106 salicibus
2525 5051 2682 5122 Legis
2731 5062 2785 5108 et
2834 5049 3218 5124 mysteriorum
3274 5048 3392 5106 Dei.
3451 5047 3728 5117 Scriptum

2139 5156 2223 5202 est
2269 5147 2320 5202 iu
2353 5145 2589 5217 quodam
2623 5143 2783 5213 libro,
2817 5146 2942 5218 quia
2973 5141 3237 5214 salignam
3268 5157 3460 5198 omnes
3491 5138 3734 5206 creden-

2141 5251 2222 5296 tes
2251 5239 2524 5309 accipiant
2561 5253 2843 5316 eorona'm.
2876 5238 2942 5292 Et
2971 5237 3023 5293 in
3068 5236 3201 5293 lsaia
3232 5235 3434 5292 dicitur
3478 5252 3490 5288 :
3527 5232 3739 5288 Orietur

2137 5333 2286 5404 quasi
2333 5332 2386 5386 in
2438 5330 2608 5386 medio
2652 5347 2800 5402 aqua:
2846 5331 3044 5402 fenum,
3094 5339 3142 5385 et
3186 5329 3326 5384 saliat
3369 5343 3522 5396 super
3551 5339 3740 5398 aquam

2141 5537 2254 5602 aius
2283 5537 2464 5605 fuerit,
2497 5533 2839 5607 respondeant
2865 5531 3268 5607 quarepotnerit
3295 5531 3528 5602 spiritale
3549 5545 3738 5607 corpus

2155 5625 2264 5662 esse
2283 5601 2592 5671 sordidum,
2619 5613 2708 5659 aut
2739 5601 2993 5674 quomodo
3018 5602 3117 5657 hoc
3147 5601 3576 5675 interpretentur,
3598 5601 3737 5675 quod

2155 5687 2419 5750 posuimus
2445 5695 2462 5733 :
2493 5677 2646 5732 Jews
2674 5673 3042 5750 etjat_in_tlutu_s
3065 5673 3549 5750 vestibus_sordit_l_is
3569 5673 3593 5728 Ξ)
3613 5673 3616 5674 ⁷
3637 5673 3739 5750 Pa-

2160 5745 2234 5805 ria
2268 5752 2433 5810 habet
2469 5758 2526 5805 et
2553 5750 2590 5804 i.
2622 5764 2659 5803 ιι
2689 5748 2750 5802 de
2785 5745 3071 5816 Principiis
3115 5761 3238 5815 cap.
3285 5747 3340 5813 6,
3382 5754 3439 5800 et
3481 5745 3576 5800 lib.
3618 5760 3649 5799 v
3682 5745 3738 5799 in

2159 5825 2318 5894 epist.
2352 5822 2416 5878 ad
2453 5822 2634 5886 Rom.,
2666 5828 2720 5874 et
2767 5818 2862 5894 lib.
2911 5830 3101 5894 contra
3147 5817 3390 5884 Celsum,
3429 5830 3479 5872 c.
3527 5816 3585 5883 9,
3617 5829 3740 5894 qua

2175 5889 2356 5953 laudat
2383 5895 2626 5963 lluetius,
2656 5889 2989 5949 testimollia.
