4128 6346
429 347 525 402 701

977 341 1417 401 TRANSLATIO
1458 332 1897 399 liOMlLIAiiUM
1937 340 2267 399 OlllGi.NlS
2309 338 2371 397 ΙΝ
2415 340 2872 403 EZECIIIELEM.
2920 343 3082 398 HOM.
3125 345 3166 400 1.

3624 342 3728 398 709.

423 466 671 533 ﬂuentem
702 458 868 532 (Isai.
892 460 1072 533 XLlV‘).
1108 454 1171 515 Et
1204 462 1255 514 in
1276 459 1629 515 solemnitate
1653 456 1773 525 Dei,
1805 457 2025 529 quando
2053 444 2102 520 Λ
2132 456 2480 527 Apostoiicas
2537 457 3022 530 interpolaverunt,
3087 460 3391 518 istiusmodi
3446 477 3728 520 sermones

421 552 775 609 tabernacula
819 554 937 625 ejus
986 562 1414 623 componuntur,
1458 552 1702 624 salignos
1751 566 1935 607 ramos
1970 546 2023 608 in

420 647 906 704 tabernaculorum
948 646 1151 703 {ixione
1195 648 1553 701 consumunt.
1602 646 1765 703 Secus
1811 647 2029 716 ﬂuvium

419 740 647 797 Chobar.
682 744 853 798 Secus
892 740 1092 798 ﬂutnen
1124 734 1266 797 istud
1292 741 1675 813 gravissimum
1703 736 1909 796 saeculi.
1944 740 2011 794 Et

421 835 592 902 aperti
618 843 736 889 sunt
762 832 898 889 coeli.
935 832 1117 888 Clausi
1159 841 1319 889 erant
1351 833 1496 899 cceli,
1542 842 1594 888 et
1625 833 1690 888 ad
1722 833 2017 907 adventum

420 927 629 981 ChriSti
659 926 834 997 aperti
881 934 1030 994 sunt,
1061 935 1119 981 ut
1150 929 1411 981 reseratis
1442 925 1573 991 illis,
1612 926 1826 981 veniret
1866 940 2031 995 super

419 1035 547 1078 eum
604 1019 839 1091 Spiritus
896 1029 1120 1075 sanctus
1175 1021 1227 1072 in
1279 1017 1462 1087 specie
1511 1018 1796 1073 columbae.
1843 1017 2029 1087 Neque

421 1113 568 1169 enim
602 1120 813 1183 poterat
844 1113 909 1167 ad
938 1124 1035 1167 nos
1063 1127 1393 1178 commeare,
1427 1110 1531 1166 nisi
1561 1114 1795 1181 primum
1820 1109 1885 1165 ad
1915 1125 2026 1165 sua:

422 1213 631 1261 natura:
680 1212 993 1260 eonsortem
1045 1203 1454 1259 descendisset.
1512 1202 1757 1256 Ascendit
1789 1198 1944 1257 Jesns
1975 1202 2028 1256 in

420 1299 605 1364 altum,
639 1300 895 1371 captivam
940 1297 1089 1353 duxit
1140 1297 1514 1366 captivitatem,
1556 1298 1752 1367 accepit
1784 1294 1921 1350 dona
1972 1296 2025 1350 in

424 1390 743 1448 hominibus.
789 1394 890 1459 Qui
910 1393 1199 1457 descendit,
1232 1391 1341 1462 ipse
1370 1400 1465 1455 est,
1495 1392 1583 1462 qui
1614 1390 1845 1444 ascendit
1874 1404 2027 1463 super

425 1502 604 1541 omnes
646 1488 819 1551 caelos,
874 1496 927 1541 ut
973 1487 1207 1558 impleret
1255 1486 1449 1540 omnia.
1482 1483 1547 1539 Et
1579 1486 1687 1557 ipse
1726 1480 1868 1539 dedit
1895 1486 2026 1542 alios

421 1579 708 1649 apostolos,
752 1579 885 1634 alios
931 1580 1243 1651 praphetas,
1293 1579 1427 1632 alios
1469 1578 1841 1649 evangelistas,
1889 1572 2021 1633 alios

425 1680 660 1741 pastores
692 1679 737 1725 et
766 1673 1038 1742 ntagistros
1062 1672 1118 1725 in
1143 1670 1504 1743 perfectionem
1529 1681 1828 1724 sanctorum
1856 1666 2021 1742 (Eph.

420 1765 531 1835 tv).
566 1760 740 1838 Aperti
770 1776 888 1820 sunt
916 1767 1047 1820 caeli.
1082 1762 1200 1821 Non
1232 1767 1436 1822 suliicit
1464 1782 1626 1820 unum
1658 1767 1861 1821 C(Bltlm
1891 1782 2018 1836 ape-

2135 553 2315 607 inesse
2356 551 2514 608 libris
2563 567 2777 620 eorum,
2812 554 3006 624 quibus
3031 556 3199 626 possit
3228 553 3457 611 Creator
3480 554 3728 612 Chrisms

2132 644 2457 715 approbari,
2535 653 2819 715 exspectat
2873 656 3053 702 tamen
3105 649 3283 706 omnis
3310 657 3558 705 creatura
3587 650 3729 704 ﬁlios

2133 738 2251 807 Dei,
2286 739 2499 809 quando
2522 738 2823 795 liberentur
2853 756 2882 794 a
2915 738 3137 809 delicto,
3170 744 3383 813 quando
3412 744 3728 799 auferantur

2132 828 2236 903 [ΑΙ.
2297 830 2638 903 aniercntur]
2687 828 2755 886 de
2788 830 2980 887 Zahuli
3038 849 3220 903 manu,
3253 836 3471 907 quando
3503 851 3731 908 regene-

2132 935 2324 981 rcntur
2376 940 2405 980 a
2453 924 2697 981 Christo.
2764 916 2965 981 Verum
3014 922 3127 998 jam
3188 938 3402 998 tempus
3432 940 3535 998 est,
3569 942 3629 985 ut
3658 930 3727 986 de

2130 1022 2384 1091 prarsenti
2419 1020 2540 1075 loco
2570 1019 2746 1091 aliqua
2777 1030 3081 1091 tangamus.
3144 1018 3291 1077 Vidit
3319 1020 3589 1094 Propheta
3618 1040 3726 1080 non

2130 1117 2422 1181 visionem,
2456 1114 2550 1169 sed
2582 1113 2819 1169 visiones
2868 1113 2988 1168 Dei.
3021 1114 3199 1183 Quare
3230 1129 3333 1169 non
3371 1116 3510 1171 vidit
3539 1133 3723 1184 unam,

2130 1208 2223 1261 srd
2258 1207 2515 1276 plurimas
2544 1202 2823 1261 visiones?
2877 1204 3015 1261 Audi
3060 1202 3351 1261 Dominum
3381 1208 3723 1276 pollicentem

2130 1308 2290 1369 atque
2316 1299 2588 1354 dicentem
2617 1318 2627 1352 :
2653 1290 2767 1371 Ego
2793 1299 3013 1354 visiones
3042 1300 3381 1373 multiplicavi
3411 1296 3567 1372 (Osee
3593 1302 3715 1373 xu).

2133 1391 2326 1457 Quinta
2399 1392 2583 1445 mensis
2657 1388 2753 1446 llic
2827 1406 3005 1447 annus
3096 1390 3318 1463 quintus
3390 1393 3722 1461 captivitatis

2130 1484 2271 1555 regis
2312 1484 2598 1541 Joachim:
2649 1484 2932 1555 trigesimo
2985 1500 3129 1541 anno
3177 1485 3353 1540 relatis
3401 1483 3723 1554 Ezechielis,

2130 1586 2183 1633 et
2232 1580 2422 1647 quinto
2465 1577 2798 1646 captivitatis
2849 1576 3117 1645 Joachim,
3166 1577 3437 1649 Propheta
3499 1577 3730 1634 mittitur

2128 1670 2193 1724 ad
2225 1669 2463 1725 Jodmos.
2498 1669 2614 1723 Non
2647 1668 2893 1740 despexit
2930 1669 3390 1725 clementissimus
3423 1682 3599 1741 pater,
3630 1686 3732 1727 nec

2129 1762 2290 1832 longo
2338 1772 2584 1832 tempore
2629 1761 3078 1817 incommonitum
3125 1762 3380 1833 populum
3415 1762 3723 1834 dereliquit.

418 1858 538 1927 riri,
568 1860 889 1929 aperiuntur
924 1861 1162 1931 plurimi,
1192 1871 1247 1915 ut
1271 1860 1605 1917 descendant
1647 1879 1753 1917 non
1784 1864 1853 1918 ab
1881 1880 2012 1930 uno,
2054 1859 2098 1918 Β
2128 1856 2359 1922 Quintus
2399 1862 2481 1911 est
2507 1870 2700 1910 annus.
2752 1856 3023 1921 Quantum
3072 1856 3330 1925 temporis
3381 1855 3729 1911 intercessit?

419 1951 518 2008 sed
550 1953 619 2009 ab
649 1963 675 1992 ιι
707 1954 959 2010 omnibus
986 1955 1142 2011 caelis
1174 1954 1363 2026 Angeli
1395 1958 1462 2011 ad
1503 1973 1616 2015 eas.
1656 1960 1742 2027 qui
1776 1959 2021 2014 salvandi

420 2051 572 2100 sunt.
600 2045 793 2115 Angeli
823 2045 916 2117 qui
947 2046 1314 2103 ascendebant
1342 2058 1393 2103 et
1422 2047 1827 2104 descendebant
1855 2066 2021 2120 super

419 2136 597 2195 ﬁlium
627 2138 883 2207 hominis,
915 2150 969 2196 et
1010 2150 1359 2198 accesserunt
1383 2141 1446 2196 ad
1480 2158 1623 2212 eum,
1666 2152 1720 2197 et
1753 2142 2025 2197 ministra-

419 2233 554 2287 btnt
577 2232 647 2288 ei.
682 2228 1095 2290 Descenderunt
1123 2245 1306 2290 autem
1339 2235 1551 2305 Angeli,
1587 2234 1711 2306 quia
1747 2232 1895 2305 prior
1928 2234 2025 2290 de-

419 2325 716 2381 scenderat
736 2320 1005 2395 Christus,
1033 2334 1333 2382 metuentes
1355 2326 1690 2383 descendere
1715 2327 2023 2398 priusquam

422 2420 687 2477 Dominus
738 2420 1000 2477 virtutum
1037 2422 1279 2476 omnium
1322 2436 1615 2493 rerumque
1664 2423 2020 2492 praeciperet;

420 2513 641 2584 quando
684 2522 866 2570 autem
899 2513 1154 2569 viderunt
1204 2514 1502 2583 principem
1539 2513 1751 2569 militia:
1785 2514 2024 2570 cmlestls

421 2606 479 2659 in
515 2606 864 2661 terrestribus
914 2602 1051 2661 locis
1096 2605 1450 2675 commorari,
1496 2614 1621 2660 tunc
1656 2621 1751 2675 per
1779 2614 2021 2675 apertam

419 2698 567 2753 viam
617 2696 846 2771 ingressi
892 2708 1018 2753 sunt
1064 2708 1360 2769 sequentes
1400 2698 1685 2755 Dominum
1738 2716 1919 2765 suum,
1971 2709 2025 2755 et

423 2800 682 2861 parentes
712 2791 974 2847 voluntati
1020 2792 1157 2863 ejus.
1202 2788 1303 2858 Qui
1333 2792 1613 2848 distribuit
1640 2809 1734 2847 eos
1766 2793 2024 2848 custodes

423 2885 767 2938 credentium
807 2882 1012 2939 nomini
1042 2898 1160 2938 suo.
1191 2882 1271 2940 Tu
1305 2884 1418 2939 heri
1448 2884 1546 2939 sub
1572 2883 1844 2940 diemonio
1874 2900 2020 2951 eras,

428 2977 592 3031 ltodie
621 2978 722 3031 sub
755 2977 984 3047 Angelo.
1025 2976 1219 3045 Nolite,
1264 2977 1440 3048 inquit
1470 2977 1754 3043 Dominus,
1796 2989 2015 3032 contem-

426 3085 549 3123 nere
600 3082 761 3122 unum
810 3067 873 3123 de
902 3069 1127 3123 minimis
1174 3069 1309 3139 istis,
1363 3068 1448 3139 qui
1498 3079 1615 3123 sunt
1662 3069 1714 3123 in
1767 3068 2019 3125 Ecclesia.

1296 3115 1309 3140 1

427 3161 587 3215 Amen
627 3162 763 3215 enim
791 3161 906 3215 dico
936 3160 1101 3229 vobis,
1145 3161 1265 3231 quia
1310 3159 1497 3233 Angeli
1529 3177 1706 3215 eorum
1736 3178 1826 3229 per
1853 3161 2025 3215 omnia

2126 1949 2375 2019 Quinque
2411 1946 2538 2003 anni
2568 1947 2993 2004 iutcrlluxcrunt
3022 1964 3086 2003 ex
3120 1962 3228 2019 quo
3245 1948 3437 2019 captivi
3463 1948 3724 2004 serviunt.

2127 2040 2319 2096 Statim
2348 2038 2630 2095 desttcndit
2650 2040 2884 2110 Spiritus
2910 2048 3155 2111 Sanctus,
3189 2041 3402 2111 aperuit
3430 2041 3621 2107 cmlos,
3644 2052 3718 2097 'ut

2127 2133 2178 2185 bi
2231 2132 2321 2202 qui
2360 2133 2689 2202 captivitatis
2743 2133 2869 2205 jugo
2928 2135 3318 2203 premebantur
3352 2134 3603 2192 viderent
3654 2152 3722 2192 ea

2126 2241 2245 2296 qua:
2296 2224 2623 2281 videbantur
2685 2240 2712 2279 a
2757 2224 3045 2297 prepbcta.
3107 2224 3330 2283 Dicente
3380 2228 3577 2298 quippe
3611 2244 3718 2294 eo;

2127 2328 2173 2373 ct
2204 2319 2368 2390 aperti
2392 2326 2511 2372 sunt
2542 2317 2673 2386 caeli,
2710 2312 3115 2387 quodammodo
3144 2328 3198 2374 et
3228 2320 3326 2389 ipsi
3378 2319 3725 2375 intuebantur

2128 2410 2298 2465 oculis
2343 2408 2548 2477 cordis,
2599 2420 2719 2480 quas
2757 2408 2854 2466 ille
2905 2414 3069 2468 etiam
3121 2411 3298 2466 oculis
3350 2413 3529 2467 carnis
3566 2426 3725 2482 πείκε-

2127 2513 2317 2559 serat:
2368 2500 2535 2575 890
2568 2502 2633 2558 Et
2657 2504 2827 2574 factus
2849 2510 2922 2558 est
2969 2514 3132 2558 sermo
3159 2496 3365 2558 Domini
3385 2505 3451 2558 ad
3480 2504 3725 2560 Ezechie-

2126 2596 2226 2650 lem
2248 2596 2416 2667 ﬁlium
2450 2594 2604 2651 Buzii
2654 2595 2990 2651 sacerdotem.
3047 2598 3240 2653 Sermo
3273 2594 3504 2669 Demini,
3546 2597 3638 2672 qui
3669 2599 3722 2653 in

2128 2688 2398 2760 principio
2440 2696 2555 2746 erat
2594 2689 2736 2761 apud
2772 2688 2943 2747 Deum
2996 2691 3235 2756 Patrem,
3284 2686 3427 2747 Deus
3456 2690 3718 2760 Verbum,

2127 2799 2307 2839 sermo
2330 2783 2418 2855 qttl
2442 2783 2731 2839 credentes
2762 2782 2931 2838 eilicit
2973 2784 3135 2840 Deos.
3186 2782 3242 2839 Si
3266 2783 3412 2839 enim
3436 2782 3573 2839 dixit
3600 2784 3725 2839 illos

2126 2876 2288 2939 deos,
2325 2874 2388 2930 ad
2441 2890 2578 2946 quos
2622 2888 2804 2932 sermo
2835 2874 2918 2931 dei
2971 2875 3143 2932 factus
3172 2886 3287 2944 est,
3319 2886 3375 2932 et
3402 2893 3507 2931 non
3546 2882 3726 2948 potest

2128 2970 2262 3024 solvi
2300 2970 2575 3040 Scriptura
2608 3013 2621 3035 ,
2665 2970 2747 3045 'ad
2794 2985 3170 3041 quoscumque
3201 2987 3380 3026 sermo
3429 2971 3521 3027 Dei
3555 2972 3725 3029 factus

2128 3074 2230 3128 est,
2268 3063 2393 3118 lacti
2428 3074 2551 3117 sunt
2582 3060 2673 3120 dii.
2719 3061 2977 3120 Ezechiel
3021 3079 3236 3134 quoque
3268 3064 3409 3121 Deus
3439 3062 3560 3131 fuit,
3594 3067 3719 3136 quia

2128 3156 2409 3215 τευ-1118081
2435 3174 2617 3213 sermo
2651 3154 2742 3213 Dei
2769 3158 2834 3214 ad
2862 3174 3020 3214 eum:
3052 3156 3165 3232 Ego
3192 3158 3339 3214 dixi:
3374 3158 3462 3213 Dii
3506 3161 3643 3223 estis,
3679 3169 3728 3215 et

426 3253 601 3307 vident
639 3252 821 3324 faciem
856 3251 1064 3319 Patris,
1105 3252 1191 3322 qui
1222 3262 1297 3309 est
1323 3254 1377 3306 in
1408 3252 1545 3308 caelis
1571 3250 1800 3322 (Matth.
1837 3253 2020 3326 xvut).
2053 3245 2094 3305 C
2130 3252 2227 3319 lilii
2272 3252 2510 3305 altissimi
2535 3268 2729 3307 omnes.
2782 3251 2887 3307 Vos
2932 3267 3049 3307 vero
3074 3261 3130 3307 ut
3156 3253 3385 3308 homines
3412 3253 3722 3321 moriemini,

428 3343 820 3415 Obsequuntur
872 3345 1030 3399 saluti
1088 3356 1189 3400 tua!
1228 3342 1457 3414 Angeli,
1501 3346 1748 3401 concessi
1797 3355 1922 3401 sunt
1960 3343 2024 3400 ad

423 3438 594 3511 889
618 3438 974 3493 ministerium
1010 3437 1104 3493 lilii
1146 3439 1264 3501 Dei,
1316 3450 1370 3493 et
1396 3438 1583 3493 dicunt
1636 3438 1780 3494 inter
1832 3452 1922 3495 se:
1971 3438 2024 3496 Si

432 3530 525 3585 ille
558 3531 865 3595 descendit,
888 3540 943 3585 et
973 3529 1258 3585 descendit
1289 3528 1341 3585 in
1373 3544 1594 3600 corpus,
1628 3531 1671 3586 sl
1704 3530 1917 3587 mortali
1950 3532 2031 3585 in-

430 3622 593 3679 dutus
620 3631 705 3680 est
725 3635 909 3691 carne,
944 3630 1000 3677 et
1024 3622 1274 3678 sustinuit
1298 3632 1538 3688 crucem,
1577 3633 1632 3679 et
1666 3638 1761 3693 pro
1791 3622 2029 3679 homini-

432 3715 533 3771 bus
556 3726 799 3771 mortuus
829 3725 932 3783 est,
974 3715 1103 3787 quid
1128 3726 1228 3771 nos
1270 3716 1639 3787 quiescimus?
1686 3716 1809 3787 quid
1851 3719 2028 3787 parci—

432 3823 554 3863 mus
583 3808 778 3864 nobis?
826 3807 923 3863 Eia
952 3822 1143 3863 omnes
1166 3807 1357 3878 Angeli
1392 3808 1782 3864 descendamus
1807 3824 1836 3865 e
1866 3809 2023 3865 cmlo.

432 3900 558 3955 ideo
581 3908 634 3955 et
664 3900 953 3957 multitudo
1001 3899 1209 3955 militia:
1238 3900 1475 3956 caelestis
1506 3911 1621 3956 erat
1666 3902 2030 3969 laudantium,

432 4002 490 4050 et
518 3993 934 4065 giorilicantium
965 3993 1158 4059 Deum,
1192 3994 1412 4064 quando
1439 4002 1597 4050 natus
1644 4004 1729 4050 est
1752 3992 2028 4051 Christus.

433 4086 624 4141 Omnia
658 4086 878 4158 Angelis
921 4088 1083 4158 plena
1121 4097 1287 4142 sunt:
1340 4089 1483 4151 veni,
1534 4089 1760 4160 Angela,
1814 4090 2032 4159 suscipe

432 4191 687 4233 sermone
741 4192 1065 4234 conversum
1113 4179 1181 4233 ab
1211 4193 1398 4234 errore
1432 4180 1680 4250 pristino,
1728 4195 1755 4234 a
1785 4180 2032 4237 doctrina

432 4269 854 4338 dremoniorum,
902 4272 971 4327 ab
1023 4271 1310 4343 iniquitate
1360 4272 1414 4326 in
1451 4272 1615 4328 altum
1651 4273 1929 4344 loquente,
1978 4280 2036 4331 et

433 4363 742 4434 suscipiens
768 4378 890 4418 eum
924 4364 1081 4435 quasi
1104 4364 1347 4420 medicus
1371 4366 1573 4429 bonos,
1606 4367 1841 4423 coniovc
1872 4376 2034 4438 atque

435 4459 694 4513 institue:
729 4458 983 4526 parvulus
1022 4466 1127 4525 est,
1170 4457 1333 4513 hodie
1365 4460 1609 4513 nascitur
1636 4472 1808 4516 senex
1837 4474 2031 4530 repue-

434 4563 657 4606 rascous
702 4564 716 4616 ;
750 4558 805 4606 et
834 4549 1051 4620 suscipe
1078 4550 1325 4606 tribuens
1352 4549 1399 4604 ei
1429 4550 1753 4621 baptismum
1781 4553 2033 4609 secunda:

2132 3351 2178 3397 et
2204 3346 2349 3412 quasi
2382 3360 2515 3398 unus
2544 3362 2606 3399 ea?
2634 3344 2954 3417 principibus
2986 3344 3178 3399 cadetis
3222 3340 3333 3415 (Ps.
3364 3348 3595 3413 Lxxxu).
3620 3342 3721 3401 Ubi

2132 3436 2341 3491 habetis
2374 3438 2423 3490 in
2451 3453 2590 3490 novo
2618 3437 2971 3493 Testamento
2998 3432 3303 3491 istiusmodi
3335 3435 3717 3505 repromissio-

2134 3528 2296 3581 nent?
2345 3529 2397 3584 Si
2446 3536 2665 3599 oportet
2698 3529 3433 3599 instrumentadistinguere,
3464 3527 3724 3584 etdicere

2133 3621 2272 3676 inter
2292 3634 2350 3676 se
2364 3620 2694 3677 dissidentes
2706 3621 2857 3687 deos,
2884 3621 3025 3692 quod
3049 3619 3263 3691 quidem
3287 3621 3439 3676 nefas
3456 3629 3540 3676 est
3560 3622 3721 3678 etiam

2132 3714 2416 3782 suspicari,
2452 3714 2545 3769 sed
2576 3715 2727 3784 juxta
2780 3715 3101 3770 abttsionem
3146 3713 3377 3769 dicimus
3402 3756 3414 3778 ,
3466 3712 3725 3768 audacter

2135 3804 2373 3874 proferto
2400 3806 2596 3871 dicant,
2623 3808 2790 3861 multo
2819 3808 3081 3877 majorem
3110 3808 3160 3861 in
3186 3807 3353 3862 veteri
3375 3805 3725 3863 Testamento

2134 3899 2354 3953 osmndi
2389 3898 2802 3967 Immanitatem,
2845 3916 3005 3972 quam
3035 3901 3089 3955 in
3120 3912 3289 3955 novo:
3335 3896 3448 3971 Ego
3471 3899 3603 3964 diri,
3634 3894 3726 3954 Dii

2132 3992 2253 4046 estis
2278 3999 2325 4045 et
2348 3990 2446 4060 ﬁlii
2468 3991 2703 4046 altissimi
2728 4009 2919 4047 omnes.
2949 3990 3065 4048 Non
3097 3990 3193 4059 ait,
3219 3991 3434 4064 quidam
3466 3988 3542 4046 dii
3569 3992 3723 4056 estis.

2133 4091 2187 4135 et
2232 4082 2448 4153 quidam
2504 4096 2613 4137 non
2665 4086 2837 4139 estis:
2888 4098 3077 4141 verum
3120 4099 3311 4139 omnes
3362 4080 3432 4138 dii
3463 4084 3613 4140 esus.
3665 4080 3724 4140 Si

2134 4183 2312 4229 autem
2346 4177 2718 4246 peccaveritis,
2742 4178 2983 4232 ausculta
3011 4177 3139 4247 quid
3165 4176 3441 4247 sequitur:
3486 4172 3587 4230 Vos
3611 4192 3730 4231 vero

2135 4279 2190 4322 ut
2213 4270 2448 4325 homines
2488 4270 2796 4324 moriemini.
2853 4266 2968 4325 Non
3010 4278 3092 4326 est
3131 4270 3247 4325 haec
3289 4270 3444 4340 culpa
3484 4268 3731 4325 voeantis

2135 4361 2202 4416 ad
2238 4362 2501 4432 salutem,
2551 4378 2656 4420 non
2709 4365 2824 4435 ipse
2858 4378 3020 4420 causa
3071 4362 3282 4428 mortis,
3312 4363 3401 4433 qui
3430 4362 3619 4417 invitat
3658 4358 3727 4417 ad

2137 4453 2473 4510 divinitatem
2496 4496 2510 4522 ,
2552 4468 2607 4511 et
2633 4452 2699 4511 ad
2722 4454 2958 4512 cmlestis
2988 4465 3197 4512 natura:
3227 4454 3597 4524 adoptionem,
3630 4452 3727 4509 sed

2137 4544 2190 4598 in
2242 4555 2427 4601 nostro
2480 4557 2740 4616 peccato,
2794 4557 2849 4603 et
2892 4549 2943 4602 In
2991 4557 3175 4601 nostro
3217 4548 3423 4603 scelere
3477 4546 3727 4605 consistit

437 4641 893 4715 regenerationis,
928 4650 982 4698 et
1008 4642 1211 4699 advoca
1237 4642 1332 4699 tibi
1361 4642 1497 4696 alios
1538 4644 1717 4699 socios
1743 4645 2025 4700 ministerii

2137 4637 2280 4705 quod
2311 4637 2539 4693 dicitur:
2596 4637 2693 4692 Vos
2736 4647 2907 4693 autem
2950 4647 3005 4691 nt
3053 4637 3286 4693 homines
3330 4639 3638 4706 moriemini,
3681 4648 3729 4695 et

439 4736 516 4792 tui
546 4744 607 4792 ut
625 4735 803 4791 cuncti
835 4735 1038 4805 pariter
1066 4750 1183 4802 eos,
1216 4736 1308 4806 qui
1337 4735 1627 4805 aliquando
1649 4736 1861 4807 decepti
1887 4745 2035 4801 sunt,

438 4828 702 4884 erudiatis
729 4826 795 4882 ad
831 4826 1014 4882 tidem.
1048 4827 1314 4883 Gaudium
1344 4829 1479 4884 enim
1520 4838 1592 4884 est
1619 4832 1793 4902 majus
1820 4830 1873 4883 in
1895 4830 2037 4883 ctelis

438 4936 592 4993 super
638 4936 797 4976 unum
848 4932 1168 4991 peccatorem
1214 4921 1564 4990 paenitentiam
1594 4933 1844 4995 agentem,
1875 4936 2031 4993 quam

436 5032 598 5085 supra
624 5017 910 5086 nonaginta
959 5028 1135 5070 novent
1179 5019 1376 5089 justas,
1429 5015 1612 5084 quibus
1668 5026 1872 5071 nonest
1902 5032 2030 5088 opus

437 5114 734 5186 panitentia
765 5112 919 5182 (Luc.
964 5111 1081 5183 xv).
1138 5111 1384 5167 Exsultat
1438 5113 1607 5167 omnis
1634 5122 1893 5180 creatura,
1926 5115 2037 5168 col-

438 5206 665 5274 ltctatur,
698 5216 747 5260 et
774 5206 1046 5276 applaudit
1073 5205 1158 5260 his
1186 5207 1274 5276 qui
1296 5206 1534 5259 salvandi
1570 5217 1706 5261 sunt.
1760 5206 1900 5261 Nam
1942 5223 2034 5263 erc-

438 5298 682 5368 spectatio
721 5306 974 5351 creatura:
1021 5296 1389 5352 reuelationem
1424 5297 1656 5365 ﬁliorum
1688 5296 1785 5352 Dei
1818 5315 2032 5371 exspec-

441 5400 514 5446 tat
558 5392 739 5463 (Rom.
773 5390 919 5463 vut).
974 5391 1041 5447 Et
1085 5392 1211 5449 licet
1261 5392 1435 5447 nolint
1479 5392 1537 5460 ii,
1580 5394 1670 5461 qui
1721 5394 2032 5463 Scriptoras

514 5517 538 5545 ει
581 5508 636 5563 111
666 5507 792 5582 aliis
814 5507 966 5564 libris
994 5516 1099 5575 est,
1130 5509 1389 5582 plurimis.
1425 5506 1655 5565 Videtur
1686 5525 1817 5565 vero
1843 5510 2036 5579 Orige-

443 5588 678 5651 nestum
700 5580 796 5647 ibi,
825 5594 948 5634 cum
978 5580 1212 5635 maxime
1239 5581 1591 5651 subsequenti
1619 5590 1896 5646 contextu,
1928 5597 2034 5637 non

441 5650 658 5720 quidem
688 5651 1304 5724 omnibussingulisque
1340 5650 1674 5719 hominibus,
1709 5653 1801 5708 sed
1829 5654 2034 5708 sanctis

442 5722 840 5795 tantummodo,
871 5723 963 5795 qui
993 5721 1190 5778 Christi
1218 5721 1381 5795 iidem
1416 5724 1821 5793 proﬁterentur,
1851 5736 2030 5778 custo«

441 5794 565 5849 dem
597 5796 860 5864 Angelum
891 5792 1187 5864 assignare.
1230 5792 1529 5862 Distribuit,
1564 5797 1636 5851 ait
1673 5810 1816 5861 mox,
1859 5806 2033 5851 custo-

441 5866 529 5921 des
552 5866 874 5921 credentium
901 5868 1099 5921 nomini
1122 5882 1235 5922 suo.
1269 5866 1345 5921 Tu
1365 5867 1474 5925 heri
1496 5866 1589 5926 sub
1610 5869 1867 5924 dwmonio
1890 5885 2026 5937 eras,

2133 4730 2282 4798 quasi
2297 4746 2431 4784 unus
2444 4731 2509 4786 de
2534 4732 2855 4802 principibus
2872 4732 3084 4786 cadetis.
3103 4731 3256 4788 Multi
3277 4734 3549 4803 principes
3574 4743 3731 4790 erant

2136 4833 2190 4876 et
2220 4838 2362 4878 unus
2391 4838 2457 4878 ex
2484 4824 2563 4880 eis
2591 4826 2899 4892 corruit,de
2926 4840 3033 4897 quo
3055 4826 3184 4881 etin
3202 4825 3401 4882 Genesi
3430 4827 3724 4882 scribitur:

2135 4916 2271 4973 Ecce
2290 4918 2457 4973 Adam
2486 4919 2652 4989 factus
2684 4930 2777 4986 est,
2805 4935 2932 4986 non,
2962 4922 3115 4992 quasi
3151 4934 3271 4984 nos,
3297 4922 3393 4976 sed
3422 4923 3569 4991 quasi
3598 4937 3729 4976 unus

2140 5027 2203 5065 ea:
2245 5011 2389 5066 nobis
2432 5009 2585 5084 (Gen.
2623 5011 2728 5083 tu).
2777 5013 2921 5084 Ergo
2970 5012 3187 5085 quando
3244 5015 3486 5084 peccavit
3532 5013 3726 5081 Adam,

2139 5112 2266 5161 tunc
2296 5105 2468 5160 iactus
2490 5112 2572 5160 est
2600 5107 2752 5175 quasi
2783 5120 2939 5161 unus.
2998 5106 3067 5160 Et
3117 5107 3280 5177 factus
3330 5114 3403 5161 est
3430 5120 3593 5161 sermo
3621 5104 3733 5160 Do-

2138 5199 2267 5253 mini
2286 5199 2354 5252 ad
2387 5197 2706 5253 Ezechieiem
2731 5200 2898 5270 ﬁlium
2924 5198 3073 5254 Buzi.
3108 5198 3331 5256 Etiamsi
3358 5199 3425 5255 de
3447 5198 3729 5256 Salvatore

2139 5291 2254 5347 haec
2280 5291 2423 5347 dicta
2446 5292 2684 5347 volueris
2706 5291 3032 5363 intelligere,
3063 5308 3131 5349 ue
3152 5293 3363 5361 timeas,
3394 5293 3559 5347 habet
3578 5301 3632 5348 et
3660 5294 3737 5351 sic

2138 5389 2393 5461 allegoria
2418 5386 2751 5443 intellectum
2794 5399 2982 5441 suum:
3035 5386 3182 5440 venit
3208 5400 3390 5440 sermo
3420 5385 3632 5441 Domini
3664 5384 3730 5442 ad

2146 5509 2296 5563 hodie
2319 5505 2411 5560 sub
2440 5502 2660 5576 Angela.
2696 5501 2761 5556 Et
2792 5496 3120 5576 locupletius
3155 5496 3315 5576 paulo
3357 5511 3505 5576 post.
3538 5502 3737 5557 Confer

2141 5597 2259 5649 qum
2290 5580 2341 5633 in
2373 5571 2654 5649 hanc'rem
2693 5573 2973 5649 congessit
3002 5571 3731 5649 _IluetiusOt-igenianorunt

2140 5644 2234 5706 lib.
2269 5667 2326 5717 u,
2372 5655 2566 5719 quiest.
2602 5648 2839 5719 5,7num.
2878 5645 2963 5719 l8.
2998 5644 3102 5719 Sed
3136 5644 3347 5719 et_i_liud
3388 5644 3731 5719 animadver‘

2138 5714 2357 5779 tendunt
2382 5714 2404 5785 ,⁷
2438 5717 2848 5772 di~tinetionem
2881 5714 3016 5768 hanc
3047 5715 3275 5783 pluralis
3320 5714 3528 5773 numeri
3554 5727 3583 5764 a
3618 5716 3733 5772 sin-

2135 5794 2304 5867 gulari
2331 5792 2615 5847 llebrtcam
2662 5788 2896 5859 linguam
2928 5786 3148 5842 minime
3180 5789 3308 5859 pati.
