4128 6346
326 279 429 337 705

1568 274 1630 331 S.
1671 272 1945 333 EUSEBII
1987 271 2373 331 HIERONYMI

3520 277 3625 335 704

320 408 445 452 eum
477 434 492 461 ,
535 394 627 465 qui
659 392 729 450 de
755 391 973 465 Virgine
1001 390 1354 456 nascebatur,
1406 389 1459 446 id
1488 398 1591 457 est,
1627 390 1922 456 hominem,
1952 400 2000 462 Α
2029 389 2169 445 mala
2211 406 2327 445 vero
2365 392 2507 463 foras
2556 392 2850 463 proﬁcient.
2901 392 3135 464 Oportet
3162 408 3292 467 ergo
3325 396 3378 451 in
3426 410 3626 468 sageua

319 502 504 545 sermo
534 502 750 556 semper
779 487 831 541 in
863 485 1026 542 Patre
1071 500 1319 552 manens,
1353 492 1413 539 ut
1459 483 1651 539 ﬁerent
1697 492 1927 553 utraque

323 594 514 644 unum,
547 585 603 632 et
646 575 1058 632 consociaretur
1104 576 1285 645 homo,
1326 590 1485 643 quem
1515 575 1584 631 ob
1612 589 1924 630 sacramen-

323 681 433 727 tum
482 679 539 725 et
567 669 801 724 salutem
834 670 1098 725 universae
1134 669 1488 725 humanitatis
1533 668 1815 737 indueret,
1847 669 1928 725 di-

317 766 532 822 vinitati
558 764 677 835 ejus
696 774 747 818 et
772 772 984 820 natura:
1004 764 1263 835 unigeniti
1291 765 1409 820 Dei.
1439 762 1637 819 Factus
1667 774 1739 819 est
1762 781 1928 820 sermo

321 859 531 915 Domini
565 858 634 913 ad
664 856 987 914 Ezechielem
1027 859 1195 929 ﬁlium
1217 858 1347 913 Buzi
1370 856 1689 912 sacerdotem
1718 860 1770 911 in
1791 869 1930 913 terra

326 952 714 1011 Chaldaeorum.
791 951 1033 1008 Clialdtl‘i
1108 952 1177 1007 de
1246 952 1562 1009 cmlestibus
1611 952 1927 1023 disputant:

320 1047 562 1105 Chaldaei
634 1047 947 1102 nativitates
1027 1046 1304 1102 hominum
1374 1048 1786 1103 ratiocinantur.
1862 1046 1930 1103 In

320 1153 461 1200 terra
492 1141 861 1197 Chaldworum
888 1186 902 1212 ,
933 1142 1089 1213 quasi
1130 1143 1173 1197 si
1218 1143 1398 1210 dicat,
1444 1158 1632 1199 eorum
1667 1146 1759 1214 qui
1783 1160 1929 1201 asse-

320 1243 448 1291 runt
497 1233 666 1290 fatum
692 1276 706 1299 ,
774 1249 962 1290 eorum
1001 1235 1091 1305 qui
1126 1249 1317 1289 causas
1350 1236 1719 1291 universitatis
1749 1247 1928 1292 astro-

319 1344 443 1383 rum
486 1328 715 1383 circuitu
746 1327 1058 1383 vendicant.
1117 1329 1225 1384 Iste
1266 1344 1401 1398 ergo
1450 1346 1594 1384 nunc
1625 1346 1781 1386 error
1811 1374 1825 1397 ,
1876 1342 1930 1388 et

320 1423 485 1495 891
519 1423 619 1478 ista
651 1422 850 1477 mentis
883 1423 1212 1493 perversitas
1235 1422 1541 1494 figuraliter
1572 1427 1623 1479 in
1646 1424 1928 1480 Chaldaeo-

324 1534 443 1573 rum
486 1527 631 1573 terra
677 1518 1029 1589 significatur.
1080 1515 1146 1573 In
1193 1528 1331 1572 terra
1382 1517 1746 1574 Chaldaeorum
1785 1537 1931 1575 secus

324 1610 521 1679 ﬂumen
552 1606 777 1662 Chobar.
814 1606 879 1660 Et
911 1608 1051 1678 facta
1076 1617 1151 1661 est
1191 1606 1303 1661 illic
1326 1626 1483 1676 super
1512 1628 1590 1663 me
1609 1627 1792 1665 manus
1821 1610 1931 1666 Do-

325 1701 470 1755 mini.
509 1699 575 1754 Et
604 1713 787 1754 sermo
827 1698 1044 1753 Domini
1081 1698 1258 1756 factus
1308 1711 1391 1757 est
1425 1702 1491 1757 ad
1522 1702 1842 1774 prophetam
1876 1713 1931 1760 et

2033 489 2197 543 totius
2240 488 2500 544 Ecclesia:
2550 503 2671 542 esse
2706 498 2760 543 et
2804 489 2945 544 bona
2976 499 3030 544 et
3061 490 3223 545 mala.
3275 490 3335 546 Si
3359 491 3469 559 jam
3500 491 3622 546 uni-

2028 596 2186 636 versa
2217 580 2413 637 munda
2445 589 2593 647 sunt,
2626 580 2753 651 quid
2786 581 3221 653 derelinquimus
3262 583 3472 653 judicio
3491 584 3628 641 Dei?

2030 677 2097 733 Et
2121 677 2276 747 juxta
2312 676 2486 751 aliam
2538 674 2872 745 parabolam,
2923 686 2978 732 et
3017 675 3344 733 frumentum
3376 686 3432 735 et
3462 679 3631 748 palea}

2031 771 2084 824 iu
2110 784 2238 824 area
2264 771 2629 831 continentur,
2660 783 2780 822 cum
2812 768 3143 824 frumentum
3172 779 3380 825 tantum
3407 768 3633 827 inChric

2031 864 2099 919 sti
2128 865 2320 919 horrea
2353 864 2799 933 congregandum
2832 863 2923 927 sit,
2955 872 3008 920 et
3038 864 3429 920 discernantur
3457 868 3629 936 palea:

2031 958 2098 1013 ab
2128 971 2215 1021 eo,
2250 957 2409 1021 cujus
2428 956 2791 1011 ventilahruut
2818 956 2871 1010 in
2899 972 3060 1011 manu
3093 957 3231 1028 eju‘s,
3256 968 3311 1014 et
3350 958 3632 1016 mundabit

2031 1066 2211 1106 aream
2235 1065 2409 1117 suam,
2436 1058 2491 1105 et
2519 1050 2871 1121 congregabit
2898 1049 3226 1106 frumentum
3261 1052 3314 1106 in
3345 1051 3627 1119 horreum,

2034 1145 2218 1215 paleas
2238 1159 2372 1200 vero
2395 1153 2676 1200 consumet
2699 1144 2752 1197 in
2774 1144 2897 1214 igne
2913 1144 3307 1217 inextinguibili
3326 1143 3479 1217 (Luc.
3500 1160 3558 1199 ιιι
3588 1144 3628 1214 ).

2031 1237 2220 1308 Neque
2246 1238 2389 1292 enim
2424 1252 2611 1292 assero
2642 1252 2821 1291 aream
2858 1244 3027 1291 totum
3072 1250 3195 1291 esse
3222 1236 3505 1304 mundum,
3534 1235 3633 1292 sed

2032 1347 2214 1387 aream
2245 1330 2501 1401 intelligo
2530 1344 2652 1385 esse
2683 1340 2883 1385 coetum
2921 1329 3105 1397 populi
3134 1327 3454 1383 Christiani.
3490 1328 3636 1396 Quc-

2036 1423 2197 1478 modo
2221 1437 2561 1493 unaquaeque
2588 1437 2716 1476 area
2746 1420 3234 1489 circumscribitur,
3270 1430 3328 1476 et
3363 1433 3447 1477 est
3468 1422 3631 1493 plena

2035 1515 2328 1581 frumento,
2358 1516 2444 1571 vel
2475 1516 2668 1582 paleis,
2702 1529 2803 1571 nec
2828 1523 3003 1569 totum
3036 1513 3373 1569 frumentum
3400 1523 3505 1580 est,
3531 1529 3633 1570 nec

2037 1618 2207 1663 totum
2250 1624 2469 1663 rursum
2533 1608 2723 1678 palea:
2779 1609 2858 1663 sic
2894 1609 2946 1662 in
2978 1607 3241 1663 Ecciesiis
3285 1610 3634 1664 terrestribus

2034 1704 2174 1759 alius
2224 1712 2308 1759 est
2353 1702 2709 1771 frumentum,
2770 1690 2911 1757 alius
2959 1711 3043 1758 est
3091 1703 3265 1773 palea.
3316 1701 3516 1759 Verum
3546 1704 3636 1760 ubi

328 1807 542 1856 manus,
590 1798 651 1846 ut
708 1800 763 1845 et
807 1791 962 1845 factis
1007 1804 1298 1847 ornaretur
1345 1803 1400 1847 et
1448 1794 1650 1850 verbis.
1702 1794 1773 1849 Et
1821 1796 1929 1850 vidi
1963 1808 2007 1868 Β
2037 1816 2143 1854 non
2175 1814 2268 1853 sua
2293 1812 2475 1867 causa,
2502 1813 2605 1854 nec
2629 1813 2725 1867 per
2744 1798 3075 1853 voluntatem
3101 1798 3270 1868 palea:
3292 1808 3417 1853 sunt
3440 1801 3637 1870 (neque

326 1886 568 1939 uisiones.
630 1883 829 1955 Aliqua
878 1886 1263 1955 perstringam,
1316 1895 1371 1941 et
1418 1886 1543 1942 licet
1567 1905 1663 1957 pro
1685 1891 1935 1961 angustia

332 1979 593 2045 temporis
635 1993 721 2043 ea,
779 1994 898 2048 quae
947 1979 1082 2045 dixi,
1142 1981 1351 2051 possint
1414 1980 1688 2051 sufﬁcere,
1753 1993 1934 2040 tamen

330 2074 493 2129 etiam
521 2073 589 2128 de
618 2080 735 2128 toto
749 2088 985 2144 corpore
1004 2076 1232 2129 visionis
1256 2091 1466 2130 summa
1483 2078 1933 2149 qumquelibabo.

334 2168 404 2223 Et
424 2169 550 2236 vidi,
584 2178 630 2223 et
664 2186 779 2224 ecce
818 2170 1035 2239 spiritus
1069 2187 1284 2242 surgens
1308 2172 1540 2226 veniebat
1570 2172 1631 2227 ab
1662 2173 1933 2244 Aquilone.

332 2262 639 2333 Diligenter
660 2263 946 2319 considera
970 2279 1153 2319 rerum
1186 2280 1472 2320 numerum
1496 2282 1617 2337 qua:
1649 2267 1933 2324 dicuntur:

338 2355 573 2425 Spiritus
593 2373 826 2429 surgens,
872 2357 992 2412 sive
1030 2358 1272 2427 auferens
1302 2359 1536 2414 veniebat
1567 2361 1629 2414 ab
1661 2360 1933 2433 Aquilone,

333 2466 463 2508 ecce
491 2467 594 2505 una
627 2466 734 2505 res.
780 2451 847 2507 Et
875 2452 1033 2507 nubes
1062 2470 1249 2523 magna
1280 2462 1391 2508 erat
1414 2456 1467 2508 in
1497 2471 1590 2509 eo:
1631 2470 1759 2512 ecce
1789 2457 1932 2512 dum.

344 2543 411 2599 Et
428 2544 677 2615 splendor
698 2544 750 2598 in
776 2544 996 2598 circuitu
1026 2548 1175 2619 ejus:
1207 2561 1333 2601 ecce
1357 2556 1487 2602 tres.
1522 2546 1591 2601 Et
1616 2550 1751 2617 ignis
1777 2550 1937 2621 reful-

336 2653 492 2709 gens:
526 2651 654 2692 ecce
682 2647 938 2706 quatuor.
995 2637 1059 2690 Et
1092 2639 1143 2694 in
1166 2640 1333 2695 medio
1365 2641 1475 2709 ejus
1500 2642 1630 2695 sicut
1654 2642 1781 2696 visio
1807 2641 1941 2697 elec-

341 2729 409 2782 tri
440 2730 494 2783 in
522 2729 690 2783 medio
727 2730 899 2800 ignis:
947 2744 1074 2786 ecce
1111 2732 1371 2802 quinque.
1428 2732 1494 2786 Et
1542 2734 1715 2788 lumen
1754 2736 1805 2788 in
1836 2752 1894 2790 eo
1924 2753 1942 2791 :

336 2838 467 2879 ecce
493 2838 610 2878 sex.
668 2823 795 2878 Post
817 2824 926 2880 haec
954 2826 1241 2880 similitudo
1276 2837 1497 2898 quatuor
1528 2828 1862 2894 animalium,
1894 2840 1941 2883 et

338 2918 465 2972 visio
487 2934 682 2985 eorum,
718 2928 764 2973 et
787 2921 1017 2973 narratio
1047 2920 1294 2974 uisionis:
1342 2936 1468 2974 ecce
1511 2930 1739 2990 septem.
1794 2920 1862 2975 Et
1891 2923 1941 2976 in

339 3010 509 3065 medio
563 3011 890 3077 animalium,
939 3014 1089 3079 quasi
1112 3013 1353 3068 carbones
1394 3014 1565 3085 ignis:
1615 3030 1743 3070 ecce
1790 3027 1939 3071 octo.

340 3104 474 3174 Quis
517 3116 695 3175 potest
758 3108 856 3161 ista
908 3108 1212 3163 minutatim
1251 3112 1565 3178 exponere?
1594 3112 1726 3178 Quis
1755 3114 1825 3168 ita
1859 3120 1945 3167 est

2040 1893 2182 1947 enim
2240 1906 2305 1943 ex
2344 1891 2561 1960 preprio
2616 1887 2843 1944 arbitrio
2872 1889 3203 1943 frumentum
3234 1888 3338 1960 est)
3387 1888 3475 1943 hic
3504 1903 3637 1945 vero

2040 1984 2092 2039 in
2128 1992 2217 2039 tua
2248 1992 2516 2056 potestate
2541 1984 2776 2054 positum
2798 1992 2880 2039 est
2898 1992 2955 2039 ut
2980 1983 3057 2038 sis
3082 1983 3261 2053 palea,
3287 1984 3371 2039 vel
3401 1983 3640 2039 frumen-

2038 2088 2174 2133 tum.
2212 2079 2339 2133 Haac
2364 2095 2462 2133 nos
2489 2078 2690 2134 docere
2710 2078 2931 2142 debent,
2962 2086 3021 2131 ut
3041 2076 3086 2131 si
3123 2076 3419 2148 aliquando
3442 2077 3639 2147 aliquis

2040 2172 2093 2225 in
2121 2170 2632 2242 congregationibus
2671 2171 2878 2226 nostris
2906 2171 3105 2226 viderit
3130 2179 3494 2241 peccatorem,
3530 2186 3639 2225 non

2040 2265 2467 2331 scandalizetur,
2499 2280 2676 2334 neque
2716 2264 2892 2319 dicat:
2932 2264 3077 2320 Ecce
3108 2273 3365 2334 peccator
3397 2265 3448 2319 in
3495 2273 3640 2320 coetu

2040 2367 2231 2417 Sancto
2269 2369 2373 2415 est.
2420 2359 2474 2416 Si
2500 2359 2605 2414 hoc
2629 2360 2780 2428 licet,
2817 2360 2864 2415 si
2897 2359 3001 2415 hoc
3030 2359 3366 2424 conceditur,
3392 2374 3558 2431 quare
3590 2368 3645 2415 et

2041 2467 2140 2520 ego
2171 2467 2279 2507 non
2312 2453 2575 2521 peccem?
2622 2452 2759 2509 llun
2794 2454 2845 2506 in
2877 2454 3136 2523 praesenti
3181 2451 3384 2508 saeculo
3431 2466 3639 2518 sumus,

2042 2545 2092 2599 id
2127 2555 2210 2601 est
2241 2546 2292 2599 in
2326 2561 2454 2601 area
2498 2554 2553 2601 et
2603 2545 2655 2599 in
2693 2560 2915 2615 sagena,
2948 2552 3003 2600 et
3048 2545 3177 2600 boui
3219 2555 3276 2601 et
3325 2545 3453 2599 mali
3493 2544 3545 2599 in
3579 2560 3641 2601 ea

2042 2640 2415 2696 continentur.
2477 2638 2706 2706 Quando
2777 2647 2958 2693 autem
3017 2636 3231 2694 venerit
3255 2636 3505 2693 Christus
3547 2637 3640 2693 fiet

2043 2733 2323 2799 discretio,
2357 2742 2412 2789 et
2433 2733 2752 2803 implebitur
2778 2732 2907 2787 illud
2940 2731 3083 2801 quod
3112 2731 3180 2785 ab
3211 2730 3475 2801 Apostolo
3506 2730 3640 2785 dicio

2044 2840 2161 2885 tur:
2190 2827 2381 2882 Omnes
2410 2844 2503 2881 nos
2536 2836 2733 2897 oportet
2762 2826 3000 2881 assistere
3026 2835 3146 2879 ante
3175 2824 3405 2879 tribunal
3429 2824 3643 2891 Christi,

2045 2932 2099 2977 ut
2136 2930 2361 2992 reportet
2393 2921 2739 2988 unusquisque
2769 2920 2984 2991 prapria
3005 2919 3237 2991 corporis
3264 2920 3367 2983 sui,
3397 2935 3510 2989 qute
3532 2935 3645 2990 ges-

2044 3016 2109 3069 sit
2130 3016 2233 3068 sive
2265 3014 2399 3067 bona
2424 3014 2527 3066 sive
2553 3011 2694 3066 mala
2750 3011 2816 3080 (ll
2846 3009 2965 3066 Cor.
3000 3010 3100 3083 tv).
3141 3010 3266 3065 Haec
3295 3009 3347 3064 in
3380 3011 3646 3081 prommio

2048 3106 2113 3163 de
2143 3105 2687 3176 interpretationibus
2733 3105 3007 3160 visionum
3057 3112 3295 3159 aestuans
3325 3105 3538 3159 animus
3562 3112 3648 3159 est

342 3214 512 3268 capax
560 3200 785 3269 spiritus
829 3201 958 3267 Dei,
989 3212 1047 3256 ut
1092 3202 1207 3257 haec
1250 3202 1601 3259 Sacramenta
1641 3204 1941 3262 dilucidet?
1970 3206 2013 3268 c
2049 3200 2282 3265 locutus.
2315 3209 2371 3256 et
2404 3198 2685 3270 ambigens
2709 3214 2828 3269 quae
2873 3199 3051 3262 sileat.
3082 3214 3202 3266 qua!
3233 3196 3646 3268 proferentium

344 3291 647 3364 Oportebat
677 3304 1026 3349 accusatores
1069 3294 1374 3363 Creatoris,
1420 3308 1467 3351 et
1509 3299 1603 3353 Dei
1648 3299 1943 3370 propheta-

344 3404 463 3443 rum
498 3388 730 3457 primttm
770 3389 1076 3460 intelligere
1130 3406 1253 3461 qum
1282 3390 1535 3446 dicuntur
1582 3408 1611 3446 a
1638 3395 1940 3463 prophetis,

346 3492 399 3537 et
426 3491 613 3552 postea
643 3483 949 3538 criminari.
984 3483 1088 3550 Qui
1117 3485 1263 3540 enim
1296 3500 1428 3541 vere
1458 3496 1699 3551 accusat,
1755 3503 1816 3543 ea
1849 3488 1945 3542 de-

342 3578 431 3633 bet
458 3591 742 3642 accusare,
787 3591 907 3646 quae
939 3577 1107 3631 novit.
1160 3578 1217 3632 Si
1250 3593 1378 3633 vero
1408 3580 1644 3634 liceretici
1678 3596 1745 3635 ne
1776 3596 1943 3650 prope

340 3670 557 3738 quidem
582 3670 1037 3725 suntiutellectui
1080 3670 1287 3741 divino,
1335 3674 1609 3743 quomodo
1641 3675 1943 3731 rationabi-

340 3764 467 3820 liter
494 3773 776 3831 accusant,
812 3779 949 3834 quos
971 3780 1065 3819 eos
1110 3767 1324 3821 nescire
1366 3770 1785 3824 convincimus?
1813 3770 1940 3825 Dis-

304 3888 307 3901 λ
343 3869 490 3923 cant,
524 3858 647 3927 quis
679 3858 731 3910 in
763 3856 864 3912 hac
892 3857 1101 3912 visione
1140 3860 1211 3913 sit
1241 3874 1461 3915 sensus.
1505 3861 1747 3917 Primum
1775 3878 1944 3933 appa-

343 3959 427 4007 ret
456 3949 684 4018 Spiritus
714 3949 1006 4015 auferens;
1040 3948 1287 4007 secuntlo
1310 3954 1482 4007 nubes
1515 3970 1707 4025 magna
1736 3956 1791 4010 in
1834 3957 1943 4026 spi-

343 4046 453 4101 ritu
482 4045 799 4111 auferente;
852 4047 1014 4100 tertio
1062 4047 1322 4116 splendor
1373 4049 1425 4103 in
1456 4049 1682 4105 circuitu
1720 4052 1944 4119 spiritus

344 4139 681 4205 auferentis;
714 4150 907 4209 quarto
940 4140 1079 4209 ignis
1120 4140 1435 4211 refulgens;
1470 4143 1658 4212 quinto
1681 4145 1733 4199 in
1764 4146 1943 4201 medio

343 4230 464 4300 ejus
494 4234 640 4286 sicut
683 4231 821 4285 visio
853 4232 1062 4296 electri,
1096 4233 1235 4287 haud
1264 4232 1487 4289 dubium
1519 4237 1646 4306 quin
1680 4238 1733 4292 in
1766 4239 1944 4293 medio

345 4323 517 4395 ignis;
568 4336 723 4381 seno
761 4324 1025 4395 splendor
1066 4326 1118 4381 in
1151 4327 1345 4382 eodem
1394 4329 1621 4385 electro.
1669 4332 1944 4389 Confiteor

346 4415 583 4474 libenter
624 4432 652 4472 a
683 4418 953 4488 sapiente,
983 4427 1036 4472 et
1054 4419 1204 4474 fideli
1235 4422 1355 4475 viro
1378 4421 1575 4478 dictam
1592 4427 1938 4497 sententiam,

344 4524 511 4579 quam
545 4525 691 4581 saepe
721 4512 984 4583 suscipio.
1020 4512 1096 4567 De
1124 4514 1235 4570 Deo
1267 4523 1321 4571 et
1348 4530 1473 4570 vera
1514 4517 1700 4574 dicere
1724 4521 1939 4589 pericu-

2046 3294 2242 3349 leviter
2280 3300 2421 3347 tacta
2464 3292 2725 3358 dimittat,
2771 3307 2893 3362 qure
2918 3307 2988 3347 ex
3017 3292 3083 3345 iis
3122 3291 3489 3359 manifestius,
3523 3307 3646 3363 quae

2050 3387 2338 3442 obscurius
2390 3385 2714 3457 exponenda
2759 3385 2871 3440 siut
2893 3426 2907 3450 ,
2940 3386 2983 3439 si
3011 3395 3188 3441 tamen
3223 3386 3519 3455 poterimus
3548 3386 3648 3440 im-

2046 3482 2197 3552 plere
2239 3480 2384 3552 quod
2414 3479 2682 3550 cupimus.
2719 3478 2957 3534 Primum
3004 3494 3133 3550 ergo
3179 3478 3394 3533 videtur
3418 3479 3642 3549 spiritus

2043 3575 2325 3648 auferens:
2360 3574 2412 3628 id
2441 3573 2584 3645 quod
2613 3572 2771 3643 paulo
2794 3583 2919 3627 ante
2946 3573 3202 3637 diximus,
3222 3573 3348 3643 quia
3380 3573 3645 3628 Dominus

2046 3679 2228 3725 noster
2258 3669 2395 3739 ignis
2422 3682 2747 3723 consumens
2769 3668 2859 3733 sit,
2907 3667 3071 3723 etiam
3123 3682 3267 3722 nunc
3311 3668 3643 3738 repetimus],

2045 3772 2100 3818 et
2179 3762 2411 3817 dicimus
2497 3761 2621 3816 huic
2686 3760 2999 3816 testimonio
3073 3774 3396 3830 congruere.
3482 3760 3647 3832 893

2043 3854 2324 3923 Quomodo
2369 3854 2586 3924 ponitur
2631 3853 2852 3922 spiritus
2900 3853 3188 3908 auferens?
3242 3852 3380 3907 Deus
3428 3852 3645 3922 spiritus

2045 3960 2117 4006 est
2150 3949 2347 4020 (Joan.
2378 3948 2482 4018 tv),
2531 3958 2582 4003 et
2630 3948 2856 4018 spiritus
2908 3948 3157 4003 auferens
3197 3948 3460 4003 cernitur.
3508 3947 3648 4015 Quid

2044 4060 2075 4100 a
2108 4062 2193 4100 me
2218 4046 2415 4110 aufert,
2443 4047 2588 4101 etab
2626 4046 2804 4101 anima
2857 4062 2997 4113 mea,
3044 4055 3103 4102 ut
3147 4046 3340 4101 merito
3387 4044 3649 4100 auferens

2047 4140 2412 4209 praedicetur?
2442 4139 2638 4209 Utique
2663 4142 2834 4194 mala:
2869 4149 2921 4195 et
2956 4149 3085 4195 tunc
3124 4140 3301 4195 sentio
3349 4138 3651 4193 bonitatem

2047 4232 2185 4303 ejus,
2220 4234 2264 4288 si
2295 4249 2323 4287 a
2352 4248 2437 4289 me
2469 4234 2699 4303 pessima
2722 4249 2951 4304 quaeque
2974 4233 3278 4289 sustulerit.
3300 4232 3487 4302 Neque
3512 4245 3646 4286 vero

2048 4324 2344 4395 putandum
2392 4334 2477 4381 est
2519 4326 2681 4381 linem
2731 4341 2853 4383 esse
2894 4326 3278 4392 beatitudinis,
3326 4325 3369 4379 si
3411 4340 3441 4379 a
3488 4324 3647 4379 malis

2048 4419 2379 4486 liberemur,
2422 4420 2637 4474 initium
2669 4420 2946 4476 felicitatis
2976 4427 3061 4475 est
3087 4434 3276 4475 carere
3312 4425 3564 4489 peccato;
3594 4426 3649 4471 et

2049 4515 2101 4569 in
2128 4514 2364 4569 Jeremia
2390 4513 2655 4571 scribitur
2679 4515 2894 4585 (omnia
2919 4514 3119 4583 quippe
3142 4528 3261 4583 qua:
3284 4513 3335 4565 in
3362 4508 3652 4578 Prophetis

347 4604 457 4659 lum
488 4612 591 4658 est.
633 4603 817 4673 Neque
848 4606 993 4659 enim
1023 4621 1085 4661 ea
1110 4616 1314 4663 tantum
1340 4610 1643 4679 periculosa
1670 4622 1794 4667 sunt
1825 4630 1942 4684 quae
1972 4596 2024 4656 Π
2049 4608 2249 4677 scripta
2282 4616 2409 4663 sunt
2435 4608 2862 4663 clementissimo
2897 4607 3006 4663 Deo
3044 4602 3486 4677 ventlico):Ecce
3532 4603 3654 4656 dedi

346 4698 481 4752 falsa
512 4698 579 4751 de
626 4712 692 4752 eo
743 4698 1026 4754 dicuntur:
1072 4702 1168 4756 sed
1197 4704 1358 4758 etiam
1383 4720 1505 4775 qua:
1536 4721 1664 4762 vera
1697 4715 1845 4771 sunt,
1888 4718 1941 4763 et

350 4807 458 4846 non
488 4799 795 4861 opportune
823 4793 1190 4862 proferuntur,
1224 4796 1424 4852 dicenti
1456 4799 1753 4867 periculum
1777 4816 1947 4871 gene~

342 4894 486 4938 rant.
525 4884 816 4955 Margarita
848 4900 978 4939 vera
1011 4894 1112 4952 est,
1145 4887 1239 4942 sed
1269 4890 1313 4944 si
1338 4905 1617 4959 perverse,
1643 4892 1942 4949 discrimen

349 4983 465 5054 ejus
506 4991 611 5047 est,
664 4982 805 5051 quod
843 4982 1298 5051 lljdicitpedibus
1348 5001 1558 5043 eorum.
1608 4990 1674 5044 Et
1699 4998 1761 5044 ut
1786 4990 1942 5059 juxta

350 5092 451 5131 nos
484 5076 702 5147 aliquod
735 5092 1004 5147 ponamus
1056 5080 1388 5149 exemplum.
1439 5084 1796 5141 collectiones
1824 5085 1945 5141 ista:

351 5187 458 5225 non
509 5169 686 5225 stilum
730 5174 780 5224 in
831 5169 997 5236 Elia,
1048 5188 1157 5227 non
1212 5182 1420 5231 tantum
1460 5177 1670 5244 Romm,
1732 5194 1836 5234 non
1890 5180 1942 5233 in

350 5263 703 5330 Alexandria,
746 5263 841 5319 sed
866 5264 917 5318 in
949 5264 1096 5319 omni
1133 5267 1301 5322 semel
1330 5268 1461 5321 orbe
1490 5270 1653 5341 892
1688 5269 1942 5323 similitu-

352 5356 532 5412 dinem
564 5356 811 5413 referunt
833 5372 1070 5429 sageuar,
1088 5374 1207 5429 qure
1230 5375 1295 5413 ex
1317 5361 1463 5414 omni
1490 5375 1685 5430 genere
1719 5362 1943 5428 piscium

351 5449 513 5518 capit.
546 5449 665 5505 Non
691 5460 919 5520 possunt
948 5449 1199 5506 universa
1228 5452 1368 5506 bona
1393 5466 1514 5506 esse
1544 5467 1664 5523 quae
1691 5452 1943 5509 incidunt

350 5540 405 5597 in
433 5557 572 5597 eam.
631 5542 723 5599 Ait
763 5546 964 5615 quippe
996 5545 1281 5599 Salvator:
1344 5542 1474 5599 Cum
1509 5547 1849 5612 extraxerint,
1894 5557 1945 5601 et

346 5650 493 5691 secus
521 5636 666 5692 littus
695 5638 939 5706 sederint,
993 5641 1181 5713 eligent
1210 5639 1342 5694 bona
1370 5640 1580 5711 quidem
1608 5640 1661 5693 in
1684 5657 1805 5695 rasa
1826 5657 1939 5707 sua,

417 5757 444 5788 ⁸
472 5748 561 5807 Sic
607 5760 665 5807 et
694 5751 1025 5809 Genebrardi
1049 5764 1104 5808 et
1124 5754 1450 5810 Basileensis
1479 5752 1743 5809 vetuStior
1772 5753 1940 5810 editio

342 5821 564 5881 habent.
624 5823 734 5881 Nec
764 5824 948 5880 dubito
997 5834 1198 5893 tamen,
1233 5834 1555 5897 corruptum
1581 5825 1761 5883 locum
1792 5839 1931 5893 esse,

2049 4718 2308 4758 sermones
2336 4718 2472 4756 meos
2497 4703 2550 4755 in
2579 4718 2635 4755 os
2667 4711 2831 4767 tuum,
2862 4717 2972 4756 ecce
3000 4700 3242 4754 constitui
3269 4706 3315 4752 te
3344 4714 3497 4769 super
3527 4713 3655 4768 gen-

2051 4804 2124 4850 tes
2170 4807 2214 4850 et
2254 4812 2415 4869 regna
2452 4796 2714 4849 cradicare
2735 4838 2748 4861 ,
2795 4803 2841 4850 et
2870 4793 3151 4861 stt/fodere,
3176 4803 3223 4847 et
3254 4791 3573 4862 disperdere,
3606 4799 3651 4845 et

2050 4893 2340 4962 tediﬁcare,
2376 4902 2421 4945 et
2464 4889 2863 4964 plantare(.ler.
2895 4891 2972 4957 ι).
3014 4888 3289 4957 Benignus
3334 4894 3417 4941 est
3468 4885 3652 4951 Deus,

2052 4984 2186 5039 dans
2238 4998 2521 5038 sermones
2567 4982 2633 5037 ad
2684 4981 3093 5038 eradicandum.
3145 4979 3347 5035 Verum
3399 4978 3527 5047 quid
3568 4987 3655 5032 est

2049 5076 2193 5148 quod
2226 5075 2490 5131 eradicari
2517 5075 2730 5140 debeat,
2769 5085 2823 5129 et
2854 5074 3133 5130 subverti?
3163 5072 3219 5127 Si
3255 5087 3356 5143 qui
3388 5069 3652 5141 plautatio

2051 5172 2105 5227 in
2135 5170 2318 5225 animo
2349 5171 2485 5225 mala
2518 5180 2630 5225 est:
2654 5171 2699 5225 si
2728 5185 2831 5242 qua
2863 5179 3013 5225 secta
3043 5182 3297 5238 nequam,
3340 5166 3480 5219 hanc
3524 5180 3650 5218 era-

2050 5265 2228 5329 dicat,
2278 5265 2414 5319 banc
2458 5265 2723 5319 subvertit
2772 5280 2956 5320 sermo
3006 5262 3382 5333 propheticus.
3435 5259 3653 5315 Utinam

2052 5369 2231 5414 autem
2263 5360 2539 5429 contingat
2568 5369 2625 5413 ut
2656 5358 2787 5413 mihi
2837 5360 2960 5413 talis
3001 5372 3182 5412 sermo
3230 5356 3499 5420 donetur,
3552 5354 3645 5424 qui

2050 5451 2293 5507 eradicet
2313 5450 2691 5506 haereticorum
2715 5452 2949 5516 semina,
2974 5458 3030 5504 et
3046 5449 3348 5505 doctrinam
3370 5462 3436 5502 ex
3458 5445 3653 5501 Zabuli

2051 5546 2201 5602 fonte
2232 5555 2561 5609 manantem,
2594 5546 2685 5613 qui
2712 5544 2781 5599 de
2812 5544 2932 5615 ejus
2973 5544 3173 5611 anima,
3217 5542 3307 5613 qui
3354 5556 3499 5595 nunc
3545 5542 3653 5609 pri-

2054 5655 2199 5695 mum
2234 5640 2528 5696 Ecclesiam
2558 5637 2882 5711 ingreditur,
2910 5637 3234 5693 idololatria:
3257 5634 3469 5690 auferat
3496 5634 3655 5705 plan-

2050 5763 2143 5809 aut
2170 5754 2449 5821 mutilum;
2517 5753 2616 5809 sed
2663 5752 2881 5822 quando
2910 5758 3128 5808 veteres
3192 5751 3317 5807 libri
3372 5746 3654 5820 suppetias

2048 5841 2154 5882 non
2186 5825 2386 5891 ferunt,
2419 5841 2486 5882 ex
2522 5825 2740 5896 ingenio
2803 5823 3031 5892 reﬁgere
3069 5838 3176 5881 non
3206 5824 3362 5879 libet.
