4128 6346
396 208 499 264 707
1648 209 1708 264 Β.
1753 203 2029 266 EUSEBII
2067 204 2454 263 IIIERONYMI
3596 203 3702 258 708

395 323 686 394 tripartitio
713 325 944 382 animae?
975 325 1079 382 Per
1109 325 1383 382 hominem
1408 326 1674 384 rationale
1703 325 1823 395 ejus
1851 323 1984 379 indi-
2019 320 2068 382 A
2097 320 2218 376 tiat.
2249 320 2304 374 Si
2334 335 2419 373 me
2459 326 2651 388 arguat
2685 316 2781 373 Dei
2808 331 3011 383 sermo,
3049 315 3270 372 tentibo
3291 316 3564 381 converti,
3600 334 3700 369 nec

395 423 570 483 catur,
603 431 696 488 per
727 417 939 474 leonem
976 418 1290 488 iracundia,
1328 433 1426 491 per
1469 418 1695 474 vitulum
1742 415 1994 486 concupi-

396 511 620 576 scentia.
654 511 887 581 Spiritus
915 527 1045 568 vero
1067 511 1159 583 qui
1190 513 1444 586 praesidet
1474 513 1539 568 ad
1577 511 1989 588 auxiliandum,

397 617 502 660 non
547 610 631 660 est
658 617 687 656 a
719 603 950 672 dextris.
981 613 1039 666 ut
1068 603 1257 680 homo,
1289 605 1374 661 vel
1405 606 1520 674 leo;
1552 620 1660 660 non
1693 614 1779 680 est
1807 620 1834 656 a
1865 603 1995 657 sitti-

395 695 544 763 stris,
581 705 636 752 ut
661 697 891 770 vitulus;
922 699 1019 756 sed
1049 716 1218 772 super
1247 715 1436 758 omnes
1466 710 1576 772 tres
1607 698 1775 766 (acies
1815 699 1995 754 consi-

392 791 506 854 ειὶι-
556 791 748 866 Aquila
789 796 988 869 quippe
1028 797 1080 853 in
1113 798 1222 854 alio
1264 799 1384 856 loco
1415 807 1774 870 nuncupatur,
1811 811 1866 852 ut
1900 814 1994 867 per

393 884 647 956 aquilam,
671 889 919 958 spiritum
945 892 1327 962 praesidentem
1351 895 1547 950 animae
1567 891 1850 963 signiﬁcet.
1874 892 1996 961 Stti-

395 979 555 1040 ritum
583 990 763 1038 autem
799 984 1036 1042 hominis
1063 986 1210 1053 dico,
1234 988 1326 1060 qui
1355 986 1408 1042 in
1437 1000 1504 1042 eo
1547 997 1648 1052 est.
1697 987 1870 1055 Atque
1922 985 1991 1038 ita

394 1072 574 1128 omnia
603 1073 875 1146 ducuntur
904 1089 1036 1134 nutu
1065 1079 1180 1146 Dei,
1212 1080 1480 1150 coeleStia,
1515 1076 1799 1140 terrestria
1831 1087 1886 1133 et
1912 1080 1995 1132 in-

393 1161 574 1232 ferna,
606 1177 660 1222 et
689 1183 756 1226 ea
781 1185 904 1242 qua:
929 1186 1094 1244 super
1121 1172 1290 1234 etnlos
1315 1184 1436 1230 sunt
1465 1192 1478 1229 :
1511 1182 1566 1228 et
1592 1170 1864 1228 efficimur
1895 1186 1994 1224 nos

393 1272 585 1314 omnes
613 1258 928 1332 Cherubim,
958 1279 1078 1338 quae
1106 1265 1208 1322 sub
1239 1265 1466 1338 pedibus
1495 1265 1590 1320 Dei
1618 1273 1764 1332 sunt,
1799 1262 1997 1333 quibus

393 1352 697 1424 conjunctae
736 1363 864 1412 sunt
910 1367 1072 1426 rotae,
1117 1368 1172 1414 et
1208 1358 1589 1428 subsequimur
1629 1373 1711 1413 ea.
1747 1355 1864 1410 Non
1895 1355 1995 1410 sub

394 1457 538 1516 rota,
575 1464 752 1522 neque
780 1451 882 1512 sub
910 1452 1096 1508 saeculi
1123 1452 1331 1518 ditiuue
1371 1454 1644 1526 rebusque
1690 1466 1993 1518 versamur,

396 1554 517 1616 cum
545 1541 656 1612 jam
697 1561 795 1612 per
825 1549 1133 1617 passionem
1163 1545 1368 1616 Christi
1410 1562 1596 1603 sumus
1627 1562 1657 1602 a
1689 1544 1872 1600 tunndi
1903 1559 1992 1598 ne-

394 1633 560 1702 gotiis
592 1634 826 1694 liberati.
859 1637 926 1702 Et
954 1640 1152 1708 retain
1183 1641 1352 1698 medio
1390 1649 1537 1695 rotae.
1586 1638 1644 1712 Si
1682 1636 1995 1693 consideres

2095 413 2224 486 quia
2265 418 2556 466 adversum
2599 425 2684 466 me
2711 410 2890 481 aliqua
2919 411 3194 477 dicuntur,
3228 410 3320 480 qui
3347 409 3534 464 videor
3563 409 3700 463 doc-

2099 516 2184 561 tor
2208 521 2330 562 esse
2359 505 2640 576 Ecclesize,
2669 505 2842 562 debeo
2868 514 3055 560 tacere
3081 522 3094 558 :
3126 519 3313 558 verum
3344 501 3702 573 mihimetipsi

2097 614 2204 656 non
2250 615 2502 668 parcens,
2535 610 2730 654 cuncta
2775 597 3058 665 revelabo,
3099 613 3218 668 quae
3269 597 3411 652 dicta
3452 606 3611 664 sunt,
3644 603 3705 651 ut

2095 704 2388 750 convertar
2410 711 2440 750 a
2471 696 2645 762 vitiis,
2681 703 2739 772 ut
2766 693 2889 749 liam
2920 710 3030 749 non
3057 708 3121 750 ex
3151 693 3237 748 bis
3258 708 3395 766 quos
3420 691 3701 764 Scriptura

2097 804 2240 842 nunc
2272 788 2520 862 corripit,
2555 786 2649 844 sed
2692 805 2759 843 ex
2807 789 2888 843 his
2918 789 3008 860 qui
3046 803 3353 844 sermonem
3392 787 3491 844 Dei
3525 787 3701 844 verise

2097 880 2230 935 sime
2263 880 2648 952 prtedicautes,
2687 881 2741 933 in
2790 881 3037 935 Ecclesia
3072 881 3398 935 exstiterunt
3429 880 3698 949 magistri.

2097 972 2366 1046 Propheta
2410 992 2567 1043 super
2614 975 2894 1045 prophetas
2927 971 3121 1042 Israel,
3152 971 3240 1042 qui
3285 969 3621 1042 prOphetunt,
3649 979 3701 1024 et

2099 1067 2236 1122 dices
2265 1065 2560 1139 prophetis.
2591 1066 2880 1134 Quomodo
2904 1066 3112 1138 8988
3143 1079 3279 1135 opus
3304 1066 3698 1134 prophetarum

2097 1170 2214 1215 erat
2251 1161 2367 1214 haec
2396 1159 2592 1228 Spiritu
2626 1159 2928 1230 prtedicere
2953 1159 3072 1229 qua:
3109 1156 3435 1212 videbantur
3461 1175 3472 1210 :
3499 1157 3576 1211 sic
3606 1171 3702 1212 eo—-

2099 1251 2222 1306 dem
2254 1252 2450 1321 Spiritu
2481 1266 2618 1322 opus
2645 1261 2729 1306 est
2759 1252 2831 1316 ei,
2867 1251 2956 1324 qui
2987 1265 3264 1322 exponere
3295 1249 3442 1324 cupit
3469 1264 3555 1316 ea,
3579 1265 3702 1320 qua:

2099 1355 2224 1400 sunt
2250 1345 2483 1400 latenter
2513 1329 2839 1414 signiﬁcata,
2878 1353 2934 1398 ut
2967 1351 3237 1398 monstret
3257 1339 3311 1408 1’,
3341 1329 3449 1396 non
3476 1339 3546 1396 ad
3573 1356 3699 1396 eum

2099 1436 2214 1492 ﬁeri
2243 1437 2612 1508 prophetiam,
2645 1437 2734 1506 qui
2768 1445 2957 1492 contra
2999 1435 3093 1491 Dei
3131 1435 3298 1490 docet
3339 1436 3701 1499 voluntatem,

2099 1531 2189 1600 qui
2211 1531 2504 1601 prophetat
2536 1531 2603 1584 de
2634 1529 2800 1584 corde
2826 1543 2946 1584 suo.
2972 1529 3131 1585 Juxta
3157 1527 3460 1598 simplicem
3483 1525 3706 1598 quidem

2103 1622 2464 1688 intellectmn,
2496 1621 2718 1694 quidam
2751 1621 3138 1692 prephetarum
3169 1619 3240 1674 de
3271 1618 3456 1673 divino
3483 1618 3700 1689 spiritu,

394 1727 670 1800 ρυρωοάο
693 1744 789 1802 ρει-
809 1733 1113 1798 contrarios
1143 1740 1374 1806 ργρηιηε
1404 1733 1645 1790 salvat,"-
1671 1729 1996 1802 universims
2025 1720 2074 1780 B
2101 1717 2415 1786 loquentes,
2465 1732 2573 1770 non
2624 1716 2692 1770 de
2742 1713 2908 1769 corde
2953 1730 3052 1770 suo
3099 1714 3266 1770 locuti
3309 1723 3458 1782 sunt,
3499 1711 3597 1768 sed
3636 1712 3706 1768 de

393 1835 598 1898 rerum,
625 1822 740 1878 sive
766 1825 816 1878 in
852 1823 958 1892 bis,
992 1825 1083 1896 qui
1113 1836 1372 1902 putantur
1401 1841 1607 1888 errare,
1640 1826 1758 1880 sive
1789 1823 1840 1878 in
1880 1823 1993 1890 his,

393 1919 484 1986 qui
515 1917 584 1992 ab
608 1932 796 1974 errore
827 1921 1080 1984 dicuntur
1109 1921 1298 1986 alieni,
1324 1921 1535 1976 videbis
1566 1918 1838 1990 quomodo
1872 1924 1996 1992 rota

393 2009 448 2063 in
482 2011 660 2066 medio
690 2020 824 2067 rota:
850 2013 940 2074 sit.
975 2013 1102 2082 llaec
1129 2026 1311 2084 autem
1337 2017 1478 2087 regit
1507 2013 1686 2070 omnia
1707 2057 1721 2082 ,
1763 2022 1817 2066 et
1859 2025 1993 2082 Quo-

389 2115 624 2178 cumque
652 2103 762 2174 vult
789 2113 1005 2176 torquet
1025 2107 1189 2162 totius
1215 2107 1584 2174 universitatis
1609 2097 1750 2170 Deus
1774 2104 1824 2157 in
1846 2101 1996 2168 Chri-

389 2203 476 2260 8ιο
505 2194 654 2262 «lesu,
683 2198 767 2254 cui
797 2206 881 2254 est
903 2199 1076 2272 gloria
1109 2210 1166 2277 etK
1191 2199 1478 2272 imperium
1510 2200 1562 2256 in
1594 2198 1791 2268 saecula
1820 2211 1992 2252 saecu-

394 2289 595 2366 lorum,
627 2289 820 2358 Arnen.

860 2387 1146 2446 nemus
1185 2386 1525 2462 SECUNDA.

399 2499 472 2556 De
493 2515 562 2575 eo
585 2501 730 2575 quod
747 2500 947 2575 dicitur
974 2521 986 2575 ς
1013 2502 1121 2558 Fiti
1141 2504 1390 2568 hominis,
1411 2503 1660 2575 propheta
1688 2519 1842 2574 super
1865 2518 1991 2573 pro-

465 2572 868 2651 phetas_lsrael,
900 2574 989 2647 qui
1017 2579 1331 2651 praphelant
1353 2572 1418 2632 de
1447 2572 1604 2651 corde
1633 2572 1988 2651 suo,'_usqtte:

467 2642 764 2718 Extendam
796 2642 1204 2718 ntan'ttnt'mehm
1244 2647 1324 2718 adi
1355 2646 1656 2718 prophetas,
1689 2647 1776 2716 qui
1818 2642 1991 2700 vident

463 2730 617 2780 rana,
642 2725 688 2769 et
713 2717 946 2771 divinant
971 2718 1246 2773 mendacia
1275 2717 1432 2790 (Cap.
1455 2717 1601 2790 xm).

469 2827 633 2908 897
663 2826 876 2883 Nullam
908 2830 1142 2900 speciem
1175 2840 1528 2908 peccatorum
1549 2831 1828 2906 Scriptura
1861 2833 1993 2889 reti-

391 2931 498 2989 cet,
525 2923 593 2978 de
622 2939 724 2996 qua
760 2941 863 2978 non
891 2923 1084 2982 doceat
1120 2927 1378 2996 legentes.
1411 2926 1662 2998 Oportuit
1692 2930 1833 2983 enim
1867 2945 1988 2984 ver-

391 3017 518 3070 bum
557 3017 648 3072 Dei
696 3019 1024 3074 missum‘ad
1071 3022 1346 3076 sanandos
1385 3038 1499 3089 eos,
1546 3022 1638 3094 qui
1677 3023 1988 3089 audiebant,

391 3099 609 3165 omnem
643 3110 889 3192 spiritum
921 3123 1264 3192 peccatorum
1290 3116 1675 3188 perstringere,
1701 3123 1756 3171 ct
1785 3117 1992 3171 univer-
2019 3099 2065 3163 (ἶ

388 3202 466 3256 sis
503 3187 816 3262 hominibus
841 3187 1009 3276 loq'ui,
1043 3215 1101 3262 ut
1142 3222 1304 3263 nemo
1355 3187 1698 3263 fraudaretur
1733 3209 1992 3264 remediis

387 3298 738 3366 salutaribus,
772 3308 827 3354 et
871 3300 955 3354 his
999 3302 1245 3368 medelis,
1277 3319 1394 3373 quze
1443 3301 1753 3359 vulneribus
1782 3303 1993 3374 possint

387 3391 653 3460 prodesse
683 3379 961 3449 curandis.
1000 3395 1282 3470 Quomodo
1320 3411 1451 3468 ergo
1494 3397 1753 3452 dicuntur
1784 3399 1886 3451 alia
1925 3398 1993 3454 de

391 3487 610 3562 populo,
641 3488 743 3542 alia
776 3487 843 3544 de
873 3489 1261 3544 sacerdotibus
1297 3491 1532 3564 magnis,
1565 3500 1620 3546 et
1649 3491 1896 3561 quaedam
1926 3491 1994 3546 de

391 3581 749 3652 presbyteris,
781 3596 845 3636 ac
878 3582 1133 3636 nonnulla
1170 3583 1236 3637 de
1265 3573 1755 3654 dispensatoribus,
1787 3595 1840 3638 et
1873 3585 1994 3653 qui-

387 3673 510 3728 dem
536 3674 690 3729 bonis
715 3673 1184 3743 dispensatoribus
1214 3675 1352 3740 laus,
1380 3675 1534 3730 malis
1563 3692 1690 3730 vero
1720 3675 1878 3744 culpa
1905 3691 1994 3728 as-

387 3765 613 3838 cribitur
640 3784 651 3820 :
687 3775 744 3821 ut
773 3767 863 3822 alii
893 3767 1328 3824 exhortationem
1351 3767 1617 3838 accipiant
1645 3768 1710 3822 ad
1739 3769 1992 3836 meliora,

387 3860 480 3914 alii
509 3875 638 3934 vero
669 3870 725 3915 ut
762 3861 815 3915 in
861 3860 1047 3932 pejora
1089 3879 1197 3917 nott
1231 3871 1486 3917 corruant
1521 3881 1532 3916 :
1574 3863 1653 3916 sic
1681 3871 1891 3932 oportet
1926 3863 1992 3917 de

385 3953 540 4036 falsis
585 3971 648 4010 ac
697 3957 842 4012 veris
884 3957 1172 4028 praphetis
1211 3956 1462 4036 divinam
1498 3957 1716 4014 edoceri
1746 3956 1990 4026 discipli-

387 4033 540 4116 nam,
559 4053 916 4120 utprophette
938 4049 1155 4120 quidem
1183 4033 1520 4119 accipiantur
1543 4049 1595 4103 in
1624 4065 1742 4105 eam
1774 4049 1990 4106 demum

390 4154 618 4212 partem,
651 4143 742 4214 qui
777 4143 958 4198 verbis
993 4142 1088 4197 Dei
1124 4144 1434 4198 ministrant
1472 4161 1483 4197 :
1522 4159 1617 4212 per
1652 4143 1992 4214 pseudopro-

386 4227 578 4304 pheias
618 4249 745 4289 vero
785 4235 1146 4304 designentur
1191 4221 1557 4289 Ecclesiarum
1604 4233 1865 4305 magistri,
1899 4231 1993 4303 qui

387 4352 495 4390 nou
525 4345 692 4404 recte,
722 4352 820 4391 seu
846 4351 1124 4414 sermone,
1147 4351 1242 4391 seu
1266 4335 1377 4389 vita
1407 4343 1711 4406 congruunt
1733 4334 1804 4400 ei,
1832 4348 1992 4403 quam

387 4429 706 4499 praedicant,
729 4429 1054 4500 disciplina).
1089 4427 1223 4483 Lecti
1245 4435 1577 4506 quapropter
1601 4426 1794 4490 simus,
1819 4424 1865 4480 si
1894 4441 1992 4481 nos

2098 1826 2259 1865 sensu
2298 1812 2388 1865 Dei
2422 1829 2432 1863 ;
2467 1810 2686 1880 quidam
2731 1824 2863 1865 vero
2902 1808 3225 1864 simulantes
3275 1824 3334 1863 se
3380 1806 3702 1878 prephetas,

2095 1912 2255 1971 atque
2281 1901 2528 1957 dicentes
2553 1921 2564 1954 :
2598 1901 2722 1956 llwc
2752 1901 2876 1955 dicit
2903 1899 3178 1966 Dominus,
3205 1901 3436 1956 Domino
3468 1915 3577 1956 non
3613 1899 3699 1955 lo-

2096 2007 2296 2066 quente
2336 1999 2388 2050 in
2438 1999 2551 2063 eis,
2591 1995 3086 2066 pseudopropheta:
3121 1996 3476 2050 exstiterunt.
3518 1994 3709 2050 Potest

2095 2099 2275 2144 autem
2307 2098 2363 2144 et
2393 2105 2554 2158 super
2583 2104 2700 2154 eos,
2727 2089 2818 2164 qui
2851 2090 3054 2144 docent
3078 2087 3130 2142 in
3164 2088 3446 2155 Eeclesiis,
3475 2089 3521 2144 si
3549 2089 3708 2162 aliter

2097 2198 2257 2256 quam
2308 2182 2482 2253 poscit
2526 2184 2750 2249 veritas,
2785 2181 3014 2247 docent,
3063 2197 3308 2262 prmsens
3348 2197 3530 2237 sermo
3573 2197 3707 2238 con-

2093 2291 2311 2346 gruere.
2337 2278 2392 2332 Si
2426 2276 2548 2346 quis
2576 2276 2725 2331 enim
2754 2292 2839 2341 ea,
2873 2292 2996 2347 quae
3032 2275 3191 2331 Jesus
3221 2273 3475 2331 Christus
3517 2276 3707 2330 Domi-

2095 2383 2201 2422 nus
2235 2368 2451 2423 loeutus
2481 2379 2595 2434 est,
2631 2382 2651 2406 ε
2687 2370 2800 2439 ipsa
2833 2384 2986 2440 teque
3018 2369 3246 2435 doceat,
3289 2384 3394 2446 non
3429 2369 3496 2424 de
3537 2361 3706 2424 corde

2093 2476 2224 2526 Suo,
2259 2461 2352 2516 sed
2387 2461 2456 2517 de
2489 2460 2697 2532 Spiritu
2729 2473 2922 2518 sancto
2965 2462 3211 2534 loquitur
3248 2476 3534 2517 sermones
3577 2459 3704 2518 Filii

2096 2552 2188 2609 Dei
2239 2553 2388 2610 Jesu.
2433 2555 2490 2610 Si
2537 2556 2813 2611 consentit
2867 2555 3107 2613 Sanctus
3149 2555 3374 2625 spiritus
3430 2553 3700 2608 voluntati

2095 2647 2235 2715 ejus,
2262 2645 2353 2716 qui
2380 2647 2433 2701 in
2458 2648 2737 2717 Apostolis
2766 2649 2982 2704 locutus
3005 2657 3111 2716 est,
3143 2663 3253 2702 non
3285 2647 3351 2702 de
3385 2647 3549 2702 corde
3579 2663 3701 2716 pro-

2096 2743 2213 2811 prio
2245 2743 2506 2812 loquitur,
2537 2744 2634 2798 sed
2668 2744 2736 2798 de
2777 2744 2944 2799 corde
2979 2741 3219 2812 Spiritus
3252 2744 3444 2807 sancti,
3487 2743 3574 2812 qui
3616 2749 3704 2800 est

2095 2833 2312 2890 locutus
2347 2837 2398 2890 in
2431 2836 2635 2898 Paulo.
2671 2837 2856 2906 quiest
2879 2837 3094 2891 locutus
3126 2835 3179 2890 in
3213 2834 3398 2908 Petro,
3433 2836 3564 2891 etin
3593 2851 3700 2890 ca:-

2096 2929 2230 2982 teris
2251 2929 2517 2998 apostolis
2535 2943 2612 2983 est
2650 2931 2886 2984 locutus.
2919 2929 2975 2986 Si
3007 2929 3128 3000 quis
3148 2945 3277 2986 vero
3310 2931 3496 3000 legens
3521 2930 3701 2984 Evan-

2095 3021 2331 3090 gelium,
2363 3022 2642 3091 proprium
2685 3037 2907 3077 sensum
2962 3031 3112 3093 aptat
3137 3023 3467 3095 Evangelio,
3493 3037 3601 3078 non
3626 3025 3699 3078 ita

2097 3113 2444 3184 intelligens,
2473 3125 2532 3170 ut
2564 3115 2824 3170 Dominus
2852 3115 3064 3172 locutus
3097 3127 3201 3182 est,
3236 3118 3337 3176 iste
3368 3117 3536 3172 falsus
3570 3099 3690 3189 pro'

2097 3207 2258 3278 pheta
2324 3217 2436 3276 est,
2495 3209 2722 3279 loquens
2769 3207 2835 3264 de
2892 3211 3058 3266 corde
3097 3213 3317 3281 prOprio
3362 3212 3413 3267 itt
3458 3212 3702 3282 Evange-

2098 3301 2189 3356 lio.
2248 3301 2314 3356 Et
2368 3301 2436 3356 de
2495 3301 2769 3357 htereticis
2827 3302 3042 3372 quidem
3088 3303 3227 3370 fnibil
3274 3304 3570 3362 absurdum
3617 3313 3703 3360 est

2096 3392 2212 3449 hmc
2254 3395 2398 3448 dicta
2451 3393 2775 3462 intelligere.
2837 3394 3117 3450 Disserunt
3171 3397 3368 3467 quippe
3421 3397 3578 3466 quasi
3643 3397 3701 3451 in

2095 3485 2449 3556 Evangeliis,
2509 3496 2562 3540 et
2640 3487 2794 3555 quasi
2863 3485 2934 3542 de
2988 3485 3295 3557 Apostolis,
3336 3491 3526 3545 αἰώνων
3575 3503 3702 3545 suo-

2094 3598 2214 3636 rum
2276 3581 2484 3636 fahulas
2527 3581 2751 3652 proprio
2814 3581 2980 3638 corde
3037 3594 3407 3654 exponentes,
3474 3602 3580 3640 non
3648 3585 3702 3642 in

2095 3674 2262 3729 eorde
2289 3674 2528 3747 Spiritus
2561 3676 2758 3730 sancti.
2793 3675 2978 3747 Neque
3021 3680 3166 3732 enim
3206 3688 3434 3754 possunt
3465 3677 3648 3734 dicere
3681 3693 3698 3734 :

2097 3767 2211 3823 Nos
2237 3779 2408 3824 autent
2439 3787 2646 3823 sensum
2676 3769 2877 3824 Christi
2909 3771 3208 3839 habeamus,
3241 3782 3294 3825 ut
3325 3772 3582 3828 videamus
3612 3788 3695 3839 ea,

2093 3878 2209 3932 qua:
2235 3879 2266 3915 a
2297 3861 2402 3915 Deo
2429 3859 2620 3915 donata
2651 3871 2769 3916 sunt
2798 3861 2944 3916 nobis
2977 3862 3021 3934 (l
3050 3859 3172 3917 Cor.
3209 3865 3328 3933 xu).
3358 3863 3488 3918 Cum
3512 3872 3700 3940 autem

2095 3964 2150 4009 et
2192 3970 2360 4024 super
2410 3971 2494 4010 me
2526 3955 2770 4021 venerit,
2802 3953 2893 4025 qui
2939 3955 3092 4011 dicor
3139 3956 3576 4024 ecclesiasticus,
3607 3958 3702 4032 qui

2095 4051 2307 4122 accipio
2345 4051 2542 4108 librum
2574 4062 2854 4118 sanctum,
2888 4060 2946 4106 et
2981 4051 3126 4107 nitor
3152 4066 3274 4107 eum
3305 4051 3698 4123 interpretari,

2096 4145 2202 4200 hoc
2240 4145 2382 4216 quod
2427 4145 2493 4200 de
2539 4145 2815 4200 haereticis
2855 4144 3085 4216 intelligi
3131 4153 3345 4214 potest,
3377 4160 3563 4216 quaeso
3605 4161 3702 4200 au-

2097 4239 2346 4303 dientes,
2382 4247 2441 4292 ut
2479 4237 2770 4309 diligenter
2808 4239 3126 4305 attendant,
3166 4248 3219 4294 et
3260 4240 3531 4309 accipiant
3569 4253 3699 4309 gra-

2099 4333 2227 4388 tiam
2248 4333 2477 4403 spiritus
2498 4334 2567 4388 de
2591 4349 2694 4403 qua
2720 4331 2925 4388 dictum
2950 4342 3070 4389 est:
3103 4333 3360 4388 Discretio
3381 4334 3696 4404 spirituum,

2099 4440 2154 4482 ut
2201 4425 2412 4498 probati
2477 4427 2751 4496 trapezita:
2791 4427 2964 4496 facti,
2997 4427 3290 4497 diligenter
3316 4427 3482 4504 399
3507 4427 3693 4483 obscr'

387 4521 673 4591 Scriptura
706 4534 1076 4589 commoneat,
1106 4507 1308 4577 docens
1334 4501 1741 4575 ut'reccdamus
1771 4535 1798 4572 a
1825 4518 1989 4583 vitiis,
2101 4531 2226 4577 vent
2254 4523 2469 4592 quando
2499 4520 2668 4575 lalsus
2701 4523 2800 4575 sim
2838 4519 3116 4592 magister,
3150 4523 3366 4592 quando
3394 4505 3524 4577 vero
3563 4537 3702 4592 prte-

388 4615 559 4686 magis
587 4624 768 4670 autem
793 4615 837 4670 si
862 4613 1067 4694 ordinis
1092 4597 1267 4670 nostri
1298 4614 1507 4694 aliquos
1535 4611 1631 4668 Dei
1661 4627 1846 4667 sermo
1874 4628 1991 4682 per-

389 4720 642 4786 Stringat,
681 4714 926 4770 volentes
954 4711 1164 4788 sanari,
1187 4722 1243 4788 et
1273 4703 1518 4784 converti
1549 4728 1576 4766 a
1615 4709 1850 4782 peccatis
1890 4727 1990 4764 no-

388 4784 556 4863 stris:
573 4803 775 4862 Factus
820 4815 896 4861 est
943 4784 1115 4862 sermo
1160 4784 1375 4859 Domini
1404 4793 1484 4857 ad
1520 4804 1820 4880 praphetam
1854 4801 1989 4857 Eze-

389 4901 606 4956 chielem
635 4900 816 4955 dicens
852 4897 922 4967 ei,
961 4898 1069 4954 Fili
1104 4898 1354 4963 hominis,
1395 4885 1647 4971 propheta
1678 4897 1805 4950 mihi
1836 4913 1991 4968 super

387 4994 666 5068 prophetas
693 4991 883 5047 Israel.
915 4987 1155 5045 Fuerunt
1183 4989 1405 5059 quidem
1437 4999 1488 5044 et
1519 4990 1797 5061 prophette
1822 4989 1988 5046 Israel

389 5089 612 5142 nomine
658 5087 836 5155 potius
877 5100 1038 5155 quam
1067 5084 1322 5139 veritate.
1363 5079 1499 5139 Sunt
1540 5094 1718 5137 autem
1750 5091 1804 5137 et
1833 5081 1992 5137 hodie

386 5179 440 5235 ln
482 5196 612 5236 vero
643 5178 832 5243 Israel,
875 5177 926 5244 id
953 5186 1058 5246 est,
1099 5175 1368 5258 Ecclesia,
1402 5177 1619 5258 quidam
1642 5178 1989 5246 pseudopro-

389 5274 590 5347 phetze,
611 5285 666 5344 et
697 5273 819 5331 falsi
853 5253 1368 5344 magistri,”quibusH
1393 5253 1495 5326 hic.
1523 5285 1706 5326 sermo
1735 5287 1990 5341 prtenun-

461 5465 488 5495 ι
528 5454 754 5526 Legisse
784 5454 997 5511 videtur
1025 5451 1576 5526 Rabanusquomodo
1609 5469 1737 5526 opus
1765 5453 1989 5526 prOphe-

390 5544 562 5613 rarum
592 5524 702 5582 erat
723 5526 830 5582 hac
861 5526 1053 5595 dicere,
1077 5541 1195 5597 quae
1211 5524 1555 5596 jubebantur,
1579 5524 1654 5578 sio
1683 5524 1862 5579 eodem
1882 5526 1992 5594 spi-

388 5607 666 5754 rigidi:de
696 5672 982 5754 contrario
1020 5669 1192 5752 ferme
1225 5675 1782 5754 sensu,‘tltit.mo‘ustret
1810 5709 1824 5735 ,
1857 5683 1994 5738 nunc

391 5743 460 5798 ad
481 5739 566 5798 eos
589 5741 708 5822 ﬁeri
723 5737 1071 5814 prophetiam,
1089 5735 1192 5812 ἠυξ
1215 5735 1395 5797 contra
1413 5735 1518 5796 'D'éi
1545 5735 1854 5796 vo’lumatem
1877 5735 1998 5812 pro-

2098 4616 2274 4671 dicem
2314 4631 2433 4686 quae
2463 4626 2585 4669 sunt
2632 4615 2850 4684 pietatis
2895 4629 2959 4669 ac
2989 4615 3254 4676 veritatis.
3291 4613 3345 4673 Si
3393 4617 3576 4686 itaque
3623 4617 3702 4670 in-

2099 4711 2260 4766 venio
2291 4709 2344 4764 itt
2372 4708 2577 4778 Moyse,
2603 4716 2658 4764 et
2687 4709 2740 4762 in
2773 4707 3061 4779 Prophetis
3085 4723 3310 4764 sensum
3335 4708 3562 4776 Christi,
3593 4724 3701 4764 non

2099 4804 2166 4858 de
2204 4803 2370 4858 corde
2413 4803 2654 4872 proprio,
2689 4801 2786 4858 sed
2833 4803 2902 4857 de
2935 4803 3127 4874 spiritu
3166 4811 3356 4858 sancto
3389 4803 3602 4880 loquor.
3641 4801 3701 4862 Si

2098 4906 2281 4952 autem
2321 4894 2454 4949 nihil
2486 4911 2786 4966 congruum
2824 4895 3108 4951 inveniens
3130 4938 3142 4961 ,
3177 4897 3532 4968 mihimctipsi
3566 4911 3702 4950 con-

2103 4994 2272 5062 tingor
2296 5007 2414 5062 qua:
2438 4991 2656 5062 loquar,
2680 4987 2950 5045 ﬂuctuans
2981 4992 3033 5044 in
3063 4990 3436 5068 sermonibus,
3461 4991 3550 5060 qtti
3575 4996 3703 5045 sunt

2098 5085 2261 5140 alieni
2291 5100 2320 5137 a
2351 5083 2483 5148 Deo,
2530 5082 2597 5138 de
2648 5098 2773 5138 meo
2824 5083 3005 5156 potius
3047 5082 3244 5156 corde,
3280 5098 3440 5154 quam
3481 5082 3549 5136 de
3601 5082 3700 5138 Dei

2097 5177 2352 5234 sensibus
2395 5175 2588 5246 loquor
2634 5193 2644 5228 :
2694 5173 2960 5248 PrOpheta
2981 5215 2996 5240 ,
3029 5185 3076 5230 et
3113 5174 3251 5229 dices
3279 5163 3543 5248 prophetis
3564 5216 3578 5241 ,
3612 5173 3702 5244 qui

2097 5269 2402 5346 prophetarit
2427 5268 2490 5323 de
2516 5269 2671 5323 corde
2691 5284 2807 5323 suo.
2831 5267 2948 5323 Non
2977 5266 3054 5323 ait
3077 5267 3404 5338 simpliciter
3417 5267 3485 5324 de
3503 5266 3698 5333 corde;

2094 5451 2308 5525 phetant
2339 5450 2402 5505 de
2433 5449 2586 5525 corde
2618 5466 2732 5504 suo.

2172 5533 2194 5564 ε
2229 5523 2425 5578 Denuo
2447 5521 2617 5586 idem,
2640 5536 2758 5593 qua:
2775 5519 2929 5593 Iesus
2951 5518 3190 5577 Christus
3211 5520 3465 5577 Dominus
3493 5521 3696 5577 locutus

2097 5605 2194 5661 est,
2227 5596 2338 5724 ipse
2362 5594 2454 5666 qui
2481 5591 2661 5651 docuit
2687 5609 2790 5652 non
2832 5591 2897 5650 de
2939 5593 3094 5654 corde
3120 5610 3248 5664 sua,
3281 5596 3370 5652 sed
3397 5593 3464 5650 de
3495 5593 3699 5665 Spiritu

2097 5684 2223 5724 sane
2249 5685 2299 5722 ο.
