4128 6346
326 173 445 228 709

876 172 1312 232 TBANSLATIO
1354 171 1790 239 llOMlLlARUM
1832 170 2153 229 ORIGENIS
2194 168 2259 225 ιιι
2303 166 2771 225 EZECHIELEM.
2816 164 2984 222 HOM.
3027 164 3093 221 ll.
3530 148 3634 221 τιτι

321 287 429 339 scd
460 287 521 353 de
550 287 700 342 corde
724 303 841 343 suo.
869 286 936 365 Et
964 289 1316 361 prap‘hetabis,
1341 300 1387 343 et
1415 288 1551 349 dices
1578 288 1645 342 ad
1672 305 1757 344 eos
1786 304 1802 343 :
1827 288 1937 351 Αιι-
1964 293 2016 353 Α
2041 287 2212 351 Simus
2251 285 2415 341 etiam
2461 300 2519 339 ca
2539 326 2555 352 ,
2585 282 3018 354 quareoutraria
3060 288 3221 347 sunt,
3262 278 3636 339 Considerate.

321 380 444 435 dite
467 382 671 436 verbum
696 380 933 449 Domini.
959 382 1086 438 Ηῑιιο
1115 382 1182 445 ad
1208 398 1314 455 me,
1347 382 1464 447 haec
1496 382 1563 447 ad
1588 399 1713 451 eum
1748 381 1939 453 dicun-

324 481 450 543 tur,
483 473 569 546 qui
621 475 906 541 doctorem
948 491 1009 535 se
1051 491 1174 537 esse
1220 476 1519 555 promittit,
1553 486 1611 531 ut
1643 478 1805 531 timor
1842 474 1939 530 Dei

326 567 516 639 major
555 568 765 641 oriatur
800 567 853 623 in
901 568 1055 645 nobis
1079 609 1092 634 ,
1128 584 1196 643 ne
1226 550 1606 645 periclitemur
1644 567 1796 641 quasi
1838 566 1939 623 sub

324 660 737 725 commentario
767 660 975 737 scripto
1005 676 1112 716 non
1138 661 1206 729 ab
1236 662 1569 727 hominibus,
1596 663 1690 719 sed
1724 663 1793 719 ab
1826 664 1938 716 An-

325 753 475 823 gelis
510 754 624 817 Dei,
659 754 740 813 sic
774 753 1016 823 proferre
1049 769 1379 809 sermonem.
1413 753 1548 809 Novi
1590 754 1787 829 quippe
1817 756 1939 826 quia

327 860 466 909 cum
498 846 550 900 in
574 845 777 916 judicio
807 847 898 900 illo
929 846 1063 915 ordo
1094 847 1437 911 consederit,
1470 847 1535 903 dc
1564 862 1671 916 quo
1701 847 1938 923 prophe-

327 939 479 995 tavit
511 938 697 1001 Daniel
723 936 885 1013 (Dan.
918 941 1015 1009 vti)
1043 950 1128 1005 :et
1161 940 1280 994 libri
1305 938 1506 995 fuerint
1534 940 1727 1010 aperti,
1750 955 1942 994 omnes

330 1033 448 1086 mei
488 1042 744 1098 conatus,
778 1047 965 1086 omnes
1013 1048 1145 1105 mem
1180 1031 1555 1117 expositiones
1598 1033 1943 1109 prolcneutur

332 1125 391 1179 in
430 1124 695 1191 medium,
727 1125 843 1193 sive
866 1124 918 1191 in
943 1124 1394 1195 juSLiftcationcm
1414 1168 1428 1191 ,
1455 1124 1568 1189 sive
1600 1123 1652 1177 in
1682 1123 1940 1201 eundem-

333 1220 627 1283 nationem
686 1233 885 1291 meam.
943 1218 998 1272 In
1038 1217 1486 1288 justiﬁcationem
1539 1200 1942 1289 quidemmihi

334 1320 531 1380 erunt,
550 1326 666 1383 qua:
687 1309 969 1367 benedicta
992 1321 1122 1366 sunt
1148 1329 1158 1364 :
1187 1310 1238 1364 in
1258 1310 1774 1377 condemnationem
1792 1323 1942 1374 vero,

334 1419 402 1459 ea
456 1420 578 1476 qua:
622 1419 780 1469 secus
829 1419 991 1475 quam
1032 1404 1243 1459 veritas
1283 1404 1461 1474 poscit
1501 1402 1833 1474 explanata.~
1862 1400 1945 1455 Ea:

333 1497 692 1566 sermonibus,
726 1497 921 1567 inquit,
950 1496 1435 1569 tuisjustiﬁcaberis
1465 1507 1509 1551 et
1536 1513 1599 1561 ea:
1625 1495 1946 1561 sermonibus

338 1592 458 1645 tuis
488 1591 911 1671 condemnaberis
944 1588 1160 1663 (Matth.
1196 1590 1303 1661 xu)
1339 1609 1350 1645 :
1396 1590 1549 1661 quasi
1586 1589 1804 1661 habenti
1840 1604 1943 1643 non

2042 380 2343 450 Apostolus
2373 378 2617 447 ιοίιιιὶιιιι·
2649 396 2661 432 ;
2704 377 2876 437 ()rabo
2917 376 3138 448 spiritu,
3183 375 3343 428 orabo
3374 381 3422 426 et
3462 389 3639 427 sensu.

2042 473 2147 542 Qui
2178 488 2370 529 sensus
2417 473 2467 526 in
2506 471 2672 525 corde
2717 470 2880 525 habet
2926 468 3293 524 habitaculum
3340 486 3352 521 :
3402 465 3641 521 Psallam

2044 567 2251 633 spiritu,
2287 564 2509 637 psallunt
2538 580 2693 619 sensu
2725 563 2767 633 (Ι
2801 562 2920 617 Cor.
2954 562 3087 632 xtv).
3125 561 3294 632 Igitur
3333 570 3386 621 et
3417 560 3643 630 spiritus

2044 671 2125 714 est
2160 669 2214 714 et
2235 673 2426 713 sensus
2458 658 2514 713 iu
2539 657 2717 712 nobis.
2743 655 2812 710 Et
2832 654 3108 724 quomodo
3136 664 3360 717 sanctus
3380 664 3499 709 orat
3534 651 3647 722 spi-

2046 753 2171 820 ritu,
2200 764 2317 815 orat
2346 762 2395 806 et
2424 766 2587 807 sensu
2625 768 2637 804 ι
2670 748 2860 818 psallit
2891 749 3115 818 spiritu,
3140 748 3320 819 psallit
3349 757 3406 803 et
3434 761 3599 801 sensu
3631 762 3644 799 :

2046 845 2124 899 sic
2169 845 2269 898 istc
2308 844 2398 913 qui
2443 853 2526 898 est
2565 842 2735 899 falsus
2765 840 3065 912 prophetes
3104 840 3171 903 de
3213 840 3386 896 corde
3425 839 3651 909 proprio

2048 936 2358 1008 prophetat,
2404 947 2457 990 et
2498 935 2741 989 ambulat
2784 948 2890 997 non
2933 945 3054 1002 post
3102 932 3354 1002 spiritum
3391 932 3481 986 Dei
3508 974 3520 995 ,
3552 928 3647 986 sed

2049 1042 2169 1101 post
2198 1031 2452 1100 spiritum
2482 1044 2660 1085 suum.
2696 1028 2792 1087 Est
2820 1025 3020 1097 quippe
3046 1024 3271 1095 quidam
3300 1022 3530 1092 spiritus
3554 1024 3652 1078 bo—

2048 1125 2230 1191 minis,
2256 1124 2349 1195 qui
2377 1133 2627 1189 versatur
2663 1123 2714 1177 in
2742 1138 2829 1187 eo,
2860 1130 2981 1189 post
3012 1134 3178 1190 quem
3209 1117 3397 1188 procul
3425 1116 3568 1179 abxit
3596 1125 3654 1169 ut

2049 1234 2150 1289 ego
2181 1218 2448 1287 ambulem
2472 1232 2485 1282 ;
2513 1217 2609 1271 sed
2644 1216 2954 1284 intelligens
2978 1222 3230 1275 sanctum
3263 1210 3524 1278 Spiritum
3558 1209 3650 1263 Dei

2052 1324 2175 1384 post
2220 1311 2503 1369 Dominum
2532 1310 2720 1367 losum
2755 1323 2937 1363 meum
2965 1306 3263 1370 ambulem.
3300 1304 3484 1373 Itaque
3527 1318 3652 1372 pro-

2053 1409 2229 1477 pheta:
2250 1446 2265 1473 ,
2292 1405 2384 1476 qui
2427 1404 2754 1476 prophetam
2804 1402 2871 1459 de
2905 1402 3072 1467 corde
3098 1441 3112 1466 ,
3144 1410 3199 1457 et
3229 1398 3509 1463 ambulant
3540 1404 3661 1464 post

2051 1499 2300 1569 Spiritum
2353 1516 2459 1553 non
2510 1506 2615 1559 tant
2674 1497 2791 1563 Dei,
2829 1510 2989 1569 quam
3031 1509 3215 1561 suum,
3246 1492 3487 1559 omnino,
3512 1487 3655 1560 quod

2051 1595 2241 1651 Crtece
2283 1593 2623 1651 dicitur......
2674 1608 2781 1646 non
2826 1591 3035 1655 vident,
3080 1600 3136 1655 et
3178 1596 3263 1655 est
3301 1586 3553 1655 ambigua
3596 1599 3661 1635 ex

338 1699 545 1755 omnes
592 1698 907 1755 sermones,
954 1682 1023 1755 de
1063 1684 1256 1757 quibus
1299 1682 1715 1765 jttstiﬁearetur,
1769 1698 1946 1765 neque
1982 1692 2023 1765 β
2053 1702 2309 1742 sermone
2349 1685 2643 1757 sententia.
2679 1683 2804 1749 Sive
2834 1684 2978 1751 enim
3006 1696 3067 1747 ea
3092 1724 3107 1745 ,
3132 1696 3258 1752 quae
3285 1688 3411 1735 sunt
3436 1692 3661 1751 genera-

338 1770 571 1857 rursum
597 1792 786 1834 omnes
817 1791 1123 1845 sermones,
1149 1778 1217 1833 de
1242 1779 1439 1849 quibus
1468 1779 1946 1845 condemnaretur.

342 1872 400 1957 Si
435 1870 634 1941 aliquis
666 1886 694 1925 a
728 1872 1073 1927 sermonibus
1105 1887 1275 1941 purus
1306 1881 1388 1925 est
1418 1870 1630 1934 alienis,
1658 1882 1712 1926 et
1751 1870 1831 1925 cis
1859 1871 1951 1941 qui

340 1948 568 2035 possint
597 1961 962 2043 reprehendi,
998 1948 1069 2017 ex‘
1096 1962 1439 2017 sermonibus
1479 1965 1593 2016 suis
1631 1960 1953 2039 justilicabi-

341 2065 462 2123 tur,
488 2069 546 2112 ct
569 2072 675 2111 non
694 2055 1172 2112 coitdemnabitur.
1200 2056 1255 2113 Si
1286 2064 1464 2129 autem
1492 2070 1784 2127 numquam
1806 2063 1954 2109 recte

342 2149 571 2205 locutus
603 2159 708 2214 est,
734 2148 828 2204 sed
856 2164 1072 2221 semper
1106 2149 1339 2219 protulit
1369 2162 1529 2219 prava
1551 2190 1566 2215 ,
1591 2165 1654 2202 ex
1684 2148 1953 2202 sermoni—

343 2243 456 2299 bus
478 2243 591 2298 suis
613 2241 1089 2321 condentnabitur,
1117 2251 1172 2319 et
1193 2258 1299 2319 non
1324 2226 1734 2312 justiticabitur.
1756 2239 1955 2294 Verum

344 2339 480 2410 quia
512 2353 644 2406 nos,
679 2336 770 2409 qui
814 2352 917 2392 non
971 2352 1159 2411 sumus
1206 2353 1269 2415 ex
1304 2336 1450 2391 omni
1501 2344 1653 2411 parte
1691 2335 1955 2407 perfecti,

348 2418 535 2505 neque
569 2432 647 2488 sic
676 2432 906 2503 dicimus
936 2442 994 2487 ut
1029 2446 1245 2509 semper
1271 2428 1656 2515 qutilicen‘tur,
1684 2446 1860 2500 neque
1880 2430 1959 2484 sic

344 2529 680 2605 ceontrario
703 2542 893 2605 sumus
918 2537 1257 2599 peccatores,
1287 2535 1342 2603 ut
1376 2539 1595 2603 semper
1622 2524 1960 2580 condemne-

346 2640 500 2687 mur,
529 2632 584 2678 et
616 2621 1025 2695 habemusalia
1057 2619 1225 2695 verba
1255 2635 1321 2674 ex
1345 2618 1541 2691 quibus
1567 2616 1956 2695 justiﬁeemur,

350 2728 409 2774 et
438 2718 545 2774 alia
592 2733 657 2773 ex
701 2718 899 2789 quibus
953 2715 1386 2791 condemnemur
1419 2732 1431 2767 :
1471 2713 1613 2768 Deus
1649 2700 1815 2783 super
1848 2723 1961 2765 sta-

356 2822 543 2881 teram
590 2826 741 2867 suam
774 2822 1005 2882 utraque
1056 2825 1295 2879 ponens,
1326 2807 1591 2879 expendit
1642 2804 1955 2876 diligenter,

350 2917 408 2963 et
434 2907 645 2977 judicat
669 2906 721 2971 in
750 2906 946 2977 quibus
967 2888 1289 2977 justussitn,
1312 2902 1438 2957 etin
1463 2900 1659 2981 quibus
1688 2898 1964 2954 sermoni-

351 3002 462 3073 bus
491 2986 963 3057 condemnandus.
1003 2998 1163 3077 Quod
1191 3005 1370 3065 autem
1418 2996 1471 3051 in
1499 2994 1845 3055 sermonibus
1879 2992 1961 3046 fa-

2052 1778 2269 1833 lia......
2308 1777 2362 1832 id
2383 1786 2486 1842 est,
2513 1776 2793 1848 generalia
2814 1792 2922 1831 non
2948 1775 3155 1837 vident,
3182 1772 3310 1831 licet
3332 1770 3563 1842 quadam
3592 1782 3660 1837 ex

2056 1880 2214 1943 parte
2245 1870 2620 1943 conspiciant,
2657 1871 2769 1923 sive
2802 1868 2968 1941 (quod
3003 1884 3103 1943 ego
3141 1867 3340 1937 melius
3373 1862 3522 1935 reor)
3550 1879 3665 1931 om-

2060 1964 2188 2029 nino
2218 1979 2327 2033 non
2359 1962 2565 2027 vident,
2597 1964 2727 2019 licet
2750 1961 2854 2017 sibi
2893 1977 2959 2016 ex
3002 1968 3157 2030 parte
3181 1944 3413 2035 quadam
3444 1956 3669 2015 vidran-

2062 2068 2147 2131 tur
2178 2058 2390 2111 videre.
2424 2058 2526 2127 Alii
2556 2058 2756 2131 quippe
2783 2055 2839 2108 in
2872 2054 3033 2109 nobis
3062 2052 3207 2117 oeuli
3250 2061 3373 2105 sunt
3409 2049 3667 2123 meliores

2064 2150 2167 2221 his,
2195 2166 2336 2223 quos
2368 2150 2631 2211 habemus
2659 2147 2713 2201 in
2746 2161 2998 2219 corpore.
3035 2146 3144 2221 Qui
3188 2144 3327 2199 oculi
3358 2152 3449 2197 aut
3479 2142 3664 2197 Jesum

2064 2244 2352 2307 Dominum
2381 2242 2602 2305 vident,
2636 2241 2727 2315 qui
2777 2254 2870 2305 eos
2903 2240 2970 2294 ad
3001 2253 3061 2294 se
3091 2238 3409 2307 intuendum
3436 2238 3664 2303 creavit,

2062 2348 2156 2395 aut
2179 2350 2329 2405 certe
2356 2340 2484 2403 cmei
2512 2348 2657 2401 sunt.
2684 2336 2739 2392 Si
2770 2345 3024 2407 peccator
3046 2350 3191 2405 sum,
3218 2334 3353 2403 nihil
3375 2333 3552 2397 video,
3571 2349 3670 2388 nec

2067 2448 2287 2501 possum
2302 2432 2545 2501 veritatis
2562 2433 2742 2488 lumen
2758 2430 3023 2507 aspicere.
3046 2430 3112 2501 in
3144 2431 3407 2503 judicium
3448 2430 3637 2501 quippe
3654 2471 3667 2493 ,

2065 2530 2162 2596 ait,
2196 2529 2361 2603 θοι
2392 2530 2445 2583 in
2475 2528 2725 2593 mundum
2756 2530 2907 2591 istum
2938 2527 3074 2593 veni,
3127 2537 3181 2593 ut
3213 2543 3313 2589 non
3344 2526 3569 2583 ridentes
3600 2528 3671 2577 ri-

2067 2625 2243 2688 deant,
2267 2632 2315 2679 et
2340 2624 2569 2687 videntes
2595 2624 2719 2685 cwci
2744 2621 3067 2693 ftant(.loan.
3089 2621 3189 2691 ιχ).
3211 2618 3674 2688 Siautemjustns,

2068 2717 2277 2786 accipio
2291 2717 2527 2787 gratiam
2543 2732 2572 2771 a
2592 2718 2721 2781 Deo,
2740 2716 2875 2783 etde
2890 2731 2977 2787 me
2992 2729 3211 2787 quoque
3243 2715 3445 2791 dicitur
3468 2716 3668 2775 videns.

2069 2809 2357 2880 Propheta:
2373 2810 2518 2875 enim
2550 2810 2889 2881 vocabantur
2913 2816 3041 2877 ante
3068 2808 3348 2873 videntes.
3370 2807 3466 2873 Et:
3487 2807 3676 2875 Quivi—

2068 2903 2477 2970 des,ait,vade,
2513 2903 2764 2973 descende
2791 2902 2844 2969 in
2873 2912 3064 2956 terram
3089 2900 3260 2965 Iuda,
3279 2909 3329 2959 et
3355 2900 3427 2954 ibi
3453 2916 3545 2953 co:
3572 2915 3679 2954 mo-

2069 3013 2207 3064 rare,
2237 3006 2285 3052 et
2314 2996 2387 3050 ibi
2428 2996 2786 3067 praphetabis.
2832 2995 2898 3051 In
2939 2996 3123 3059 Bethel
3172 3005 3380 3064 autem,
3415 2995 3531 3065 jam
3573 3010 3676 3047 non

356 3072 471 3160 cit,
508 3094 611 3149 hoc
641 3093 782 3165 idem
818 3091 943 3169 facit
975 3072 1112 3147 etin
1135 3086 1566 3161 gestisNecesse
1594 3096 1677 3140 est
1703 3086 1873 3151 enim,
1906 3092 1965 3137 ut
1994 3072 2039 3137 C
2074 3094 2290 3165 αάλίςὶεε
2316 3104 2373 3149 υτ
2396 3093 2868 3167 prop/tetestos
2886 3091 3004 3162 vu).
3028 3092 3324 3159 Etrursutn
3343 3089 3508 3144 alibi:
3536 3088 3679 3147 l'isio

356 3187 474 3257 sint
503 3186 608 3243 alia
644 3186 779 3253 facta
814 3186 865 3257 in
892 3186 1090 3261 quibus
1117 3181 1505 3261 justiﬁccmur,
1537 3191 1594 3233 et
1620 3180 1725 3233 alia
1760 3179 1813 3232 in
1841 3178 1961 3249 qni-

360 3282 465 3337 bus
496 3264 951 3347 condemnemur.
984 3262 1169 3349 Neque
1204 3280 1348 3345 cnim
1382 3275 1459 3355 sic
1493 3273 1765 3345 perfectus
1803 3289 1923 3353 sum
1945 3318 1959 3341 ,

360 3386 423 3445 ut
452 3378 637 3451 omnia
672 3375 807 3439 facta
840 3374 1105 3439 habeam,
1151 3373 1205 3427 in
1239 3371 1433 3443 quibus
1469 3370 1646 3447 justus
1676 3368 1907 3423 existam
1949 3384 1962 3421 :

362 3484 545 3547 neque
576 3469 653 3523 sic
685 3478 957 3539 peccator,
997 3476 1052 3545 nt
1082 3464 1206 3519 talia
1239 3473 1430 3529 cuncta
1462 3460 1704 3529 fecerint,
1730 3475 1850 3531 quae
1880 3474 1967 3513 me

362 3564 516 3622 omni
548 3581 610 3621 ex
645 3574 795 3633 parte
821 3562 1207 3631 condemnent.
1243 3558 1375 3612 Esse
1403 3566 1585 3611 autem
1615 3568 1665 3611 et
1694 3555 1793 3608 alia
1830 3554 1965 3607 facta

368 3655 707 3723 istiusmodi,
730 3657 896 3733 900
916 3666 968 3709 et
993 3654 1099 3708 alia
1134 3650 1465 3725 istiusmodi,
1491 3666 1555 3704 cx
1592 3650 1693 3702 hoc
1720 3645 1969 3702 manifes-

368 3762 484 3817 tum
510 3761 590 3805 est
620 3749 762 3821 quod
790 3749 992 3802 dicitur
1027 3764 1037 3800 :
1075 3744 1432 3813 Quorumdam
1464 3740 1731 3817 hominum
1760 3749 1971 3810 peccata

367 3824 648 3915 mairifesta
679 3850 819 3907 sunt,
848 3839 1198 3912 praecedentia
1222 3838 1289 3889 ad
1303 3834 1565 3908 judicium
1588 3850 1605 3888 :
1631 3820 1971 3901 quorumdam

369 3946 550 3990 autem
580 3944 628 3988 et
666 3934 1050 4005 subsequuntur
1086 3929 1265 4001 (Rom.
1300 3928 1382 3999 ιι).
1410 3927 1675 3983 Similiter
1706 3933 1885 3979 autem
1916 3933 1973 3980 et

371 4033 517 4087 bona
557 4031 695 4084 facta
726 4027 1013 4083 manifesta
1048 4033 1206 4089 sunt.
1240 4032 1297 4080 et
1336 4037 1455 4093 qua:
1488 4019 1647 4074 aliter
1677 4018 1970 4084 habentur,

371 4127 546 4181 latere
578 4139 683 4178 non
712 4131 962 4192 possunt.
990 4119 1167 4190 Eque
1206 4119 1272 4173 de
1310 4116 1699 4173 intellectibus.
1745 4114 1975 4183 Propter

374 4218 521 4290 quod
558 4225 612 4283 et
642 4216 782 4279 inter
812 4231 871 4271 se
904 4215 1135 4269 invicem
1158 4212 1552 4285 COgitationum
1578 4206 1972 4279 accusantium,

375 4314 496 4368 sive
522 4310 971 4377 satisfaciendum
994 4307 1260 4378 judicium
1291 4322 1379 4371 me
1399 4313 1682 4383 exspectat
1711 4303 1779 4361 de
1800 4302 1977 4371 Ollllll-

378 4407 505 4471 bus,
538 4420 657 4476 quae
684 4404 840 4471 iacio,
873 4418 993 4474 qua:
1018 4400 1283 4471 intelligo,
1304 4415 1424 4471 quae
1452 4400 1666 4467 loquor,
1700 4409 1751 4453 et
1794 4399 1976 4452 incer-

2070 3203 2229 3252 quam
2245 3188 2371 3253 vidit
2387 3188 2555 3257 lsaias
2580 3187 2721 3257 ﬁlius
2737 3188 2892 3253 Amos
2918 3184 3074 3259 (Isai.
3092 3186 3155 3257 ι).
3176 3186 3382 3249 Beatus
3406 3183 3489 3238 cui
3523 3199 3678 3237 reve-

2072 3281 2206 3335 labit
2222 3281 2481 3345 Dominus
2497 3281 2689 3337 oculos
2712 3281 2779 3336 ad
2793 3279 3028 3335 videnda
3046 3277 3321 3334 mirabilia
3346 3276 3413 3331 de
3427 3275 3543 3345 lege
3557 3274 3675 3341 Dei,

2070 3376 2221 3442 juxta
2237 3375 2482 3439 obsecrat
2495 3377 2673 3441 ioncm
2693 3375 2975 3446 propheta:
2997 3375 3232 3429 dicentis
3259 3392 3270 3427 :
3300 3371 3492 3435 Revela
3509 3372 3690 3435 oculos

2072 3486 2234 3535 meos,
2266 3479 2311 3523 et
2334 3470 2669 3527 considerabo
2700 3469 2964 3535 mirabilia
2994 3469 3059 3525 de
3079 3469 3189 3541 lege
3211 3477 3302 3521 tua
3327 3465 3445 3538 (Ps.
3477 3463 3685 3537 cxvut).

2074 3561 2377 3621 Videamus.
2426 3573 2607 3619 autem
2671 3574 2725 3618 ct
2781 3564 2945 3617 alium
2994 3577 3351 3631 sermonem,
3387 3576 3481 3629 per
3522 3574 3685 3630 quem

2080 3654 2571 3731 pseudoprophetm
2597 3698 2609 3721 ,
2657 3666 2708 3729 et
2755 3654 2882 3711 falsi
2924 3655 3171 3726 magistri
3211 3654 3608 3726 corripiuntur,
3658 3668 3688 3708 a

2078 3764 2185 3819 quo
2214 3763 2400 3819 quasso
2425 3760 2504 3812 ιιι,
2540 3749 2823 3815 orantibus
2847 3749 3005 3805 vobis
3030 3790 3043 3813 ,
3075 3762 3178 3819 ego
3206 3761 3384 3817 purus
3416 3744 3681 3802 inveniar.

2078 3842 2213 3908 Quae
2232 3853 2319 3899 est
2349 3856 2479 3912 ergo
2508 3841 2671 3911 igitur
2703 3840 2796 3913 [Ν.
2828 3839 2952 3913 ista]
2977 3842 3296 3913 correptio?
3327 3841 3483 3903 Sicut
3514 3841 3693 3908 vulpes

2078 3936 2133 3999 in
2154 3934 2357 3995 deserto
2382 3935 2645 4011 propheta:
2667 3935 2745 3989 tui
2754 3976 2767 3995 ,
2784 3934 2973 3988 Israel.
2998 3933 3215 3995 Animal
3240 3934 3436 4005 vulpes
3458 3948 3691 4004 nequam

2082 4037 2199 4089 est,
2242 4034 2522 4095 versutum
2545 4068 2557 4091 ,
2599 4024 2938 4101 indomabile
2975 4034 3101 4091 est,
3130 4026 3306 4091 ferum
3356 4038 3464 4093 eat.
3496 4026 3691 4092 Dicite,

2084 4119 2159 4172 ait
2185 4117 2462 4184 Salvator,
2496 4115 2639 4188 vulpi
2670 4118 2798 4191 isti:
2832 4116 2969 4173 Ecce
3011 4119 3308 4174 saltationes
3339 4118 3564 4189 perﬁcio
3604 4118 3698 4175 Ito-

2084 4213 2186 4281 die,
2221 4221 2267 4267 et
2298 4229 2435 4279 cras,
2470 4220 2515 4279 et
2544 4213 2694 4283 tertia
2725 4212 2808 4266 die
2846 4228 3119 4279 consumar
3149 4211 3363 4283 (Ezech.
3396 4228 3533 4278 mu;
3564 4211 3695 4267 Luc.

2086 4305 2225 4377 xm).
2261 4306 2369 4361 Has
2392 4290 2579 4387 vulpes
2604 4306 2944 4375 necessarias
2974 4305 3163 4360 habuit
3188 4306 3486 4377 adversum
3505 4305 3701 4363 alieni-

2087 4412 2254 4470 genas
2300 4398 2532 4453 Samson
2560 4442 2574 4466 ,
2611 4413 2840 4469 quarum
2881 4398 3067 4452 caudis
3112 4414 3233 4453 cum
3280 4398 3463 4469 utigne
3506 4399 3705 4454 vinctis

382 4509 471 4553 tus
496 4498 776 4567 opperior,
810 4495 1066 4567 quidnam
1111 4492 1243 4548 mihi
1282 4493 1334 4547 in‘
1373 4492 1466 4547 illo
1493 4492 1698 4562 judicio
1739 4493 1976 4545 futurum
2003 4470 2058 4533 D
2092 4495 2391 4566 (trecentas
2418 4494 2561 4557 enim
2596 4492 2842 4565 ceperat.)
2872 4494 2925 4565 in
2963 4493 3325 4569 perditionem
3356 4510 3461 4561 eas
3492 4495 3704 4566 frttgum

381 4591 476 4647 sit.
522 4591 845 4673 Quantaque
881 4589 1053 4667 magis
1094 4590 1259 4659 timor
1307 4586 1401 4642 Dei
1447 4586 1577 4671 mihi
1625 4585 1884 4671 incutitur
1911 4585 1980 4640 ad

384 4668 697 4753 recipienda
728 4690 921 4737 cuncta
952 4697 1073 4757 qua:
1117 4678 1250 4743 feci,
1304 4688 1455 4743 tanto
1498 4668 1668 4753 magis
1703 4668 1981 4731 custodire

386 4794 474 4834 me
500 4777 671 4847 debeo
698 4795 710 4831 :
748 4776 951 4849 utinam
983 4773 1201 4847 quidem
1234 4774 1300 4847 ab
1328 4772 1583 4845 omnibus
1615 4772 1871 4849 peccatis.
1897 4770 1983 4824 sin

387 4885 569 4945 autem
604 4854 714 4928 hoc
746 4887 853 4926 non
896 4884 1138 4941 possum.
1174 4867 1371 4941 saltem
1418 4880 1611 4945 queam
1643 4881 1669 4917 a
1708 4861 1979 4947 unanimis.

390 4969 517 5027 Ha'c
548 4969 613 5037 de
637 4982 724 5035 eo,
748 4967 890 5037 quod
919 4963 1304 5037 proposuimus
1330 4961 1395 5016 de
1420 4958 1717 5031 prOpbetis,
1745 4958 1833 5027 qui
1864 4971 1988 5027 pro-

392 5062 623 5133 phetant
652 5059 719 5114 de
753 5057 919 5133 corde
948 5040 1073 5123 suo,
1106 5055 1170 5109 ad
1207 5068 1341 5122 quos
1372 5052 1570 5125 dicitur
1603 5068 1616 5105 :
1650 5038 1839 5103 Audite
1876 5066 1983 5102 ser-

392 5170 596 5208 monent
630 5151 875 5221 Domini,
909 5150 1018 5205 hwc
1047 5148 1172 5202 dicit
1203 5145 1404 5209 Adonei
1452 5142 1735 5210 Dominus,
1770 5159 1844 5195 va:
1890 5141 1984 5203 iis,

394 5249 485 5315 qui
515 5245 822 5327 praprl'tgftnnt
854 5242 918 5297 de
946 5241 1101 5319 corde
1127 5256 1242 5304 suo,
1275 5226 1363 5311 qui
1391 5236 1656 5313 ambulant
1689 5244 1801 5305 post
1833 5235 1989 5307 spiri-

399 5353 507 5397 tum
544 5357 713 5395 suum.
760 5337 878 5393 Duo
927 5343 1147 5407 peccata
1180 5343 1342 5397 sunt,
1384 5347 1549 5386 unum
1590 5330 1809 5395 cordis,
1841 5327 1992 5382 aliud

396 5435 642 5515 spiritus.
673 5432 916 5511 Primum
941 5426 1252 5509 devmeliori
1274 5434 1429 5495 parte
1449 5424 1752 5503 videamus,
1784 5432 1837 5475 ut
1875 5435 2000 5491 pos-

475 5644 501 5672 ι
542 5630 695 5704 Legit
722 5630 984 5687 Rabanus
1017 5627 1138 5699 {una
1183 5639 1281 5698 pro
1311 5625 1450 5709 igne.
1482 5621 1602 5677 Vid.
1638 5618 1765 5675 Jud.
1802 5632 1905 5685 xv,
1934 5615 1989 5670 4.

405 5720 520 5776 seq.

2090 4587 2237 4642 misit
2269 4586 2571 4653 hostilium.
2608 4584 2921 4640 Istiusmodi
2950 4593 3076 4639 sunt
3102 4584 3220 4641 falsi
3253 4588 3508 4659 magistri
3538 4629 3552 4655 ,
3585 4604 3708 4651 ver-

2090 4680 2195 4734 suti
2224 4720 2238 4744 ,
2272 4678 2493 4757 maligni
2520 4720 2535 4744 ,
2570 4687 2624 4745 et
2658 4677 2851 4745 beStiis
2892 4678 3120 4753 similes.
3150 4679 3204 4747 Si
3236 4681 3360 4747 talis
3385 4697 3516 4749 sum
3543 4724 3559 4751 ,
3586 4683 3707 4740 vul-

2088 4787 2185 4842 pes
2216 4784 2334 4855 sum
2359 4813 2373 4837 ,
2404 4769 2498 4847 sed
2529 4785 2638 4824 non
2672 4770 2997 4847 simpliciter
3023 4771 3245 4847 vulpes,
3284 4790 3484 4845 verum
3518 4776 3710 4848 vulpes

2095 4868 2145 4917 In
2170 4864 2404 4937 desertis
2431 4905 2443 4927 ,
2479 4864 2669 4941 vulpes
2699 4864 2752 4917 in
2782 4864 3099 4939 parietinis,
3133 4868 3327 4938 vulpes
3358 4870 3411 4933 in
3449 4870 3670 4941 rupibus
3695 4912 3710 4937 ,

2097 4956 2214 5011 lucc
2244 4958 2389 5029 enim
2423 4954 2473 5008 in
2518 4956 2751 5027 diversis
2780 4954 2808 4994 δ
2828 4958 3083 5021 sensibus
3120 4960 3502 5027 continentur.
3533 4962 3716 5025 Versi-

2098 5049 2266 5117 pelles
2301 5049 2386 5103 isti
2418 5058 2471 5103 et
2494 5064 2723 5118 nequam
2756 5064 2977 5137 semper
3007 5052 3060 5105 in
3089 5051 3323 5119 desertis
3351 5097 3364 5121 ,
3401 5067 3631 5127 semper
3660 5055 3711 5123 in

2100 5140 2492 5221 solitudinibus
2520 5152 2821 5219 morantur.
2856 5141 3196 5214 Ubicumque
3223 5145 3381 5209 enim.
3402 5147 3590 5203 anima
3622 5148 3718 5211 ba-

2099 5232 2305 5289 bitatur
2335 5250 2363 5287 a
2401 5226 2514 5307 Deo
2538 5276 2552 5302 ,
2585 5243 2637 5289 et
2667 5234 2876 5304 Spiritu
2924 5247 3112 5291 sancto
3146 5236 3303 5309 plena
3340 5247 3472 5307 est,
3508 5240 3579 5296 ibi
3609 5224 3718 5311 non

2105 5316 2286 5397 potest
2319 5326 2703 5385 haereticorum
2748 5329 2993 5384 doctrina
3046 5312 3334 5399 penetrare
3364 5372 3379 5399 ,
3416 5348 3528 5388 nec
3576 5336 3719 5391 valet

2103 5434 2295 5495 eorum
2324 5436 2507 5489 sermo
2532 5437 2908 5491 perrumpere.
2935 5421 3036 5485 Ubi
3055 5422 3721 5497 ιιιιιβιιιβοιὶμιᾶοωιιίδο

2180 5615 2224 5705 ξ),
2248 5617 2393 5705 Idem
2422 5660 2436 5685 ,
2472 5618 2523 5702 in
2556 5618 2772 5705 diversis
2798 5622 3141 5705 seditionibus
3187 5626 3526 5705 commendat;
3570 5634 3728 5689 versi-

2119 5686 2300 5757 pellet
2339 5688 2649 5762 Versipella
2679 5690 2785 5761 isti,
2818 5688 2991 5750 etc.“
3022 5702 3025 5707 ‘

3444 5880 3491 5896 α
