4128 6346
459 219 561 277 ἸΙΙ

1708 214 1767 280 s.
1810 219 2081 297 EUSEBII
2122 220 2506 281 HIERONYMI

3630 226 3755 295 i7I2

454 330 530 395 ti,
565 332 657 387 ubi
697 332 970 390 desertum
1008 335 1236 405 iustitiae
1263 376 1277 399 ,
1306 334 1381 391 ibi
1412 335 1765 407 nequissima:
1811 339 2054 410 discipli-
2079 343 2128 402 Α
2157 352 2334 415 pterea
2360 344 2479 398 dic:
2502 341 2634 398 Haec
2666 342 2791 397 dicit
2823 341 3081 399 Dominus
3108 362 3205 417 pro
3231 360 3290 400 eo
3321 345 3460 418 quod
3496 361 3756 401 sermones

459 438 544 479 na:
573 442 779 482 venena
815 438 1127 484 versantur.
1160 428 1403 486 Idcirco:
1433 429 1584 485 Sicut
1624 431 1827 503 vulpes,
1860 434 1970 499 ait,
2006 435 2057 487 in

457 522 668 577 desertis
695 522 964 595 map/tela:
1006 524 1101 591 tui,
1132 522 1321 580 Israel.
1374 524 1497 579 Non
1525 535 1771 581 steterunt
1802 528 1853 580 in
1884 528 2061 596 ﬁrma-

456 623 651 668 mento.
680 614 738 668 Si
760 614 1116 672 considerare
1151 617 1395 673 volueris
1424 626 1448 654 ει
1473 620 1762 689 magistros
1786 660 1801 686 ,
1853 619 2058 676 Videbis

454 718 552 759 eos
600 704 885 772 intirmos,
935 707 1255 777 inStabiIes,
1292 717 1345 764 et
1389 725 1495 763 non
1542 711 1783 765 valentes
1828 711 2053 766 dicere:

453 797 655 853 Statuit
707 816 866 872 supra
922 810 1121 871 petram
1175 803 1329 874 pedes
1354 811 1582 871 meos,et
1613 804 1801 858 direxit
1854 821 2058 875 gressus

453 904 593 943 meos
618 888 741 962 (Ps.
771 893 961 960 Lxxut)
988 909 1000 946 :
1027 902 1082 947 et
1103 893 1229 963 quia
1261 908 1367 948 non
1398 903 1524 947 sunt
1548 894 1684 949 tales
1709 903 1765 949 ut
1785 897 2051 965 steterint,

454 982 680 1040 robusta
713 987 895 1041 radice
920 986 1169 1042 fundati:
1203 988 1329 1044 ideo
1360 1004 1469 1044 non
1495 998 1765 1046 steterunt
1796 992 1845 1046 in
1875 992 2059 1047 firma-

454 1088 640 1136 mento
670 1122 684 1147 ,
733 1081 830 1137 sed
861 1082 1169 1139 dilexerunt
1201 1100 1421 1141 movere
1454 1086 1617 1155 pedes
1648 1101 1799 1143 suos.
1834 1088 1925 1141 Est
1956 1102 2055 1141 au-

459 1182 567 1229 tem
601 1186 655 1231 et
688 1174 792 1232 hoc
819 1178 1024 1247 grande
1051 1189 1330 1249 peccatum
1360 1181 1550 1236 saltem
1584 1181 1863 1251 paululum
1892 1182 2057 1253 902

451 1268 619 1338 pedes
650 1284 901 1337 movere,
938 1283 991 1326 ut
1027 1272 1195 1329 David
1229 1274 1507 1344 psalmista
1538 1276 1723 1330 canit:
1770 1276 1941 1343 Quam
1966 1277 2058 1329 bo-

452 1379 549 1418 nus
570 1362 741 1419 Israel
766 1363 909 1420 Deus
936 1369 1089 1422 rectis
1116 1368 1269 1421 corde
1296 1383 1313 1419 :
1346 1370 1443 1423 mei
1474 1385 1595 1423 vero
1626 1386 1753 1439 pene
1784 1370 1911 1422 moti
1935 1377 2055 1423 sunt

452 1459 627 1531 pedes.
660 1460 861 1517 Beatus
893 1463 983 1517 ille
1016 1464 1353 1535 multumque
1380 1463 1527 1528 felix,
1554 1465 1641 1519 cui
1673 1464 2055 1520 robustissime

452 1557 774 1611 consistenti
830 1557 1017 1611 firmos
1068 1558 1265 1613 animm
1308 1558 1473 1629 pedes
1503 1558 1707 1613 habere
1733 1574 2053 1615 concessum

450 1657 555 1717 est,
576 1650 663 1719 qui
698 1650 887 1706 audire
913 1668 943 1706 a
973 1652 1083 1706 Deo
1109 1651 1307 1723 dignus
1334 1659 1457 1707 est:
1490 1651 1568 1705 Tn
1593 1669 1708 1706 vero
1738 1661 1817 1707 sta
1832 1669 2048 1706 mecum.

2161 438 2318 491 vestri
2347 438 2617 493 mendaces
2648 449 2787 493 sunt.
2822 437 2988 495 Orate
3028 454 3125 509 pro
3156 439 3310 494 nobis
3333 480 3347 505 ,
3381 450 3439 495 ut
3469 453 3756 495 sermones

2163 530 2336 584 nostri
2371 546 2477 585 non
2511 532 2621 586 sint
2647 532 2787 586 falsi.
2821 531 2975 587 Licet
3022 532 3241 602 quidam
3300 533 3549 588 homines
3605 532 3758 602 igno-

2162 622 2335 676 rantia
2364 621 2557 691 judicii
2587 638 2682 678 eos
2711 633 2962 679 asserant
2989 623 3159 679 falsos
3185 667 3201 691 ,
3239 625 3499 679 Dominus
3530 640 3638 680 non
3670 622 3757 678 di-

2160 727 2246 771 eat
2267 759 2282 785 ,
2314 728 2369 774 et
2394 728 2539 775 recte
2572 720 2852 775 nobiscum
2880 731 3093 791 agetur.
3124 720 3182 776 Si
3215 735 3344 775 vero
3388 718 3542 775 mille
3570 717 3753 772 homi-

2160 827 2289 865 num
2332 828 2426 867 eos
2466 813 2703 869 dixerint
2725 829 2883 869 veros
2908 856 2924 883 ,
2970 814 3177 885 judicio
3209 829 3375 885 porro
3408 812 3503 868 Dei
3556 811 3755 866 fuerint

2160 902 2321 971 falsi,
2354 905 2479 976 quid
2511 907 2639 961 mibi
2671 906 2953 977 proderit?
2982 907 3178 963 Dicunt
3199 917 3255 963 et
3286 905 3619 962 Marcionita:
3642 918 3755 959 ma-

2159 1000 2321 1069 gistri
2343 1001 2424 1054 sui
2472 1016 2631 1056 veros
2657 1017 2780 1057 esse
2828 1016 3109 1057 sermones
3131 1042 3145 1065 ,
3176 1000 3363 1055 dicunt
3401 1009 3456 1054 et
3483 996 3752 1054 Valentini

2159 1094 2596 1151 robustissimam
2646 1106 2875 1163 sectam,
2934 1098 3027 1167 qui
3084 1095 3390 1151 fabularum
3446 1093 3566 1164 ejus
3600 1107 3754 1148 eom-

2160 1198 2341 1244 menta
2370 1189 2693 1259 suscipiunt.
2718 1188 2850 1257 Quae
2874 1189 3120 1243 utilitas?
3145 1190 3280 1256 Quia
3312 1186 3527 1258 plurimi
3562 1184 3754 1241 Eccle-

2158 1282 2255 1336 sia:
2283 1281 2539 1337 haeretica
2566 1282 2830 1353 pravitate
2853 1281 3063 1351 decepti
3084 1282 3137 1336 in
3160 1296 3348 1337 eorum
3370 1278 3753 1349 conspiravere

2157 1377 2505 1443 sententiam,
2528 1374 2631 1430 hoc
2660 1386 2744 1430 cst
2775 1374 2917 1444 quod
2948 1373 3232 1444 quaeritur,
3256 1382 3315 1428 ut
3344 1372 3606 1427 Dominus
3636 1386 3754 1425 ser-

2159 1481 2378 1523 monum
2411 1483 2657 1523 meorum
2703 1466 2857 1522 testis
2898 1467 3154 1532 assistat,
3189 1475 3248 1520 ut
3275 1466 3390 1536 ipse
3429 1463 3754 1533 comprobet

2157 1577 2279 1633 quae
2309 1563 2564 1617 dicuntur
2601 1569 2908 1618 sanctarum
2958 1560 3270 1616 testimonio
3316 1560 3747 1630 Scripturarnm.

2156 1640 2388 1727 Propter
2415 1660 2527 1713 hmc
2556 1673 2688 1731 ergo
2711 1658 2775 1711 ad
2806 1672 2904 1712 nos
2932 1656 3063 1711 dicit
3090 1654 3299 1711 Adonai
3331 1655 3618 1710 Dominus:
3645 1652 3751 1707 Ea:-

452 1741 650 1799 Verum
699 1762 805 1800 non
854 1746 992 1801 tales
1030 1748 1526 1818 pseudoprophetce
1552 1794 1566 1817 ,
1602 1764 1711 1803 non
1746 1748 1880 1803 tales
1932 1747 2049 1803 falsi
2079 1739 2130 1802 B
2158 1753 2364 1805 tendam
2383 1767 2593 1806 manum
2624 1767 2789 1805 meam
2815 1752 2883 1803 ad
2911 1748 3206 1822 prOphetas,
3232 1749 3323 1821 qui
3353 1746 3752 1802 ridentmenda-

448 1836 735 1907 magistri;
770 1854 947 1908 neque
970 1839 1113 1893 enim
1156 1840 1235 1894 sic
1286 1849 1554 1896 steterunt
1598 1838 1651 1893 in
1683 1840 2047 1894 firmamento.

446 1928 515 1983 Et
543 1935 924 2003 congregabant
946 1950 1124 2006 greges
1154 1933 1387 2002 ﬁliorum
1427 1931 1619 1997 Israel,
1644 1949 1781 2004 quos
1809 1933 2007 1988 docent
2032 1974 2047 2001 ,

442 2036 577 2093 quos
611 2024 900 2081 instituunt
936 2027 1050 2081 sive
1079 2025 1323 2081 haeretici
1366 2026 1561 2097 dogma
1594 2026 1819 2096 impium
1852 2026 2054 2097 praedi-

442 2127 629 2173 cantes
655 2159 671 2185 ,
706 2119 821 2175 sive
854 2119 979 2174 falsi
1010 2121 1254 2190 magistri
1283 2121 1620 2191 decipientes
1651 2136 1748 2177 eos
1775 2164 1788 2186 ,
1819 2136 2048 2191 quorum

440 2227 604 2269 aures
635 2216 906 2285 pruriunt,
939 2214 1206 2285 colligunt
1234 2229 1430 2287 greges
1462 2215 1817 2270 schismatum
1849 2215 2046 2271 adver-

352 2314 359 2322 ‘
438 2321 561 2363 sum
597 2307 898 2364 Ecclesiam
924 2308 1019 2364 Dei
1046 2351 1059 2375 ,
1090 2308 1379 2364 adversum
1431 2308 1654 2363 domum
1686 2308 1871 2363 Israel.
1925 2306 2049 2362 Non

438 2412 777 2457 surrexerunt
799 2405 887 2473 qui
919 2403 1171 2472 dicerent,
1198 2402 1264 2458 In
1292 2403 1374 2458 die
1403 2402 1650 2458 Domini:
1685 2403 1824 2460 falsa
1851 2405 2043 2461 viden-

438 2501 524 2551 tes
558 2496 611 2550 hi
643 2513 752 2552 non
797 2510 1176 2553 surrexerunt.
1213 2497 1304 2553 Isti
1332 2514 1465 2553 vero
1500 2510 1788 2571 surgentes
1820 2498 2042 2553 dicunt:

441 2585 746 2661 Consepulti
770 2606 949 2645 sumus
975 2589 1182 2645 Christo
1210 2608 1298 2662 per
1324 2591 1599 2661 baptisma,
1629 2599 1679 2643 et
1712 2591 2045 2645 consurrexi-

440 2697 553 2737 mus
573 2684 619 2738 ei
652 2681 837 2765 (Rom.
872 2686 973 2756 vi}.
1009 2685 1283 2740 Habemus
1314 2686 1516 2756 quippe
1542 2693 1603 2739 ut
1654 2686 1848 2755 pignus
1875 2682 2045 2755 Spiri-

441 2782 526 2829 tus
552 2774 725 2831 sancti
752 2819 767 2844 ,
794 2792 957 2847 quem
1008 2777 1341 2847 accipiemus
1393 2777 1459 2831 ad
1505 2776 1724 2848 plenum
1753 2787 2043 2847 postquam

437 2872 649 2925 venerit
702 2872 851 2941 quod
907 2871 1210 2941 perlectum
1244 2871 1474 2928 estzsic
1527 2872 1720 2942 pignus
1769 2887 2047 2927 resurrec-

440 2961 643 3027 tionis,
674 2964 803 3032 quia
852 2964 904 3018 iu
946 2967 1348 3020 resurrectione
1390 2964 1623 3034 perfecta
1676 2980 1839 3020 nemo
1868 2966 2045 3021 adhuc

438 3060 740 3113 resurrexit
793 3058 862 3116 de
917 3059 1099 3115 nobis.
1154 3060 1540 3115 Verumtamen
1592 3062 2036 3127 resurreximus,

2155 1848 2255 1901 cia.
2283 1848 2376 1902 HIB
2404 1847 2864 1903 comminationes
2891 1855 3018 1900 sunt
3044 1845 3333 1901 adversum
3362 1843 3528 1899 falsos
3555 1840 3752 1913 magis-

2157 1953 2269 1997 tros
2294 1983 2309 2009 ,
2334 1954 2389 1997 et
2435 1958 2533 1997 eos
2559 1987 2573 2013 ,
2606 1943 2695 2013 qui
2750 1943 3047 2011 loquuntur
3094 1940 3397 1996 mendacia.
3451 1938 3750 1993 Videamus

2153 2045 2334 2091 antem
2367 2036 2494 2107 quid
2523 2035 2590 2090 de
2621 2036 2704 2089 his
2744 2035 3147 2090 comminetur:
3180 2032 3246 2087 In
3278 2032 3556 2104 disciplina
3586 2027 3752 2103 904

2154 2131 2337 2203 pOpuli
2369 2133 2466 2185 mei
2499 2148 2601 2185 non
2631 2140 2800 2185 erant.
2831 2128 2946 2185 Non
2978 2145 3084 2185 uno
3113 2129 3275 2184 modo
3306 2143 3337 2183 a
3370 2128 3601 2182 Domino
3626 2141 3751 2195 pec,

2152 2234 2367 2279 calores
2397 2224 2787 2294 corripiuntur.
2819 2222 2993 2278 Aliter
3031 2222 3278 2294 arguitur
3307 2220 3537 2293 populus
3569 2218 3752 2273 Domi-

2151 2318 2204 2371 ni
2233 2359 2248 2383 ,
2281 2317 2442 2372 aliter
2471 2317 2679 2372 alienus
2713 2318 2781 2372 ab
2803 2333 2868 2373 eo
2895 2335 2907 2371 :
2940 2313 3070 2384 Fili,
3103 2334 3165 2372 ne
3190 2316 3483 2391 neglexeris
3511 2313 3750 2384 discipli-

2148 2426 2273 2465 nam
2324 2409 2557 2476 Domini,
2592 2427 2753 2481 neque
2799 2410 3060 2482 fatigeris,
3103 2410 3226 2463 dum
3272 2407 3507 2479 argueris
3561 2407 3625 2460 ab
3666 2421 3745 2461 eo.

2153 2506 2314 2573 Quem
2358 2506 2493 2559 enim
2524 2505 2697 2578 diligit
2736 2502 2993 2558 Dominus
3024 2504 3289 2577 castigat:
3316 2500 3551 2574 ﬂagellat
3580 2509 3749 2554 autem

2148 2615 2348 2654 omnem
2393 2598 2597 2669 ﬁlium,
2628 2613 2783 2670 quem
2824 2598 3010 2668 recipit
3041 2596 3228 2669 (Prov.
3255 2596 3359 2667 Ill).
3399 2594 3580 2666 Argue
3612 2608 3709 2649 nos
3730 2638 3744 2663 ,

2150 2692 2379 2752 Domine
2402 2732 2417 2759 ,
2449 2707 2636 2748 verum
2680 2692 2732 2746 in
2774 2689 2982 2761 judicio
3007 2732 3021 2756 ,
3057 2702 3110 2745 et
3144 2705 3251 2745 non
3286 2689 3339 2744 in
3387 2690 3571 2744 furore
3600 2706 3612 2742 :
3648 2689 3749 2742 ista

2146 2784 2421 2854 correptio
2452 2784 2637 2855 populi
2667 2793 2773 2839 est.
2814 2782 3105 2853 Correptio
3134 2782 3441 2853 peccatoris
3483 2789 3538 2836 et
3584 2777 3748 2835 alieni

2145 2878 2235 2935 illa
2267 2888 2351 2935 est
2376 2921 2389 2946 ,
2436 2894 2597 2949 quam
2625 2878 2807 2950 justus
2840 2877 3021 2933 renuit
3048 2876 3236 2931 dicens
3261 2892 3273 2928 :
3298 2872 3550 2939 Domine,
3592 2889 3655 2927 ne
3693 2871 3748 2925 in

2145 2974 2224 3027 ira
2272 2984 2359 3027 tua
2401 2989 2594 3044 arguas
2634 2988 2715 3025 me
2752 2985 2912 3039 neque
2951 2971 3007 3023 in
3047 2968 3225 3039 furore
3270 2977 3356 3022 tuo
3391 2966 3646 3036 corripias
3669 2977 3748 3017 me

2148 3065 2325 3139 (Psal.
2355 3066 2451 3137 vi).
2484 3066 2559 3120 De
2588 3064 2737 3119 falsis
2771 3064 2953 3132 itaque
2988 3060 3267 3132 magistris
3295 3104 3308 3129 ,
3342 3069 3393 3114 et
3421 3058 3489 3113 de
3515 3057 3748 3127 pseudo-

439 3150 610 3206 Paulo
638 3152 890 3209 dicente:
918 3152 1224 3225 Consepulti
1249 3171 1427 3210 sumus
1473 3154 1676 3211 Christo
1721 3172 1810 3225 per
1850 3155 2043 3225 baptis-
2070 3130 2116 3194 C
2151 3130 2429 3232 prOphetis
2458 3159 2656 3213 dicitur
2684 3156 2783 3213 :In
2812 3130 3293 3227 disciplinapOpuli
3316 3152 3414 3207 mei
3443 3168 3542 3206 non
3574 3160 3743 3219 erunt,

438 3260 546 3312 ma,
567 3254 614 3300 et
637 3248 1056 3303 consurreximus
1083 3248 1147 3302 ei.
1172 3245 1423 3303 Nondum
1445 3263 1574 3317 ergo
1601 3259 2041 3315 resurrexerunt,

437 3338 541 3393 hoc
569 3348 693 3405 est,
730 3340 959 3395 necdum
993 3340 1414 3397 resurrectionis
1450 3341 1718 3411 baptisma
1763 3340 2042 3396 consecuti

436 3443 565 3490 sunt
594 3435 712 3490 falsi
742 3435 1027 3507 prophetae
1051 3478 1066 3503 ,
1099 3446 1153 3492 et
1185 3434 1305 3491 falsi
1333 3437 1577 3507 magistri
1604 3478 1618 3501 ,
1652 3436 1744 3506 qui
1776 3435 2039 3503 dicerent,

437 3524 466 3565 ι)
507 3525 575 3582 In
605 3529 690 3582 die
734 3526 987 3593 Domini,
1024 3528 1283 3583 videntes
1316 3543 1436 3599 qua:
1484 3528 1617 3583 falsa
1664 3536 1832 3596 sunt,
1869 3542 2044 3599 neque

448 3620 744 3693 aliquando
800 3631 1032 3693 possunt
1084 3624 1408 3692 conSpicere
1478 3623 1782 3679 veritatem.
1842 3622 2043 3692 Accipe

440 3717 776 3785 exemplum.
830 3716 934 3785 Qui
994 3716 1335 3786 Scripturam
1386 3717 1556 3788 legit,
1585 3728 1641 3773 et
1689 3718 1850 3773 aliter
1879 3733 2040 3788 quam

438 3808 641 3877 scripta
674 3815 760 3865 est
803 3807 1051 3879 accipit,
1095 3807 1441 3880 Scripturam
1486 3810 1826 3865 mendaciter
1871 3810 2037 3865 videt.

435 3903 537 3971 Qui
586 3919 719 3959 vero
767 3905 919 3959 audit
952 3904 1292 3975 Scripturam
1316 3947 1330 3972 ,
1367 3914 1429 3961 ut
1456 3915 1478 3945 ο
1508 3921 1567 3961 se
1596 3906 1843 3962 veritatis
1885 3906 2042 3961 intel-

436 3994 610 4052 lectus
634 3996 794 4053 habet
824 4039 839 4063 ,
866 4007 923 4053 et
951 3998 1031 4054 sic
1061 4013 1181 4055 eam
1216 3999 1636 4069 interpretatur,
1672 4001 1821 4055 videt
1846 4002 2046 4056 verita-

436 4097 570 4145 tem.
600 4089 668 4144 Et
696 4090 876 4145 sancti
899 4091 1117 4162 quidem
1149 4107 1256 4147 non
1287 4092 1556 4148 divinant.
1584 4092 1701 4148 Non
1733 4094 1880 4148 enim
1901 4094 2042 4148 divi-

442 4182 592 4238 natio
620 4182 677 4238 in
704 4182 894 4240 Iacob.
926 4184 1253 4241 Peccatores
1293 4202 1425 4242 vero
1461 4187 1710 4243 divinant
1750 4188 1886 4243 falsa
1910 4230 1925 4255 ,
1958 4191 2041 4243 di-

434 4286 667 4333 centes:
703 4276 833 4333 Ilazc
864 4278 989 4333 dicit
1036 4278 1337 4335 Dominus:
1367 4290 1414 4334 et
1459 4279 1719 4337 Dominus
1761 4298 1861 4337 non
1906 4284 2044 4339 misit

342 4442 353 4451 θ
436 4388 545 4427 eos.
579 4371 719 4429 Audi
746 4372 1062 4443 haereticos,
1098 4374 1373 4444 quomodo
1398 4375 1742 4432 traditionem
1771 4378 2045 4447 apostolo-

436 4481 559 4521 rum
589 4466 794 4523 habere
819 4483 879 4524 se
916 4467 1122 4524 dicant.
1156 4467 1297 4524 Audi
1330 4467 1501 4524 falsos
1546 4470 1869 4540 magistros,
1904 4489 2042 4542 quo-

436 4561 600 4615 modo
627 4559 901 4617 afﬁrmant
926 4561 1236 4617 doctrinam
1260 4576 1411 4617 suam
1441 4561 1659 4619 Domini
1685 4581 1807 4622 esse
1837 4566 2041 4621 doctri-
2068 4538 2122 4600 D

433 4667 559 4707 nam
586 4696 600 4719 ,
648 4668 875 4710 sensum
924 4650 1132 4710 tlsuum
1181 4671 1488 4726 congruere
1530 4659 1954 4730 prophetarum,
1988 4672 2042 4716 et

430 4742 656 4800 dicunt:
680 4745 812 4803 ch
834 4748 961 4802 dicit
989 4745 1265 4817 Dominus,
1291 4758 1337 4803 et
1360 4747 1614 4805 Dominus
1637 4768 1738 4805 non
1761 4754 1903 4807 misit
1934 4771 2038 4809 eos.

431 4838 500 4894 Et
529 4843 1062 4914 cwpcruntsuscitare
1089 4859 1393 4899 sermonem.
1427 4842 1551 4898 Non
1582 4846 1827 4900 visionem
1852 4847 2041 4917 falsam

429 4935 630 4989 vidistis
664 4935 858 5006 (Nunt.
888 4937 1070 5007 χχιιι).
1109 4937 1175 4992 Et
1206 4937 1258 4991 hi
1292 4937 1435 4992 enim
1464 4938 1652 4994 volunt
1684 4942 1737 4995 in
1761 4940 2039 4997 defensio-

430 5042 555 5084 nem
584 5029 671 5084 sui
702 5030 999 5101 quemdam
1030 5044 1130 5100 pro
1166 5044 1226 5085 se
1257 5030 1527 5087 suscitare
1557 5048 1865 5089 sermonem
1892 5052 1907 5101 ;
1939 5037 2035 5092 sed

426 5126 610 5198 arguit
654 5140 751 5182 eos
800 5126 1070 5181 Dominus
1098 5168 1113 5192 ,
1155 5137 1210 5181 et
1238 5127 1401 5198 903
1433 5126 1596 5182 dicit:
1630 5127 1755 5184 Non
1787 5131 2036 5187 visionem

427 5220 619 5292 falsam
664 5220 891 5282 vidistis,
921 5230 969 5274 et
1018 5220 1363 5275 divinationes
1407 5236 1567 5277 vanas
1618 5222 1779 5277 locuti
1819 5225 1965 5293 estis,
1990 5234 2036 5280 et

427 5315 660 5386 dixistis,
688 5315 817 5371 dicit
837 5311 1127 5383 Dominus,
1152 5320 1200 5369 et
1223 5329 1316 5385 ego
1340 5331 1443 5370 non
1480 5331 1595 5371 sum
1623 5317 1867 5373 locutus?
1900 5317 2036 5373 Pro-

499 5507 527 5537 ι
568 5498 827 5555 Interseri
859 5492 1042 5552 malim
1070 5490 1232 5563 falsos
1263 5506 1384 5563 cum
1418 5487 1643 5563 Rabano
1671 5530 1701 5563 ,ν
1728 5492 1771 5544 si
1796 5492 2033 5546 conside-

424 5586 542 5625 rare
568 5571 793 5626 uolueris
821 5572 980 5642 falsos
1012 5560 1288 5638 magistros
1307 5582 1326 5620 :
1354 5561 1424 5617 de
1461 5560 1569 5616 illis
1620 5562 1765 5616 enim
1810 5566 2030 5634 proprie

428 5656 613 5698 sermo
645 5646 973 5700 contexitur.

498 5713 526 5753 δ
566 5716 744 5773 Penes
769 5717 1073 5779 Rabanum,
1102 5726 1219 5782 qua:
1242 5709 1422 5765 dicunt
1444 5722 1477 5760 a
1521 5704 1741 5763 Domino
1771 5708 2019 5781 videntes,

426 5784 565 5858 falsa
589 5797 734 5859 sunt,
761 5804 944 5860 neque,
968 5795 1075 5843 etc.

2150 3270 2311 3324 neque
2332 3253 2385 3306 in
2414 3253 2675 3319 scriptura
2706 3248 2903 3304 Domus
2944 3246 3118 3301 Israel
3160 3245 3471 3300 scribentur.
3513 3243 3667 3299 Sicut
3694 3251 3749 3297 et

2146 3348 2279 3403 alibi
2306 3367 2318 3403 :
2350 3344 2637 3401 Deleantur
2662 3344 2726 3399 de
2750 3343 2880 3398 libro
2907 3341 3205 3405 viventium,
3235 3349 3281 3394 et
3308 3355 3424 3392 cum
3445 3338 3609 3412 juslis
3637 3351 3739 3390 non

2147 3445 2461 3498 scribantur.
2498 3441 2567 3496 Et
2589 3456 2733 3496 nunc
2762 3438 3049 3508 Scriptura
3081 3438 3188 3490 ait:
3224 3432 3292 3489 In
3337 3434 3548 3489 domum
3578 3430 3750 3487 Israel

2148 3555 2250 3593 non
2281 3537 2591 3604 scribentur,
2616 3545 2662 3591 et
2693 3535 2747 3588 in
2778 3543 2969 3587 terram
2994 3529 3167 3585 Israel
3187 3546 3291 3584 non
3318 3528 3603 3583 intrabunt.
3638 3525 3747 3581 Ex-

2149 3645 2230 3691 tra
2254 3630 2693 3704 repromissionis
2724 3640 2921 3685 terram
2955 3624 3197 3681 hmretici
3228 3623 3609 3686 morabuntur,
3630 3634 3750 3690 qua:

2147 3739 2230 3786 est
2261 3739 2404 3785 terra
2429 3727 2591 3783 valde
2622 3725 2765 3779 bona
2784 3766 2799 3786 ,
2833 3730 2888 3777 et
2910 3722 2961 3776 in
2990 3735 3150 3792 quam
3177 3760 3192 3785 ,
3217 3729 3277 3774 ut
3306 3716 3746 3781 introducantur,

2147 3837 2367 3877 oramus
2394 3863 2407 3888 ,
2440 3820 2494 3874 in
2521 3817 2661 3873 libro
2702 3817 3000 3871 viventium
3039 3822 3167 3867 ante
3207 3809 3498 3881 conscripti
3542 3825 3569 3861 a
3618 3805 3749 3863 Jesu

2146 3912 2365 3971 Christo
2388 3956 2401 3980 ,
2435 3913 2521 3967 cui
2554 3920 2638 3984 est
2665 3908 2836 3983 gloria
2869 3917 2923 3964 et
2953 3904 3239 3977 imperium
3271 3906 3324 3960 in
3357 3903 3551 3961 saecula
3583 3915 3749 3957 saecu-

2149 4007 2324 4064 lorum
2346 4049 2361 4077 ,
2387 4008 2579 4063 Amen.

2634 4119 2921 4177 HOMILIA
2962 4116 3247 4175 TERTIA.

2150 4282 2226 4337 De
2256 4298 2322 4338 eo
2352 4280 2496 4352 quod
2529 4279 2941 4352 scriptumest:
2971 4273 3083 4352 Fili
3134 4273 3380 4352 hominis,
3408 4271 3626 4352 obﬁrma
3667 4268 3748 4340 fa-

2219 4355 2344 4409 ciem
2372 4343 2519 4407 tuam
2546 4343 2701 4423 super
2730 4348 2871 4418 ﬁlias
2889 4348 3081 4423 populi
3137 4348 3240 4423 tui,
3267 4360 3383 4417 qua:
3437 4343 3747 4414 prophetarit

2219 4428 2282 4481 de
2306 4427 2461 4481 corde
2481 4418 2801 4491 suo,'usque
2830 4441 2843 4476 :
2876 4418 3109 4487 Obﬁrma
3138 4421 3325 4491 faciem
3380 4432 3543 4491 meam
3592 4428 3747 4491 super

2221 4498 2482 4554 hominem
2498 4486 2669 4561 illum,
2692 4486 2739 4547 et
2762 4486 3406 4566 ponam’illumdesertum
3420 4488 3577 4559 (Cap.
3605 4486 3742 4558 ult).

2218 4656 2380 4729 903
2425 4654 2667 4710 Primum
2715 4650 2782 4706 de
2813 4665 2917 4719 eo,
2947 4647 3091 4720 quod
3132 4647 3367 4703 dicitur:
3401 4645 3633 4717 Obﬁrma
3665 4646 3746 4715 [a-

2147 4751 2276 4807 ciem
2298 4763 2461 4816 tuam,
2496 4747 2912 4819 requirendum.
2951 4744 3157 4800 Deinde
3196 4744 3241 4799 si
3295 4743 3553 4799 Dominus
3574 4742 3743 4797 dede-

2147 4847 2259 4911 rit,
2296 4845 2621 4914 investigare
2650 4841 2923 4897 debemus
2953 4839 3092 4894 filias
3124 4839 3304 4908 p0puli
3355 4837 3745 4908 prophetantes

2146 4938 2215 4993 de
2270 4936 2439 4993 corde
2492 4950 2592 4991 suo
2620 4976 2633 4999 ,
2667 4944 2721 4991 et
2750 4933 3015 4989 facientes
3060 4947 3123 4987 ea
3151 4972 3165 4999 ,
3192 4933 3246 4987 in
3281 4932 3480 5003 quibus
3529 4946 3623 4987 eas
3650 4928 3747 4985 Dei

2148 5038 2331 5089 sermo
2358 5031 2639 5101 corripiat.
2674 5030 2743 5084 Et
2771 5029 2913 5101 quod
2942 5028 3014 5083 sit
3040 5028 3142 5081 alia
3175 5026 3338 5083 facies
3375 5038 3576 5095 praeter
3610 5027 3747 5082 hanc

2144 5128 2395 5199 corporis
2425 5128 2599 5183 nostri
2630 5125 2820 5181 faciem
2851 5170 2865 5195 ,
2921 5124 3049 5178 licet
3071 5139 3138 5179 ex
3167 5124 3356 5177 multis
3392 5121 3745 5176 manifestum

2145 5225 2257 5288 sit,
2290 5231 2530 5277 attamen
2562 5231 2617 5276 et
2643 5235 2707 5274 ex
2755 5218 2838 5272 his
2864 5259 2879 5285 ,
2913 5233 3034 5288 qua:
3085 5216 3381 5287 Apostolus
3438 5227 3740 5281 memorat,

2146 5316 2416 5373 indicatur
2442 5332 2456 5367 :
2488 5312 2599 5367 Nos
2628 5328 2753 5368 vero
2785 5327 2958 5366 omnes
2986 5309 3213 5365 revelata
3234 5309 3368 5380 facie
3391 5306 3616 5381 gloriam
3640 5306 3746 5362 Do-

2217 5504 2239 5531 ο
2283 5489 2437 5561 Apud
2458 5488 2735 5555 eumdem,
2758 5495 2806 5542 et
2834 5488 2967 5543 sicut
2998 5489 3226 5543 veritatis
3254 5486 3548 5544 intellectus
3567 5488 3739 5557 habet,

2138 5565 2214 5620 sic
2232 5579 2344 5618 eam
2375 5564 2764 5631 interpretatur.

2210 5635 2236 5673 ἀ
2276 5634 2595 5705 Supplenda
2627 5638 2732 5688 vox
2764 5632 2958 5701 sensui,
2994 5631 3457 5705 quemadmodum
3485 5646 3539 5689 et
3566 5633 3744 5689 Raba-

2135 5724 2237 5764 nus
2267 5704 2469 5775 habet,
2494 5721 2701 5762 sensum
2745 5721 2898 5759 suum
2936 5704 3420 5776 sensuigcongruere
3459 5706 3741 5779 praplteta-

2130 5797 2267 5836 rum.
2299 5803 2311 5811 ‘
