4128 6346
346 235 459 295 713

891 242 1332 306 TRANSLATIO
1372 242 1810 309 HOMILIARUM
1847 240 2171 308 ORIGENIS
2208 248 2277 308 IN
2317 218 2779 313 EZECHIELEM.
2823 254 2988 315 non.
3032 256 3122 316 tu.

3549 265 3655 324 7H

348 364 484 418 mini
509 364 850 432 speculantes,
877 366 932 422 in
958 368 1189 423 eamdem
1218 369 1944 442 imaginemtransformamur
1972 369 2027 432 Α
2054 372 2225 427 tranei
2259 372 2400 436 ﬂeri,
2436 377 2574 428 omni
2611 377 2783 433 cubito
2825 396 3099 449 manuum,
3148 382 3262 437 sive
3303 400 3505 440 manus.
3553 389 3656 456 Qui

348 475 387 513 a
411 459 581 531 gloria
628 461 682 514 in
724 462 969 531 gloriam,
1000 464 1150 534 quasi
1189 482 1220 517 a
1252 462 1463 519 Domini
1505 467 1689 538 spiritu
1722 465 1789 537 (ll
1823 465 1944 523 Cor.

347 552 461 611 ιιι).
504 554 651 609 lianc
673 554 865 611 faciem
905 559 1249 626 corporalem
1280 574 1471 615 omnes
1500 560 1752 616 homines
1779 560 1945 615 habe-

347 660 476 702 mus
507 649 832 719 revelatam,
867 650 974 705 nisi
1009 651 1151 708 forte
1174 652 1573 709 calamitatibus
1601 661 1656 710 et
1682 655 1947 725 angustiis

349 741 675 810 premimur.
710 741 905 797 Vultus
940 750 1125 800 autem
1168 746 1260 801 ille
1285 787 1300 813 ,
1334 746 1402 802 de
1432 762 1541 818 quo
1597 763 1778 803 sermo
1804 747 1950 813 Apo-

349 834 479 890 stoli
530 846 652 905 est,
689 838 741 892 in
775 838 960 895 multis
993 848 1168 895 tectus
1198 848 1307 909 est,
1339 849 1395 897 et
1422 842 1475 897 in
1520 840 1708 912 paucis
1738 843 1952 898 revela-

350 934 463 982 tus.
497 927 600 997 Qui
626 930 770 985 enim
801 930 1056 987 fiduciam
1082 932 1247 988 habet
1274 934 1327 989 in
1353 934 1461 989 vita
1489 935 1861 1005 immaculata,
1895 936 1949 991 in

351 1041 522 1084 sensu
553 1042 686 1083 sano
711 1071 726 1095 ,
756 1030 809 1085 in
855 1030 959 1087 fide
985 1046 1118 1086 vera
1145 1073 1160 1097 ,
1187 1031 1291 1088 iste
1323 1033 1695 1089 tantummodo
1724 1048 1828 1088 non
1856 1032 1953 1087 ba-

352 1118 448 1176 bet
474 1123 856 1189 conlessionis,
888 1123 1286 1192 fraudulentiaa,
1320 1127 1634 1197 peccatique
1660 1126 1907 1183 velamen
1934 1144 1949 1193 ;

355 1214 452 1271 sed
482 1228 709 1287 propter
736 1233 923 1288 puram
948 1220 1340 1277 conscientiam
1365 1268 1378 1291 ,
1406 1221 1572 1295 θοή.
1601 1223 1839 1278 revelata
1869 1223 1951 1279 fa-

355 1308 443 1364 cie
467 1309 699 1380 gloriam
727 1312 941 1367 Domini
968 1314 1389 1385 contemplatur.
1425 1315 1619 1371 Procul
1650 1325 1827 1371 autem
1860 1317 1955 1372 ab-

358 1401 430 1455 sit
460 1418 487 1454 a
516 1403 696 1470 nobis,
723 1413 782 1458 ut
821 1406 1055 1462 velatam
1086 1406 1381 1463 habeamus
1412 1407 1552 1464 hanc
1582 1408 1795 1464 faciem.
1830 1408 1955 1464 Haec

359 1508 531 1565 pauca
578 1495 646 1551 de
701 1496 873 1566 facie,
904 1508 962 1553 ut
1014 1501 1287 1569 possimus
1344 1501 1650 1573 intelligere
1680 1501 1809 1573 quid
1844 1502 1954 1570 sit,

361 1588 505 1659 quod
540 1592 824 1661 sequitur:
860 1592 1092 1662 Obﬁrma
1118 1595 1305 1666 faciem
1335 1605 1476 1649 tuam
1503 1612 1660 1666 super
1682 1596 1820 1666 ﬁlias
1857 1612 1952 1668 po-

363 1685 478 1755 puli
526 1686 625 1739 tui.
657 1684 763 1741 lsta
796 1686 964 1743 facies
988 1733 1002 1757 ,
1052 1688 1102 1743 id
1133 1698 1257 1759 est,
1294 1691 1589 1762 principale
1622 1688 1954 1766 (ἡγεμονικὸν)

2054 464 2108 519 in
2137 466 2282 522 victu
2314 468 2563 538 corporis
2590 473 2835 542 occupati
2870 484 3037 543 sunt,
3072 484 3127 531 et
3158 493 3223 533 ne
3254 495 3350 550 per
3380 479 3653 534 somnium

2052 560 2271 631 quidem
2305 562 2619 631 spirituales
2650 566 2836 623 videre
2866 568 3114 638 delicias,
3159 588 3295 644 quas
3325 589 3423 628 nos
3452 575 3655 631 habere

2054 654 2168 710 vult
2195 670 2379 711 sermo
2406 656 2623 714 divinus
2650 658 2840 715 dicens
2871 679 2884 715 :
2922 661 3194 720 Delectare
3220 668 3273 721 in
3326 666 3575 734 Domino,
3606 678 3656 724 et

2054 746 2193 801 dabit
2221 750 2308 803 tibi
2333 751 2606 823 petitiones
2629 754 2803 809 cordis
2839 758 2954 823 tui;
2984 759 3073 827 qui
3117 774 3221 814 non
3265 771 3534 817 noverunt
3560 778 3655 817 vo-

2053 840 2316 899 luntatem
2351 846 2637 901 beatorum
2667 893 2681 917 ,
2709 849 2778 904 de
2804 865 2909 919 qua
2955 851 3215 907 scribitur
3243 872 3255 907 :
3287 852 3534 910 Torrente
3567 873 3657 912 vo-

2054 938 2271 1010 luptatis
2305 949 2406 995 tuaz
2445 942 2647 1008 potabis
2685 959 2772 998 eos
2815 961 2831 997 :
2872 945 3157 1015 requirunt
3184 949 3336 1012 quasi
3386 959 3656 1006 amatores

2056 1034 2312 1100 luxuriae,
2342 1043 2397 1090 et
2438 1052 2545 1091 non
2575 1046 2846 1094 amatores
2888 1038 3028 1107 Dei,
3062 1055 3278 1111 semper
3321 1044 3371 1097 in
3404 1059 3659 1114 corpora-

2057 1125 2203 1181 libus
2236 1142 2359 1183 esse
2396 1128 2624 1185 deliciis.
2658 1130 2887 1201 Signum
2926 1142 3108 1188 autem
3156 1134 3289 1189 mihi
3321 1136 3534 1192 videtur
3563 1154 3658 1191 vo-

2059 1218 2280 1289 luptatis
2311 1237 2548 1291 carneae,
2582 1224 2685 1279 sub
2725 1226 2915 1280 cubito
2961 1243 3216 1284 manuum
3250 1231 3481 1286 cervical
3505 1248 3660 1287 assu-

2059 1320 2190 1367 tum.
2219 1313 2355 1382 Quia
2379 1316 2521 1371 enim
2550 1318 2602 1372 in
2625 1326 2875 1389 tempore
2897 1320 3274 1378 discutnbendi
3297 1323 3361 1378 ad
3390 1324 3656 1380 beneficia

2060 1409 2366 1476 corporalia
2396 1410 2646 1466 videmur
2677 1415 2753 1468 uti
2798 1418 3047 1472 consutis
3080 1419 3429 1488 quibusdam,
3476 1431 3528 1475 et
3560 1436 3659 1476 acu

2062 1500 2224 1571 pictis
2257 1505 2358 1559 sub
2388 1504 2574 1560 cubito
2615 1507 2781 1579 906
2810 1525 3071 1565 manuum
3116 1522 3427 1568 nostrarum
3456 1557 3469 1581 ,
3504 1514 3661 1569 forsi-

2062 1599 2151 1647 tan
2186 1609 2368 1650 sermo
2396 1596 2618 1653 divinus
2649 1617 2742 1669 per
2766 1602 2923 1657 istius
2949 1603 3095 1658 modi
3124 1603 3353 1675 ﬁguram
3393 1616 3447 1661 et
3492 1623 3658 1678 argu-

2065 1694 2306 1740 mentum
2338 1702 2434 1743 eos
2463 1690 2645 1760 culpat
2680 1694 2995 1764 magistros,
3028 1696 3122 1767 qui
3166 1714 3263 1766 per
3303 1699 3661 1771 vaniloquen-

364 1778 550 1833 cordis
579 1781 748 1835 nostri
779 1823 794 1847 ,
825 1782 924 1837 nisi
956 1782 1240 1837 obfirmata
1290 1783 1454 1840 fuerit
1482 1800 1643 1855 super
1672 1800 1738 1839 eo
1762 1828 1777 1851 ,
1813 1783 1956 1854 quod
1986 1775 2034 1835 B
2064 1777 2217 1847 tiam,
2271 1788 2325 1835 et
2376 1781 2561 1838 beatas
2603 1800 2846 1857 quasque
2892 1790 3375 1859 repromissiones,
3417 1793 3662 1848 multitu-

365 1873 780 1946 intelligendum
810 1887 935 1943 est,
966 1887 1024 1933 ut
1049 1878 1323 1948 quomodo
1353 1879 1538 1945 videt,
1569 1880 1648 1934 sic
1676 1880 1963 1935 annuntiet

364 1969 618 2038 gentibus
639 2011 654 2036 ,
688 1969 818 2025 illud
868 1971 1011 2042 quod
1035 1973 1317 2045 aspicitur,
1353 1988 1460 2028 non
1490 1972 1725 2028 videtur.
1750 1972 1961 2043 Impos-

365 2062 527 2117 sibile
551 2064 748 2134 quippe
793 2072 920 2129 est,
952 2075 1009 2119 ut
1040 2066 1238 2137 aliquis
1265 2066 1383 2121 sine
1430 2063 1812 2121 obfiritiatione
1839 2066 1962 2121 vul-

367 2162 479 2223 tus,
506 2170 672 2227 vagus
696 2199 710 2223 ,
744 2157 1169 2215 ﬂuctuabuudus
1191 2204 1206 2228 ,
1234 2160 1587 2216 circumlatus
1617 2160 1765 2215 omni
1798 2170 1963 2215 vento

367 2248 657 2317 doctrinae,
688 2251 869 2307 videat
898 2255 1040 2324 quod
1070 2254 1253 2322 debet,
1278 2254 1459 2309 videat
1486 2263 1539 2309 ul
1572 2254 1759 2311 debet.
1791 2255 1965 2323 Opor-

367 2352 450 2401 tet
476 2346 619 2401 cnim
652 2347 925 2403 volentem
966 2347 1269 2418 intelligere
1301 2348 1499 2403 habere
1539 2347 1734 2405 faciem
1760 2388 1776 2416 ,
1806 2348 1862 2402 in
1899 2361 1965 2402 eo

366 2438 512 2509 quod
559 2440 861 2512 intelligere
888 2442 1097 2511 nititur,
1132 2442 1512 2497 oblirmatam:
1547 2442 1617 2499 ob
1645 2441 1784 2496 hanc
1815 2456 1964 2497 sem-

367 2547 472 2604 per
500 2549 719 2591 causam
750 2537 1160 2607 prophetaturis
1188 2537 1751 2608 primumjubetur,ut
1775 2538 1964 2593 faciem

366 2642 527 2683 suam
581 2628 1000 2697 obfirment;ut
1054 2638 1299 2685 nostram
1356 2641 1536 2685 autem
1590 2639 1645 2686 et
1689 2646 1789 2685 nos
1842 2644 1966 2700 pos-

368 2723 545 2778 simus
590 2723 879 2779 obfirmare
944 2722 1141 2779 faciem
1196 2723 1251 2778 in
1298 2723 1594 2794 Evangelio
1622 2765 1637 2791 ,
1682 2722 1735 2778 in
1781 2723 1961 2793 Lege,

369 2814 428 2871 in
481 2816 807 2887 Prophetis,
864 2817 918 2872 in
970 2817 1277 2888 apostolis,
1328 2817 1553 2873 oblirma
1626 2832 1746 2872 eam
1804 2832 1967 2888 super

365 2909 532 2982 905
578 2908 821 2977 Christo,
868 2922 924 2966 et
964 2926 1071 2966 non
1112 2926 1273 2981 super
1324 2912 1509 2966 saeculi
1554 2911 1807 2983 negotiis.
1859 2909 1967 2965 Sed

368 3018 493 3058 cum
539 3004 591 3059 in
643 3004 1011 3061 mundialibus
1064 3005 1213 3061 curis
1252 3007 1431 3059 anima
1478 3016 1663 3059 nostra
1694 3012 1963 3070 versetur,

368 3112 492 3154 cum
526 3115 741 3171 Semper
771 3100 960 3156 ardeat
992 3099 1226 3156 habendi
1266 3099 1429 3163 fame,
1466 3115 1573 3155 non
1608 3099 1966 3154 obfirmamus

2063 1870 2244 1927 dinem
2302 1875 2640 1932 audientium
2710 1880 2971 1948 libidini,
3027 1883 3215 1953 vitiis,
3279 1887 3661 1956 voluptatique

2064 1966 2409 2035 permittunt.
2444 1970 2615 2026 Debet
2645 1973 2793 2027 enim
2830 1974 2925 2028 Dei
2958 1977 3210 2046 verbum,
3246 1991 3295 2034 et
3323 1980 3466 2035 Deus
3500 1982 3664 2037 homo

2064 2075 2127 2115 ea
2154 2062 2437 2131 proferre,
2478 2080 2596 2136 qua!
2646 2068 2806 2124 saluti
2852 2080 2979 2125 sunt
3019 2072 3259 2129 audienti
3288 2117 3301 2139 ,
3351 2093 3469 2147 qua:
3508 2078 3661 2134 illum

2066 2154 2354 2212 hortentur
2385 2158 2451 2212 ad
2482 2161 2881 2217 continentiam
2912 2207 2927 2230 ,
2958 2165 3023 2221 ad
3047 2169 3533 2226 conversationem
3573 2186 3663 2226 sa—

2065 2261 2256 2302 norum
2288 2259 2533 2312 actuum,
2567 2253 2635 2306 ad
2662 2263 2883 2323 cuncta,
2914 2273 3034 2326 quae
3066 2258 3231 2314 homo
3272 2262 3550 2317 studiosus
3577 2264 3660 2319 la-

2067 2339 2297 2408 borum,
2350 2351 2405 2399 et
2464 2359 2573 2399 non
2627 2346 2943 2415 libidinum,
2998 2352 3162 2407 debet
3222 2356 3560 2422 incumbere,
3610 2367 3667 2413 ut

2068 2436 2242 2503 possit
2269 2451 2331 2493 ea
2372 2441 2684 2511 consequi,
2730 2459 2852 2513 qua:
2900 2460 2929 2499 a
2981 2445 3094 2501 Deo
3126 2459 3251 2503 sunt
3302 2452 3661 2519 repromissa.

2068 2531 2203 2587 Cum
2228 2548 2361 2603 ergo
2391 2534 2591 2605 aliquis
2620 2547 2784 2607 aptus
2824 2541 3073 2597 moribus
3104 2545 3291 2615 populi
3319 2585 3333 2610 ,
3365 2556 3419 2599 ut
3454 2547 3667 2616 placeat

2068 2624 2151 2679 eis
2176 2667 2191 2691 ,
2222 2627 2420 2695 quibus
2451 2643 2613 2684 aures
2645 2632 2928 2699 pruriunt,
2961 2634 3208 2705 loquitur
3237 2653 3359 2707 quae
3385 2646 3666 2709 gratanter

2070 2718 2363 2788 accipiant,
2394 2721 2632 2791 loquitur
2660 2741 2783 2794 quin
2821 2726 3002 2782 vicina
3048 2740 3174 2784 sunt
3207 2731 3500 2801 voluptati,
3546 2734 3671 2790 talis

2071 2812 2332 2880 magister
2364 2814 2582 2873 consuit
2610 2818 2905 2872 cervicalia
2932 2819 3033 2873 sub
3057 2822 3205 2875 omni
3234 2822 3423 2879 cubito
3452 2839 3663 2880 manus.

2070 2908 2328 2978 Sequitur
2358 2909 2462 2965 hoc
2503 2921 2787 2981 peccatum
2836 2912 3150 2981 habentem,
3188 2925 3245 2970 ut
3286 2917 3447 2973 faciat
3496 2921 3664 2975 etiam

2072 3003 2303 3058 amictus
2335 3003 2403 3057 ad
2434 3004 2720 3060 velandum
2753 3018 2916 3077 caput
2945 3009 3124 3063 omnis
3152 3012 3348 3064 (etatis.
3382 3009 3549 3082 Cujus
3572 3030 3666 3069 au-

2073 3101 2183 3149 tem
2211 3096 2287 3151 rei
2322 3095 2498 3165 figura
2544 3099 2613 3153 sit
2653 3100 2822 3154 etiam
2862 3101 3134 3168 velamen,
3166 3107 3380 3159 cautius
3410 3106 3666 3162 conside-

365 3190 561 3246 faciem
596 3204 837 3247 nostram
871 3208 1036 3261 super
1063 3208 1149 3259 ea,
1181 3208 1301 3264 quae
1344 3193 1633 3261 imperavit
1673 3195 1834 3258 Deus,
1868 3190 1965 3247 sed
1993 3164 2041 3230 C
2072 3202 2276 3243 remus.
2312 3188 2413 3256 Qui
2467 3191 2721 3247 ﬁduciam
2766 3192 2950 3259 habet,
2986 3205 3041 3249 et
3073 3212 3202 3251 vere
3234 3195 3314 3252 vir
3353 3208 3468 3267 est,
3515 3202 3665 3255 vela-

368 3299 535 3357 super
562 3302 647 3354 ea,
674 3303 792 3358 qua:
821 3286 921 3343 Dei
948 3295 1074 3342 sunt
1099 3287 1321 3343 adversa
1347 3289 1657 3359 prteceptis.
1679 3288 1834 3355 Quis,
1866 3302 1964 3358 pu-

369 3392 475 3446 tas,
507 3382 560 3435 in
590 3381 750 3437 nobis
781 3381 1093 3437 immundus
1123 3393 1207 3438 est
1230 3382 1301 3438 ob
1341 3382 1779 3438 obfirmationem
1807 3380 1964 3438 faciei

366 3490 534 3546 super
563 3475 670 3543 his,
698 3492 818 3548 qua:
846 3476 1139 3533 interdicta
1166 3476 1335 3532 sunt?
1379 3476 1512 3545 Quis
1544 3478 1813 3532 intantum
1854 3476 1964 3531 sol-

367 3570 550 3627 licitus
578 3580 633 3628 et
661 3581 878 3639 cautus,
910 3582 967 3627 ut
993 3571 1183 3628 diebus
1219 3586 1285 3628 ac
1316 3572 1564 3627 noctibus
1594 3571 1657 3629 in
1697 3587 1761 3627 ea
1800 3571 1964 3627 obfir-

366 3676 482 3723 met
509 3667 690 3723 cordis
719 3667 803 3723 sui
834 3668 1059 3735 faciem,
1080 3683 1199 3739 qua:
1226 3666 1535 3737 jubentur?
1564 3665 1717 3721 Nunc
1746 3681 1963 3738 quoque

365 3757 414 3813 si
449 3758 780 3815 intellecturi
824 3759 1021 3813 fuimus
1072 3768 1399 3829 praesentem
1447 3756 1775 3826 scripturam
1828 3771 1962 3827 quo-

365 3853 533 3908 modo
566 3853 847 3923 pr0phetae
876 3852 1090 3907 dicatur
1120 3868 1133 3905 :
1170 3852 1404 3920 Obﬁrma
1431 3852 1619 3922 faciem
1647 3861 1789 3906 tuam
1808 3866 1963 3922 super

366 3944 507 4017 ﬁlias
533 3946 720 4019 populi
745 3948 819 4001 tui
842 3987 859 4014 ,
888 3956 944 4001 ut
968 3946 1226 4002 videatea
1252 3960 1375 4017 quae
1398 3945 1648 4001 dicturus
1670 3954 1775 4013 est,
1799 3945 1962 4001 debe-

365 4057 487 4098 mus
517 4043 808 4099 obﬁrmare
852 4042 1298 4113 intelligentiam,
1359 4040 1581 4112 plenum
1624 4040 1675 4094 in
1728 4041 1963 4095 intenta-

365 4137 516 4192 tione
542 4136 728 4192 cordis
777 4136 977 4193 habere
1019 4144 1331 4203 tractatum,
1362 4136 1504 4206 quod
1532 4136 1604 4191 sit
1646 4136 1779 4203 hoc,
1812 4134 1961 4206 quod

365 4231 726 4300 significetur,
756 4241 815 4285 ut
844 4231 1058 4286 tandem
1087 4232 1303 4286 ratione
1327 4230 1567 4300 superati
1595 4274 1609 4299 ,
1643 4227 1962 4284 recedamus

365 4338 397 4380 a
426 4326 628 4381 littera.
656 4326 738 4381 Ac
764 4327 1061 4381 secundum
1083 4340 1429 4381 communem
1460 4324 1678 4396 quidem
1709 4323 1961 4379 intellec-

367 4428 505 4487 tum,
536 4420 790 4476 videntur
809 4421 1057 4491 quaedam
1084 4420 1208 4475 filia:
1237 4420 1419 4491 p0puli
1446 4420 1838 4491 prophetantes
1857 4417 1962 4474 hoc

363 4513 508 4584 quod
538 4515 784 4583 sequitur
811 4514 1101 4572 admisisse
1125 4522 1427 4584 peccatum.
1454 4513 1811 4569 Assumentes
1841 4529 1959 4568 cer-

364 4607 560 4662 vicalia
582 4608 945 4675 consuebant;
978 4621 1303 4665 consuentes
1328 4625 1434 4664 non
1460 4610 1737 4680 ponebant
1763 4623 1827 4664 ea
1856 4608 1959 4664 sub

365 4702 569 4771 capite,
600 4702 695 4756 sed
726 4703 827 4758 sub
868 4703 1051 4758 cubito
1090 4703 1448 4769 audientium,
1503 4711 1557 4758 et
1602 4701 1959 4758 velaminibus

364 4795 693 4873 quibpsdam
743 4797 994 4867 tegebant
1039 4798 1215 4868 capita
1264 4799 1538 4852 universa:
1584 4797 1781 4852 aetatis.
1832 4796 1961 4851 Haec

365 4899 510 4955 sunt,
546 4906 667 4960 quae
696 4889 1146 4961 prophetantibus
1183 4882 1396 4946 filiabus
1425 4889 1607 4961 populi
1636 4897 1961 4960 reputantur

368 4985 521 5054 quasi
555 4999 746 5054 magna
777 4997 1018 5055 peccata.
1057 4985 1192 5051 Quis
1237 4992 1417 5039 autem
1465 4991 1645 5054 potest
1694 4984 1748 5037 in
1791 4982 1959 5037 verbo

365 5079 676 5133 consistens
704 5078 907 5147 dicere,
940 5083 1065 5151 quia
1108 5080 1155 5135 si
1198 5078 1319 5150 quis
1349 5079 1644 5134 cervicalia
1692 5086 1919 5134 consuat
1942 5120 1957 5144 ,

366 5181 424 5227 et
452 5182 677 5227 consula
701 5173 801 5228 sub
836 5174 1020 5229 cubito
1051 5180 1216 5243 ponat
1245 5172 1476 5227 alterius
1504 5213 1520 5238 ,
1568 5171 1867 5242 delinquat,
1909 5180 1963 5227 et

368 5281 397 5321 a
430 5267 545 5324 Deo
568 5268 936 5338 corripiatur?
957 5268 1090 5337 Quis
1112 5277 1292 5337 potest
1316 5283 1585 5335 asserere,
1615 5268 1741 5339 quia
1768 5268 1815 5323 si
1842 5268 1963 5339 quis

368 5362 640 5418 velamina
673 5362 834 5418 faciat
861 5364 927 5418 ad
960 5364 1246 5435 tegendum
1276 5371 1437 5433 caput
1467 5362 1737 5418 universae
1766 5362 1960 5430 aetatis,
1986 5408 1991 5413 .

370 5455 537 5526 impie
567 5455 725 5528 agat?
771 5455 957 5512 Invitis
988 5457 1144 5512 nobis
1174 5457 1244 5511 ab
1290 5457 1405 5527 ipsa
1455 5456 1736 5528 Scriptura
1767 5470 1963 5512 neces-

370 5550 506 5604 sitas
530 5551 850 5621 imponitur,
884 5559 942 5605 ut
987 5550 1055 5605 ab
1097 5549 1342 5620 apicibus
1374 5549 1570 5604 litteras
1617 5548 1968 5615 recedentes,

369 5644 618 5715 verbum,
648 5656 703 5699 et
744 5643 1093 5714 sapientiam,
1127 5655 1180 5699 et
1208 5629 1545 5699 voluntatem
1575 5642 1693 5713 ejus
1727 5642 1972 5714 requira-

373 5753 495 5794 mus
522 5737 588 5793 ad
615 5737 910 5810 aperienda
942 5745 1186 5808 peccata,
1213 5753 1333 5809 qua:
1360 5738 1546 5819 clausa
1573 5748 1721 5805 sunt,
1754 5736 1829 5799 ad
1854 5737 1978 5792 illu-

2069 3298 2194 3339 men
2219 3298 2327 3339 non
2353 3285 2515 3341 habet
2544 3303 2711 3356 super
2730 3298 2892 3358 caput
2914 3305 3095 3358 suum,
3125 3291 3220 3346 sed
3248 3291 3453 3349 intecto
3487 3294 3667 3364 capite

2068 3386 2189 3432 orat
2236 3378 2548 3450 Dominum,
2602 3382 2804 3438 intecto
2849 3387 3028 3455 capite
3074 3389 3364 3456 prophetat
3397 3406 3409 3442 :
3442 3404 3540 3459 per
3585 3390 3660 3445 si-

2065 3484 2231 3540 gnum
2256 3474 2557 3542 corporalis
2580 3474 2661 3530 rei
2688 3477 2855 3530 etiam
2885 3477 3187 3546 spiritalem
3221 3480 3454 3536 latenter
3479 3492 3665 3538 osten-

2066 3563 2224 3633 dens,
2256 3577 2313 3621 ut
2342 3567 2613 3637 quomodo
2646 3585 2750 3623 non
2805 3570 2968 3626 habet
3002 3572 3248 3628 velamen
3292 3590 3458 3645 super
3499 3586 3665 3645 caput

2067 3658 2250 3713 carnis
2268 3674 2405 3726 sure,
2432 3660 2505 3715 ita
2533 3676 2639 3718 non
2665 3660 2864 3719 habeat
2891 3664 3139 3721 velamen
3162 3683 3326 3737 super
3356 3668 3657 3741 principale

2065 3751 2246 3807 cordis
2276 3752 2379 3807 sui.
2411 3751 2469 3809 Si
2496 3754 2617 3825 quis
2651 3770 2784 3810 vero
2814 3756 3147 3815 confusionis
3189 3761 3430 3816 velamen
3481 3764 3658 3833 gerit,

2064 3852 2120 3899 et
2159 3845 2409 3915 peccati,
2467 3847 2567 3902 iste
2621 3848 2775 3918 quasi
2828 3851 3111 3907 muliebria
3166 3854 3435 3909 velamina
3491 3855 3656 3913 habet

2064 3954 2233 4009 super
2262 3951 2427 4011 caput
2456 3955 2637 3998 suum.
2673 3943 2858 4014 Itaque
2890 3960 3010 4000 cum
3052 3946 3247 4019 aliquis
3278 3947 3527 4004 docuerit
3558 3966 3619 4006 ea
3642 3993 3656 4019 ,

2064 4049 2185 4102 quae
2214 4048 2401 4089 aurem
2448 4036 2635 4105 populi
2679 4036 2984 4105 mulceant,
3028 4048 3083 4094 et
3130 4042 3419 4112 strepitum
3477 4044 3655 4113 potius

2064 4126 2432 4196 laudatorum,
2478 4144 2638 4199 quam
2687 4130 2950 4201 gemitum
3012 4144 3288 4201 moveant,
3326 4136 3371 4190 si
3423 4136 3657 4193 blandus

2063 4221 2315 4277 inimicus
2348 4222 2651 4293 palpaverit
2697 4225 2880 4293 potius
2906 4240 3067 4295 quam
3110 4228 3349 4283 secuerit
3391 4230 3620 4286 vulnera
3643 4272 3658 4300 ,

2063 4316 2188 4371 talis
2217 4316 2379 4371 homo
2418 4316 2650 4372 amictus
2686 4319 2931 4374 Contexit
2960 4320 3015 4375 in
3048 4326 3249 4391 capite.
3298 4320 3432 4378 Cum
3474 4333 3657 4381 autem

2063 4410 2118 4465 in
2153 4410 2490 4465 luxuriosam
2523 4412 2828 4468 orationem
2860 4414 3094 4469 dicentis
3126 4431 3186 4471 se
3215 4432 3398 4470 sermo
3430 4418 3655 4489 fuderit,

2065 4512 2120 4558 et
2146 4502 2200 4558 in
2231 4504 2489 4559 lascivum
2519 4506 2906 4576 persultaverit
2932 4506 3232 4578 eloquium,
3265 4513 3513 4566 contexit
3552 4528 3652 4568 vc-

1985 4561 2041 4623 D
2067 4595 2246 4651 [amen
2276 4611 2440 4667 super
2466 4605 2629 4669 caput
2658 4599 2837 4652 omnis
2874 4601 3090 4666 aetatis;
3123 4616 3229 4656 non
3259 4603 3423 4660 modo
3452 4621 3654 4676 puero-

2066 4706 2185 4745 rum
2214 4700 2269 4746 et
2294 4691 2561 4761 juvenum
2585 4734 2600 4759 ,
2634 4707 2826 4748 verum
2857 4702 2914 4749 et
2947 4710 3162 4751 senum.
3191 4697 3480 4766 Quomodo
3511 4703 3657 4758 enim

2064 4788 2228 4845 faciat
2255 4790 2410 4862 signa
2437 4801 2489 4846 et
2521 4800 2774 4861 portenta
2816 4792 2883 4847 ad
2914 4793 3272 4864 decipiendos
3299 4799 3382 4870 (si
3414 4800 3532 4856 fieri
3563 4816 3657 4871 po-

2069 4883 2211 4955 test)
2253 4884 2415 4939 etiam
2459 4884 2667 4941 electos
2708 4886 2881 4942 falsus
2907 4887 3193 4960 Christus,
3241 4903 3299 4949 et
3328 4894 3502 4950 falsus
3536 4911 3665 4965 pro-

2068 4976 2227 5048 pheta
2256 4996 2269 5031 :
2299 4978 2553 5033 similiter
2584 4988 2639 5034 et
2677 4977 2728 5032 hi
2758 5023 2771 5046 ,
2806 4981 2895 5051 qui
2927 4983 2991 5036 ad
3028 4985 3359 5055 voluptatem
3395 4988 3659 5045 meditata

2070 5068 2364 5141 deportant
2392 5116 2404 5139 ,
2440 5080 2493 5126 et
2524 5071 2623 5126 ista
2654 5088 2871 5141 semper
2901 5076 3211 5145 inquirunt,
3242 5095 3363 5150 quae
3387 5081 3664 5137 delectent

2073 5166 2255 5235 pctius
2284 5164 2590 5233 audientes,
2624 5181 2785 5236 quam
2818 5181 3145 5224 convertant
3176 5186 3206 5224 a
3238 5172 3387 5226 vitiis
3412 5218 3425 5241 ,
3460 5173 3669 5229 faciunt

2071 5260 2347 5314 velamina
2373 5274 2541 5330 super
2565 5271 2728 5329 caput
2759 5276 2865 5317 non
2898 5263 3062 5318 modo
3093 5279 3393 5334 puerorum
3418 5277 3468 5320 et
3509 5267 3666 5337 juve-

2071 5371 2200 5411 nnm
2225 5397 2239 5421 ,
2263 5355 2360 5410 sed
2390 5354 2473 5423 (si
2502 5354 2617 5410 ﬁeri
2644 5355 2859 5425 potest)
2886 5373 3080 5413 senum
3104 5374 3324 5429 quoque
3346 5371 3398 5414 et
3425 5372 3662 5431 patrum,

2074 5450 2344 5505 intantum
2375 5456 2435 5504 ut
2462 5450 2626 5505 etiam
2659 5466 2755 5505 eos
2785 5451 3089 5523 decipiant,
3120 5455 3208 5522 qui
3237 5453 3392 5523 juxta
3424 5456 3667 5513 laborem

2071 5548 2266 5601 animas
2296 5546 2351 5601 in
2391 5546 2631 5616 spiritali
2666 5558 2826 5605 :etatc
2864 5560 2920 5604 et
2949 5551 3103 5605 senio
3149 5564 3561 5621 processerunt.
3598 5553 3667 5609 Et

2073 5640 2236 5713 907
2283 5642 2463 5711 potuit
2507 5631 2726 5711 quidem
2774 5641 2958 5697 dicere
3007 5642 3269 5713 propheta
3321 5659 3483 5715 super
3531 5646 3670 5704 filios

2080 5733 2263 5805 populi
2295 5733 2408 5802 tui,
2442 5733 2535 5803 qui
2563 5733 2921 5805 prepltetant,
2954 5735 3050 5791 sed
3076 5737 3229 5806 quasi
3264 5738 3541 5807 homines,
3578 5741 3675 5812 qui

376 5829 634 5888 minanda
655 5846 774 5903 qua:
796 5829 1070 5902 caligant,
1103 5839 1161 5884 ut
1188 5830 1520 5901 possimusa
1551 5830 1847 5891 maledicto
1876 5846 1981 5889 ex-
2079 5827 2352 5884 velamina
2405 5837 2741 5898 contexant,
2801 5837 2857 5886 et
2906 5830 3198 5888 cervicalia
3249 5843 3518 5889 consuant
3571 5835 3669 5890 sub

664 5930 943 5994 PATROL.
996 5927 1201 5991 XXV.

3104 5928 3185 5990 23
