4128 6346
471 254 577 310 715

1744 256 1803 314 S.
1849 255 2120 318 EUSEBII
2156 256 2538 328 HIERONVHI

3674 259 3775 328 “tto

475 365 624 422 omni
655 364 838 421 cubito
866 377 1059 419 manus
1083 404 1096 430 ,
1132 363 1398 421 mulieres
1426 366 1537 422 sint
1558 408 1574 436 ,
1619 374 1674 423 et
1711 368 1897 436 nullus
1925 369 2068 426 inter
2095 374 2146 448 Α
2173 371 2313 436 mino
2335 371 2681 444 disrumpunt.
2715 373 2848 442 Qua:
2869 386 2928 432 se
2951 373 3327 446 disrupturum
3359 393 3482 438 esse
3510 386 3777 440 testatur?

477 475 575 516 eos
601 459 699 514 viri
729 457 948 512 nomine
977 457 1178 526 dignus
1210 456 1507 536 habeatur,
1539 459 1618 528 ait
1665 460 1927 542 propheta
1960 479 1971 515 :
2007 459 2074 516 In

480 555 621 623 ﬁlias
650 549 831 626 populi
859 551 969 618 tui,
1000 567 1116 621 qua:
1155 550 1468 624 praphetant
1496 553 1559 608 de
1597 553 1754 620 corde
1793 570 1908 618 suo,
1939 563 1984 612 et
2014 570 2076 610 ea

479 648 719 719 faciunt,
775 660 894 716 quia
947 654 1249 718 sequuntur.
1306 644 1650 704 Elleminatae
1700 646 1898 718 quippe
1949 654 2078 708 sunt

476 755 667 797 corum
709 739 1095 810 magistrorum
1140 748 1198 795 et
1244 740 1464 808 animae,
1514 750 1571 798 et
1613 741 1950 812 voluntates,
1983 741 2076 822 qui

481 849 698 906 semper
719 833 992 902 sonantia,
1019 847 1239 906 semper
1269 849 1472 902 canora
1501 844 1861 920 componunt,
1892 846 1947 894 et
1976 834 1995 914 (
2019 845 2077 902 ιιι

477 930 624 1003 quod
673 944 862 985 verum
906 937 994 984 est
1039 929 1256 1002 dicam)
1304 929 1444 985 nihil
1485 928 1667 1000 virile,
1721 929 1856 994 nihil
1905 928 2074 998 forte,

477 1023 615 1080 nihil
650 1024 762 1078 Deo
787 1022 1013 1094 dignum
1058 1032 1144 1078 est
1189 1022 1240 1080 in
1285 1021 1404 1092 liis,
1432 1024 1525 1096 qui
1551 1023 1707 1093 juxta
1741 1021 1978 1098 gratiam
2019 1030 2078 1084 et

475 1118 815 1172 voluntatem
857 1115 1204 1182 audientium
1239 1115 1542 1190 praedicant
1583 1133 1595 1169 ε
1640 1114 1846 1176 idcirco
1880 1129 2077 1182 omnes

477 1216 618 1271 ﬁlias
650 1214 863 1296 potius,
893 1228 1056 1286 quam
1084 1213 1228 1266 ﬁlios
1256 1210 1393 1268 dixit
1438 1221 1729 1268 assuentes
1762 1211 2071 1274 cervicalia.

477 1311 546 1366 Et.
565 1311 797 1370 observa
829 1307 1225 1380 prOprietatem
1265 1305 1452 1374 verbi,
1486 1315 1778 1372 assuentes,
1823 1305 1919 1372 ait,
1964 1319 2076 1360 non

475 1413 858 1462 contexentes.
908 1401 993 1456 An
1038 1401 1256 1471 ignoras
1297 1401 1442 1482 quod
1495 1400 1680 1454 tunica
1729 1399 1949 1456 Domini
1999 1399 2076 1454 tui

477 1502 607 1557 .lesu
639 1498 775 1554 nihil
807 1498 860 1552 in
894 1512 953 1552 se
979 1496 1185 1551 habeat
1203 1494 1497 1564 consutiie,
1529 1495 1627 1562 sed
1653 1510 1721 1552 ex
1747 1495 1895 1552 omni
1926 1503 2077 1566 parte

475 1601 734 1650 contexta
765 1591 876 1646 sit?
921 1591 1042 1646 Istae
1070 1604 1200 1661 ergo
1231 1595 1509 1644 consuunt
1535 1588 1682 1654 dicta
1714 1588 1879 1646 dictis
1925 1587 2075 1644 frau-

476 1686 727 1742 dulenter
781 1695 836 1740 et
890 1683 1122 1749 callide,
1189 1690 1478 1737 assuentes
1508 1681 1692 1762 potius
1733 1697 1894 1754 quam
1945 1696 2076 1742 con-

2181 481 2288 522 non
2315 466 2491 524 solum
2523 467 2817 534 cervicalia
2846 512 2859 537 ,
2894 485 3082 530 verum
3113 480 3170 528 et
3198 473 3493 531 velamina.
3529 477 3653 534 Ideo
3680 495 3779 535 au-

2179 567 2288 624 tem
2322 560 2727 634 disrupturum,
2772 574 2828 624 nt
2855 575 3020 635 caput
3053 566 3257 624 nudum
3303 570 3420 636 ﬁat,
3463 580 3521 627 ut
3556 582 3780 646 accepta

2178 652 2375 712 tiducia
2403 699 2416 723 ,
2447 664 2498 710 et
2532 655 2775 718 revelata
2807 671 2916 720 non
2949 660 3128 718 solum
3159 660 3294 718 faeie
3317 705 3330 728 ,
3374 664 3471 721 sed
3503 667 3665 722 etiam
3688 684 3782 725 ea-

2179 747 2314 818 pite,
2339 757 2660 816 constanter
2686 752 2770 816 vir
2800 751 3209 814 ecclesiasticus
3234 757 3408 828 possit
3435 774 3619 817 orare.
3654 761 3780 817 Dis-

2179 859 2419 916 rumpam
2460 846 2713 910 velamina
2741 857 2932 917 uestra,
2963 857 3013 908 et
3046 848 3274 908 liberabo
3321 855 3573 922 populum
3612 872 3783 912 meum

2178 940 2244 1008 de
2288 957 2442 1026 manu
2493 950 2679 1008 uestra,
2727 943 2885 1002 Licet
2923 959 3021 1000 vos
3066 945 3396 1002 subvertltis
3432 950 3644 1004 animos
3683 966 3783 1021 per

2180 1033 2489 1104 cervicalia.
2521 1045 2578 1102 et
2622 1035 2896 1100 Velamina
2920 1078 2933 1103 .
2980 1053 3080 1108 ego
3124 1039 3230 1100 ista
3259 1039 3611 1112 disrumpens
3639 1043 3783 1100 libo-

2180 1126 2313 1184 rabo
2346 1127 2604 1200 populum
2633 1143 2835 1192 meum.
2871 1128 3092 1192 Liberet
3132 1140 3316 1192 tantum
3348 1134 3609 1204 populum
3641 1134 3787 1191 Deus

2179 1231 2278 1289 per
2304 1221 2777 1286 conversationem
2806 1230 3078 1284 auateratu
3099 1267 3114 1292 ,
3145 1234 3203 1282 et
3227 1240 3256 1282 a
3291 1211 3654 1297 voluitat‘ibtis
3695 1243 3786 1285 rc-

2179 1315 2490 1380 cedentem.
2531 1316 2598 1372 Et
2633 1318 2772 1382 ultra
2803 1335 2904 1378 non
2953 1327 3101 1376 erunt
3144 1319 3199 1378 in
3240 1321 3478 1376 manibus
3512 1323 3693 1378 uestris
3727 1325 3784 1378 in

2177 1413 2559 1478 subversionem
2585 1429 2602 1467 :
2630 1413 2684 1474 in
2727 1413 2977 1476 manibus
3000 1416 3235 1484 vestris,
3283 1417 3377 1488 qui
3403 1417 3661 1487 decipitis
3683 1435 3782 1474 au-

2181 1506 2394 1572 dientes
2418 1549 2432 1578 ,
2484 1507 2596 1578 jam
2637 1524 2743 1572 non
2775 1517 2938 1568 erunt
2980 1510 3084 1568 ista
3124 1512 3413 1576 cervicalia
3445 1530 3456 1565 :
3491 1511 3559 1568 Et
3593 1531 3784 1586 cogno-

2180 1600 2331 1666 scetis
2357 1602 2480 1672 quia
2504 1616 2600 1674 ego
2627 1600 2897 1662 Dominus.
2924 1601 2983 1658 Si
3013 1617 3117 1659 non
3146 1605 3422 1660 etruscissa
3444 1603 3783 1665 fuerintcer—

2181 1693 2374 1762 vicalia
2396 1737 2408 1764 .
2433 1694 2479 1762 Si
2520 1710 2626 1758 non
2657 1695 2931 1756 velamina
2955 1696 3263 1768 disrumpo,
3295 1713 3406 1754 non
3431 1701 3778 1770 cognoscetis

474 1791 728 1848 texentes
769 1796 780 1833 :
824 1788 878 1835 et
909 1777 1116 1834 faciunt
1149 1776 1469 1844 cervicalia,
1515 1790 1625 1832 non
1658 1776 1711 1834 in
1743 1777 1942 1845 quibus
1985 1793 2076 1832 ca-
2107 1775 2154 1838 B
2180 1788 2304 1859 quia
2345 1803 2446 1858 ego
2478 1787 2768 1854 Dominus.
2800 1788 3023 1846 Deliciae
3049 1790 3250 1860 quippe
3277 1799 3336 1846 at
3367 1790 3538 1846 otium
3566 1835 3579 1858 ,
3614 1801 3667 1848 ει
3697 1807 3785 1848 τε-

473 1877 588 1958 pila
633 1875 933 1940 reclinem,
969 1873 1063 1928 sed
1107 1873 1160 1926 in
1191 1872 1390 1944 quibus
1437 1870 1682 1936 cubitum
1714 1889 1726 1924 :
1760 1869 1813 1938 id
1858 1881 1943 1934 est
1968 1914 1980 1936 ,
2017 1881 2077 1932 ιιι

475 1961 668 2025 manus
699 1982 890 2024 eorum
923 1982 1034 2020 non
1063 1967 1171 2032 sint
1194 1965 1245 2019 in
1281 1964 1493 2032 labore,
1533 1980 1641 2032 non
1681 1963 1736 2022 in
1765 1978 1932 2040 opere
1967 1965 2076 2026 las-

474 2070 712 2130 sescant,
748 2060 845 2116 sed
875 2059 983 2114 sint
1009 2059 1063 2116 in
1094 2058 1304 2130 requie,
1337 2056 1446 2126 sint
1495 2058 1546 2112 in
1581 2057 1714 2124 otio,
1749 2057 1859 2118 sint
1903 2058 1955 2122 in
1988 2057 2076 2116 bis

471 2157 669 2228 gestis,
700 2171 824 2227 qua:
855 2153 1226 2226 voluptatibus
1257 2153 1522 2208 serviunt.
1555 2151 1681 2206 llaec
1723 2159 1907 2216 autem
1954 2166 2074 2224 quae

476 2250 738 2315 diximus,
774 2249 844 2303 ita
883 2263 943 2304 se
988 2229 1192 2302 habere
1227 2255 1284 2300 ut
1331 2260 1358 2298 a
1406 2244 1566 2301 nobis
1596 2243 1875 2300 intellecta
1910 2252 2074 2313 sunt,

475 2357 712 2412 sequens
738 2356 920 2396 sermo
957 2341 1237 2410 prophetae
1271 2337 1502 2393 lucidius
1531 2337 1797 2406 ostendit,
1832 2337 2025 2406 dicens
2056 2355 2070 2390 :

475 2432 606 2490 Haec
641 2434 767 2488 dicit
805 2435 1007 2488 Adonei
1037 2433 1291 2488 Dominus
1324 2447 1344 2487 :
1375 2432 1507 2487 Ecce
1545 2449 1638 2506 ego
1687 2433 1755 2494 ad
1797 2432 2075 2498 ceruicalia

474 2536 665 2589 vestra,
699 2527 754 2579 in
780 2524 967 2595 quibus
997 2542 1084 2580 vos
1118 2524 1411 2580 convertitis
1440 2524 1548 2578 illic
1579 2525 1783 2584 animos
1809 2527 1860 2578 in
1903 2525 2073 2588 disso-

479 2619 746 2673 lutionem.
791 2618 1018 2689 Aperuit
1059 2617 1290 2689 aenigma
1337 2616 1480 2688 quod
1526 2617 1751 2688 latebat,
1790 2617 2078 2702 perspicue

477 2713 777 2769 ostendens
805 2721 1035 2767 consula
1078 2711 1372 2768 cervicalia
1403 2711 1454 2765 in
1486 2710 1911 2778 dissolutionem
1957 2711 2076 2770 ani-

477 2821 689 2861 marum
727 2805 865 2860 ﬁeri.
908 2805 1040 2871 Quis
1079 2813 1260 2860 autem
1314 2812 1495 2880 potest
1545 2818 1713 2876 super
1760 2818 2076 2864 sermonem

475 2900 567 2969 qui
601 2899 814 2969 legitur,
845 2897 1073 2952 audiens
1100 2897 1271 2953 Deum
1311 2897 1764 2964 comminantem,
1797 2897 1922 2968 quia
1951 2896 2072 2968 ipse

481 2993 788 3064 disrumpat
821 2993 984 3047 talem
1023 2991 1315 3060 subtclam,
1347 3001 1402 3046 et
1449 2991 1578 3046 talia
1621 2992 1961 3060 cervicalia?
1990 2993 2079 3055 Ait

481 3089 632 3142 enim
666 3106 678 3142 :
712 3088 851 3143 Ecce
872 3101 996 3158 ego,
1030 3102 1138 3140 non
1161 3086 1480 3158 jubeo,,sed
1507 3089 1621 3158 ipse
1643 3087 1927 3160 disrumpo
1952 3105 2070 3150 ceri

2179 1880 2384 1944 solutio
2436 1896 2543 1944 non
2590 1880 2777 1944 sinunt
2817 1884 3073 1952 cognosci
3121 1898 3267 1950 eum,
3317 1884 3408 1954 qui
3453 1883 3588 1940 dicit
3622 1899 3635 1940 :
3671 1885 3785 1957 Ego

2179 1988 2298 2036 sum
2345 1973 2628 2030 Dominus.
2661 1973 2772 2034 Pro
2803 1990 2862 2030 eo
2901 1991 3003 2046 quo
3041 1976 3268 2036 evertisti
3307 1991 3396 2032 cor
3412 1977 3548 2048 justi
3587 1978 3808 2049 inique.-

2178 2063 2486 2134 Quomodo'
2511 2065 2563 2121 in
2613 2067 2732 2134 loco
2762 2067 3042 2136 signorum
3073 2068 3282 2134 dictum
3315 2080 3399 2124 est
3425 2109 3442 2136 ,
3480 2070 3605 2141 quia
3635 2069 3786 2126 deci-

2177 2156 2329 2228 piant
2345 2157 2510 2214 etiam
2533 2157 2742 2222 electos
2760 2158 2856 2220 Dei
2875 2159 2983 2214 :sic
3005 2160 3190 2224 evenit
3205 2175 3352 2230 sane
3371 2170 3430 2222 ut
3447 2160 3626 2230 justus
3646 2179 3785 2232 quo-

2178 2263 2284 2320 que
2307 2249 2551 2312 haeretici
2582 2250 2960 2322 supplantant.
3005 2251 3208 2318 Amant
3237 2251 3380 2310 enim
3417 2253 3666 2312 homines
3687 2270 3784 2310 vo-

2179 2342 2440 2412 luptatem
2464 2364 2476 2400 :
2497 2342 2620 2414 quia
2643 2345 2829 2412 statim
2851 2346 3259 2416 utapparuerit,
3289 2347 3582 2417 tranquilla
3599 2356 3708 2416 est,
3729 2357 3788 2404 et

2177 2435 2344 2514 909
2389 2436 2589 2502 lasciva
2617 2477 2632 2503 ,
2683 2448 2736 2510 ει
2781 2437 3058 2504 delectans
3090 2453 3341 2507 sensum.
3381 2449 3439 2500 et
3485 2455 3786 2510 provocans

2180 2545 2281 2598 nos
2326 2529 2392 2584 ad
2441 2546 2596 2596 usum
2637 2529 2741 2596 sui.
2791 2530 3050 2602 Fugimus
3089 2546 3313 2602 amara,
3358 2533 3485 2590 licet
3529 2533 3786 2592 salutaria

2183 2627 2329 2694 sint,
2392 2634 2450 2686 et
2505 2626 2760 2694 nolumus
2823 2626 3074 2692 laborare
3121 2627 3488 2695 voluptatibus
3541 2628 3784 2698 deliniti,

2180 2718 2489 2786 nescientes
2522 2719 2644 2788 quia
2678 2718 3020 2791 impossibile
3049 2707 3133 2776 e'st
3159 2761 3174 2788 ,
3212 2719 3465 2784 eumdem
3486 2729 3783 2784 amatorem

2181 2825 2304 2878 esse
2350 2810 2466 2876 Dei,
2509 2810 2744 2884 Propter
2785 2811 2927 2882 quod
2973 2811 3270 2882 Apostolus
3297 2812 3371 2866 ait
3399 2812 3469 2878 de
3502 2813 3782 2882 pessimis,

2179 2904 2304 2981 quia
2332 2904 2441 2970 sint
2465 2912 2735 2970 amatores
2767 2903 3061 2974 voluptatis
3084 2904 3287 2975 magis,
3313 2921 3475 2974 quam
3513 2915 3785 2972 amatores

2182 2995 2280 3062 Dei
2336 2996 2405 3066 (ιι
2459 2995 2597 3052 Tim.
2640 2997 2742 3067 ιιι).
2784 2995 2850 3062 Et
2879 3012 2973 3067 ego.
3019 3013 3121 3064 non
3157 3000 3446 3066 avertebant
3483 2999 3553 3052 ad
3580 3000 3787 3070 confor—

2184 3089 2370 3148 tandas
2421 3105 2604 3148 atauus
2642 3089 2959 3166 iniquorum.
3002 3086 3116 3160 Ego
3162 3106 3266 3144 non
3317 3089 3643 3159 avertebant,
3695 3091 3786 3145 sed

478 3181 670 3236 vicalia
714 3189 947 3236 consula
990 3179 1091 3235 sub
1125 3181 1274 3235 omni
1307 3179 1496 3238 cubito
1539 3196 1752 3238 manus.
1803 3183 1899 3240 Dei
1940 3199 2079 3264 opus
2106 3164 2153 3244 (ἶ
2185 3181 2356 3246 omnia
2385 3197 2502 3252 quw
2532 3190 2679 3242 erant
2711 3164 3070 3250 aediﬁcatiouis
3097 3181 3476 3256 dispensabam-
3513 3183 3637 3244 ista:
3659 3199 3789 3248 vero

478 3284 560 3331 est
587 3317 603 3342 ,
633 3290 854 3330 onmem
887 3289 1120 3346 arguere
1151 3283 1425 3330 texturam
1453 3284 1509 3331 et
1535 3277 1838 3336 dissolvere
1865 3280 2082 3340 univcr-

480 3385 595 3425 sam
629 3369 903 3424 ﬁctionem
934 3368 1252 3438 pessimam,
1284 3384 1410 3439 qua:
1433 3379 1596 3424 nocet
1624 3368 1730 3442 bis,
1763 3371 1854 3444 qui
1887 3373 2081 3440 nolunt

482 3465 736 3521 manibus
776 3465 1017 3533 operari,
1053 3462 1148 3528 sed
1174 3463 1382 3518 otiosus
1409 3463 1488 3518 eis
1527 3464 1624 3518 uti.
1671 3464 1739 3520 Et
1764 3467 2082 3537 disrumpunt

481 3576 540 3614 ea
570 3577 602 3613 a
632 3557 856 3612 brachiis
893 3557 1097 3624 vestris,
1149 3555 1203 3611 id
1247 3566 1331 3612 est
1354 3597 1369 3624 ,
1399 3557 1713 3630 cervicalia,
1749 3574 1815 3613 ne
1847 3560 2083 3616 ulterius

480 3669 542 3708 ca
585 3653 786 3707 cubitis
821 3651 1018 3706 vestris
1084 3650 1328 3721 subjecta
1376 3651 1649 3718 habeatis.
1710 3653 1782 3710 Et
1835 3655 2076 3720 emittam

481 3747 649 3818 908
677 3747 908 3811 animas,
953 3759 1090 3815 quas
1126 3759 1225 3800 vos
1253 3745 1599 3814 subvertitis,
1633 3731 1839 3814 animus
1871 3764 2080 3818 eorum,

483 3838 614 3905 Qua:
643 3852 772 3906 ergo
796 3836 1083 3891 subversio
1106 3844 1192 3890 est
1220 3852 1487 3892 consuerc
1525 3839 1842 3912 cervicalia,
1877 3849 1932 3898 ct
1956 3843 2083 3898 sub-

477 3933 649 4003 jicere
681 3932 916 3986 cubitis?
953 3931 1060 3987 Sed
1092 3942 1147 3986 ut
1183 3933 1459 3990 sermonis
1483 3945 1889 4004 sacramentum
1924 3939 2087 4004 intel-

481 4027 638 4097 ligas,
677 4025 892 4080 videbis
921 4025 1181 4096 graudem
1221 4026 1636 4084 subversionetn
1678 4045 1805 4088 esse
1833 4073 1847 4097 ,
1882 4031 2089 4090 delica-

485 4127 596 4174 tum
646 4117 925 4173 hominem
965 4119 1119 4187 juxta
1171 4133 1372 4189 corpus
1414 4119 1661 4176 efﬁcere.
1707 4121 1858 4178 Talia
1901 4131 2085 4194 autem

485 4221 614 4268 sunt
652 4213 817 4266 verba
863 4210 1269 4278 haereticorum,
1318 4213 1410 4267 tibi
1461 4229 1568 4268 non
1615 4224 1697 4282 est
1739 4220 2088 4284 conversatio

488 4305 683 4376 rigida.
732 4305 988 4360 Invenies
1031 4304 1332 4390 discipulos
1377 4305 1655 4362 Valentini
1698 4310 1939 4370 moribus
1980 4312 2089 4370 (iis-

480 4402 690 4456 solutos
723 4399 788 4455 ad
821 4398 956 4454 nihil
989 4397 1130 4453 forte
1157 4444 1169 4466 ,
1204 4398 1273 4456 ad
1306 4398 1443 4455 nihil
1472 4401 1635 4455 virile
1659 4402 1980 4476 tendentes,
2009 4406 2088 4462 si-

487 4497 690 4551 militer
733 4504 788 4550 et
833 4502 1138 4550 sectatores
1187 4493 1463 4550 Basilidis.
1509 4493 1720 4549 Docent
1764 4497 1986 4568 insuper
2035 4509 2090 4554 et

487 4605 687 4660 negare
744 4589 1150 4655 inverecunde,
1202 4589 1356 4668 quasi
1411 4599 1686 4662 pracepto
1737 4599 1760 4627 α
1821 4591 1965 4666 quod
2019 4591 2090 4652 de

489 4699 677 4739 eorum
711 4683 978 4753 martyrio
1003 4691 1107 4738 est.
1139 4681 1255 4736 Non
1301 4682 1352 4735 id
1393 4681 1592 4738 docent
1622 4684 1765 4758 quod
1791 4687 2090 4757 ostendunt

489 4778 894 4844 Ecclesiastici,
932 4777 1103 4848 parati
1143 4777 1340 4832 tollere
1368 4793 1584 4834 crucem
1609 4819 1625 4850 ,
1669 4789 1724 4835 et
1771 4781 1924 4851 sequi
1965 4781 2088 4838 Sal-.

488 4883 753 4927 vatorem.
784 4870 1080 4938 Disrntnpit
1099 4885 1230 4940 ergo
1249 4911 1262 4936 ,
1286 4871 1374 4938 qui
1395 4870 1514 4925 haec
1530 4874 1894 4928 comminatur
1909 4888 2090 4938 sermo

489 4963 663 5019 Filius
699 4963 820 5026 Dci,
866 4963 1222 5017 consutiones
1265 4965 1648 5033 nequissimos.
1683 4963 1884 5022 Przesta
1921 4966 2086 5036 mihi,

489 5058 708 5114 Christe
729 5099 743 5124 ,
774 5066 832 5110 ut
856 5055 1192 5124 disrumpam
1224 5057 1517 5111 cervicalia
1549 5057 1924 5118 inanimarum
1951 5076 2086 5116 con-

487 5161 608 5210 suta
651 5150 945 5207 luxuriam.
997 5149 1105 5204 Sed
1143 5149 1273 5220 quid
1324 5150 1471 5206 aliud
1521 5153 1804 5222 sequitur?
1836 5152 1902 5207 Et
1950 5155 2088 5209 rela-

573 5301 598 5329 α
630 5291 756 5350 llaec
797 5304 996 5357 nempe
1028 5296 1149 5346 erat
1178 5287 1388 5348 uelaria
1421 5287 1676 5345 Basilidis
1703 5289 1952 5352 doctrina
1974 5332 1988 5354 ,
2024 5290 2092 5344 li.

494 5377 620 5418 cere
675 5361 1078 5432 persecutionis
1130 5370 1372 5428 tempore
1434 5360 1582 5428 idola
1627 5362 1913 5429 vct‘ierari,
1963 5361 2096 5431 dum

497 5433 547 5490 id
579 5439 762 5504 specie
791 5445 969 5488 tenus.
1003 5449 1108 5486 non
1144 5448 1208 5486 ex
1233 5433 1429 5504 animo
1461 5433 1647 5486 iacias.
1685 5433 1802 5488 lloc
1835 5435 1947 5501 ipse
1976 5435 2100 5488 Ori-

493 5503 660 5577 genes
681 5508 996 5574 expressius
1027 5515 1176 5558 notat
1227 5503 1631 5577 injraginento
1662 5504 1942 5577 cujusdam
1991 5506 2096 5560 llo—

497 5574 660 5634 iniliac
685 5579 742 5632 in
771 5579 906 5646 psal.
939 5593 1150 5643 Luxu,
1182 5592 1246 5630 cx
1290 5574 1484 5632 Latina
1528 5576 1746 5632 Henrici
1777 5575 1982 5630 Valesii
2013 5578 2096 5631 in-

499 5651 913 5724 terpretatione.
941 5649 1324 5724 Docet,_ittquil
1355 5691 1369 5714 ,
1403 5658 1681 5716 prieterea,
1715 5647 2097 5724 indifferentem

489 5718 618 5792 ιἰιιιὶΔ
645 5736 752 5773 esse
793 5719 1052 5792 Christum
1099 5718 1376 5792 abnegare,
1421 5729 1467 5772 et
1509 5736 1627 5773 eum
1664 5719 1754 5790 qui
1795 5722 1964 5790 sapit,
2007 5737 2096 5792 ore

489 5790 702 5863 quidam
729 5799 880 5846 tenus
903 5791 959 5846 in
986 5793 1100 5862 ipso
1145 5790 1443 5845 discrimine
1475 5801 1786 5864 negaturum
1815 5807 1923 5846 esse
1945 5830 1960 5857 ,
2003 5791 2094 5846 sed

2185 3274 2554 3350 prophetissae
2591 3273 2921 3342 effeminata:
2955 3274 3154 3332 animae
3181 3276 3500 3342 avertebant
3541 3276 3608 3334 ad
3652 3292 3780 3340 con-

2184 3367 2465 3436 iortamlas
2511 3384 2701 3436 manus
2750 3366 2951 3450 iniqui,
2993 3368 3095 3436 hoc
3135 3377 3253 3438 est,
3292 3380 3348 3436 ut
3373 3369 3572 3438 fortior
3594 3387 3791 3434 manus

2185 3461 2471 3532 iniquitate
2500 3461 2685 3528 ﬁeret,
2728 3478 2795 3522 ne
2826 3460 3049 3528 omnino
3087 3471 3426 3530 averteretur
3471 3463 3540 3526 de
3577 3464 3665 3522 via
3696 3480 3791 3520 sua

2186 3553 2328 3622 mala
2351 3594 2364 3618 ,
2415 3563 2472 3609 et
2513 3553 2916 3622 viviﬁcaretur,
2964 3553 3014 3610 id
3055 3563 3139 3618 est
3166 3595 3180 3622 ,
3214 3555 3393 3618 nullus
3423 3555 3637 3630 penitus
3662 3571 3789 3612 con-

2189 3655 2497 3702 vcrteretur
2526 3662 2554 3702 a
2587 3647 2670 3714 via
2698 3662 2793 3704 sua
2827 3649 3060 3720 pessima
3086 3690 3100 3715 ,
3127 3657 3182 3716 et
3203 3650 3597 3718 viviticaretur.
3623 3649 3796 3724 Prop—

2189 3751 2324 3797 terea
2375 3743 2508 3812 falaa
2548 3759 2649 3796 nou
2692 3742 2959 3810 videbitis,
3001 3745 3089 3813 qui
3121 3745 3316 3811 docetis
3355 3745 3511 3816 falsa,
3547 3745 3665 3812 iam
3694 3763 3794 3806 vos

2189 3851 2296 3890 non
2324 3833 2518 3892 faciam
2550 3837 2685 3902 ultra
2718 3846 2916 3902 conatu
2947 3850 3213 3908 prospero
3239 3853 3492 3910 pergere,
3523 3849 3580 3906 ut
3609 3841 3793 3910 possi-

2193 3930 2260 3984 tis
2301 3931 2581 3998 insinuare
2620 3944 2741 4002 qnae
2782 3929 2962 3986 dicitis
2997 3947 3009 3982 :
3042 3940 3095 3988 et
3121 3930 3486 4000 divinationes
3516 3948 3623 3996 non
3656 3935 3794 3990 divi-

2190 4023 2389 4092 nabitis
2419 4023 2653 4096 amplius
2685 4042 2696 4077 :
2731 4022 2797 4082 Et
2821 4024 3047 4082 liberabo
3073 4026 3321 4097 populum
3347 4042 3518 4092 meum
3543 4027 3608 4080 de
3638 4045 3796 4084 manu

2191 4127 2378 4186 vestra.
2411 4116 2674 4184 Oremus,
2709 4127 2767 4172 ut
2814 4126 2868 4174 et
2905 4132 3004 4184 nos
3036 4118 3228 4180 liberet
3261 4119 3402 4186 Deus
3427 4119 3496 4186 de
3523 4136 3686 4186 manu
3719 4131 3796 4178 ta—

2193 4211 2322 4267 lium
2353 4212 2767 4284 magistrorum,
2809 4213 2900 4283 qui
2941 4213 3269 4294 ubicumque
3299 4214 3542 4290 iuerint,
3585 4216 3653 4284 ad
3698 4233 3793 4272 vo-

2192 4303 2434 4380 luptates
2479 4304 2814 4372 audientium
2856 4305 3156 4378 {loquentes
3185 4350 3199 4374 ,
3243 4307 3499 4376 scindunt
3551 4324 3616 4374 ac
3658 4309 3798 4365 divi-

2193 4398 2328 4454 dunt
2375 4397 2710 4470 Ecclesiam,
2752 4399 2877 4472 quia
2924 4401 3106 4470 plures
3151 4409 3278 4466 sunt
3321 4403 3492 4474 magis
3519 4411 3795 4460 amatores

2193 4495 2572 4574 voluptatum,
2617 4509 2775 4564 quam
2825 4505 3097 4560 amatores
3147 4494 3266 4550 Dei.
3314 4492 3384 4560 Et
3430 4495 3630 4564 scietis,
3671 4497 3798 4567 quia

2117 4570 2167 4643 θ
2194 4604 2289 4662 ego
2319 4571 2593 4654 Dominus.
2624 4585 2680 4643 Si
2713 4599 3040 4642 convenero
3070 4587 3434 4657 divinationes
3462 4596 3710 4652 vestras,
3751 4587 3796 4643 si

2195 4680 2377 4740 fecero
2418 4679 2582 4738 silere
2628 4680 2942 4762 mendacia,
2989 4689 3114 4736 tunc
3159 4681 3345 4736 scietis
3384 4681 3507 4751 quia
3551 4695 3655 4753 ego
3692 4681 3793 4736 Do-

2199 4776 2399 4832 minus.
2435 4775 2560 4830 llacc
2600 4776 2754 4846 prior
2785 4774 3068 4846 prophetia
3102 4792 3116 4828 :
3150 4776 3394 4848 sequitur
3423 4786 3476 4831 et
3506 4777 3610 4836 alia
3637 4820 3653 4845 ,
3677 4791 3796 4846 qua}

2197 4869 2267 4940 ita
2300 4869 2614 4930 contexitur
2642 4885 2654 4920 :
2692 4866 2760 4920 Et
2787 4877 3034 4922 venerunt
3076 4867 3144 4922 ad
3175 4884 3254 4921 me
3283 4868 3378 4932 viri
3409 4867 3668 4924 seniorum
3709 4865 3794 4922 Is-

2196 4961 2344 5029 rael,
2403 4972 2448 5015 et
2496 4960 2736 5026 sederunt
2777 4968 2897 5013 ante
2955 4961 3140 5029 faciem
3181 4977 3344 5026 meam
3385 4958 3600 5031 (Ezeeh.
3657 4960 3793 5027 xxv).

2197 5055 2388 5112 Omnia
2437 5055 2534 5110 Dei
2584 5069 2764 5110 sermo
2817 5055 3167 5125 perstringit,
3217 5064 3271 5109 et
3313 5053 3513 5110 nullam
3559 5055 3796 5124 speciem
3855 5095 3858 5097 λ

2195 5151 2451 5208 ordinum
2483 5189 2499 5214 ,
2547 5147 2640 5230 qui
2682 5147 2734 5201 in
2789 5147 3032 5208 Ecclesia
3064 5148 3342 5203 constituti
3373 5157 3496 5203 sunt
3527 5189 3541 5214 ,
3573 5145 3800 5204 dimittit

2203 5304 2308 5342 non
2339 5303 2402 5342 ex
2439 5286 2602 5350 auiuii
2640 5285 2909 5342 sonantia.
2945 5284 3152 5339 Confer
3189 5283 3248 5346 S.
3293 5298 3512 5353 natique
3557 5281 3802 5349 Epipha-

2204 5360 2354 5414 nium
2385 5357 2583 5416 hmres.
2617 5357 2705 5421 l9,
2737 5372 2856 5428 cap.
2898 5357 2952 5422 1,
2984 5364 3039 5410 ει
3075 5356 3168 5428 qui
3205 5354 3476 5428 ejusmodi
3510 5354 3803 5428 inﬁdelita-

2203 5441 2310 5484 tem
2339 5445 2366 5482 a
2393 5426 2818 5484 l’riscillianistis
2840 5426 3184 5494 postmodum
3215 5427 3529 5495 adoptatam
3556 5426 3804 5482 confutat

2202 5502 2261 5558 S.
2293 5500 2629 5571 Augustinus
2659 5499 2754 5554 lib.
2786 5499 2853 5554 de
2884 5499 3216 5571 lla-resibus,
3254 5498 3584 5566 damnatque
3613 5513 3801 5552 excin-

2200 5578 2292 5644 plo
2323 5569 2584 5634 SIDetri,
2617 5571 2713 5642 qui
2744 5571 2960 5644 tametsi
3002 5569 3290 5644 Christum
3313 5585 3410 5625 ore
3453 5580 3608 5625 tenus
3635 5609 3650 5634 ,
3693 5583 3800 5644 non

2199 5640 2331 5710 vero
2371 5661 2438 5708 ex
2474 5640 2659 5706 animo
2699 5643 3010 5712 negaverit,
3055 5642 3325 5711 gravioris
3366 5652 3548 5700 tamen
3593 5640 3801 5712 peccati

2202 5734 2328 5782 rcus
2349 5718 2476 5783 fuit,
2501 5715 2647 5790 quod
2669 5715 2874 5770 amaris
2904 5713 3160 5785 Iacryinis
3189 5713 3334 5778 lavit.
