4128 6346
335 294 442 350 7ι7

873 295 1312 354 TRANSLATIO
1350 296 1782 354 HOMILIARUM
1822 296 2146 356 ORIGEMS
2189 299 2253 355 ΙΝ
2289 301 2743 360 hZEClllELEM.
2791 306 2956 362 ΙΙΟΜ.
2989 305 3074 362 Ill.

3535 313 3638 368 718

335 413 635 478 intactam;
678 429 867 470 verum
913 416 1160 472 universa
1205 431 1566 487 percurrens,
1609 431 1800 472 omnes
1850 431 1934 472 sa-
1962 419 2013 480 Α
2039 415 2334 488 Scripturis
2379 419 2654 489 quomodo
2686 420 2906 491 quidam
2941 422 3190 478 homines
3233 438 3342 478 non
3387 424 3500 479 sint
3542 426 3638 482 ho-

334 521 476 563 nare
506 507 816 574 desiderat,
849 508 1010 565 veluti
1036 525 1178 566 nunc
1207 509 1458 580 quaedam
1483 510 1554 565 ad
1587 511 1936 583 presbyteros

333 597 602 669 loqui-tur.
638 600 711 655 Ea
742 601 884 658 enim
928 619 1048 671 quze
1079 611 1484 674 praecesserunt
1519 605 1663 661 die-ta
1702 616 1830 659 sunt
1871 605 1938 660 de

333 693 632 764 magistris.
687 695 894 751 Idcirco
943 697 1356 753 consideremus
1394 707 1450 756 et
1488 698 1558 755 de
1600 698 1939 771 presbyteris

330 785 464 857 quid
536 788 792 852 dicatur,
867 789 1204 845 cscutientes
1275 791 1683 862 nosmetipsos,
1725 807 1794 847 ne
1817 789 1938 862 quis

333 890 588 936 nostrum
637 884 922 956 presbyter
953 884 1076 940 talis
1103 885 1203 950 sit,
1241 886 1418 956 qualis
1454 885 1589 941 infra
1622 887 1932 955 exponitur.

333 970 407 1026 Et
453 983 698 1028 venerunt
731 976 802 1028 ad
844 991 924 1029 ure
968 976 1064 1030 viri
1100 978 1360 1030 seniorum
1393 975 1597 1044 Israel,
1629 988 1676 1032 rt
1699 978 1939 1032 sederunt

329 1077 458 1122 ante
485 1069 669 1138 facient
711 1085 899 1125 meum.
934 1069 1004 1128 Et
1037 1071 1209 1142 factus
1238 1080 1313 1126 est
1334 1089 1500 1126 sermo
1529 1071 1738 1126 Domini
1765 1072 1832 1126 ad
1860 1088 1939 1124 me

330 1159 550 1215 dicens:
578 1157 690 1214 Fili
712 1161 965 1219 hominis.
999 1163 1296 1221 Videamus
1323 1166 1490 1238 910
1509 1165 1934 1234 accusationem,

332 1264 398 1310 ut
428 1255 573 1312 scite
602 1256 875 1325 possimus
893 1299 906 1321 ,
937 1266 1194 1314 utrumne
1215 1274 1338 1314 eam
1364 1259 1418 1314 in
1449 1259 1610 1315 nobis
1639 1259 1941 1328 deprehen-

330 1349 555 1406 damus.
586 1349 670 1404 An
700 1365 808 1405 non
841 1350 939 1404 viri
975 1351 1062 1406 isti
1095 1363 1400 1422 posuerunt
1425 1351 1786 1423 cogitationes
1815 1367 1939 1407 suas

329 1441 391 1498 in
417 1442 676 1498 cordibus
705 1443 818 1499 suis
840 1485 855 1510 ,
888 1453 943 1500 et
971 1459 1185 1514 poenam
1213 1444 1560 1515 iniquitatum
1590 1461 1810 1501 suarum
1845 1460 1940 1515 po—

328 1545 566 1593 ancrunt
617 1547 746 1593 ante
794 1538 990 1594 faciem
1044 1539 1232 1593 suam?
1279 1538 1550 1609 Numquid
1603 1539 1938 1609 respondens

328 1632 683 1703 respondebo
754 1634 837 1688 eis
889 1652 902 1687 :
971 1632 1120 1688 Beati
1158 1633 1246 1704 qui
1292 1631 1520 1687 'mundo
1588 1643 1709 1688 sunt
1783 1634 1940 1687 corde

331 1725 556 1797 (Matth.
589 1727 672 1796 v).
702 1727 802 1794 Qui
842 1727 990 1782 enim
1022 1727 1284 1782 mundum
1319 1727 1522 1783 habent
1561 1742 1659 1782 cor
1684 1771 1696 1794 ,
1733 1728 1938 1797 cogita-

2037 512 2234 568 ntines.
2278 511 2451 568 Homo
2496 513 2550 567 in
2592 512 2786 569 honore
2813 517 3011 586 positus
3043 533 3143 571 non
3168 518 3421 572 intellexit
3446 559 3460 584 ,
3494 535 3636 574 com-

2037 616 2252 676 paratus
2291 615 2364 660 est
2382 607 2638 678 jumentis
2683 609 3046 678 insipientibus
3067 654 3082 679 ,
3124 610 3440 666 assimilatas
3467 623 3541 667 est
3569 614 3640 667 eis

2038 697 2236 769 (Psal.
2305 715 2429 755 χιιι
2459 698 2502 771 ).
2577 701 2682 761 iste
2760 718 2868 756 non
2929 712 3012 758 est
3059 703 3222 759 homo
3274 705 3472 770 homo,
3541 707 3636 761 scd

2037 790 2202 847 homo
2226 794 2556 864 junteutum.
2595 794 2872 850 Generatio
2897 798 3227 866 viperarum,
3260 801 3373 870 quis
3417 801 3640 855 ostendit

2038 888 2177 943 vobis
2205 889 2382 960 fugere
2407 893 2469 944 ab
2498 891 2577 944 ira
2607 902 2816 945 ventura
2841 891 3060 964 (Matth.
3095 892 3216 960 In)?
3239 893 3387 949 Talis
3421 911 3526 950 non
3551 905 3636 950 est

2038 979 2204 1037 homo
2245 985 2446 1050 homo,
2494 983 2592 1038 sed
2637 998 2867 1054 serpens
2913 983 3098 1039 homo.
3143 985 3282 1056 Equi
3325 987 3382 1040 in
3418 988 3638 1057 femi-nos

2037 1071 2350 1128 insanientes
2412 1076 2542 1146 facti
2613 1085 2761 1145 sunt,
2817 1078 3172 1150 unusquisque
3219 1095 3374 1149 super
3427 1097 3640 1135 uxorem

2039 1166 2263 1235 proximi
2291 1167 2372 1220 sui
2400 1165 2687 1224 Itinniebat.
2724 1169 2786 1224 Et
2820 1169 2925 1225 iste
2965 1185 3076 1225 non
3112 1181 3196 1228 est
3232 1171 3398 1228 homo
3447 1173 3642 1240 homo,

2039 1259 2135 1315 sed
2166 1259 2334 1316 homo
2363 1279 2558 1332 equus.
2590 1263 2747 1318 Absit
2792 1264 2954 1336 igitur
2986 1280 3016 1319 a
3047 1265 3240 1334 nobis,
3287 1278 3344 1321 ut
3395 1268 3532 1323 tales
3569 1269 3644 1323 si-

2043 1369 2197 1422 mus,
2231 1357 2322 1424 qui
2351 1371 2664 1413 mereamur
2689 1358 2908 1426 audire,
2947 1375 3056 1414 non
3087 1375 3211 1415 esse
3249 1375 3350 1416 nos
3391 1360 3644 1415 homines

2043 1446 2322 1514 homines;
2371 1449 2468 1504 sed
2495 1450 2646 1505 aliud
2683 1451 2812 1520 quid
2860 1462 3062 1522 praeter
3103 1452 3377 1510 homines.
3411 1453 3470 1508 Si
3494 1455 3639 1509 enim

2043 1541 2169 1596 boni
2208 1551 2263 1598 et
2308 1546 2574 1601 mansueti
2621 1560 2840 1614 sumus,
2881 1546 3224 1618 duplieamus
3265 1548 3508 1604 hominis
3548 1564 3642 1603 no-

2044 1649 2166 1690 men
2222 1653 2235 1690 :
2287 1645 2345 1691 ut
2394 1636 2462 1692 sit
2503 1638 2560 1694 in
2611 1639 2764 1694 nobis
2796 1653 2904 1694 non
2937 1640 3259 1710 simpliciter
3301 1640 3504 1709 homo,
3545 1641 3639 1698 sed

2046 1729 2212 1782 homo
2240 1728 2424 1784 homo.
2458 1730 2756 1787 Considera
2785 1748 2856 1788 an
2889 1734 3134 1788 invenire
3167 1735 3444 1790 valeamus
3469 1776 3482 1800 ,
3515 1735 3639 1806 quid

331 1822 518 1877 tiones
554 1836 680 1877 suas
721 1837 828 1876 non
866 1832 1073 1892 ponunt
1103 1823 1156 1876 in
1183 1821 1442 1878 cordibus
1466 1823 1610 1888 suis,
1641 1821 1736 1877 sed
1769 1822 1937 1892 magis
1969 1817 2018 1878 B
2045 1817 2116 1872 sit
2145 1819 2272 1874 illud
2315 1821 2458 1890 quod
2497 1838 2697 1880 nomen
2731 1823 2968 1880 hominis
2990 1825 3251 1896 duplicot.
3281 1827 3510 1894 Quando
3540 1829 3646 1882 istc

332 1913 542 1969 habent
578 1915 630 1969 in
678 1929 933 1969 sermone
972 1915 1088 1970 Dei.
1133 1915 1235 1982 Qui
1268 1925 1450 1970 autem
1481 1915 1730 1970 laborant
1755 1915 1807 1969 in
1839 1931 1941 1969 sac-

331 2007 612 2062 cularibus
651 2008 826 2070 curis,
869 2016 922 2060 et
970 2008 1107 2062 nihil
1136 2006 1280 2063 aliud
1326 2008 1613 2077 requirunt
1655 2007 1757 2062 nisi
1805 2023 1941 2078 quo-

333 2101 504 2156 modo
550 2110 874 2171 praesentem
921 2101 1227 2171 transigant
1265 2102 1430 2156 vitam
1458 2141 1473 2168 ,
1499 2101 1550 2156 hi
1582 2101 1941 2172 cogitationes

334 2210 467 2252 suas
498 2205 710 2265 ponunt
742 2197 792 2249 in
823 2195 1080 2252 cordibus
1112 2197 1254 2261 suis,
1287 2205 1348 2252 ut
1377 2207 1502 2268 puta
1533 2199 1576 2250 si
1608 2197 1810 2252 videris
1841 2197 1941 2253 lto-

337 2288 542 2344 minem
589 2288 725 2343 niltil
767 2290 911 2344 aliud
943 2289 1273 2361 cogitantem
1317 2292 1422 2346 nisi
1470 2290 1655 2346 mundi
1684 2291 1895 2362 negotia
1925 2333 1939 2356 ,

341 2382 494 2438 lucra
525 2383 856 2453 corporalia,
888 2389 946 2438 et
983 2383 1233 2438 ciborum
1266 2383 1654 2438 abundantiam
1699 2400 1712 2436 :
1753 2399 1821 2439 ex
1858 2383 1943 2438 his

337 2493 463 2549 qua:
509 2479 806 2549 indiguerit
831 2519 846 2545 ,
880 2479 933 2535 in
971 2479 1171 2550 quibus
1198 2478 1468 2534 sollicitus
1503 2486 1586 2533 est
1608 2519 1621 2542 ,
1656 2478 1716 2532 in
1747 2477 1945 2547 quibus

339 2575 615 2644 suspirat,
666 2573 904 2632 futuram
953 2583 1160 2632 tantum
1215 2573 1532 2627 alimoniam
1591 2587 1714 2627 cum
1754 2571 1944 2627 dolore

337 2669 674 2738 conquirens
697 2711 713 2735 ,
746 2683 960 2730 umnam
987 2667 1378 2738 cogitationum
1411 2681 1633 2721 suarum
1679 2665 1861 2736 posuit
1888 2665 1941 2720 in

339 2761 514 2818 corde
541 2777 663 2818 suo.
700 2767 948 2834 Arguens
982 2763 1147 2833 igitur
1175 2761 1441 2823 attusdam
1476 2761 1826 2832 presbyteros
1857 2761 1944 2815 is-

343 2855 451 2910 tius
478 2855 627 2909 modi
657 2855 732 2909 ait
763 2854 830 2909 ad
858 2854 1178 2926 prophetam
1207 2869 1388 2908 sermo
1412 2853 1661 2909 divinus:
1691 2851 1798 2907 Viri
1819 2853 1908 2908 isti
1930 2895 1944 2918 ,

341 2949 396 3004 id
440 2958 526 3006 est
548 2989 564 3016 ,
598 2949 891 3019 supradicti
924 2949 1268 3022 presbyteri,
1306 2958 1588 3019 posuerunt
1610 2950 1948 3019 cogitationes

341 3060 464 3098 suos
488 3045 546 3098 in
569 3045 809 3098 cordibus
842 3046 982 3108 suis,
1024 3055 1075 3098 et
1107 3061 1308 3113 pinnam
1349 3044 1683 3115 iniquitatum
1730 3059 1947 3098 suarum

341 3147 626 3209 posuerunt
645 3147 765 3192 ante
789 3137 976 3207 faciem
1004 3153 1172 3192 suam.
1207 3137 1374 3191 Nemo
1403 3144 1643 3191 vestrum
1674 3136 1949 3191 existimet

2045 1911 2246 1976 homo,
2300 1913 2390 1981 qui
2433 1923 2517 1968 est
2567 1917 2844 1985 exterior,
2880 1917 3044 1972 homo
3084 1918 3284 1987 luerit,
3329 1934 3398 1974 eo
3435 1921 3526 1990 qui
3559 1929 3640 1976 est

2043 2001 2272 2060 interior
2301 2002 2464 2060 homo
2486 2048 2500 2074 ,
2535 2018 2794 2077 serpente
2823 2010 3096 2065 existente
3123 2053 3135 2077 ,
3169 2027 3275 2066 non
3301 2021 3386 2066 est
3412 2011 3463 2068 in
3489 2010 3642 2066 nobis

2045 2095 2208 2152 homo
2251 2099 2411 2154 homo
2434 2141 2448 2167 ,
2481 2102 2580 2162 sed
2627 2111 2834 2160 tantum
2872 2103 3058 2160 homo.
3087 2105 3320 2173 Quando
3341 2122 3476 2161 vero
3507 2107 3641 2161 inte-

2043 2193 2160 2247 rior
2190 2192 2352 2249 homo
2371 2195 2525 2266 juxta
2545 2197 2838 2269 imaginem
2857 2199 3291 2269 perseveravnit
3318 2201 3644 2265 conditoris,

2047 2295 2174 2341 tunc
2213 2289 2456 2344 nascitur
2514 2291 2718 2357 homo,
2772 2303 2826 2346 et
2874 2294 2934 2346 ﬁt
2992 2295 3302 2348 istiusmodi
3347 2294 3644 2349 secundum

2045 2383 2411 2450 exteriorem,
2471 2391 2527 2437 et
2583 2383 2900 2440 interiorem
2959 2385 3278 2456 hominem,
3348 2387 3432 2442 bis
3481 2388 3648 2441 homo

2047 2474 2228 2530 homo.
2278 2476 2449 2532 Porro
2493 2477 2538 2532 si
2585 2478 2708 2549 quis
2738 2479 2790 2534 in
2826 2480 2931 2534 hoc
2957 2489 3184 2536 vocatus
3211 2525 3226 2548 ,
3261 2491 3320 2536 ut
3362 2484 3453 2535 liat
3485 2480 3649 2538 homo

2047 2566 2244 2635 homo,
2298 2570 2541 2638 posuerit
2587 2571 2948 2642 cogitationes
2989 2588 3114 2628 suas
3144 2573 3200 2629 ln
3239 2572 3405 2630 corde
3427 2588 3562 2638 suo,
3594 2585 3652 2628 et

2047 2677 2260 2732 prauam
2293 2679 2448 2720 suam
2480 2674 2606 2723 ante
2631 2665 2828 2722 faciem
2857 2683 3011 2722 suam
3040 2711 3056 2737 ,
3089 2678 3144 2723 et
3182 2669 3395 2724 venerit
3421 2670 3486 2722 ad
3522 2685 3648 2737 pro-

2049 2754 2268 2822 phetam
2303 2774 2314 2810 :
2351 2755 2462 2828 Ego
2483 2799 2497 2823 ,
2529 2759 2695 2827 inquit
2726 2757 3014 2825 Dominus,
3051 2760 3372 2830 respondebo
3391 2750 3445 2814 ei
3479 2761 3537 2816 in
3572 2763 3654 2816 his

2046 2847 2231 2916 quibus
2279 2846 2535 2903 detinetur
2585 2867 2732 2906 mens
2770 2854 2904 2924 ejus.
2954 2852 3120 2907 Docet
3164 2868 3262 2908 nos
3293 2867 3479 2910 sermo
3513 2869 3652 2922 proc-

2048 2953 2216 3009 sens,
2267 2942 2541 3012 quomodo
2583 2952 2797 3015 poterat
2843 2946 3075 3016 singulis
3127 2947 3496 3016 respondere,
3551 2962 3652 3002 nec

2051 3033 2364 3101 importuna
2394 3035 2690 3094 admovere
2719 3037 3076 3094 medicamina
3109 3079 3122 3104 ,
3154 3038 3248 3095 sed
3277 3053 3375 3108 pro
3394 3039 3654 3108 qualitate

2051 3127 2370 3184 morborum
2415 3144 2655 3201 congrua
2699 3147 2927 3200 quaeque
2959 3131 3226 3201 proferre.
3257 3131 3654 3188 Animadverte

341 3229 620 3285 cruciatus
643 3229 800 3285 nobis
821 3230 890 3286 ab
914 3229 1052 3296 alio,
1085 3244 1248 3300 quam
1281 3243 1312 3282 a
1335 3228 1499 3283 nobis
1527 3229 1775 3299 irrogari,
1802 3229 1945 3284 Deus
1976 3210 2022 3274 C
2051 3221 2198 3293 quod
2234 3223 2484 3279 dicimus.
2534 3224 2616 3280 Ad
2660 3225 2930 3284 medicum
2977 3225 3166 3282 decem
3217 3226 3422 3284 vadunt
3459 3225 3650 3280 decem

343 3337 454 3378 non
511 3323 640 3378 iacit
678 3337 904 3392 poenas,
954 3321 1051 3378 sed
1097 3337 1159 3378 ea
1210 3335 1332 3392 qua:
1374 3321 1612 3392 patimur
1651 3321 1758 3391 ipsi
1787 3321 1944 3378 nobis

345 3431 739 3486 praeparemus.
774 3417 958 3488 Itaque
999 3415 1313 3471 testimonio
1333 3456 1348 3480 ,
1379 3431 1486 3486 quo
1515 3414 1832 3486 frequenter
1861 3416 1942 3470 usi

342 3523 534 3564 sumus
565 3553 579 3576 ,
607 3511 769 3566 etiam
802 3526 947 3566 nunc
975 3519 1284 3581 opportuno
1318 3518 1557 3564 utamur.
1582 3509 1869 3566 Ambulate
1892 3510 1944 3564 in

343 3601 551 3657 lumine
581 3602 719 3673 ignis
746 3605 912 3658 vesnri
932 3644 948 3669 ,
980 3602 1110 3658 etin
1144 3601 1360 3657 ﬂamma
1391 3617 1553 3666 quam
1594 3601 1942 3658 accendistis.

343 3693 464 3749 Non
495 3704 580 3750 est
602 3694 740 3764 ignis
764 3695 989 3751 alterius
1018 3696 1123 3751 nisi
1145 3706 1328 3752 vester
1354 3737 1370 3763 ,
1391 3696 1485 3766 qui
1508 3695 1648 3765 ligna
1675 3736 1690 3757 .
1723 3695 1813 3764 qui
1845 3695 1945 3748 sti-

345 3787 532 3858 pulam
554 3830 568 3852 ,
597 3789 690 3858 qui
721 3790 1006 3846 materiam
1048 3788 1232 3846 futuro
1272 3788 1526 3845 incendio
1555 3787 1946 3843 coacervastis.

345 3881 491 3938 Dicit
519 3897 655 3954 ergo
683 3882 752 3938 de
777 3883 1112 3955 presbyteris
1141 3925 1154 3949 ,
1187 3887 1378 3955 procul
1415 3894 1596 3939 autem
1625 3883 1763 3937 absit
1792 3897 1821 3938 a
1849 3897 1948 3938 no-

345 3975 452 4031 bis.
498 3974 612 4030 Viri
649 3977 738 4031 isti
765 3988 1047 4047 posuerunt
1081 3980 1419 4050 cogitationes
1455 3994 1576 4032 suas
1613 3979 1668 4031 in
1706 3975 1949 4032 cordibus

343 4071 496 4137 suis,
545 4081 597 4126 et
638 4089 838 4143 paruam
879 4074 1218 4146 iniquitatum
1259 4091 1474 4129 suarum
1517 4085 1798 4145 posuerunt
1827 4082 1950 4130 ante

345 4165 538 4236 faciem
561 4182 731 4221 suam.
765 4166 874 4222 Sed
904 4167 1220 4239 respondens
1257 4167 1573 4240 respondebo
1613 4167 1687 4221 eis
1725 4183 1743 4221 :
1780 4164 1949 4220 Nunt-

339 4258 601 4328 quidnam
646 4258 864 4330 dignum
905 4268 981 4314 est
1021 4261 1131 4316 istis
1169 4277 1250 4315 me
1295 4261 1639 4328 respondere,
1681 4260 1771 4330 qui
1805 4273 1950 4315 aene-

345 4361 472 4406 runt
497 4351 567 4408 ad
591 4361 639 4406 te
665 4352 968 4425 prapltetam
1005 4353 1231 4408 volentes
1257 4353 1460 4407 discere
1487 4369 1746 4407 sermones
1777 4352 1953 4407 meos?

347 4441 579 4512 Prttpter
625 4445 721 4498 hoc
770 4443 983 4515 loquere
1026 4445 1097 4499 ad
1141 4463 1265 4511 eos,
1311 4453 1359 4500 et
1399 4445 1483 4502 dic
1512 4446 1584 4500 eis
1617 4463 1635 4500 :
1673 4445 1801 4502 Hatc
1827 4446 1954 4500 dicit

347 4534 556 4590 Δάοηαὶ
589 4534 866 4593 Dominus.
901 4535 1106 4603 Homo,
1146 4536 1300 4592 homo
1327 4553 1390 4591 ea:
1419 4537 1574 4592 domo
1604 4535 1798 4592 Israel.
1825 4537 1954 4592 0m—

2052 3316 2315 3374 habentes
2367 3319 2577 3384 species
2627 3318 3026 3378 inﬁrmitatem.
3073 3319 3193 3376 Non
3233 3334 3425 3375 omnes
3457 3319 3649 3376 eodem

2049 3409 2212 3466 modo
2237 3419 2422 3477 curat,
2452 3412 2545 3466 sed
2573 3412 2738 3468 alium
2771 3414 2874 3468 isto
2901 3454 2915 3478 ,
2965 3421 3022 3468 et
3055 3412 3222 3468 alium
3259 3412 3376 3478 illo,
3413 3422 3470 3465 ut
3498 3421 3648 3482 puta,

2050 3510 2207 3560 sanat
2245 3503 2546 3574 arripiastro
2572 3545 2587 3569 ,
2619 3503 2712 3562 alii
2757 3504 2902 3559 aliud
2936 3504 3129 3560 tribuit
3155 3503 3611 3562 medicamentum
3634 3546 3650 3568 ,

2051 3596 2328 3652 nonnullis
2399 3597 2541 3668 quod
2603 3598 2914 3654 'cauterium
2986 3606 3330 3668 nuncupatur
3388 3598 3651 3667 imponit,

2049 3687 2214 3743 alium
2247 3703 2428 3744 amara
2453 3730 2468 3756 ,
2501 3689 2666 3746 alium
2693 3689 2834 3746 dulci
2871 3696 3139 3758 temperat
3180 3688 3402 3758 potione
3425 3729 3439 3753 ,
3472 3688 3656 3759 cujus-

2051 3781 2176 3836 dam
2214 3796 2347 3838 vero
2400 3783 2626 3839 vulnera
2655 3783 2926 3840 crassiore
2955 3783 3195 3853 unguine
3237 3780 3452 3837 delinit.
3481 3781 3573 3840 Sic
3600 3789 3658 3835 et

2053 3889 2234 3930 sermo
2261 3875 2354 3932 Dei
2388 3889 2487 3945 pro
2525 3875 2879 3945 qualitatibus
2909 3873 3192 3934 hominum
3241 3873 3478 3943 loquitur
3499 3918 3513 3942 ,
3555 3886 3659 3928 nec

2055 3971 2255 4043 passim
2275 3970 2556 4040 sapientia:
2569 3986 2682 4026 sum
2699 3971 2905 4042 ingerit
2933 3978 3296 4030 sacramenta.
3323 3971 3414 4028 Ait
3439 3970 3619 4040 itaque
3645 3988 3658 4023 :

2055 4062 2169 4134 Ego
2199 4062 2518 4136 respondebo
2551 4064 2597 4118 ei
2624 4066 2677 4120 in
2706 4064 2785 4118 his
2815 4104 2830 4130 ,
2861 4063 3044 4132 quibus
3074 4065 3333 4121 detinetur
3358 4079 3500 4122 metu
3523 4066 3658 4136 ejus.

2055 4154 2126 4216 Ut
2175 4155 2281 4212 ista
2332 4156 2584 4213 videlicet
2630 4165 2784 4214 curet
2807 4198 2823 4225 ,
2862 4156 2915 4212 in
2946 4156 3142 4227 quibus
3169 4157 3335 4229 912
3366 4171 3521 4214 mens
3543 4155 3660 4224 ejus

2055 4247 2365 4316 detinetur,
2417 4256 2477 4304 ut
2521 4263 2627 4306 non
2675 4248 2842 4306 faciat
2883 4249 3163 4306 declinare
3205 4250 3427 4307 domum
3469 4249 3657 4306 Israel.

2055 4341 2392 4413 Quicumque
2439 4358 2501 4402 so
2551 4345 2724 4415 ipsum
2758 4345 3068 4415 exemplum
3107 4360 3216 4402 non
3267 4344 3474 4413 pra-bet
3501 4343 3660 4398 bonae

2057 4436 2222 4502 vitae,
2273 4437 2368 4493 sed
2420 4452 2706 4508 perversos
2738 4436 2978 4505 incedit,
3025 4437 3126 4496 iste
3169 4451 3263 4506 per
3293 4452 3447 4492 suam
3480 4437 3661 4506 pravi-

2059 4539 2258 4598 tatem,
2313 4531 2440 4586 dum
2487 4531 2554 4586 ad
2605 4533 2721 4586 hanc
2767 4546 2888 4601 qua
2935 4545 3041 4586 non
3089 4529 3287 4595 debet,
3330 4529 3660 4592 inclinatur,

347 4643 449 4684 nes
478 4637 505 4666 ιι
532 4627 784 4686 homines
811 4631 922 4686 nati
952 4647 1142 4686 sumus
1166 4630 1418 4695 homines
1442 4671 1457 4696 ,
1483 4630 1579 4686 sed
1611 4617 1738 4685 non'
1757 4645 1951 4686 omnes
1977 4613 2030 4676 ι)
2055 4627 2184 4682 iacit
2211 4624 2614 4696 quodammodo
2638 4622 2806 4680 etiam
2839 4623 2933 4680 Dei
2965 4623 3223 4693 populum
3253 4622 3533 4680 declinare
3577 4638 3664 4678 se-

350 4719 602 4777 homines
660 4720 908 4778 homines
961 4736 1193 4789 sumus,
1241 4723 1404 4794 911
1454 4721 1599 4778 sicut
1648 4722 1952 4792 supissime

347 4812 571 4881 notaui,
623 4812 676 4868 id
723 4813 868 4884 quod
909 4815 962 4870 in
991 4813 1235 4872 Levitico
1273 4816 1539 4882 scriptum
1571 4823 1657 4868 est
1691 4833 1704 4870 :
1737 4813 1910 4868 Homo
1935 4855 1949 4878 ,

347 4902 507 4957 homo
547 4904 776 4973 ﬁliorum
823 4903 1038 4973 Israel,
1075 4916 1167 4962 aut
1197 4906 1519 4963 aduenarum
1544 4949 1560 4973 ,
1602 4908 1690 4978 qui
1731 4907 1958 4979 appositi

347 5007 471 5051 sunt
492 4996 544 5050 in
566 4997 733 5054 nobis.
767 4997 952 5056 Estote
979 4998 1230 5057 homines
1249 5043 1262 5065 ,
1290 5000 1540 5056 homines
1563 5000 1806 5068 scilicet,
1829 5004 1957 5073 quia

350 5103 463 5148 non
493 5104 686 5148 omnes
716 5092 966 5150 homines
998 5093 1251 5152 homines
1298 5103 1446 5151 sunt.
1493 5093 1859 5152 Ostendamus
1890 5097 1958 5153 de

427 5265 455 5291 ει
495 5253 815 5328 Apponenda
844 5252 928 5328 hic
955 5262 1073 5328 sunt
1101 5253 1458 5328 quietotidem
1489 5251 1598 5322 fere
1627 5251 1790 5308 verbis
1817 5269 1957 5308 com—

349 5323 612 5381 mentatur
645 5323 859 5378 Hieron.
903 5327 953 5378 in
1003 5323 1290 5380 Ezechielis
1316 5341 1433 5392 cap.
1471 5339 1596 5388 x1v,
1640 5340 1852 5394 qumque
1895 5340 1959 5378 ex

353 5399 456 5454 hoc
487 5397 726 5468 0rig¢nis
753 5395 866 5450 loco
893 5397 1154 5469 descripta
1179 5406 1448 5469 apparent.
1490 5414 1510 5448 ι
1545 5395 1696 5469 Multi
1721 5441 1734 5462 ,
1767 5397 1958 5464 inquit,

354 5467 629 5526 habentes
681 5469 919 5524 hominis
962 5467 1155 5524 faciem
1189 5467 1573 5538 corporalem.
1619 5467 1962 5524 diversarum

353 5540 652 5598 bestiarum
695 5551 976 5596 assumunt
1018 5541 1316 5610 imagines,
1363 5554 1501 5608 quas
1537 5538 1786 5609 dissipari
1831 5555 1964 5608 pro-

352 5612 518 5684 pheta
573 5612 833 5678 cupiens,
886 5612 1209 5684 deprecatur
1259 5633 1270 5664 ;
1333 5610 1584 5684 Domine,
1635 5612 1689 5684 i_n
1759 5613 1968 5665 civitate

354 5682 453 5740 sua
525 5685 806 5758 imaginem
846 5700 1045 5758 forum
1110 5683 1406 5758 dissipabis.
1465 5682 1580 5748 Illi,
1639 5682 1708 5737 de
1773 5684 1970 5758 quibus

355 5752 746 5825 scriptum'est
786 5774 798 5807 :
837 5755 1010 5810 Homo
1035 5771 1154 5810 cum
1189 5752 1463 5810 inhonora
1490 5763 1659 5823 esset,
1693 5770 1794 5808 non
1826 5752 1975 5825 intel-

360 5823 492 5884 seatit
513 5844 534 5895 ;
565 5837 900 5900 comparatus
925 5835 1001 5886 est
1018 5828 1272 5899 jumentis
1303 5826 1693 5898 insipientibus,
1723 5835 1770 5882 et
1790 5823 1976 5884 similis

2059 4718 2294 4774 cundum
2323 4717 2486 4773 corda
2513 4731 2728 4782 eorum,
2758 4731 2878 4786 qua:
2905 4715 3211 4776 abalienata
3239 4725 3366 4774 sunt
3397 4733 3424 4770 a
3455 4731 3564 4775 me.
3598 4716 3666 4770 Et

2059 4812 2148 4883 qui
2204 4809 2308 4865 hoc
2357 4809 2518 4876 facit,
2553 4807 2853 4866 secundum
2899 4808 3190 4868 alienatum
3226 4824 3320 4864 cor
3360 4826 3387 4864 a
3435 4810 3580 4877 Deo,
3609 4809 3664 4863 in

2059 4901 2479 4973 cogitationibus
2525 4902 2640 4957 suis
2682 4900 2836 4956 facit.
2872 4901 3102 4972 Propter
3130 4901 3273 4971 quod
3308 4901 3671 4972 respondetur

2063 4998 2144 5055 eis
2170 5041 2184 5068 ,
2227 4999 2280 5052 in
2321 4996 2388 5054 iis
2413 5038 2428 5064 ,
2459 4995 2512 5050 in
2538 4995 2734 5065 quibus
2764 4995 3038 5050 detinetur
3075 5009 3168 5050 cor
3199 5011 3421 5059 eorum,
3453 5003 3506 5048 et
3534 4992 3670 5048 dici-

2064 5101 2150 5150 tur
2185 5109 2198 5146 :
2230 5090 2329 5146 Dic
2376 5088 2445 5144 ad
2472 5089 2686 5144 domum
2715 5087 2890 5146 Israel
2928 5104 2946 5144 :
2989 5088 3119 5146 Haec
3148 5090 3274 5146 dicit
3317 5087 3524 5144 Adonei
3553 5084 3666 5140 Do-

2066 5256 2233 5323 factus
2259 5259 2331 5323 est
2357 5246 2501 5312 illis,
2539 5264 2660 5323 non
2688 5257 2817 5323 sunt
2855 5247 3140 5323 homines,
3183 5249 3276 5323 sed
3313 5248 3565 5323 homines
3583 5247 3670 5316 jua

2068 5320 2272 5396 menta.
2309 5321 2542 5396 Rursum
2574 5321 2663 5390 qui
2697 5320 2749 5375 in
2783 5320 3078 5396 Evangelii)
3107 5322 3332 5396 audiunt
3358 5364 3371 5385 ,
3395 5321 3670 5396 Serpentes

2068 5394 2328 5465 genimina
2354 5394 2648 5460 viperarum
2670 5436 2684 5459 ,
2719 5395 2830 5461 quis
2862 5393 3087 5447 ostendit
3115 5391 3253 5445 robis
3283 5394 3459 5465 fugere
3485 5391 3520 5444 it
3547 5407 3672 5445 sen-

2069 5463 2188 5520 tura
2217 5466 2345 5520 ira?
2375 5481 2482 5522 non
2511 5474 2638 5518 sunt
2667 5467 2916 5520 homines
2955 5465 3204 5519 ltotnines
3231 5511 3244 5532 ,
3285 5464 3381 5518 sed
3423 5463 3672 5516 homines

2073 5549 2380 5606 serpentes.
2418 5537 2483 5590 Et
2503 5536 2570 5590 de
2597 5537 2788 5606 quibus
2811 5539 3074 5602 scriptum
3105 5543 3191 5590 est
3225 5555 3236 5589 :
3278 5535 3471 5604 Vulpes
3501 5534 3673 5606 foveas

2074 5599 2303 5678 habent
2328 5617 2372 5662 et
2401 5599 2636 5672 volucres
2667 5607 2780 5661 caeli
2809 5599 2993 5673 nidos;
3024 5623 3086 5660 ac
3116 5607 3183 5662 tle
3217 5599 3438 5678 llerode
3462 5623 3476 5661 :
3501 5599 3678 5659 'Dt'citc

2079 5680 2220 5752 vulpi
2244 5679 2398 5747 huic;
2431 5696 2535 5734 non
2561 5689 2683 5734 sunt
2715 5678 2968 5733 homines
2993 5678 3242 5735 homines
3265 5722 3279 5748 ,
3309 5679 3402 5735 sed
3428 5677 3678 5733 homines

2081 5753 2288 5823 vulpes.
2333 5770 2350 5804 ι
