4128 6346
571 283 675 341 719

1814 279 1873 335 S.
1919 275 2192 335 EUSEBII
2230 274 2619 333 llIERONYMl

3798 266 3895 325 ’1ὶο

569 402 770 467 minus,
803 397 1200 462 Convertimini,
1239 403 1285 449 et
1332 394 1541 449 avertite
1568 410 1655 450 vos
1681 410 1714 449 a
1736 395 1925 449 studiis
1957 395 2155 449 vestris.
2186 396 2237 456 A
2265 401 2486 464 quatuor
2516 392 2740 447 ultiones
2788 407 2926 447 meas
2970 391 3155 447 misero
3184 391 3238 446 in
3286 397 3487 446 terram
3522 385 3896 462 peccatricem,

568 491 706 559 Quia
760 489 1032 560 pollicitus
1077 498 1163 544 est
1211 486 1519 542 locuturum
1549 502 1609 542 se
1644 488 1723 542 eis
1762 501 1858 554 ea,
1888 487 1941 541 in
1968 484 2162 556 quibus

567 583 846 639 detinetur
876 596 972 637 cor
997 596 1186 637 eorum
1224 598 1237 635 :
1269 580 1395 636 ideo
1427 596 1569 635 nunc
1606 580 1757 652 quasi
1787 578 2162 650 peccatoribus

566 676 811 745 loquitur
848 676 1034 731 dicens
1070 693 1083 728 :
1115 672 1520 737 Convertimini,
1558 682 1606 727 et
1642 672 1851 728 avertite
1880 687 1965 725 vos
1994 688 2027 723 a
2056 681 2164 724 stu-

568 771 671 826 diis
708 770 888 824 vestris
912 809 928 835 ,
973 777 1019 823 et
1058 768 1266 821 avertite
1299 768 1458 839 facies
1489 776 1704 821 vestras.
1739 765 1928 820 Nonne
1957 764 2049 819 tibi
2079 762 2161 817 vi-

571 863 731 919 detur
784 864 888 918 hoc
941 861 1159 917 facere?
1207 861 1397 915 Facies
1437 870 1630 916 vestrae
1686 859 1989 914 obﬁrmata:
2039 864 2166 912 sunt

562 972 732 1028 super
753 972 815 1013 ea
842 998 858 1025 ,
904 971 1024 1026 qua:
1054 969 1161 1010 non
1191 954 1391 1009 debent
1416 970 1430 1019 ;
1464 954 1763 1009 convertite
1807 964 1901 1007 eas
1925 992 1939 1018 ,
1983 958 2038 1006 et
2064 949 2163 1005 ob-

566 1048 788 1106 ﬁrmate
847 1050 900 1105 in
974 1048 1130 1117 haec,
1190 1063 1312 1119 quae
1358 1057 1543 1103 vestro
1596 1057 1723 1102 sunt
1768 1045 2163 1101 emolumento.

565 1144 798 1215 Propter
851 1143 997 1215 quod
1049 1144 1211 1198 homo
1268 1142 1430 1197 homo
1478 1142 1547 1198 de
1589 1141 1752 1197 domo
1781 1139 1987 1206 Israel,
2017 1148 2069 1194 et
2097 1139 2165 1194 de

565 1237 859 1308 proselytis
898 1237 991 1307 qui
1024 1235 1321 1291 adveniunt
1362 1236 1415 1291 in
1442 1234 1610 1290 Israel
1634 1276 1649 1301 ,
1682 1233 2009 1305 quicumque
2037 1231 2167 1287 aba-

564 1332 804 1389 lienatus
834 1330 1019 1386 fuerit.
1056 1331 1238 1386 Potest
1276 1329 1394 1385 ﬁeri
1436 1336 1491 1385 et
1531 1328 1808 1383 hominem
1851 1325 2125 1381 hominem
2148 1365 2162 1389 ,

564 1426 684 1482 sive
708 1434 948 1482 creatum
976 1423 1252 1479 hominem
1284 1422 1564 1478 hominem
1596 1439 1610 1475 :
1638 1436 1731 1477 seu
1759 1420 2056 1491 perfectum
2082 1417 2164 1473 sui

567 1518 844 1575 hominem
906 1518 1181 1573 hominem
1231 1515 1486 1573 eﬁ‘ectum
1523 1515 1824 1571 abalienari
1848 1512 2161 1583 contingit:

561 1614 829 1685 siquidem
870 1622 925 1670 et
964 1614 1145 1683 justus
1191 1612 1489 1668 secundum
1536 1611 1787 1667 eumdem
1819 1607 2160 1664 Ezechielem

559 1710 902 1765 convertitur
930 1706 1227 1777 aliquando
1260 1722 1287 1758 a
1322 1704 1551 1775 justitiis
1586 1704 1698 1759 suis
1724 1746 1737 1771 ,
1769 1711 1825 1759 et
1864 1711 2072 1773 peccat.
2106 1701 2162 1756 Si

2266 488 2461 558 fuerint
2496 496 2668 541 autem
2696 486 2785 541 isti
2815 497 2917 542 tres
2941 487 3037 541 viri
3060 485 3201 554 Noe,
3238 484 3459 551 Daniel,
3499 492 3553 537 et
3585 478 3697 536 Job
3721 481 3777 534 in
3802 488 3899 533 ter-

2264 599 2323 636 ra
2351 584 2659 655 peccatrice,
2696 584 2798 655 ipsi
2836 583 2934 637 soli
2966 582 3095 637 salvi
3127 590 3295 636 erunt.
3340 581 3400 636 In
3438 576 3901 635 comminatione

2264 676 2475 745 prima,
2525 676 2580 729 in
2620 690 2724 742 qua
2768 690 2986 746 ptenam
3034 675 3186 729 lamis
3218 689 3247 728 a
3286 673 3477 745 pinnis
3510 670 3751 727 caeteris
3778 685 3902 741 ape-

2265 770 2397 835 ruit,
2432 769 2669 825 ﬁliorum
2702 778 2755 825 et
2804 769 3033 824 ﬁliarum
3064 769 3283 823 nomina
3315 769 3520 824 tacuit.
3554 766 3622 821 In
3663 781 3734 820 eo
3773 779 3901 819 vero

2266 877 2518 919 sermone
2544 905 2559 929 ,
2604 863 2658 917 in
2690 878 2797 933 quo
2838 862 3040 918 bestias
3072 861 3241 916 malas
3268 860 3521 915 minatus
3567 867 3663 914 est
3716 868 3900 923 terrm,

2265 960 2371 1014 ait:
2403 958 2464 1014 Si
2494 958 2593 1027 ﬁlii
2622 968 2666 1013 et
2692 958 2819 1026 [iliis
2845 973 3023 1012 eorum
3052 956 3185 1011 salvi
3215 957 3362 1027 ﬁent,
3387 956 3490 1011 sed
3517 954 3635 1026 ipsi
3665 953 3773 1007 soli
3799 953 3904 1006 sal-

2266 1055 2539 1109 vabuntur.
2584 1053 2747 1107 Terra
2777 1061 2967 1119 autem,
2998 1063 3051 1107 ct
3076 1067 3199 1108 cum
3227 1052 3521 1123 paululum
3547 1049 3899 1115 reticuisset,

2266 1150 2465 1221 adjecit
2492 1166 2504 1207 :
2540 1149 2607 1204 Et
2630 1150 2726 1204 erit
2750 1150 2805 1203 in
2832 1148 3063 1203 introitu.
3103 1148 3336 1203 Rursum
3358 1147 3414 1202 in
3438 1144 3904 1203 comminatione

2267 1243 2472 1314 gladii:
2520 1242 2957 1299 Nonliberabunt
2985 1284 2998 1309 ,
3036 1243 3151 1308 ait,
3184 1240 3359 1312 ﬁlios,
3392 1249 3495 1295 aut
3529 1238 3716 1310 ﬁlias.
3752 1237 3822 1293 Et
3848 1238 3899 1293 in

2268 1344 2444 1391 morte
2492 1334 2742 1390 similiter
2788 1343 2872 1390 est
2939 1334 3189 1389 locutus:
3256 1332 3383 1388 Non
3440 1330 3902 1403 derelinquentur

2266 1428 2365 1497 ﬁlii
2406 1438 2493 1481 aut
2522 1427 2648 1497 ﬁlice
2676 1443 2851 1481 eorum
2872 1468 2887 1493 ,
2917 1427 3008 1481 sed
3035 1427 3136 1497 ipsi
3162 1426 3261 1481 soli
3289 1426 3435 1492 Noe,
3487 1435 3543 1480 et
3576 1424 3814 1493 Daniel,
3854 1436 3899 1480 et

2265 1520 2366 1576 Job
2396 1522 2686 1577 liberabant
2717 1522 2919 1576 animus
2948 1538 3090 1575 suas.
3125 1520 3323 1592 lugens
3356 1519 3536 1591 igitur
3560 1519 3737 1575 nobis
3769 1534 3899 1574 cura

2265 1617 2627 1687 expositionis
2664 1620 2967 1686 incumbit,
3000 1628 3055 1675 et
3097 1624 3167 1675 ob
3197 1619 3251 1675 id
3283 1619 3596 1690 diligenter
3624 1617 3898 1674 debemus

2265 1711 2567 1779 attendere,
2598 1723 2652 1768 et
2680 1713 3034 1767 obsecramus
3065 1712 3370 1782 auditores,
3400 1722 3461 1768 ut
3492 1711 3673 1783 quasi
3703 1709 3773 1765 ad
3802 1710 3898 1765 ali-

560 1817 693 1872 ergo
724 1803 879 1856 istius
913 1799 1057 1856 modi
1092 1800 1253 1855 homo
1283 1799 1527 1869 posuerit
1556 1798 1917 1868 cogitationes
1947 1811 2073 1851 suas
2105 1799 2156 1850 ill
2191 1797 2236 1856 Β
2264 1805 2405 1875 quod
2435 1805 2640 1875 grande
2670 1806 3047 1873 spectaculum
3077 1804 3413 1861 conﬂuentes
3445 1804 3661 1860 faciem
3693 1801 3894 1858 mentis

556 1894 725 1951 corde
752 1909 889 1961 suo,
936 1904 992 1950 et
1037 1908 1248 1962 pinnam
1296 1891 1597 1961 iniquitatis
1638 1907 1750 1947 sua:
1790 1902 1917 1947 ante
1964 1890 2156 1946 faciem

557 2005 711 2046 suam
739 2032 755 2058 ,
786 1998 841 2045 et
872 1988 1086 2044 venerit
1113 1988 1180 2042 ad
1211 1986 1534 2058 prophetam
1561 2027 1575 2052 ,
1616 1996 1673 2041 ut
1707 1987 2006 2058 interroget
2033 2001 2157 2042 eum

559 2085 614 2140 in
649 2099 735 2139 me
778 2101 791 2137 :
824 2081 974 2156 Ego,
1005 2081 1179 2152 inquit
1207 2080 1500 2146 Dominus,
1529 2081 1846 2152 respondebo
1874 2080 1920 2133 ei
1942 2081 1994 2133 in
2021 2081 2154 2151 ipso,

556 2178 611 2233 in
634 2194 737 2250 quo
765 2176 1026 2231 detinetur
1056 2191 1075 2230 :
1104 2184 1151 2229 et
1185 2174 1469 2245 obﬁrmabo
1498 2175 1682 2246 faciem
1711 2190 1876 2228 nteant
1906 2174 1960 2227 in
1991 2172 2160 2227 homi—

554 2288 672 2327 nem
729 2271 901 2327 illum.
961 2270 1263 2327 Considera
1300 2271 1579 2341 quomodo
1630 2273 1682 2325 in
1722 2269 1992 2340 principio
2031 2282 2159 2337 Spo-

553 2365 807 2436 ponderit
859 2365 1165 2422 clementer
1217 2380 1278 2419 se
1327 2379 1762 2433 responsurum,
1829 2378 1892 2418 ac
1961 2360 2158 2416 deinde

552 2458 847 2530 quomodo,
894 2459 940 2514 si
981 2474 1174 2513 rursus
1212 2458 1445 2516 venerit.
1479 2456 1708 2514 necdum
1736 2466 1984 2525 curatus,
2014 2456 2159 2526 prio-

554 2551 708 2607 ribus
732 2552 914 2607 verbis
938 2596 952 2620 ,
987 2552 1320 2617 obﬁrmabo,
1360 2546 1527 2617 dixit,
1559 2551 1753 2605 faciem
1786 2564 1959 2604 meam
1992 2564 2156 2619 super

553 2644 832 2700 hominem
890 2643 1081 2711 illum,
1136 2652 1192 2699 et
1237 2659 1437 2712 ponam
1471 2641 1623 2697 illum
1664 2642 1718 2697 in
1765 2642 2063 2697 desertum.
2096 2639 2154 2695 Si

551 2738 699 2794 enim
733 2753 839 2792 non
874 2737 1136 2793 obedierit
1171 2736 1513 2792 sermonibus
1544 2735 1987 2791 commonitionis
2010 2776 2024 2801 ,
2058 2733 2155 2789 sed

550 2834 607 2890 in
633 2834 837 2889 delicto
865 2834 1300 2904 perseveraverit
1321 2874 1334 2895 ,
1380 2847 1577 2901 ponam
1607 2848 1729 2886 eum
1762 2832 1813 2884 iu
1845 2831 2152 2896 desertum,

547 2937 604 2984 et
632 2928 688 2983 in
715 2926 1100 2983 exterminium
1130 2969 1144 2994 ,
1188 2939 1243 2982 et
1289 2926 1471 2981 tollam
1501 2941 1626 2981 eum
1656 2925 1723 2980 de
1752 2925 1931 2980 medio
1970 2924 2153 2994 p0puli

546 3024 677 3079 mei.
702 3022 783 3079 Ne
809 3023 1029 3078 auferas
1061 3037 1184 3089 nos,
1214 3022 1360 3077 Deus
1381 3021 1754 3090 omnipotens,
1774 3021 1841 3075 de
1866 3020 2043 3075 medio
2065 3035 2155 3090 po-

550 3118 662 3189 puli
716 3118 789 3172 tui
819 3160 834 3185 ,
889 3132 1076 3171 verum
1121 3131 1382 3171 conserva
1416 3130 1513 3171 nos
1540 3115 1593 3169 in
1629 3116 1826 3185 populo
1855 3123 1966 3170 tuo.
1999 3114 2152 3170 Juste

2262 1899 2581 1967 intendant,
2629 1915 2696 1955 ne
2723 1900 3056 1967 obscuritas,
3081 1900 3344 1956 relaxatis
3372 1899 3675 1967 sensibus,
3711 1898 3894 1953 elaba-

2261 2000 2370 2047 tur.
2417 1990 2536 2047 Non
2580 1991 2718 2047 dixit
2749 1994 2803 2048 in
2836 1992 3131 2062 praesenti,
3164 1993 3211 2047 si
3241 1992 3607 2063 peccaverint
3642 1989 3886 2047 civitatis

2260 2093 2353 2140 aut
2396 2085 2501 2140 loci
2544 2084 2773 2155 alicujus
2813 2087 3049 2152 accolas,
3104 2086 3199 2141 sed
3237 2088 3282 2143 si
3332 2096 3477 2142 terra
3506 2106 3515 2112 ·
3541 2082 3888 2156 peccaverit.

2260 2176 2331 2232 Et
2374 2177 2491 2232 scio
2514 2219 2530 2244 ,
2564 2177 2692 2247 quia
2742 2177 3045 2245 simplicior
3090 2180 3317 2249 quisque
3346 2193 3469 2235 cum
3502 2177 3805 2241 audierit,
3844 2175 3889 2232 si

2262 2276 2402 2324 terra
2434 2270 2764 2340 peccaverit,
2797 2271 2979 2325 statim
3004 2271 3069 2327 ad
3103 2271 3403 2342 proclivem
3426 2270 3660 2328 feratur
3684 2270 3890 2326 intelli-

2258 2365 2493 2435 gentiam
2517 2406 2532 2432 ,
2568 2372 2629 2419 ut
2670 2373 2873 2421 terram
2913 2366 3062 2422 dicat
3090 2368 3427 2423 nominatam
3473 2384 3584 2439 pro
3619 2367 3710 2423 his
3736 2410 3752 2433 ,
3796 2367 3885 2435 qui

2261 2468 2540 2514 morantur
2562 2458 2613 2513 iu
2644 2470 2789 2515 terra
2813 2476 2826 2514 :
2851 2476 3042 2516 verum
3066 2460 3351 2530 sequentia
3379 2461 3698 2532 Seripturte
3723 2460 3881 2515 istam

2259 2554 2440 2609 statim
2470 2553 2715 2610 eximent
2743 2555 3161 2625 expositionem.
3202 2554 3370 2629 914
3397 2554 3536 2612 Cum
3570 2557 3726 2613 enim
3756 2570 3882 2627 pec-

2258 2649 2462 2702 caverit
2496 2657 2673 2715 terra,
2719 2658 2775 2704 et
2815 2650 2869 2705 in
2898 2666 2995 2704 sua
3028 2662 3246 2720 peccata
3276 2652 3589 2720 corruerit,
3626 2650 3879 2708 extendi-

2260 2747 2346 2793 tur
2377 2755 2567 2795 manus
2606 2757 2714 2795 non
2744 2757 2910 2811 super
2942 2742 3248 2799 habitantes
3286 2754 3488 2800 terram
3511 2787 3525 2809 ,
3576 2745 3679 2800 sed
3711 2759 3878 2814 super

2260 2832 2432 2902 ipsam
2468 2844 2705 2888 terram:
2756 2834 2928 2904 prima
2961 2838 3307 2908 correptione
3337 2838 3676 2905 conteritur,
3713 2848 3773 2893 ut
3798 2836 3875 2891 vi-

2257 2923 2455 2982 delicet
2506 2927 2575 2981 ab
2607 2943 2669 2983 ea
2700 2927 3103 2984 ﬁrmamentum
3137 2933 3290 3001 panis
3326 2931 3616 2988 auferatur
3645 2974 3660 2997 ,
3715 2929 3870 3003 Quasi
3949 2951 3953 2955 ’

2257 3032 2419 3088 pinna
2440 3018 2510 3073 sit
2543 3029 2704 3075 terrae
2736 3023 2777 3076 si
2810 3021 2983 3078 fames
3012 3023 3065 3078 in
3094 3039 3157 3079 ea
3182 3024 3443 3093 obtineat,
3474 3035 3532 3081 ut
3566 3025 3761 3097 fruges
3780 3041 3868 3081 se-

2260 3112 2387 3167 mini
2421 3112 2777 3183 deuegentur.
2811 3115 2945 3170 Nam
2975 3118 3250 3187 quomodo
3277 3118 3442 3173 homo
3467 3129 3730 3189 peccator
3751 3119 3869 3174 sine

542 3219 723 3265 autem
759 3209 1045 3280 projicitur
1068 3252 1080 3273 ,
1112 3208 1203 3277 qui
1230 3208 1392 3280 digna
1427 3207 1557 3263 facit
1584 3208 1888 3278 abjectione
1915 3253 1928 3277 ,
1962 3219 2020 3262 ut
2047 3224 2144 3263 au~
2177 3198 2222 3261 C
2256 3206 2440 3278 prole,
2483 3218 2540 3264 et
2569 3209 2771 3264 sterilis
2804 3210 2949 3266 inter
2979 3211 3301 3268 maledictos
3331 3215 3577 3284 punitur,
3617 3215 3777 3286 juxta
3812 3213 3862 3268 id

539 3306 751 3363 feratur
799 3323 828 3361 a
878 3308 1082 3377 populo
1124 3306 1219 3361 Dei
1248 3351 1262 3375 ,
1306 3316 1360 3362 et
1398 3306 1707 3361 eradicetur
1734 3306 1921 3372 abeo,
1954 3315 2008 3360 et
2040 3313 2149 3359 tra-

456 3396 461 3399 ’
547 3400 709 3455 datur
759 3399 999 3455 Satanae.
1054 3398 1120 3453 Et
1176 3399 1229 3453 in
1283 3399 1538 3469 prtesenti
1579 3397 1795 3470 quidem
1822 3408 2003 3468 potest
2028 3397 2149 3468 quis

539 3493 831 3565 egrediens
879 3492 948 3548 de
1003 3492 1202 3563 populo
1246 3493 1372 3559 Dei,
1416 3508 1633 3549 rursum
1656 3509 1752 3562 per
1777 3490 1939 3564 913
1973 3490 2142 3562 poeni-

538 3588 765 3643 tentiam
794 3585 1031 3651 reverti;
1065 3586 1109 3640 si
1140 3600 1269 3640 vero
1299 3585 1608 3641 eradicatus
1637 3584 1803 3639 fuerit
1830 3585 1924 3638 illo
1955 3599 2023 3639 ex
2052 3598 2147 3653 po-

454 3740 461 3753 )
540 3683 706 3754 pulo,
741 3680 808 3735 de
834 3696 942 3751 quo
979 3681 1030 3733 in
1073 3678 1303 3750 quadam
1345 3679 1599 3749 parabola
1631 3678 1829 3734 dicitur
1848 3677 2065 3733 venisse
2092 3686 2145 3733 et

541 3773 864 3829 recubuisse
896 3812 909 3836 ,
943 3782 996 3827 et
1020 3770 1275 3827 introisse
1305 3770 1592 3841 quemdam
1617 3813 1631 3838 ,
1654 3770 1745 3841 qui
1774 3786 1883 3825 non
1914 3770 2145 3825 habebat

536 3867 921 3923 vestimentum
938 3866 1203 3937 nuptiale,
1226 3865 1442 3921 dicente
1470 3867 1535 3922 ad
1566 3882 1689 3921 eum
1716 3864 2101 3935 patrefamilias
2126 3884 2140 3919 :

537 3962 713 4017 Amice
742 4002 757 4027 ,
810 3962 1068 4033 quomodo
1149 3960 1249 4014 huc
1299 3962 1539 4027 intrasti,
1574 3977 1675 4015 non
1715 3960 1907 4015 habens
1955 3970 2143 4015 restent

537 4057 830 4126 nuptialem
872 4054 1094 4127 (Matth.
1129 4056 1303 4126 xm)?
1333 4066 1497 4125 atque
1536 4056 1609 4111 ita
1653 4054 2000 4126 praecipiente
2040 4055 2142 4111 mi-

536 4151 753 4215 niStris,
777 4160 839 4206 ut
863 4150 1168 4206 vincientes
1182 4166 1303 4205 eum
1336 4150 1585 4205 manibus
1620 4157 1677 4206 et
1708 4150 1951 4219 pedibus,
1975 4149 2141 4223 915.

537 4246 825 4301 mitterent
852 4243 904 4299 in
940 4244 1192 4299 tenebras
1217 4245 1521 4298 exteriores
1548 4287 1561 4310 ,
1597 4243 1919 4298 dilﬁcillime
1960 4244 2012 4297 in
2054 4246 2137 4299 lo-

534 4352 657 4393 cum
676 4337 968 4407 priStinum
986 4346 1314 4392 revertetur.
1337 4335 1444 4392 Sed
1469 4350 1567 4391 nos
1581 4352 1688 4391 non
1708 4336 2135 4403 eradicabimur;

532 4446 723 4486 verum
754 4429 887 4485 etin
924 4429 1179 4500 prmsenti
1199 4471 1213 4497 ,
1245 4439 1299 4485 et
1326 4429 1381 4484 in
1408 4429 1587 4484 futuro
1613 4429 1882 4485 saeculoin
1906 4429 2137 4485 Domino

531 4535 726 4579 ποειτο
779 4523 910 4579 Jesu
958 4522 1178 4578 Christo
1222 4523 1619 4595 plantabimur,
1667 4534 1721 4579 et
1752 4525 1803 4578 in
1834 4539 1900 4579 eo
1927 4523 2135 4580 fructus

2254 3301 2398 3371 quod
2447 3301 2498 3355 in
2541 3302 2775 3373 quodam
2822 3303 2944 3359 loco
2991 3306 3253 3375 scriptum
3311 3317 3395 3363 est
3442 3307 3533 3380 (ex
3564 3306 3864 3365 contrariis

2252 3394 2401 3449 enim
2444 3395 2717 3451 contraria
2777 3398 3185 3471 intelliguntur)
3240 3410 3295 3457 et
3324 3401 3392 3458 de
3428 3403 3580 3473 justo
3635 3403 3855 3469 dicitur,

2251 3505 2359 3546 non
2385 3492 2489 3547 erit
2519 3492 2635 3548 sine
2660 3494 2838 3563 prole,
2876 3510 3053 3567 neque
3084 3497 3286 3552 sterilis
3327 3498 3380 3553 in
3411 3498 3596 3567 vobis,
3626 3508 3703 3554 -et
3735 3513 3861 3569 pec-

2249 3593 2466 3639 catores
2491 3585 2612 3642 sine
2643 3586 2829 3642 liberis
2855 3628 2869 3651 ,
2904 3595 2959 3644 et
2990 3589 3313 3658 posteritate
3340 3591 3423 3644 sui
3453 3599 3661 3646 aterna
3695 3588 3861 3646 infcr-

2250 3677 2441 3733 tilitate
2486 3677 2819 3734 damnantur
2848 3722 2863 3748 ,
2917 3688 2979 3736 ut
3024 3681 3077 3736 in
3111 3681 3274 3737 domo
3299 3683 3614 3741 Abimclech
3645 3686 3855 3739 factum

2247 3781 2327 3828 est
2355 3770 2506 3844 (Gen.
2537 3772 2656 3844 xx),
2689 3785 2742 3829 et
2768 3790 2955 3830 earum
2984 3791 3213 3847 quarum
3242 3776 3439 3833 clausit
3461 3777 3602 3834 Deus
3629 3777 3849 3834 vulvam

2247 3874 2469 3935 propter
2502 3875 2824 3933 peccatum,
2872 3869 3018 3939 quod
3071 3870 3123 3925 in
3169 3869 3318 3927 Isaac
3345 3873 3693 3928 commissum
3723 3877 3847 3926 est:

2246 3956 2323 4013 sic
2353 3967 2406 4012 et
2434 3969 2575 4013 terra
2604 3961 3009 4031 quodammodo
3038 3964 3157 4021 sine
3186 3965 3343 4036 prole
3368 3973 3424 4022 et
3448 3966 3648 4022 sterilis
3679 3965 3848 4022 relin-

2243 4050 2445 4120 quitur,
2478 4050 2620 4107 fame
2651 4054 2813 4109 missa
2843 4055 2896 4110 in
2924 4071 3068 4112 eam.
3119 4057 3307 4125 Putas,
3341 4076 3529 4115 verum
3560 4071 3665 4128 est,
3698 4056 3844 4131 quod

2244 4159 2493 4200 asserere
2520 4160 2700 4201 sermo
2727 4149 2979 4216 praeludit
3010 4166 3115 4205 non
3139 4151 3208 4206 de
3232 4152 3634 4210 habitatoribus
3658 4164 3838 4218 terrai,

2241 4237 2338 4293 sed
2382 4237 2450 4294 de
2479 4239 2593 4310 ipsa
2630 4249 2775 4296 terra
2808 4242 3057 4299 dicitur?
3103 4245 3330 4301 Possum
3362 4248 3635 4318 paulisper
3661 4247 3728 4304 ad
3757 4246 3839 4301 al-

2242 4330 2376 4385 tiora
2408 4333 2783 4390 conscendens
2834 4337 3237 4408 Scripturarum
3278 4342 3609 4398 testimoniis
3644 4356 3840 4415 appro-

2240 4423 2373 4481 bare
2403 4427 2677 4498 quomodo
2706 4439 2964 4499 peccator
3011 4442 3155 4488 terra
3187 4434 3418 4492 dicatur.
3465 4436 3672 4493 Dicitur
3696 4435 3836 4491 enim

2239 4519 2305 4573 ad
2333 4519 2539 4576 Adam:
2571 4521 2731 4577 Terra
2758 4541 2831 4591 es,
2862 4534 2910 4580 et
2938 4526 2992 4580 in
3016 4538 3209 4583 terram
3237 4530 3333 4585 ibis
3362 4529 3519 4598 (Gen.
3546 4531 3655 4603 tu).
3702 4530 3835 4586 Pos-

532 4616 836 4673 ubcrrimos
867 4615 1159 4672 afferemus
1178 4659 1192 4683 ,
1224 4615 1311 4671 cui
1336 4627 1418 4673 est
1444 4617 1612 4688 gloria
1653 4624 1708 4673 et
1748 4618 2032 4688 imperium
2076 4619 2129 4674 in
2157 4602 2211 4664 D
2236 4627 2422 4668 sumus
2448 4613 2651 4678 dicere.
2673 4618 2799 4687 quia
2820 4629 2873 4673 et
2902 4635 3047 4675 nunc
3063 4621 3387 4694 delinquens
3413 4634 3561 4680 terra
3583 4602 3832 4695 peccator

526 4711 731 4767 saecula
771 4711 1117 4767 szeculorum.
1150 4711 1351 4766 Amen.

1008 4826 1295 4884 HOMILIA
1334 4828 1642 4898 QUARTA.

529 4942 609 5000 De
641 4959 746 5024 eo,
788 4943 932 5013 quod
972 4945 1236 5024 scriptum
1279 4956 1365 5001 est
1406 4945 1633 5024 :_Terra
1679 4965 1808 5024 cuni
1842 4953 2126 5024 peccaverit

598 5016 747 5078 mihi,
776 5025 829 5069 ut
850 5016 1595 5088 prtcvariceturprtevaricaus,
1622 5016 1898 5076 extendens
1916 5041 2125 5079 manum

592 5105 757 5142 meam
784 5104 939 5159 super
969 5105 1102 5151 eam,
1135 5104 1305 5155 usque
1334 5091 1398 5142 ad
1428 5090 1503 5156 id,
1539 5095 1680 5154 quod
1714 5094 1949 5148 dicitur:
1985 5095 2051 5149 Et
2079 5098 2123 5149 si

594 5161 792 5237 [uer-int
818 5169 920 5237 t_re_s
948 5159 1046 5213 viri
1076 5161 1140 5237 i_i_t_
1160 5160 1328 5237 medio
1355 5162 1488 5237 ejus,
1518 5162 1654 5226 Noe,
1680 5163 1891 5237 Daniel,
1917 5176 1963 5219 et
1995 5167 2119 5237 Job,

594 5232 695 5303 ipsi
711 5231 928 5303 justitia
956 5248 1052 5285 sua
1081 5229 1597 5287 liberabuntanimas
1624 5251 1744 5291 suas
1778 5229 1933 5307 (Cap.
1967 5237 2102 5310 xw).

593 5347 758 5420 913
782 5347 977 5403 Sermo
1004 5347 1241 5414 Domini,
1266 5348 1357 5419 qui
1384 5348 1556 5404 factus
1578 5361 1662 5406 est
1681 5352 1746 5407 ad
1781 5354 2120 5423 prophetam,

517 5442 588 5499 de
623 5444 938 5512 peccatrice
972 5454 1118 5500 terra
1148 5444 1422 5515 loquitur,
1474 5446 1749 5513 quomodo
1772 5458 1997 5518 propter
2026 5451 2124 5506 ile-

511 5532 639 5588 licta
680 5550 775 5589 sua
812 5536 978 5590 variis
1004 5536 1079 5591 sit
1104 5536 1420 5592 excruciata
1450 5538 1739 5606 Suppliciis
1760 5583 1773 5606 ,
1812 5540 1953 5594 fame
1977 5586 1990 5610 ,
2024 5541 2119 5597 be-

511 5626 638 5681 stiis
664 5628 823 5683 malis
843 5671 857 5694 ,
894 5629 1073 5699 gladio
1094 5672 1107 5697 ,
1142 5641 1319 5687 morte
1340 5672 1355 5699 ,
1393 5640 1565 5686 morte
1595 5641 1775 5687 autem
1807 5635 2117 5703 repentina,

507 5735 631 5790 qua:
650 5730 822 5777 autex
850 5724 1089 5794 corrupti
1118 5724 1262 5780 aeris
1288 5723 1419 5781 vitio
1446 5724 1516 5780 sit
1542 5734 1750 5795 creata,
1774 5737 1864 5782 aut
1895 5743 1961 5783 cx
1988 5745 2122 5800 quo-

507 5828 742 5885 cumque
770 5813 1031 5870 acciderit
1078 5825 1277 5873 eventu
1304 5858 1315 5883 ,
1348 5826 1403 5873 et
1433 5818 1634 5876 dicitur
1668 5837 1679 5874 :
1721 5819 1871 5888 Quod
1900 5821 1943 5876 si
1968 5823 2123 5877 etiam

2240 4704 2326 4760 sit.
2373 4705 2479 4762 Sed
2506 4712 2814 4766 econtrario
2846 4712 3162 4769 latissimam
3188 4713 3484 4786 Scriptura:
3514 4717 3709 4773 silvam
3736 4732 3826 4773 re-

2239 4812 2491 4865 censens,
2522 4813 2772 4859 coarctor
2797 4804 2862 4858 ad
2896 4806 3305 4876 suspicandum.
3330 4809 3455 4879 quia
3486 4810 3735 4866 animalis
3761 4809 3830 4865 sit

2235 4899 2383 4949 terra
2416 4895 2517 4951 ista
2550 4913 2708 4968 quam
2741 4900 3040 4957 cernimus.
3095 4901 3151 4959 Si
3179 4904 3327 4959 enim
3358 4906 3488 4974 hoc,
3518 4906 3661 4973 quod
3692 4905 3828 4962 scri-

2234 4994 2385 5055 ptum
2424 5000 2544 5046 est:
2581 4990 2681 5057 Qui
2721 4994 2904 5064 aspicit
2938 5011 3091 5067 super
3148 5004 3320 5065 terra,
3365 5008 3411 5051 et
3436 4999 3565 5070 facit
3590 5016 3700 5054 eam
3728 5006 3827 5052 tre-

2235 5098 2369 5136 mere
2397 5082 2519 5155 (Ps.
2553 5088 2695 5156 cut),
2724 5088 2874 5156 juxta
2905 5089 2957 5145 id
2998 5091 3143 5159 quod
3172 5092 3429 5161 scriptum
3463 5106 3546 5149 est
3576 5096 3822 5152 volumus

2232 5176 2509 5245 accipere,
2542 5179 2886 5253 intelligimus
2909 5184 2974 5238 ad
3001 5193 3281 5255 aspectum
3313 5187 3409 5244 Dei
3451 5196 3615 5245 terrm.
3645 5197 3818 5245 motus

2232 5269 2531 5325 concitari:
2587 5288 2693 5328 non
2750 5291 2885 5344 quos
2925 5275 3098 5333 Judaei
3143 5282 3507 5347 susiiicantur.
3562 5282 3693 5338 Nam
3744 5279 3818 5337 illi

2231 5371 2484 5417 asserunt
2527 5373 2817 5423 tremorem
2854 5378 3012 5424 terra:
3046 5375 3469 5432 commotionem
3504 5377 3670 5450 915
3698 5376 3814 5447 ejus

2228 5465 2388 5518 esse,
2420 5457 2563 5526 quod
2605 5457 2764 5529 longe
2801 5475 2830 5515 a
2878 5462 3106 5520 veritate
3148 5463 3423 5523 diversum
3464 5478 3567 5525 est.
3623 5469 3693 5525 Et
3720 5482 3814 5524 nos

2229 5545 2426 5616 quippe
2457 5550 2670 5605 solliciti
2704 5560 2760 5607 et
2804 5562 3101 5611 trementes
3131 5568 3350 5628 propter
3385 5571 3602 5632 peccata
3634 5571 3815 5619 nostra

2227 5635 2283 5693 in
2333 5649 2473 5696 terra
2524 5658 2713 5701 sumus
2738 5687 2752 5711 ,
2814 5662 2916 5703 nec
2959 5659 3137 5706 tamen
3171 5659 3376 5709 tremor
3405 5663 3591 5711 noster
3620 5672 3812 5729 corpus

2223 5734 2462 5788 concutit
2489 5734 2555 5789 ad
2589 5738 2961 5797 tremendum:
3013 5743 3173 5799 sicuti
3202 5756 3257 5801 et
3301 5748 3351 5801 in
3380 5747 3488 5806 alio
3514 5749 3636 5804 loco
3674 5749 3808 5805 dici-

2227 5832 2347 5882 tur:
2399 5827 2572 5900 Super
2598 5847 2747 5902 quem
2776 5834 3069 5907 respiciam,
3105 5839 3179 5895 ait
3207 5840 3487 5911 Dominus,
3529 5845 3630 5900 nisi
3659 5858 3809 5916 super
