4128 6346
338 274 448 334 721

856 275 1296 335 TRANSLATIO
1338 274 1778 335 llUMlLIARUM
1816 268 2143 330 ORIGENIS
2180 271 2245 327 lN
2288 271 2755 330 EZECHIELEM.
2801 272 2964 330 llOM.
3007 272 3096 329 IV.

3538 276 3644 330 729.

339 394 597 452 humilem
644 405 691 452 et
746 396 972 467 quietura
997 442 1011 467 ,
1070 407 1116 451 et
1154 405 1455 452 trementem
1501 410 1760 451 sermones
1800 409 1935 447 meos
1964 393 2018 455 Α
2041 401 2089 446 et
2109 391 2536 465 condolet(Rom.
2566 391 2783 462 vm).Si
2807 394 2985 448 omnis
3011 403 3258 450 creatura
3284 394 3643 467 congemiscit

340 488 505 562 (lsai.
548 489 715 559 ult.)?
770 491 852 546 Ex
900 506 1008 562 quo
1058 491 1398 547 manifestum
1447 498 1530 545 est
1565 496 1847 544 mansuete
1889 496 1942 541 et

339 581 624 641 humiliter
668 585 778 640 Deo
820 586 1153 642 servientem
1176 585 1244 640 ad
1275 600 1559 640 sermones
1600 584 1717 653 ejus
1758 592 1941 638 mente

340 679 527 749 potius
568 687 837 744 tremere,
889 695 1047 750 quam
1079 694 1332 751 corpore.
1382 679 1446 734 Et
1494 678 1609 733 haec
1637 677 1855 749 quidem
1887 677 1940 733 in

337 773 526 828 medio
555 772 696 829 dicta
726 782 853 828 sunt
882 774 1257 829 satisfactione
1286 772 1404 844 ejus
1434 772 1763 837 testimonii,
1797 771 1939 842 quod

339 864 652 922 intulimus:
700 865 803 935 Qui
829 868 1017 939 aspicit
1049 876 1271 931 terram,
1315 877 1359 921 et
1398 867 1528 939 facit
1564 884 1674 922 eam
1703 874 1938 921 tremere.

336 955 543 1029 Accipe
582 967 765 1015 autem
810 959 915 1014 alia
955 960 1098 1015 dicta
1136 960 1204 1014 de
1243 966 1427 1014 terra:
1475 958 1775 1025 Oﬂ'enditur
1806 969 1942 1012 terra

337 1050 410 1105 ab
432 1050 534 1117 his,
566 1052 655 1122 qui
682 1051 904 1107 insident
934 1053 988 1107 in
1019 1069 1101 1107 ea.
1132 1052 1417 1121 Quomodo
1446 1052 1739 1107 offenditur
1771 1058 1938 1117 terra,

337 1154 399 1199 et
426 1143 642 1213 quando
670 1154 953 1201 aversatur
978 1146 1047 1201 ab
1070 1146 1175 1214 his,
1208 1146 1301 1217 qui
1325 1147 1378 1200 in
1405 1161 1465 1201 se
1492 1144 1941 1201 commorantur?

336 1236 574 1302 Quando
600 1238 803 1294 fuerint
826 1248 1162 1308 peceatores.
1199 1239 1398 1310 Accipe
1425 1238 1570 1293 aliud
1595 1239 1937 1307 exemplum:

337 1328 691 1401 Complacebit
738 1330 835 1387 sibi
886 1343 1025 1387 terra
1071 1333 1128 1387 in
1179 1332 1407 1387 sabbatis
1452 1334 1581 1387 suis.
1625 1332 1942 1387 ltlcontrario

336 1424 487 1478 enim
519 1423 764 1495 qutedam
790 1433 950 1481 terra:
991 1426 1216 1482 sabbata
1266 1436 1648 1497 nuneupantur
1673 1474 1686 1497 ,
1741 1427 1794 1483 in
1823 1428 1943 1498 qui-

335 1514 443 1571 bus
477 1515 578 1571 sibi
620 1518 958 1589 complaceat
995 1529 1049 1575 et
1087 1520 1315 1576 laetetur.
1361 1521 1599 1576 Necdum
1640 1521 1805 1575 dico:
1850 1521 1944 1574 At-

337 1612 512 1677 tende,
548 1610 751 1681 caelum,
786 1623 832 1668 et
856 1615 1057 1683 loquar,
1086 1626 1135 1670 et
1168 1617 1348 1670 audiat
1384 1625 1519 1670 terra
1548 1616 1696 1670 verba
1720 1616 1823 1670 oris
1845 1617 1943 1671 mei

337 1703 496 1775 (lsai.
518 1704 581 1776 ι).
631 1705 814 1773 Neque
850 1707 1032 1763 aliud:
1065 1708 1222 1775 Audi,
1263 1710 1466 1774 caelum,
1510 1716 1557 1763 et
1585 1708 1798 1763 auribus
1828 1725 1943 1778 per-

2047 492 2101 536 et
2149 483 2425 549 condolet,
2468 494 2553 540 est
2581 494 2762 540 autem
2807 493 3178 542 creaturarum
3231 503 3357 559 pars
3387 497 3554 556 terra,
3587 498 3644 547 et

2045 578 2266 648 coelum,
2293 588 2346 634 et
2376 589 2571 635 cratera
2606 595 2834 650 quaeque
2858 624 2872 648 ,
2913 596 3033 651 qua:
3064 581 3166 636 sub
3206 582 3348 638 ctelo
3375 592 3501 638 sunt
3524 625 3539 652 ,
3586 593 3645 641 et

2044 687 2167 742 quae
2192 688 2355 743 super
2382 673 2588 744 caelos,
2633 684 2687 728 et
2737 673 3057 729 liberabitur
3103 676 3281 730 omnis
3331 686 3642 735 ereaturaa

2044 768 2307 823 servitute
2354 768 2721 838 corruptionis
2765 768 2818 823 in
2858 769 3161 825 libertatem
3191 771 3379 842 gloriae
3405 771 3640 829 filiorum

2044 860 2174 928 Dei;
2218 862 2338 931 quis
2380 864 2486 917 scit
2528 871 2583 917 et
2623 862 2690 917 de
2734 872 2876 916 terra
2903 904 2917 928 ,
2965 879 3031 918 an
3066 863 3364 920 secundum
3393 875 3639 922 naturam

2044 972 2195 1013 suam
2233 957 2284 1012 in
2330 957 2514 1028 aliquo
2556 966 2781 1027 peccato
2812 964 3066 1017 teneatur
3092 956 3371 1013 obnoxia?
3412 960 3465 1015 Si
3494 962 3638 1017 enim

2044 1053 2241 1107 animal
2276 1059 2388 1112 est,
2432 1052 2477 1107 si
2521 1051 2859 1107 rationabilis
2897 1062 3011 1121 est,
3055 1052 3100 1105 si
3130 1051 3333 1122 indiget
3362 1054 3642 1112 auditione

2044 1146 2314 1201 sermonis
2342 1145 2644 1216 prephetici
2672 1144 2934 1199 dicentis:
2966 1144 3216 1209 Attende,
3251 1145 3455 1213 caelum,
3487 1158 3533 1201 et
3561 1150 3641 1203 lo-

2045 1255 2205 1308 quar,
2247 1248 2293 1293 et
2324 1238 2505 1291 audiat
2538 1248 2679 1309 terra
2708 1238 2859 1291 verba
2892 1237 2996 1291 oris
3018 1238 3150 1292 mei:
3195 1237 3296 1291 Et:
3344 1238 3513 1302 Audi,
3547 1256 3646 1295 rae-

2044 1327 2178 1398 lum,
2216 1341 2264 1383 et
2293 1330 2508 1384 auribus
2540 1330 2766 1400 percipe,
2813 1338 2987 1383 terra:
3032 1344 3129 1384 cur
3153 1344 3260 1383 non
3288 1328 3557 1398 dicamus,
3589 1341 3646 1386 ut

2045 1423 2189 1477 inter
2236 1422 2484 1478 homines
2529 1432 2613 1479 eSt
2656 1422 2820 1477 homo
2867 1420 3092 1476 audiens
3132 1431 3183 1477 et
3223 1421 3429 1478 faciens
3458 1422 3645 1489 verba,

2045 1532 2167 1588 qua:
2206 1518 2389 1587 jussus
2421 1527 2505 1573 est
2535 1516 2739 1583 facere,
2783 1527 2836 1572 et
2862 1516 2999 1571 alius
3028 1527 3110 1571 est
3138 1518 3226 1587 qui
3250 1516 3421 1579 audit,
3456 1527 3511 1572 et
3535 1533 3642 1572 non

2046 1611 2253 1680 implet,
2287 1610 2429 1680 quod
2477 1610 2811 1680 pra'cipitur,
2848 1611 2988 1665 sicut
3017 1620 3069 1665 et
3100 1608 3346 1680 Angelus
3386 1611 3644 1680 prmvari-

2046 1704 2244 1760 cntor?
2298 1705 2516 1777 Angelos
2558 1705 2693 1757 enim
2742 1720 2842 1757 non
2890 1702 3239 1759 custodientes
3287 1705 3641 1776 principatum

336 1799 450 1871 cipe
474 1841 488 1865 ,
541 1810 694 1855 terra,
752 1801 857 1858 sed
905 1819 1005 1860 nec
1050 1789 1302 1860 ιειὲειιιίω
1340 1805 1673 1875 prophetiam
1696 1823 1708 1857 τ
1759 1802 1949 1872 Terra,
1977 1805 2021 1864 Β
2048 1814 2222 1861 suum,
2245 1797 2336 1852 sed
2359 1799 2649 1851 deserentes
2668 1797 2935 1869 proprium
2954 1796 3301 1850 habitaculum
3320 1814 3473 1851 suum
3494 1798 3648 1871 inju-

338 1902 511 1958 terra,
551 1893 678 1949 audi
706 1897 914 1950 uerbum
958 1896 1196 1961 Domini,
1242 1897 1404 1953 scribe
1444 1900 1611 1952 virum
1659 1903 1816 1954 istum
1847 1900 1939 1953 ab—

336 1988 569 2041 dicatum
626 1989 841 2059 (larem.
875 1992 1033 2063 xxn).
1112 1991 1275 2048 Multa
1334 2008 1433 2048 nos
1490 1993 1660 2049 latent
1718 2001 1938 2065 propter

337 2090 715 2152 paupertatem
779 2083 1104 2147 memoriae,
1170 2094 1391 2156 propter
1444 2085 1645 2156 ingenii
1707 2086 1935 2141 tardita-

336 2182 471 2229 tem.
522 2172 688 2229 Multa
721 2185 850 2232 sunt
876 2193 996 2250 qum
1022 2177 1270 2233 condidit
1302 2180 1442 2235 Deus
1469 2179 1810 2236 rationabilia
1832 2220 1847 2247 ,
1882 2190 1937 2236 et

334 2281 468 2326 sunt
497 2272 717 2343 capacia
741 2314 754 2338 ,
801 2290 909 2330 non
941 2276 1113 2331 solum
1145 2275 1484 2347 principatus
1520 2285 1575 2331 et
1614 2285 1933 2348 potestates,

334 2375 390 2420 et
432 2375 675 2422 rectores
702 2367 1047 2424 tenebrarum
1087 2368 1336 2435 istarum,
1372 2384 1557 2423 verum
1600 2369 1763 2425 etiam
1793 2377 1849 2424 et
1879 2369 1930 2424 in

332 2456 566 2512 meliore
590 2467 743 2529 parte
772 2458 1021 2528 thronos,
1049 2459 1468 2526 dominationes,
1496 2469 1550 2516 et
1569 2469 1789 2528 caetera,
1814 2478 1937 2534 quae

336 2547 390 2604 in
440 2559 628 2607 nostro
674 2551 957 2608 intellectu
1000 2554 1297 2625 Apostolus
1338 2554 1556 2626 reliquit
1592 2554 1815 2611 dicens:
1869 2555 1937 2610 Et

334 2662 493 2713 super
534 2663 683 2702 omne
726 2664 911 2701 nomen
938 2690 952 2716 ,
999 2649 1139 2719 quod
1180 2649 1480 2704 nominatur
1527 2665 1632 2703 non
1672 2649 1841 2703 solum
1884 2650 1939 2704 in

335 2738 531 2793 stacqu
576 2740 696 2807 isto,
745 2756 923 2795 verum
952 2749 999 2794 et
1030 2741 1083 2794 in
1112 2743 1289 2813 futuro
1315 2742 1537 2814 (Ephes.
1572 2740 1635 2812 ι).
1669 2740 1779 2797 Aer
1805 2757 1941 2813 quo-

335 2846 443 2903 que
486 2834 814 2890 animalibus
843 2835 1033 2905 plenus
1057 2844 1160 2901 est,
1206 2835 1504 2891 secundum
1529 2836 1773 2906 ejusdem
1798 2840 1939 2906 Apo-

333 2930 462 2985 Stoli
508 2930 874 2986 testimonium
915 2929 1298 3004 prardicantis:
1351 2930 1416 2985 In
1447 2930 1630 3001 quibus
1655 2930 1938 3002 aliquando

333 3022 638 3078 ambulastis
664 3027 947 3078 secundum
967 3024 1219 3078 saeculum
1239 3024 1420 3077 mundi
1443 3024 1624 3097 hujus,
1653 3024 1937 3078 secundum

334 3119 625 3187 principem
666 3119 929 3186 potestatis
960 3127 1008 3172 et
1036 3120 1170 3173 aeris
1204 3120 1442 3189 spiritus,
1471 3119 1561 3190 qui
1588 3134 1724 3172 nunc
1754 3136 1937 3189 opera-

2040 1893 2181 1946 dicio
2195 1907 2395 1963 magna:
2408 1890 2512 1945 diei
2524 1892 2742 1945 vinculis
2759 1891 3079 1961 sempiternis
3091 1889 3180 1944 sub
3192 1889 3414 1945 tenebris
3426 1890 3648 1947 servabit

2042 1986 2222 2060 (ludar
2235 1985 2295 2057 1).
2324 1984 2553 2053 Quando
2582 2000 2713 2055 ergo
2740 1983 2933 2054 Angeli
2955 1982 2983 2021 δ
3006 1983 3455 2053 ρι’ωγθιίεειηιιιιο,
3476 1994 3528 2038 et
3552 1983 3644 2037 alii

2041 2086 2189 2145 sunt,
2218 2079 2309 2149 qui
2338 2077 2432 2133 Dei
2459 2087 2731 2147 praecepta
2762 2075 3099 2145 custodiunt,
3142 2085 3199 2132 et
3226 2075 3490 2146 judicium
3506 2090 3646 2146 prte-

2041 2174 2308 2230 stolantur
2343 2189 2449 2229 non
2497 2175 2673 2230 solum
2724 2175 3006 2230 hominum
3033 2218 3048 2244 ,
3093 2190 3281 2231 verum
3324 2175 3489 2230 etiam
3519 2174 3637 2243 Dei,

2039 2269 2202 2341 917
2236 2279 2294 2323 ut
2319 2268 2635 2339 frequenter
2666 2267 2901 2323 diximus
2932 2279 3037 2323 tam
3061 2268 3131 2323 de
3153 2268 3261 2339 his,
3286 2283 3405 2338 qua:
3429 2268 3483 2324 in
3502 2270 3647 2339 Apo-

2040 2361 2248 2432 Calypsi
2276 2360 2585 2431 conscripta
2612 2372 2759 2428 sunt,
2790 2378 2950 2433 quam
2982 2370 3035 2417 et
3064 2378 3130 2417 ex
3178 2362 3296 2417 aliis
3336 2364 3646 2419 innumera-

2042 2454 2270 2521 bilibus;
2300 2470 2491 2524 quare,
2527 2456 2769 2526 inquam,
2804 2470 2910 2511 non
2938 2464 3100 2512 terrae
3131 2465 3187 2512 et
3215 2458 3357 2512 aeris
3378 2457 3642 2528 judicium

2042 2550 2114 2603 sit
2145 2548 2502 2603 futurum‘lSi
2530 2557 2715 2604 autem
2758 2565 2865 2604 non
2899 2562 3057 2621 putas
3104 2549 3229 2604 huic
3281 2549 3642 2620 disputationi

2042 2643 2515 2713 consentiendum,
2547 2660 2644 2714 per
2665 2661 2826 2713 quam
2857 2646 3153 2701 asserimus
3180 2661 3395 2701 omnem
3430 2654 3646 2701 creatu-

2042 2752 2159 2792 ram
2184 2737 2558 2809 judicandam,
2591 2738 2716 2792 audi
2737 2747 2793 2793 et
2816 2738 2962 2793 aliud
3018 2739 3393 2799 testimonium
3438 2737 3507 2794 de
3539 2748 3649 2793 ter-

2042 2847 2123 2887 ra.
2158 2831 2463 2902 lnterrogat
2486 2832 2630 2889 Deus
2660 2832 2814 2899 Cain,
2842 2832 2935 2902 qui
2966 2834 3225 2890 occiderit
3248 2834 3384 2890 Abel
3415 2834 3641 2889 fratrem

2043 2941 2201 2981 suum
2236 2944 2251 2981 :
2284 2936 2338 2982 et
2370 2937 2492 2996 post
2514 2927 2716 2982 multos
2741 2942 3026 2983 sermones
3054 2943 3195 2999 quos
3227 2928 3281 2983 in
3306 2929 3508 2986 Genesi
3560 2930 3643 2986 le-

2041 3021 2241 3092 gimus,
2271 3023 2337 3076 ad
2365 3031 2679 3077 extremum
2712 3022 2781 3077 de
2814 3030 2957 3077 terra
2990 3022 3162 3078 dicit:
3193 3022 3479 3077 Maledicta
3512 3032 3647 3081 terra

2040 3130 2157 3186 qua:
2185 3118 2387 3187 aperuit
2416 3132 2472 3169 os
2503 3132 2657 3170 suum
2682 3115 2752 3168 ad
2782 3117 3149 3189 excipiendum
3195 3118 3503 3191 sanguinem
3535 3118 3647 3187 fra-

334 3218 423 3264 tur
463 3211 518 3264 in
557 3212 685 3280 ﬁliis
726 3211 1056 3284 difﬁdentiw.
1104 3211 1199 3266 Est
1225 3226 1355 3282 ergo
1384 3222 1551 3279 terra,
1595 3224 1645 3266 et
1680 3212 1933 3267 universa
1961 3196 2006 3259 C
2040 3210 2132 3262 tris
2160 3209 2234 3261 tui
2262 3210 2327 3260 de
2348 3224 2507 3261 manu
2530 3215 2619 3261 tua
2653 3205 2810 3281 (Gen.
2844 3208 2943 3279 tv).
2980 3209 3092 3278 Ego
3122 3224 3221 3264 nec
3250 3208 3382 3265 illud
3413 3218 3644 3280 praeter-

334 3304 504 3378 916
529 3304 803 3374 animalia,
837 3314 892 3359 et
938 3321 1033 3375 per
1064 3314 1246 3375 partes
1275 3305 1588 3362 animalium
1616 3308 1934 3365 varietates.

335 3396 565 3466 Quando
593 3401 736 3454 enim
765 3397 1060 3454 oﬂ‘enditur
1097 3408 1266 3465 terra,
1308 3410 1364 3457 et
1391 3417 1606 3457 rursum
1633 3404 1940 3474 complacet

336 3490 441 3547 sibi
474 3490 529 3547 in
560 3491 800 3547 sabbatis
826 3493 961 3563 suis,
991 3508 1098 3547 non
1128 3494 1306 3548 omnis
1333 3492 1647 3560 otl‘enditur,
1681 3511 1786 3550 non
1815 3511 1937 3552 om-

337 3584 427 3640 nis
451 3586 706 3640 exsultat.
736 3584 1154 3655 Quodammodo
1180 3587 1324 3642 enim
1349 3589 1560 3644 erudita
1583 3600 1664 3645 est
1687 3606 1809 3644 cum
1838 3590 1935 3645 lia-

337 3677 662 3734 bitatoribus
692 3679 842 3747 suis,
886 3688 941 3734 et
992 3679 1185 3735 didicit
1225 3680 1447 3737 sabbata
1490 3682 1605 3735 sive
1636 3683 1688 3737 in
1722 3683 1930 3751 umbra,

336 3772 452 3829 sive
502 3774 556 3827 in
584 3773 815 3828 veritate
838 3773 993 3845 juxta
1025 3784 1232 3830 naturae
1261 3791 1375 3831 suae
1402 3791 1564 3846 agere
1594 3778 1933 3847 qualitatem.

339 3865 496 3923 Unde
552 3866 851 3922 sacratiore
892 3866 1124 3938 quadam
1168 3868 1528 3938 intelligentia
1574 3869 1939 3924 sabbatismus

338 3971 630 4016 exercetur
674 3971 798 4031 post
834 3970 1042 4031 septem
1089 3977 1263 4017 armos
1295 3972 1456 4017 terrae
1487 3975 1691 4018 sanctae
1716 4006 1731 4030 ,
1763 3963 1939 4020 donec

338 4053 679 4124 complaceat
727 4054 837 4108 Deo
880 4054 931 4107 in
975 4068 1037 4108 ea
1068 4054 1337 4110 habitare.
1382 4053 1438 4109 Si
1470 4070 1599 4109 vero
1626 4064 1939 4124 peccatores

341 4148 396 4204 in
446 4164 511 4202 ea
552 4146 773 4217 fuerint,
810 4150 921 4218 jam
969 4163 1075 4201 non
1107 4147 1249 4201 ultra
1281 4162 1378 4218 per
1407 4149 1740 4219 septimanos
1769 4163 1943 4202 anno-

341 4258 485 4310 rum,
520 4242 618 4299 sed
652 4259 747 4313 per
779 4244 1120 4314 septuaginta
1154 4254 1297 4298 terra
1324 4244 1610 4299 sabbatum
1638 4246 1796 4315 gerit.
1834 4245 1940 4299 lla-

342 4334 538 4390 bemus
599 4350 912 4391 sermonem
960 4336 1027 4391 de
1068 4328 1410 4406 septuaginta
1451 4337 1607 4393 annis
1649 4348 1756 4393 tam
1798 4330 1959 4410 apud—

341 4428 636 4485 Jeretniam
656 4427 869 4500 (Jerem.
887 4428 1039 4502 xxv),
1057 4445 1215 4500 quam
1236 4432 1377 4499 apud
1399 4428 1939 4506 Danielem(Dau.1x)

342 4524 552 4580 sanctis
583 4524 776 4580 litteris
804 4525 1200 4593 consignatum,
1230 4532 1285 4580 et
1312 4524 1553 4580 futurum
1585 4535 1668 4581 est
1700 4537 1755 4580 ut
1779 4529 1832 4582 in
1856 4527 1944 4583 die

2042 3318 2108 3357 eo
2134 3318 2148 3357 :
2176 3301 2461 3357 Maledicta
2492 3303 2707 3357 terrain
2730 3301 2977 3373 aperibus
3016 3304 3120 3357 tuis
3170 3320 3189 3358 :
3231 3314 3285 3359 et
3331 3306 3645 3363 econtrario

2041 3398 2091 3455 si
2120 3398 2341 3468 quando
2373 3397 2737 3453 benedicitur.
2788 3398 3048 3470 Legimus
3079 3406 3137 3453 et
3188 3400 3554 3468 maledictam,
3590 3410 3647 3457 et

2042 3493 2389 3549 benedictam
2423 3491 2521 3548 Dei
2550 3492 2778 3548 vocibus
2831 3505 3053 3548 terram.
3118 3493 3285 3549 Vides
3313 3509 3464 3567 ergo,
3519 3495 3646 3567 quia

2043 3587 2239 3643 merito
2267 3585 2469 3641 dicitur
2493 3604 2505 3638 :
2530 3584 2878 3656 Congemiscit
2905 3586 3070 3639 omnis
3094 3596 3357 3640 creatura.
3385 3585 3455 3640 Et
3490 3595 3547 3640 ut
3576 3587 3645 3642 ad

2045 3679 2362 3751 praecedens
2391 3687 2639 3735 revertar
2697 3678 3031 3749 exemplum,
3078 3678 3372 3735 offenditur
3409 3686 3553 3734 terra
3587 3680 3644 3735 in

2042 3774 2403 3830 insidentibus
2429 3774 2555 3829 sibi.
2583 3773 2723 3828 Puto
2752 3774 2877 3844 quia
2906 3782 3049 3829 terra
3076 3788 3175 3829 nos
3197 3785 3257 3829 ut
3282 3786 3459 3830 mater
3483 3775 3643 3831 susti-

2045 3889 2201 3940 nens,
2230 3880 2285 3927 et
2316 3873 2529 3927 lmtetur
2559 3888 2725 3943 super
2755 3872 2913 3927 bonis
2956 3872 3104 3941 filiis,
3166 3883 3220 3928 et
3250 3872 3433 3928 doleat
3481 3889 3649 3945 super

2043 3967 2447 4038 peccatoribus.
2476 3967 2556 4022 lta
2586 3966 2788 4038 quippe
2830 3968 2972 4036 patri
3020 3968 3163 4023 filius
3196 3968 3461 4039 insipiens
3486 3969 3647 4025 dolor

2043 4068 2148 4124 est,
2172 4068 2227 4116 et
2254 4061 2301 4116 ei
2330 4061 2515 4131 matri,
2546 4076 2665 4126 quae
2690 4061 2879 4130 genuit
2900 4077 3047 4116 eum.
3079 4062 3145 4117 Et
3173 4078 3282 4117 non
3307 4063 3484 4119 solum
3514 4064 3646 4122 huic

2046 4153 2187 4223 patri
2219 4164 2273 4209 et
2301 4153 2482 4219 matri,
2509 4152 2577 4209 de
2596 4168 2829 4224 quorum
2854 4155 3063 4211 semine
3090 4156 3321 4225 urimur,
3356 4156 3454 4213 sed
3480 4166 3533 4212 et
3557 4158 3669 4212 illi.

2047 4248 2230 4313 matri,
2258 4262 2377 4317 quae
2417 4262 2549 4302 vere
2574 4254 2749 4301 mater
2779 4258 2965 4302 nostra
3006 4258 3109 4302 est.
3144 4249 3481 4320 Accepitque
3504 4250 3651 4306 Deus

2046 4340 2270 4396 humum
2298 4340 2366 4397 de
2396 4351 2564 4408 terra,
2591 4350 2645 4397 et
2669 4342 2956 4411 plasmavit
2979 4343 3283 4398 hominem.
3312 4343 3481 4415 Igitur
3504 4355 3647 4401 terra

2047 4443 2219 4492 mater
2241 4446 2429 4489 neStra
2461 4443 2546 4489 est
2573 4453 2585 4488 :
2612 4436 2831 4490 laetatur
2852 4434 3260 4505 quandofilium
3287 4437 3494 4507 justum
3528 4453 3651 4495 sus-

2056 4527 2212 4581 tinet.
2245 4525 2554 4585 Lmtaliatur
2585 4535 2729 4581 terra
2757 4527 2940 4580 ferens
2968 4526 3267 4593 Abraham,
3295 4526 3446 4584 Isaac
3477 4538 3531 4585 et
3560 4530 3653 4587 Ja-

338 4615 533 4687 judicii
563 4632 668 4671 non
699 4617 872 4671 solum
908 4615 1093 4684 homo,
1140 4617 1235 4672 sed
1276 4618 1439 4673 etiam
1475 4627 1498 4655 α
1532 4618 1787 4674 universa
1816 4635 1947 4675 con-
1973 4601 2025 4661 D
2053 4622 2175 4677 cob.
2204 4620 2517 4675 Laetabatur
2558 4628 2699 4675 terra
2721 4620 2775 4675 in
2804 4620 3038 4675 adventu
3069 4620 3285 4677 Domini
3314 4624 3489 4679 nostri
3518 4624 3650 4683 Jesu

343 4710 479 4766 ditio
517 4710 814 4781 judicetur.
856 4708 1037 4765 Omnis
1063 4711 1266 4782 quippe
1312 4721 1557 4766 creatura
1584 4713 1943 4785 congemiscit,

418 4859 448 4888 ⁸
478 4849 687 4919 Nempe
713 4848 980 4904 sideribus
1003 4849 1136 4917 ipsis
1166 4859 1326 4920 atque
1355 4849 1639 4905 elementis
1676 4847 1946 4920 Origenes

346 4923 489 4979 bene
537 4922 623 4976 vel
664 4922 804 4976 male
837 4921 1032 4991 agendi
1074 4930 1393 4989 potestatem
1435 4922 1738 4976 altiuxerat.
1817 4920 1941 4977 Vid.

348 4993 633 5058 Hiietinm,
664 4994 1042 5064 Origenianor.
1072 4994 1168 5048 lib.
1198 5009 1259 5058 tt,
1289 5002 1480 5059 quaest.
1516 4994 1597 5048 ⁴10.

422 5066 450 5103 ι)
481 5065 753 5121 Solemnis
800 5066 885 5119 hic
930 5081 1084 5122 error
1112 5076 1191 5120 est
1225 5064 1567 5129 Adamantii,
1597 5064 1835 5134 Angelos
1862 5066 1947 5121 vel

348 5139 511 5193 nobis
551 5136 919 5207 gubernandis
945 5138 1251 5207 delegatos,
1293 5136 1376 5208 vel
1411 5134 1776 5191 Ecclesiarum
1806 5138 1950 5208 regi-

351 5212 482 5263 ntitti
525 5208 825 5274 adhibitos,
862 5224 958 5277 pro
989 5208 1264 5263 hominum
1299 5207 1399 5262 sibi
1441 5207 1944 5264 commendaturum

352 5282 495 5337 bene
531 5283 700 5351 geSIis
744 5282 1086 5345 mercedem,
1128 5290 1220 5333 aut
1248 5294 1347 5351 pro
1384 5279 1620 5351 peccatis
1649 5281 1952 5336 damnatio-

354 5368 480 5408 nem
506 5349 612 5416 ,et
652 5352 864 5421 culpam
910 5359 1247 5420 recepturos.
1304 5349 1487 5404 Errori
1515 5366 1700 5404 ansam
1733 5351 1952 5407 dedisse

354 5434 582 5495 apparet
626 5439 788 5492 prave
828 5423 1323 5495 intellectusloeus
1362 5421 1414 5474 in
1446 5422 1814 5495 Apocalypsi,
1860 5423 1952 5478 ubi

355 5492 684 5551 Asianarum
723 5495 1089 5550 Ecclesiarum
1133 5492 1349 5563 Angeli,
1391 5493 1479 5561 qui
1531 5507 1637 5547 non
1666 5494 1760 5548 alii
1792 5511 1951 5557 quam

356 5568 601 5638 episcopi
649 5576 776 5621 sunt
806 5567 999 5621 iisdem
1045 5566 1306 5638 Ecclesnis
1338 5563 1580 5638 prmfecti
1609 5608 1623 5629 ,
1678 5565 1951 5638 laudibus,

356 5636 451 5694 aut
475 5638 1019 5709 reprehensionibus,
1036 5708 1039 5709 ν
1056 5654 1151 5709 pro
1176 5636 1388 5691 meritis
1409 5636 1773 5709 excipiuntur.
1804 5637 1956 5692 Sicut

358 5720 417 5768 et
457 5706 555 5766 ille
592 5709 761 5766 ICor.
794 5726 871 5772 vr,
901 5712 970 5766 ὃς
1017 5708 1242 5782 Nescitis
1285 5706 1531 5782 quoniam
1566 5709 1790 5782 Angelos
1809 5709 1959 5782 judi-

360 5785 590 5853 cabimus
618 5799 635 5837 :
683 5791 737 5837 et
780 5798 846 5837 ex
874 5782 1021 5837 Petri
1050 5781 1220 5837 altera
1252 5780 1373 5853 11,74
1396 5796 1409 5831 :
1435 5780 1671 5853 Angelis
1702 5780 1960 5853 peccanti-

360 5850 457 5911 bus
496 5870 598 5909 non
624 5855 870 5926 pepercit,
896 5865 1058 5924 atque
1086 5854 1169 5910 ltis
1197 5852 1404 5909 similes
1432 5852 1486 5907 in
1516 5850 1816 5923 Scriptbris
1842 5853 1960 5909 alii.

2054 4711 2278 4779 (lliristi,
2309 4711 2528 4783 dignam
2554 4727 2614 4767 se
2638 4727 2869 4767 cernens
2898 4712 2993 4767 ﬁlii
3023 4713 3118 4769 Dei
3143 4723 3476 4771 sustentatu.
3509 4717 3650 4786 Quid

2057 4852 2335 4928 E_x_cusare
2370 4850 2754 4928 autem_illut_n
2789 4851 2980 4928 nititur
3017 4851 3083 4928 8ἑ
3108 4853 3369 4928 Thomas,
3403 4871 3458 4926 p.
3488 4872 3527 4922 ι,
3558 4873 3654 4928 qu.

2058 4924 2216 4999 liii,“
2233 4931 2336 4999 art.
2363 4922 2425 4999 _7,
2468 4928 2524 4999 et
2551 4920 2939 4999 Genebrardus
2964 4920 3418 4999 inCollectaneis
3440 4970 3455 4993 ,
3499 4920 3658 4999 quasi

2056 4995 2109 5050 id
2153 4994 2255 5070 sibi
2291 4993 2552 5070 voluerit,
2584 4992 2838 5070 Angelos
2861 4994 2981 5050 duci
3020 4997 3072 5049 in
3103 4997 3366 5070 judicium
3412 4992 3658 5070 pro-pec-

2056 5067 2195 5121 catis
2224 5065 2524 5137 hominum,
2556 5080 2659 5119 non
2688 5068 2839 5135 quasi
2863 5082 2978 5120 reos
2999 5112 3012 5135 ,
3045 5069 3134 5121 sed
3173 5071 3323 5137 quasi
3346 5065 3496 5125 testes
3525 5065 3547 5135 ξ
3585 5072 3658 5124 ad

2056 5136 2735 5210 convincendumhomines
2766 5138 2848 5210 ide
2892 5154 3069 5192 eorum
3116 5136 3343 5210 ignavia.
3418 5143 3488 5195 At
3526 5157 3659 5198 vero

2058 5209 2281 5280 Angelis
2318 5208 2572 5263 omnibus
2598 5253 2612 5277 ,
2663 5215 2723 5263 ut
2763 5208 3216 5283 Hiietiusnotat,
3270 5213 3503 5282 primam
3534 5229 3660 5283 gra-

2060 5284 2190 5336 tiam
2235 5287 2408 5353 morte
2443 5294 2539 5335 sua
2569 5280 2934 5348 promeruisse
2965 5281 3239 5353 Christum
3258 5280 3285 5346 ,⁷
3306 5294 3358 5338 et
3390 5284 3455 5338 iis
3484 5280 3575 5353 qui
3603 5286 3658 5340 in

2060 5352 2370 5422 integritate
2400 5362 2840 5420 perseverarunt,
2876 5351 3200 5407 beneficium
3234 5354 3366 5409 illud
3394 5351 3664 5419 sanguine

2062 5439 2164 5479 suo
2195 5424 2519 5492 impetrasse
2540 5464 2553 5486 ,
2597 5439 2693 5488 per
2729 5422 3028 5479 Ecclesiam
3054 5424 3278 5480 credere
3311 5426 3459 5482 licet.
3504 5426 3661 5493 Quod

2059 5494 2274 5566 quidem
2302 5494 2562 5565 Cyrillus,
2590 5495 2681 5549 lib.
2710 5511 2761 5549 Ix
2784 5496 2854 5549 de
2874 5495 3126 5555 Adorat..
3153 5498 3486 5566 Augustinus
3516 5498 3610 5553 lib.
3642 5515 3662 5554 ι

2059 5570 2126 5621 de
2154 5565 2441 5622 Consensu
2471 5566 2941 5638 Evangelistarmn
2970 5582 3091 5638 cap.
3119 5566 3208 5634 55,
3240 5567 3440 5638 aliique
3473 5569 3663 5627 Patres

2060 5636 2663 5712 videnturceusuisse.
2684 5638 2815 5692 Vide
2846 5637 3095 5712 eutndem
3130 5636 3413 5707 lluetium,
3465 5641 3661 5712 Orige-

2061 5710 2273 5855 ἓέθιᾶυιτ.
2324 5709 2420 5766 lib.
2457 5709 2703 5767 secundo
2740 5720 2935 5782 quaest.
2966 5711 3030 5779 5,
3077 5726 3225 5768 num.
3261 5712 3328 5771 14
3352 5754 3370 5784 ,
3415 5722 3469 5772 et
3494 5709 3590 5770 21⁷
3610 5712 3668 5773 et

2125 5799 2153 5855 q
2203 5823 2217 5840 .

2125 5799 2217 5856 (Νι
