4128 6346
440 248 546 302 725

1677 238 1742 294 S.
1779 234 2060 295 [ωδε-θη
2088 233 2478 290 Hl-ERONYMI

3629 219 3736 278 τίι

439 376 674 419 necesse
691 369 787 416 .est
813 360 996 416 dicere
1026 357 1094 413 de
1137 354 1440 427 Apostolis,
1489 363 1546 410 et
1579 354 1880 426 prophetis,
1896 368 2032 408 cum
2060 354 2114 415 Α
2138 351 2253 406 Non
2277 351 2622 406 habitatores
2645 357 2835 416 terrm,
2868 355 2925 402 ut
2971 347 3187 418 quidam
3223 355 3431 416 putant,
3465 357 3609 401 nunc
3629 361 3738 415 pro

444 462 512 513 de
542 453 757 511 Domini
785 453 1021 508 adventu
1044 450 1306 520 scriptum
1335 449 1440 504 sit:
1474 447 1654 503 Omnis
1681 457 1819 503 terra
1847 447 2034 501 clamat

445 567 564 604 cum
596 545 1191 604 lwtitia?-Conﬁtentur
1217 553 1272 600 et
1320 543 1663 599 miserabiles
1707 541 1879 598 Judaei
1918 539 2037 595 huic

445 643 512 698 de
544 640 748 697 ChriSti
774 639 1066 711 praesentia
1097 636 1404 708 prmdicuri,
1431 635 1526 690 sed
1569 634 1744 689 stulte
1787 633 2039 703 ignaram

442 749 733 807 personam
765 734 851 788 cui
876 730 1334 800 videautimpleta
1362 741 1483 797 qua:
1511 726 1652 781 dicta
1672 732 1817 779 sunt.
1850 724 2034 790 Quan-

450 828 521 884 do
540 828 683 882 enim
711 836 852 881 terra
877 823 1171 880 Britannia:
1190 829 1315 876 ante
1338 820 1635 874 adventum
1655 817 1858 872 Christi
1878 816 2038 870 unius

453 921 544 976 Dei
575 919 855 975 consensit
873 915 1244 988 religionem?
1274 911 1504 980 Quando
1529 922 1671 966 terra
1705 909 2036 976 Maurorum,

445 1012 663 1084 quando
691 1020 834 1068 totus
863 1011 1034 1067 semel
1060 1009 1244 1064 orbis?
1267 1007 1421 1062 Nunc
1446 1020 1576 1061 vero
1599 1015 1823 1076 prepter
1855 1003 2041 1059 Eccle-

448 1109 580 1172 sias,
613 1120 736 1176 qua:
760 1104 947 1160 mundi
975 1103 1176 1157 limites
1202 1108 1410 1168 tenent,
1445 1099 1692 1155 universa
1723 1108 1868 1152 terra
1917 1111 2040 1152 cum

446 1200 634 1254 laetitia
667 1200 869 1252 clamat
897 1195 966 1251 ad
991 1197 1277 1250 Dominum
1303 1193 1495 1259 Israel,
1521 1202 1576 1247 et
1619 1205 1788 1260 capax
1811 1198 1894 1245 est
1947 1189 2044 1244 bo-

452 1311 643 1350 normn
672 1293 971 1350 secundum
1003 1292 1138 1346 lines
1157 1305 1308 1346 suos.
1342 1285 1790 1359 Statuitqueﬁnes
1811 1285 2044 1358 gentium

447 1392 603 1462 juxta
632 1404 904 1442 numerum
924 1387 1152 1457 ﬁliorum
1179 1385 1371 1450 Israel,
1421 1393 1468 1438 et
1521 1385 1660 1454 facta
1685 1389 1762 1436 est
1791 1396 1893 1449 pan;
1934 1378 2044 1433 Do-

445 1483 575 1536 mini
601 1481 828 1555 populus
862 1480 972 1552 ejus
1007 1477 1197 1545 Jacob,
1259 1477 1522 1549 funiculus
1565 1474 1882 1529 hwreditatis
1929 1476 2043 1545 ejus

454 1576 632 1632 Israel
663 1575 846 1646 (Deut.
872 1581 1068 1634 χχχιι).
1102 1571 1284 1642 Capax
1311 1579 1414 1635 est,
1452 1571 1697 1639 inquam,
1736 1577 1790 1620 nt
1845 1565 2046 1620 animal

443 1671 599 1738 juxta
631 1667 864 1738 partium
919 1665 1234 1736 qualitates,
1293 1672 1349 1718 et
1390 1663 1652 1717 bonorum
1707 1665 1944 1725 actuum,
1993 1665 2049 1712 ct

2139 457 2281 501 terra
2325 444 2499 516 919
2532 453 2558 480 ει
2603 443 2867 497 nominat.
2903 441 2964 496 Si
3001 439 3144 495 enim
3194 440 3529 496 habitatores
3577 447 3739 494 terra:

2139 555 2234 610 per
2257 549 2457 594 terram
2483 537 2655 609 accipi
2697 537 2851 606 velit,
2888 535 3225 606 superﬂuum
3271 534 3456 591 fuerat
3495 535 3688 590 dicere
3719 553 3736 589 ς

2139 633 2387 704 Auferam
2415 650 2478 686 ex
2499 649 2558 686 ea
2583 632 2843 686 hominem
2887 639 2937 686 et
2970 647 3147 701 pecus.
3177 629 3385 686 Gaudet
3411 629 3556 685 enim
3589 638 3737 685 tem

2140 728 2356 798 quando
2379 728 2540 796 plena
2571 735 2655 782 est
2685 726 2924 781 accolis:
2977 735 3170 780 maeret
3197 740 3321 779 cum
3354 723 3408 780 id
3440 722 3583 794 quod
3601 721 3740 777 diei-

2142 833 2250 889 tur,
2273 821 2578 878 acciderit:
2599 820 2849 891 Auferam
2877 820 2939 874 ab
2990 836 3048 877 ea
3089 819 3351 874 hominem
3385 828 3636 887 vat-pecus.
3661 817 3740 873 De

2140 919 2430 991 quibussi
2457 917 2746 982 Dominus,
2776 917 2931 972 vobis
2990 915 3292 982 orantibus,
3341 913 3744 970 ministraverit

2143 1027 2362 1067 sensum
2394 1009 2458 1083 (si
2481 1021 2672 1065 tamen
2703 1024 2902 1066 sensus
2939 1009 3158 1064 Domini
3205 1019 3440 1078 capaces
3473 1005 3740 1062 fuerimus

2143 1101 2366 1176 eﬂ'ccti),
2383 1104 2632 1158 volumus
2645 1105 2816 1172 pauca
2831 1101 3126 1158 disserere.
3142 1100 3429 1168 Quomodo
3444 1113 3604 1170 paena
3621 1113 3741 1154 rna-

2145 1200 2244 1254 tris
2269 1197 2436 1252 estin
2459 1195 2712 1253 exsilium
2735 1195 3022 1252 destinatae
3043 1195 3254 1266 iprivari
3284 1193 3431 1262 tiliis,
3458 1203 3560 1247 aut
3586 1201 3741 1248 certe

2148 1291 2288 1346 lilios
2315 1306 2443 1345 suos
2473 1289 2539 1344 ad
2566 1289 2727 1343 aliam
2759 1288 2948 1344 videre
2968 1287 3304 1358 provinciam
3327 1286 3594 1342 destinari
3617 1303 3633 1340 ς
3653 1285 3743 1341 sic

2147 1382 2549 1454 quodammodo
2573 1389 2747 1437 mater
2775 1392 2961 1436 neSIra
2993 1391 3141 1436 terra
3161 1379 3469 1450 ﬂageilatur
3487 1393 3592 1450 {iro
3620 1394 3747 1450 pee-

2149 1477 2282 1532 catis
2305 1475 2422 1532 suis
2451 1491 2480 1530 a
2506 1477 2638 1543 Deo,
2663 1475 2884 1546 quando
2913 1474 3162 1530 aufertur
3185 1474 3256 1528 ab
3279 1489 3343 1529 ea
3368 1472 3532 1528 homo
3553 1483 3609 1527 et
3649 1487 3746 1544 pe-

2149 1585 2287 1625 cus:
2323 1570 2544 1624 laetatur
2563 1568 2782 1640 quando
2813 1567 3066 1625 homines
3117 1568 3302 1634 habet,
3351 1565 3526 1637 magis
3568 1573 3749 1621 autem

2150 1665 2366 1737 quando
2395 1664 2563 1718 habet
2591 1663 2839 1719 homines
2860 1663 3119 1733 optimos,
3150 1670 3204 1716 et
3232 1662 3283 1716 in
3307 1659 3406 1716 Dei
3439 1659 3637 1716 s’tudiis
3669 1659 3752 1713 vi-

448 1763 719 1816 malorum
749 1760 804 1813 in
834 1757 1218 1830 quibussls
1246 1764 1338 1810 aut
1361 1754 1579 1810 laudem
1637 1759 1928 1819 mereatur,
1960 1757 2053 1805 aut
2081 1749 2129 1809 B
2159 1769 2372 1824 ventes,
2398 1758 2543 1813 sicut
2569 1771 2731 1827 supra
2761 1755 3140 1826 exposuimus.
3171 1754 3381 1810 Dicitur
3410 1768 3558 1825 ergo,
3585 1763 3750 1823 qua";

451 1870 685 1926 pinnam.
722 1851 856 1906 Cum
901 1853 1066 1921 igitur
1119 1851 1352 1904 dicitur:
1390 1847 1570 1914 Terra,
1603 1863 1718 1918 quw
1768 1847 2052 1918 peccaverit

448 1946 602 2014 mihi,
631 1955 682 1999 ut
714 1946 984 2019 delinquat
1013 1945 1283 2011 delictum,
1322 1941 1642 2014 mysterium
1673 1940 1948 2011 quoddam
1979 1941 2053 1994 si-

449 2039 763 2110 gniﬁcatur.
795 2038 973 2092 Aliter
1002 2037 1207 2108 quippe
1239 2035 1307 2090 de
1341 2033 1762 2102 habitatoribus,
1797 2033 1956 2086 aliter
1986 2032 2054 2088 de

453 2148 516 2186 ea
545 2131 766 2196 dicitur,
796 2145 915 2198 qua:
949 2129 1283 2184 inbabitatur
1307 2145 1326 2182 :
1349 2125 1547 2182 Caelum
1563 2138 1609 2182 et
1635 2137 1770 2181 terra
1795 2136 2054 2195 pertrans-

455 2225 599 2279 ibunt
631 2223 812 2296 (Matt.
845 2223 1019 2293 XXIV).
1061 2221 1170 2278 Cur
1199 2222 1402 2277 caelum
1453 2220 1924 2291 praetergreditur,
1947 2233 2056 2274 cur

458 2329 607 2373 terra
643 2318 964 2386 pertransit,
996 2315 1100 2370 nisi
1125 2315 1250 2386 quia
1287 2314 1547 2368 transitus
1589 2313 1673 2368 sui
1700 2313 1949 2384 quaedam
1975 2308 2058 2366 di-

454 2427 558 2483 gna
595 2411 875 2467 fecerunt?
901 2410 966 2464 Et
989 2409 1097 2464 alio
1137 2410 1258 2463 loco
1294 2427 1304 2462 :
1340 2407 1597 2479 Corrupto
1629 2417 1724 2474 est,
1758 2408 1858 2475 ait,
1891 2407 2056 2461 cumis

459 2517 598 2560 terra
637 2503 784 2576 (Gen.
818 2502 916 2576 Vl).
949 2503 1176 2572 Quando
1195 2512 1447 2572 corrupta
1467 2501 1593 2558 est?
1624 2511 1748 2556 ante
1770 2499 2054 2566 diluvium,

461 2618 568 2656 nou
603 2599 749 2671 quod
778 2615 871 2669 per
901 2597 1316 2652 inundationem
1347 2594 1537 2651 diluvii
1573 2596 1640 2649 sit
1663 2603 1940 2664 corrupta.
1971 2593 2061 2646 Ait

465 2709 602 2764 ergo
633 2710 647 2746 :
677 2691 840 2745 Terra
869 2706 985 2762 qua:
1007 2689 1302 2762 peccaverit
1357 2687 1507 2755 mihi,
1531 2696 1585 2741 ut
1607 2685 1875 2758 delinquat
1927 2685 2061 2738 deli-

464 2797 628 2850 ctum,
662 2786 938 2839 extendam
967 2800 1175 2836 manum
1215 2799 1401 2849 meam,
1435 2791 1484 2835 et
1539 2789 1799 2835 conteram
1831 2783 1942 2852 ejus
1969 2779 2054 2848 ﬁr-

465 2885 782 2930 mamentum
813 2875 985 2946 panis.
1007 2873 1322 2929 Exlendcus
1349 2873 1493 2928 Deus
1525 2888 1743 2926 manum
1777 2887 1928 2926 suam
1973 2885 2063 2925 su-

471 2986 566 3038 per
617 2967 980 3038 peccatricem
1031 2978 1252 3034 terram,
1297 2966 1496 3022 famem
1532 2967 1776 3020 immittit
1811 2965 1863 3020 in
1915 2980 2056 3021 cam.

472 3063 703 3116 Possum
735 3071 786 3114 et
808 3061 967 3115 aliter
997 3061 1371 3129 interpretari,
1403 3061 1528 3129 quia
1575 3067 1723 3113 terra
1767 3057 2063 3126 aliquando

2157 1852 2224 1905 do
2247 1861 2384 1907 terra
2412 1850 2718 1923 peccaverit,
2747 1849 3162 1920 quasidicatur,
3198 1847 3244 1902 si
3295 1847 3514 1918 quando
3555 1861 3754 1917 pecca-

2158 1945 2295 2000 verit
2336 1953 2538 2010 mater,
2572 1943 2816 1998 auferam
2857 1943 2926 1998 de
2976 1943 3139 1998 domo
3168 1943 3284 2012 ejus
3305 1941 3476 1996 ﬁlium
3511 1959 3523 1994 :
3569 1941 3651 1996 sic
3693 1949 3755 1996 et

2160 2055 2300 2095 nunc
2327 2042 2568 2094 auteram
2593 2039 2664 2094 de
2695 2053 2757 2092 ca
2792 2038 3092 2092 hominem.
3139 2037 3377 2091 [artatur
3399 2035 3600 2107 quippe
3641 2048 3753 2090 ter-

2159 2148 2216 2188 ra
2251 2147 2356 2186 non
2387 2147 2555 2200 super
2588 2129 2781 2196 bestiis
2807 2139 2866 2186 et
2895 2130 3026 2184 leris
3057 2129 3294 2198 rabidis,
3333 2129 3428 2184 sed
3461 2135 3628 2200 super
3661 2145 3756 2198 pe-

2159 2226 2410 2294 cudibus,
2442 2224 2568 2294 quia
2599 2223 2806 2293 placida
2850 2231 2908 2278 et
2949 2230 3230 2278 mansueta
3263 2222 3517 2276 animalia
3547 2222 3746 2291 diligit.

2161 2319 2227 2373 Et
2249 2315 2493 2374 aufé‘iam
2525 2317 2594 2372 de
2625 2331 2692 2372 ea
2720 2317 2996 2371 hominem
3036 2325 3090 2372 et
3135 2331 3322 2386 pecus.
3361 2315 3427 2370 Et
3467 2317 3511 2370 si
3557 2317 3754 2388 fuerint

2161 2412 2248 2464 isti
2275 2421 2377 2464 tres
2408 2410 2524 2476 viri,
2557 2409 2621 2462 de
2649 2409 2819 2463 medio
2845 2411 2974 2480 ejus.
3006 2408 3294 2476 Quomode
3324 2416 3503 2477 potest
3527 2409 3580 2462 iu
3603 2417 3750 2462 terra

2165 2505 2469 2573 peccatrice
2497 2504 2659 2558 trium
2688 2502 2918 2557 istorum
2955 2503 3162 2572 pariter
3204 2516 3467 2557 numerus
3513 2517 3760 2557 commo-

2165 2597 2310 2650 rari?
2343 2595 2628 2662 Quomodo
2656 2603 2763 2650 tam
2792 2594 3026 2651 diversis
3053 2595 3412 2666 temporibus,
3457 2595 3756 2649 viventium

2163 2688 2510 2760 potestiuter
2534 2703 2593 2743 se
2631 2689 2737 2742 vita
2771 2687 3074 2758 conjungi?
3114 2687 3170 2742 In
3216 2686 3476 2758 praesenti
3531 2687 3761 2757 legimus

2166 2781 2218 2836 in
2251 2780 2556 2851 peccatricc
2592 2790 2736 2835 terra
2776 2797 2873 2836 eos
2921 2781 3121 2850 pariter
3173 2782 3496 2847 consistere,
3550 2781 3600 2835 id
3647 2791 3756 2846 est,

2165 2873 2301 2940 Noe,
2327 2875 2414 2944 qui
2447 2875 2500 2928 in
2529 2873 2735 2928 diluvio
2765 2872 2888 2940 fuit,
2931 2883 2986 2928 et
3015 2874 3316 2938 Dauielem,
3368 2875 3457 2942 qui
3493 2875 3544 2927 in
3587 2875 3764 2941 capti-

2167 2969 2339 3022 vitate
2381 2966 2674 3038 Babylonis
2707 2975 3077 3022 commoratus
3107 2977 3208 3035 est,
3246 2976 3299 3021 ct
3327 2966 3449 3033 Job,
3483 2968 3572 3036 qui
3627 2975 3765 3022 tem-

2171 3061 2390 3130 poribus
2433 3060 2863 3130 patriarcharum
2895 3071 2948 3114 et
2992 3059 3158 3130 Moysi
3194 3059 3394 3114 vixisse
3426 3058 3763 3130 perhibetur.

469 3155 768 3226 delinquat.
805 3149 975 3209 Terra
1007 3155 1208 3224 quippe
1236 3165 1320 3208 est
1347 3155 1526 3207 anima
1561 3161 1766 3217 nostra,
1792 3159 1852 3206 ut
1877 3151 1928 3205 in
1964 3165 2060 3220 pa-
2087 3146 2134 3208 C
2173 3155 2284 3212 Hoc
2313 3155 2457 3210 enim
2489 3161 2705 3224 tempus
2730 3153 3040 3207 invenimus
3095 3153 3224 3206 vitae
3263 3151 3386 3208 Job.
3441 3153 3579 3219 Quid
3635 3168 3768 3223 ergo

471 3248 657 3306 nabula
686 3247 965 3318 Evangelii
989 3247 1334 3316 signiﬁcatur
1376 3245 1554 3315 (Matt.
1585 3247 1722 3316 xm).
1752 3245 1942 3300 Anima
1971 3259 2066 3315 pe-

469 3353 550 3393 tra
563 3381 576 3405 ,
591 3339 769 3393 anima
787 3349 928 3394 terra
946 3339 1087 3394 bona
1101 3350 1154 3394 et
1169 3339 1362 3394 lertilis
1379 3355 1472 3407 per
1486 3339 1710 3393 multam
1729 3339 2066 3407 patientiam.

468 3432 574 3487 Ista
625 3433 790 3503 igitur
832 3444 974 3488 terra
1003 3448 1151 3504 s'rpe
1183 3442 1390 3502 peccat,
1437 3448 1587 3503 saepe
1615 3449 1725 3488 nou
1762 3443 1971 3500 peccat.
2003 3435 2069 3489 Et

473 3525 744 3595 siquidem
780 3526 1111 3594 peccaverit,
1142 3525 1385 3580 extendit
1411 3541 1630 3581 manum
1659 3539 1821 3594 super
1847 3540 1990 3591 eam,
2015 3536 2071 3583 et.

473 3618 708 3674 conterit
733 3633 898 3672 omne
922 3617 1322 3672 ﬁrmamentum
1342 3617 1499 3688 panis
1525 3613 1663 3688 ejus.
1692 3609 1770 3672 Ne
1791 3629 2067 3684 conteras,

474 3711 837 3782 Omnipotens
868 3709 1032 3775 Deus,
1062 3711 1468 3766 ﬁrmamentum
1497 3711 1652 3781 panis
1675 3711 1742 3765 ab
1773 3709 1876 3766 ista
1924 3721 2070 3766 terra

473 3811 686 3872 nostra,
716 3803 846 3873 quin
882 3804 1062 3873 potius
1091 3803 1292 3874 largire
1325 3803 1483 3859 nobis
1505 3819 1692 3858 semen
1717 3812 1891 3870 tuum,
1917 3811 1977 3857 ut
1999 3805 2074 3858 fa-

474 3894 584 3950 ciat
615 3895 670 3948 in
703 3893 862 3950 nobis
893 3895 1128 3950 fructum
1157 3893 1496 3964 centuplum.
1533 3891 1598 3948 Et
1619 3897 1850 3950 emittam
1878 3895 1932 3948 in
1961 3913 2073 3949 eam

479 3989 693 4058 famem,
717 3994 767 4041 et
797 3987 979 4042 tollam
1001 3985 1066 4041 de
1091 4001 1150 4041 ea
1193 3988 1452 4042 hominem
1495 3997 1542 4042 et
1571 4004 1748 4060 pecus.
1794 3987 2076 4057 Quomodo

476 4093 702 4152 possum
736 4091 845 4136 tam
889 4081 1202 4137 reconditas
1229 4097 1320 4137 res
1362 4081 1414 4136 in
1467 4077 1740 4152 publicum
1792 4082 2075 4153 proferre?

481 4175 628 4230 unde
652 4173 781 4229 mihi
814 4183 872 4229 ut
902 4185 1178 4245 eXponere
1209 4175 1444 4242 valeam,
1473 4191 1570 4230 cur
1619 4173 1812 4242 fames,
1841 4192 1938 4232 cur
1965 4175 2076 4232 fer-

482 4267 670 4335 tilitas,
705 4283 805 4324 cur
835 4267 1186 4336 abundantia,
1217 4283 1314 4324 cur
1341 4278 1554 4340 egestas
1586 4277 1749 4325 terra:
1787 4267 2077 4326 accidant?

485 4360 530 4416 0
560 4359 879 4433 profundum
921 4360 1223 4415 divitiarum
1251 4361 1528 4432 sapientia:
1577 4369 1624 4415 et
1665 4357 2078 4434 scientiwzf‘Dei.’

478 4453 674 4508 Utrum
705 4461 929 4523 propter
961 4453 1214 4509 homines
1243 4459 1296 4510 et
1319 4456 1620 4509 animarum
1663 4453 1927 4510 malitiam
1978 4456 2078 4510 im-

2173 3265 2462 3320 possmnus
2490 3249 2717 3306 dicere?
2749 3247 3065 3303 Meminisse
3091 3247 3354 3302 debemus
3383 3248 3467 3321 (ut
3495 3247 3766 3318 smpejam

2172 3342 2431 3414 diximus)
2462 3343 2582 3412 quia
2608 3352 2664 3396 ut
2693 3341 2854 3395 homo
2888 3343 3161 3397 hominem
3205 3350 3456 3410 generat,
3509 3349 3563 3396 et
3597 3341 3769 3396 Israel

2171 3449 2392 3508 generat
2415 3438 2601 3494 Israel.
2627 3438 2796 3492 lsrael
2825 3437 3026 3506 quippe
3056 3451 3177 3491 cum
3201 3447 3346 3490 esset
3367 3435 3568 3503 Jarob,
3601 3449 3772 3506 gene-

2174 3533 2504 3590 ravitlsrael
2536 3532 2817 3604 populum.
2848 3532 2915 3586 Et
2971 3532 3275 3586 invenimus
3321 3531 3376 3586 in
3433 3531 3762 3602 Scripturis,

2174 3630 2337 3685 Israel
2370 3644 2568 3684 nomen
2595 3638 2700 3682 tam
2725 3627 2778 3681 in
2805 3641 2912 3682 uno
2941 3627 3160 3682 homine
3191 3642 3352 3696 quam
3405 3627 3456 3680 iu
3511 3627 3770 3681 universo

2178 3723 2377 3793 populo
2405 3722 2536 3779 dici.
2571 3720 2659 3778 Sic
2701 3737 2806 3775 non
2838 3721 3015 3776 solum
3046 3719 3212 3774 lsrael
3259 3719 3450 3785 Israel,
3503 3735 3688 3774 verum
3719 3726 3775 3775 et

2177 3815 2365 3871 Ruben
2387 3824 2611 3886 generat
2630 3813 2843 3880 Ruben,
2870 3823 2925 3868 et
2941 3813 3163 3870 Simeon
3189 3813 3766 3884 generatSimeonem,

2180 3918 2234 3962 et
2257 3908 2385 3963 Levi
2414 3907 2564 3975 Levi,
2595 3906 2838 3962 etJudas
2855 3905 3077 3974 Judam,
3110 3916 3166 3962 et
3186 3907 3381 3976 reliqui
3421 3920 3632 3972 omnes,
3681 3905 3773 3974 qui

2179 4001 2233 4056 in
2256 4001 2396 4056 tribu
2411 4001 2439 4057 J
2445 4001 2546 4055 uda
2567 4009 2692 4055 sunt
2705 4000 2772 4054 ab
2790 4000 2940 4055 illius
2953 4001 3121 4069 stirpe
3137 4003 3443 4067 venientes,
3459 3999 3486 4055 Ι
3493 3999 3626 4056 udas
3641 4015 3780 4054 nun-

2180 4103 2447 4163 cupantur
2477 4111 2489 4147 :
2524 4101 2577 4147 ct
2604 4091 2882 4162 replicata:
2907 4101 3038 4147 sunt
3063 4089 3362 4156 SCI‘iplttI‘tB
3393 4091 3444 4144 in
3476 4091 3619 4145 tribu
3644 4090 3779 4145 Juda

2181 4185 2490 4240 hominibus
2507 4184 2667 4240 Juda.
2704 4184 2777 4238 Ea
2807 4199 2930 4255 qua:
2951 4184 3779 4256 inQQObenedictionibus.Ia-

2181 4279 2306 4346 cob,
2331 4293 2428 4350 per
2461 4271 2680 4349 Moysen
2707 4277 2775 4332 de
2809 4277 2996 4332 Ruben
3022 4286 3078 4333 et
3105 4277 3324 4333 Simeon
3349 4288 3403 4333 et
3425 4276 3622 4332 Leviet
3643 4277 3780 4332 .luda

2183 4373 2434 4427 dicuntur
2452 4371 2607 4444 (Gen.
2624 4370 2794 4442 χιιι),
2809 4383 2859 4426 et
2876 4372 3090 4428 caeteris
3115 4388 3221 4427 non
3244 4372 3322 4427 sic
3339 4373 3668 4428 conveniunt
3687 4387 3783 4442 pst-'-

2183 4466 2458 4532 triarchis,
2474 4478 2529 4519 ut
2546 4466 2626 4520 his
2642 4466 2733 4535 qui
2749 4466 3101 4536 cognomines
3116 4481 3306 4521 eorum
3324 4475 3544 4536 propter
3567 4465 3784 4522 familia:

483 4547 731 4602 mittatur
759 4547 972 4603 fames?
1018 4563 1085 4604 an
1134 4559 1354 4620 propter
1403 4549 1663 4620 Angelos,
1711 4543 1910 4620 quibus
1955 4565 2054 4604 sun

2189 4562 2423 4618 radicem
2444 4561 2798 4616 exstiterunt.
2816 4559 3092 4633 Benjamin
3119 4559 3276 4630 lupus
3303 4577 3470 4627 rapax
3484 4560 3552 4614 ad
3574 4562 3787 4615 matuti-

484 4640 777 4696 commissa
803 4652 1040 4711 terrena,
1068 4644 1111 4698 si
1147 4645 1514 4713 peccaverint,
1576 4643 1826 4700 accidant
1865 4660 1926 4700 ca
1960 4660 2080 4716 quae

486 4735 739 4792 videmus
762 4732 1056 4793 accidere?
1105 4738 1163 4793 Si
1191 4748 1372 4794 autem
1407 4748 1533 4794 sunt
1585 4735 1805 4810 quidam
1847 4737 2084 4794 Caelestis

487 4831 919 4901 dispensationis
951 4833 1209 4898 ministri,
1234 4835 1328 4904 qui
1357 4833 1624 4891 fructibus
1651 4845 1911 4907 praesunt,
1941 4835 2083 4892 forte

486 4933 543 4981 et
567 4935 792 4996 propter
818 4927 941 4982 illos
977 4929 1296 4985 infertilitas
1349 4937 1512 4986 terra:
1555 4932 1790 4986 eveniet.
1843 4925 2085 4985 Plurima

487 5019 635 5075 enim
659 5036 873 5092 cperam
897 5023 1009 5094 ejus
1063 5023 1115 5076 in
1155 5021 1420 5080 absconsis
1458 5034 1599 5080 sunt.
1650 5024 1773 5078 Non
1813 5041 2086 5093 possumus

489 5111 904 5183 magnitudinem
936 5114 1208 5184 sapientia:
1229 5113 1406 5182 effari.
1455 5117 1678 5171 Arenam
1705 5115 1863 5171 maris
1889 5124 1938 5170 et
1961 5117 2084 5186 plna

488 5205 584 5259 via:
609 5205 802 5273 stillas,
830 5214 878 5261 et
909 5207 1020 5261 dies
1044 5206 1225 5260 seculi
1270 5207 1388 5278 quis
1409 5205 1797 5262 dinumerabit?
1835 5207 2087 5262 Altitudie

489 5309 608 5349 nem
638 5295 774 5364 cali,
805 5307 851 5351 et
883 5295 1211 5352 latitudinem
1251 5303 1420 5365 terrm,
1455 5309 1501 5353 et
1528 5299 1850 5371 profundum
1881 5301 2089 5370 sapien-

476 5386 577 5440 tite
629 5387 745 5459 quis
783 5387 1112 5461 investigabit
1141 5387 1312 5461 (Eccl.
1342 5389 1430 5460 t)?
1473 5389 1642 5447 Varie
1680 5407 1810 5462 ergo
1850 5392 2087 5447 mittitur

485 5480 662 5538 fames
686 5499 852 5554 super
872 5485 1236 5553 peccatricem
1263 5495 1484 5540 terram.
1517 5481 1586 5539 Et
1608 5481 1864 5556 auferant,
1888 5485 2084 5555 inquit,

489 5591 554 5628 ea:
581 5591 638 5629 ea
661 5575 925 5633 hominem
947 5588 997 5633 et
1021 5593 1199 5651 pecus.
1223 5577 1388 5642 Aliud
1418 5583 1503 5635 est
1527 5585 1695 5647 terra,
1723 5573 1873 5635 aliud
1897 5581 2080 5636 homo.

2185 4673 2305 4711 num
2321 4655 2564 4724 comedit,
2583 4665 2624 4709 et
2641 4653 2707 4706 ad
2721 4669 2984 4723 vesperam
3006 4653 3144 4708 dabit
3167 4670 3357 4708 escam.
3375 4653 3539 4724 Benja
3549 4653 3656 4708 min
3689 4654 3784 4710 ille

2188 4764 2477 4819 numquam
2513 4746 2612 4801 fuit
2640 4746 2796 4815 lupus
2827 4762 3017 4814 rapax.
3045 4747 3326 4816 Benjamin
3357 4747 3451 4802 ille
3483 4763 3780 4818 numquam

2188 4843 2240 4897 in
2257 4847 2540 4911 vesperam
2554 4839 2704 4895 dedit
2723 4843 2928 4904 escam;
2948 4839 3042 4894 sed
3063 4841 3128 4907 is,
3153 4839 3245 4908 qtii
3268 4850 3426 4895 natus
3451 4849 3618 4896 estex
3645 4839 3787 4898 tribu

2188 4934 2490 5004 Benjamin,
2526 4923 2783 4988 Hebraeus
2815 4948 2878 4988 ex
2912 4931 3324 5004 chrtcisjux‘la
3369 4933 3542 5004 legem
3590 4934 3786 4989 Phari-

2189 5025 2720 5092 steus,circumcisus
2741 5035 2930 5080 octavo
2953 5025 3064 5092 die,
3086 5025 3366 5095 Beniamin
3395 5025 3790 5097 praedicabatur

2185 5122 2347 5192 lupus
2371 5127 2534 5190 rapa!
2559 5117 2624 5173 ad
2651 5119 2974 5174 matutinum
3002 5119 3317 5184 comedens,
3336 5117 3554 5190 quando
3571 5119 3789 5189 juvenis

2189 5213 2306 5278 fuit,
2325 5221 2378 5269 et
2401 5203 2453 5267 in
2479 5227 2760 5283 veSperam
2789 5199 2924 5269 dans
2946 5227 3150 5277 escam,
3178 5214 3396 5282 quando
3423 5213 3654 5268 credens
3679 5213 3787 5284 spi-

2188 5303 2407 5362 ritalem
2441 5305 2670 5374 pradmit
2696 5301 3272 5361 cibumaseEcclesiis
3307 5308 3591 5361 institutis.
3621 5306 3791 5376 igitur

2192 5397 2480 5468 Beniamin
2525 5397 2805 5467 Beniamin
2855 5407 3101 5469 generat.-
3155 5399 3438 5466 Qnomodo
3465 5407 3596 5469 ergo
3629 5399 3792 5452 homo

2195 5505 2259 5548 ex
2285 5490 2525 5555 homine,
2560 5487 2842 5559 Beniamin
2862 5505 2928 5545 ex
2954 5491 3258 5561 Benjamin,
3283 5493 3360 5547 sic
3380 5481 3515 5549 Iuda
3539 5495 3602 5546 ei:
3627 5489 3787 5558 .inda,

2195 5577 2386 5639 Ruben
2411 5598 2479 5638 ex
2502 5582 2694 5639 Ruben
2726 5585 2993 5653 nascitur,
3047 5583 3242 5641 Ruben
3295 5585 3498 5656 quippe
3545 5569 3688 5640 vivat
3733 5591 3790 5644 ei

561 5785 584 5811 η
629 5775 1002 5846 Expunximus
1047 5779 1132 5835 hic
1188 5781 1414 5838 alteram
1466 5785 1696 5857 negandi
1745 5779 2072 5856 particulam
2109 5795 2396 5861 perperam
2432 5777 2719 5845 intrusam.
