4128 6346
347 283 455 339 7Ξὸ

887 280 1327 340 TRANSLA'I'IO
1368 279 1809 338 liOMiLlMlUM
1848 278 2178 338 ORIGENIS
2213 279 2279 336 ΙΝ
2324 280 2782 339 EZECIIIELEM.
2834 284 2995 340 ΙΙΟΜ.
3039 285 3128 341 ιν.

3549 286 3655 345 7:?6

349 420 456 459 non
481 403 772 465 moriatur,
799 410 857 455 et
910 400 979 453 sit
1015 399 1221 454 multus
1274 398 1329 452 in
1370 412 1619 451 numero.
1669 396 1943 451 lutsntum
1971 404 2025 463 Α
2050 397 2252 467 quippe
2287 396 2430 451 ﬁlios
2466 396 2714 453 habuerit
2753 399 2896 467 Noe,
2927 403 3199 471 quomodo
3243 402 3338 459 ﬁlii
3382 398 3654 474 Danieiis,

349 512 456 551 non
483 503 601 548 erat
622 494 690 549 de
720 491 1027 563 patriarcha
1085 506 1293 554 sermo,
1343 490 1439 546 sed
1479 490 1545 544 dc
1580 489 1798 559 pupillo,
1851 489 1944 559 qui

348 588 420 643 de
440 585 754 658 patriarcha
785 585 1151 642 descensurus
1184 592 1321 638 erat.
1365 582 1474 637 Cur
1492 582 1608 637 haec
1622 583 1763 637 dicta
1784 582 1945 636 sunt?

352 680 609 735 Videlicet
636 688 1035 749 utpra~senteni
1072 679 1251 733 locum
1278 690 1607 747 exponerem
1634 680 1701 731 de
1729 675 1863 742 Noe,
1895 686 1950 732 et

349 772 599 837 Daniele,
642 782 696 826 et
726 771 848 826 Job.
882 770 1167 839 Quomodo
1206 772 1351 826 enim
1384 769 1550 825 Israel
1594 770 1758 825 Israel
1785 784 1950 839 gene-

349 874 529 934 uerat,
561 873 614 919 et
636 863 741 920 Job
772 864 899 930 Job,
923 872 976 918 et
998 864 1190 919 Ruben
1222 863 1434 928 Ruben,
1460 863 1653 934 reliqui
1677 863 1945 934 reliquos;

345 960 427 1014 sic
458 958 571 1014 Noe
595 957 731 1013 Noe.
761 958 824 1011 Et
849 957 1026 1011 dicam
1062 958 1187 1025 quia
1220 957 1286 1012 de
1336 956 1463 1011 filiis
1493 956 1633 1022 Noe,
1659 956 1783 1012 Sem
1834 956 1951 1012 Noe

275 1090 283 1097 .
349 1052 535 1107 fuerit.
564 1050 734 1107 Cham
768 1068 898 1107 vero
922 1067 1030 1107 nOn
1063 1052 1230 1107 fuerit
1256 1051 1407 1107 Noe:
1439 1067 1614 1121 neque
1657 1054 1801 1107 cnim
1853 1052 1952 1108 has-

346 1146 467 1203 buit
490 1147 908 1203 similitudinem
942 1148 1112 1217 patris
1135 1148 1239 1201 sui.
1266 1148 1327 1202 Et
1363 1157 1420 1201 ut
1451 1162 1555 1202 non
1589 1163 1804 1213 omnes,
1860 1148 1951 1218 qui

345 1255 417 1295 ex
444 1240 723 1294 Abraham
754 1241 846 1294 lilii
873 1240 1169 1304 Abraham,
1201 1239 1325 1294 licet
1345 1240 1458 1293 sint
1478 1239 1547 1294 de
1569 1239 1780 1295 semine
1803 1239 1950 1309 ejus,

350 1350 462 1389 non
493 1344 622 1389 sunt
649 1335 742 1388 filii
775 1335 969 1404 ipsius,
1020 1336 1277 1405 quoniam
1310 1344 1630 1405 peccatores
1678 1345 1805 1391 sunt
1834 1354 1847 1390 :
1875 1337 1955 1391 sic

349 1426 407 1482 hi
432 1429 527 1499 qui
576 1429 774 1483 habent
820 1429 1229 1485 similitudinem
1262 1429 1528 1485 factorum
1556 1431 1814 1496 Danielis,
1851 1431 1953 1485 Da-

355 1519 466 1574 niel
496 1520 773 1591 sunt;qui
823 1522 1106 1575 imitantur
1139 1521 1456 1591 patientiam
1498 1521 1624 1590 Job,
1666 1523 1769 1578 Job
1793 1524 1951 1578 ﬁunt.

356 1612 479 1667 Noli
505 1628 640 1683 ergo
662 1612 873 1669 dicere:
901 1614 1100 1670 Beatus
1127 1615 1263 1684 Noe,
1294 1617 1557 1686 quoniam
1584 1616 1778 1686 dignus
1795 1616 1957 1671 eﬁ'ec-

358 1714 444 1759 tus
476 1715 580 1771 est,
613 1717 670 1759 ut
702 1707 752 1760 in
777 1705 983 1761 diluvio
1030 1707 1179 1763 solus
1228 1708 1525 1779 eligeretur
1564 1723 1595 1763 a
1626 1708 1878 1777 Domino,
1901 1717 1958 1765 et

2051 490 2422 555 docebuntur,
2458 505 2620 560 quem
2647 492 2959 547 eunuchum
2996 493 3167 551 fuisse
3196 494 3369 552 Judaei
3399 496 3661 554 tradunt?

2050 584 2255 641 Verum
2302 585 2425 654 quia
2468 583 2658 639 fertilis
2698 598 2752 639 et
2790 595 2977 641 sancta
3020 588 3117 643 fuit
3150 591 3327 643 anima
3370 591 3554 657 illius,
3603 595 3659 649 et

2052 679 2385 751 propheticis
2401 678 2707 749 divinisque
2724 681 3066 736 sermonibus
3089 683 3283 738 multos
3308 685 3509 740 liberos
3535 700 3658 756 pro-

2051 774 2276 839 creavit,
2305 772 2511 828 idcirco
2541 771 2767 827 dicitur:
2798 774 2857 825 Si
2886 773 3078 845 fuerint
3104 777 3155 829 in
3184 786 3411 848 tempore
3431 778 3544 847 illo,
3569 780 3655 837 vel

2050 866 2169 930 isto,
2204 875 2257 919 ut
2284 866 2402 920 Nos
2427 874 2473 919 et
2506 863 2693 919 Daniel
2724 875 2770 918 et
2793 863 2894 919 Job
2914 906 2927 932 ,
2962 878 3010 921 et
3050 870 3147 938 ipsi
3177 871 3274 923 soli
3301 870 3658 930 salrabuntur.

2052 959 2120 1014 Et
2148 974 2245 1014 nos
2267 974 2400 1031 ergo
2422 973 2715 1029 possumus
2743 960 2860 1013 fieri
2894 961 3103 1027 Daniel,
3134 969 3189 1016 et
3217 974 3271 1018 ut
3296 980 3403 1019 non
3435 980 3660 1022 enume-

2052 1066 2168 1107 rem
2209 1066 2398 1107 omnes
2437 1059 2688 1115 sanctos,
2733 1065 2951 1120 possum
2983 1066 3103 1107 esse
3140 1052 3371 1123 Paulus,
3429 1057 3473 1112 si
3506 1057 3663 1113 fuero

2055 1144 2292 1200 imitator
2312 1144 2430 1213 ejus
2445 1142 2709 1198 dicentis:
2737 1141 3035 1198 Imitatores
3055 1146 3155 1198 mei
3174 1153 3329 1200 estote
3351 1144 3393 1218 (l
3414 1146 3536 1202 Cor.
3558 1148 3659 1219 XI);

2054 1236 2101 1291 si
2131 1237 2427 1292 cauterium
2449 1276 2463 1301 ,
2504 1252 2615 1307 quo
2658 1237 2903 1307 signatus
2933 1247 3015 1291 est
3046 1237 3266 1305 Paulus,
3304 1239 3576 1308 habuero;
3619 1243 3665 1298 si

2055 1330 2303 1386 eamdem
2337 1332 2596 1399 figuram,
2628 1347 2733 1402 qua
2782 1331 2875 1388 ille
2921 1334 3182 1403 ﬁguratus
3213 1342 3299 1387 est
3337 1330 3390 1388 in
3423 1334 3665 1399 Christo.

2055 1425 2371 1494 possedero,
2407 1440 2704 1495 perquam,
2731 1436 2789 1480 ut
2820 1426 2996 1481 bonus
3022 1437 3197 1497 pater,
3230 1426 3449 1483 aiebat:
3483 1427 3670 1484 Filioli

2056 1519 2185 1583 mei,
2217 1534 2345 1588 quos
2376 1518 2561 1572 iterum
2582 1520 2852 1589 parturio,
2878 1519 3039 1574 donec
3068 1519 3304 1574 Christus
3339 1521 3587 1591 formetur
3617 1524 3671 1576 in

2056 1609 2196 1662 vobis
2226 1607 2427 1679 (Galat.
2460 1608 2555 1681 tv).
2589 1610 2645 1666 Si
2675 1626 2805 1666 vero
2834 1626 2900 1666 ex
2930 1612 3377 1668 dissimilitudine
3408 1615 3673 1684 signaculi

2055 1703 2218 1774 922
2250 1716 2547 1773 coarguor,
2580 1703 2702 1773 quia
2735 1702 2896 1757 aliam
2928 1703 3159 1759 formam
3188 1705 3441 1760 habuerit
3471 1706 3670 1763 Paulus

354 1798 573 1853 caeteris
595 1798 952 1854 inundatione
980 1801 1355 1871 pereuntibus,
1406 1817 1528 1857 cum
1560 1801 1674 1857 suis
1701 1816 1953 1858 sert'are-
1987 1806 2030 1865 B
2060 1811 2221 1866 quam
2264 1811 2366 1865 ego
2408 1796 2459 1850 in
2490 1796 2667 1850 anima
2710 1795 2939 1851 habeam
2965 1838 2980 1864 ,
3014 1813 3100 1852 me
3142 1798 3317 1864 ipsum
3349 1796 3565 1867 decipio
3593 1797 3676 1853 di-

358 1901 444 1945 tur
477 1891 768 1946 incolumis
803 1910 815 1945 :
869 1893 964 1947 sed
998 1892 1305 1961 considera,
1358 1896 1482 1965 quia
1512 1895 1557 1949 si
1578 1907 1630 1950 et
1654 1906 1709 1950 tu
1762 1896 1958 1952 feceris

363 2000 444 2050 ea,
472 2001 595 2055 qua:
624 1985 749 2040 fecit
776 1985 912 2052 Noe,
933 1987 1039 2041 eris
1067 1985 1198 2043 Noe.
1234 1988 1376 2043 Audi
1403 1988 1741 2046 Salvatorem
1775 1989 1961 2046 dicen-

355 2089 504 2134 tem:
556 2078 617 2133 Si
666 2081 844 2134 essetis
876 2079 977 2149 ﬁlii
1005 2080 1248 2148 Abraltw,
1282 2099 1441 2153 opera
1476 2083 1700 2139 Abralue
1721 2083 1963 2153 faceretis

359 2172 544 2242 (Joan.
566 2173 892 2244 vm).jigitur
912 2175 958 2229 si
985 2176 1105 2245 quis
1128 2177 1272 2230 ﬁlius
1302 2187 1385 2231 est
1410 2177 1705 2245 Abraham,
1728 2178 1852 2232 facit
1872 2193 1968 2247 ge-

356 2278 440 2322 sta
470 2266 745 2321 Abraham
781 2286 792 2321 :
827 2268 877 2322 si
906 2268 1026 2338 quis
1052 2268 1197 2324 filius
1230 2279 1313 2325 est
1334 2269 1467 2335 Noe,
1494 2270 1777 2339 facitOpus
1803 2271 1916 2326 Noe
1946 2289 1960 2326 :

366 2361 412 2416 si
458 2360 583 2430 quis
635 2359 782 2414 filius
844 2368 928 2414 cst
1001 2361 1270 2431 Danielis,
1330 2362 1461 2418 facit
1508 2363 1561 2418 id
1624 2363 1767 2434 quod
1842 2362 1970 2419 fecit

367 2452 580 2508 Daniel.
648 2452 707 2508 Si
759 2454 885 2523 quis
924 2455 1174 2524 sequitur
1225 2470 1324 2525 per
1373 2454 1516 2526 quod
1572 2455 1843 2526 gloriosus
1889 2454 1969 2511 efd

362 2543 543 2601 fectus
595 2555 721 2611 est,
770 2558 830 2599 ut
879 2558 1007 2616 puta
1052 2547 1230 2601 omnis
1281 2549 1371 2618 qui
1410 2547 1771 2604 substantiam
1815 2564 1968 2604 suam

358 2638 578 2708 perdit;
639 2648 693 2693 et
747 2639 1022 2694 sustinens
1094 2640 1366 2710 patienter
1421 2651 1528 2696 tam
1582 2642 1830 2713 jacturas
1879 2657 1969 2697 re-

358 2747 480 2786 rum
512 2730 675 2803 921
696 2731 1063 2801 familiarium,
1091 2751 1249 2804 quam
1274 2744 1480 2791 mortes
1509 2735 1768 2804 ﬁliorum,
1800 2736 1967 2792 dicit:

360 2826 623 2880 Dominus
644 2827 805 2894 dedit,
828 2826 1085 2883 Dominus
1104 2829 1351 2896 abstulit;
1366 2840 1420 2884 ut
1440 2830 1662 2886 Domino
1680 2832 1846 2886 visum
1871 2842 1970 2899 est,

358 2918 436 2973 ita
462 2921 661 2991 factum
680 2928 784 2975 est:
810 2920 874 2973 sit
899 2937 1083 2975 nomen
1115 2920 1325 2977 Domini
1351 2922 1673 2978 benedictum
1702 2924 1756 2977 in
1781 2924 1973 2979 alecula

362 3011 510 3083 (Job.
541 3014 602 3083 1):
636 3013 726 3083 qui
752 3013 1069 3070 incenditur
1101 3016 1347 3085 corporis
1375 3016 1555 3082 malis,
1582 3026 1632 3072 et
1666 3016 1974 3087 flagellatur

362 3109 519 3163 vario
562 3108 826 3163 malorum
875 3124 1097 3164 suorum
1146 3110 1379 3176 dolore,
1424 3122 1474 3166 et
1527 3112 1879 3167 nihilominus
1917 3112 1975 3168 in

2062 1903 2193 1944 cens
2222 1906 2233 1942 :
2272 1888 2441 1944 Filius
2480 1904 2632 1945 meus
2669 1904 2729 1944 es
2775 1898 2864 1954 tu,
2909 1903 3094 1946 semen
3126 1888 3299 1945 Pauli.
3331 1890 3450 1946 Noli
3482 1888 3675 1947 mirari

2064 1983 2209 2054 quod
2238 1982 2379 2038 ﬁlius
2402 1983 2649 2053 Apostoli
2674 1985 2791 2039 tias.
2816 1984 3026 2038 llaiieto
3047 1985 3301 2053 virtutes,
3324 1993 3381 2040 et
3399 1985 3511 2039 eris
3533 1985 3677 2040 ﬁlius

2065 2076 2287 2132 Christi.
2322 2074 2536 2143 Filioli,
2570 2078 2780 2148 inquit,
2809 2077 2980 2131 adhuc
3006 2080 3255 2150 pusillum
3275 2079 3532 2134 vobiscum
3558 2092 3674 2133 sum

2070 2169 2250 2241 (Joan.
2277 2171 2417 2239 xm).
2444 2170 2578 2225 Cum
2609 2178 2789 2226 autem
2823 2172 2990 2226 fueris
3014 2171 3242 2239 Christi,
3272 2173 3384 2228 eris
3413 2181 3469 2227 et
3497 2172 3679 2227 enmi-

2066 2265 2303 2334 potcntis
2334 2265 2540 2329 Patris,
2580 2265 2705 2335 quia
2736 2280 2900 2319 unum
2940 2274 3070 2320 sunt
3094 2304 3109 2334 ,
3141 2268 3420 2335 unitacque
3448 2273 3675 2321 naturai.

2071 2358 2152 2413 Ad
2201 2358 2304 2414 hoc
2343 2359 2554 2414 laborat
2582 2358 2794 2429 justus,
2830 2360 2881 2419 in
2911 2360 3013 2414 hoc
3044 2360 3283 2414 studium
3322 2374 3481 2415 suum
3512 2373 3678 2416 omne

2070 2453 2364 2521 convertit,
2409 2460 2468 2507 ut
2499 2452 2742 2507 Danieiis
2772 2461 2826 2506 et
2854 2451 2976 2517 Job,
3014 2462 3068 2508 et
3099 2452 3236 2519 Noe,
3269 2459 3324 2507 et
3353 2453 3586 2509 Abrahae
3621 2453 3685 2507 ﬁ-

2072 2546 2176 2601 lius
2202 2545 2517 2601 ostendatur
2544 2544 2611 2600 ad
2640 2544 2988 2614 adoptionem
3013 2545 3131 2613 Dei,
3167 2554 3224 2601 et
3249 2546 3361 2615 jam
3391 2560 3499 2602 non
3520 2560 3681 2602 voce-

2074 2648 2163 2695 tur
2195 2640 2475 2694 hominum
2501 2637 2831 2703 nominibus,
2859 2638 2954 2693 sed
2983 2637 3265 2693 vocabulis
3292 2638 3523 2693 ﬁliorum
3560 2638 3677 2694 Dei.

2077 2735 2137 2789 Si
2177 2724 2307 2804 ergo
2355 2733 2551 2805 fuerint
2599 2741 2699 2786 tres
2739 2731 2833 2785 viri
2880 2732 2983 2784 isti.
3038 2730 3155 2786 Non
3207 2730 3410 2801 indiget
3448 2730 3685 2801 Spiritus

2075 2840 2328 2893 sanctus,
2364 2835 2423 2882 ut
2448 2827 2612 2882 etiam
2644 2840 2787 2880 nunc
2810 2825 2923 2880 Noe
2954 2833 3010 2880 et
3034 2824 3339 2892 Danielem,
3381 2832 3435 2879 et
3460 2823 3563 2879 Job
3593 2837 3686 2880 osa

2079 2923 2288 2977 tendat:
2313 2921 2440 2976 Tres
2469 2922 2565 2975 viri
2587 2922 2668 2975 isti
2694 2920 2744 2974 in
2768 2920 2938 2974 medio
2963 2922 3099 2991 ejus.
3116 2918 3260 2973 Dicit
3282 2917 3415 2973 mihi
3436 2917 3685 2975 eruditus

2078 3016 2327 3071 auditor:
2373 3014 2507 3070 Tres
2541 3014 2593 3068 in
2640 3013 2893 3081 praesenti
2927 3012 3309 3077 nominantur,
3340 3025 3521 3067 sermo
3553 3026 3684 3068 vero

2080 3119 2202 3163 tuus
2230 3107 2489 3177 plurimos
2517 3104 2772 3171 affirmat,
2798 3114 2851 3159 et
2886 3102 3072 3157 Daniel
3104 3112 3159 3157 et
3186 3101 3310 3169 Job,
3346 3111 3400 3157 et
3420 3102 3556 3158 Noe.
3584 3101 3683 3159 Cui

362 3203 500 3271 ipsis
547 3203 829 3274 suppliciis
866 3203 1133 3275 gloriﬁcat
1176 3204 1498 3272 Dominum;
1536 3206 1628 3277 qui
1670 3214 1848 3277 potest
1889 3222 1977 3263 re.
2005 3202 2051 3271 ρ
2083 3200 2161 3255 sic
2189 3197 2672 3269 respondebimus:
2704 3195 2892 3251 Omnis
2921 3193 3210 3248 multitudo
3251 3194 3508 3249 similium
3547 3208 3685 3250 unus

367 3295 641 3366 spondere
671 3297 876 3364 divina,
909 3309 961 3353 et
990 3299 1133 3354 inter
1165 3300 1441 3354 cruciatus
1469 3299 1840 3370 protiltetiram
1871 3315 1968 3356 vo-

367 3404 487 3445 cem
507 3390 782 3457 emittere,
802 3392 1018 3463 qualem
1041 3393 1221 3449 emisit
1240 3394 1363 3460 Job,
1385 3394 1624 3451 imitator
1636 3403 1721 3450 est
1739 3395 1862 3451 Job.
1879 3397 1975 3450 At-

368 3497 477 3553 que
509 3484 578 3537 ita
623 3484 673 3538 in
708 3484 849 3539 hunc
882 3486 1099 3541 modum
1135 3497 1189 3544 et
1211 3486 1345 3551 Noe,
1376 3496 1430 3542 et
1465 3487 1673 3555 Daniel,
1705 3498 1759 3543 et
1788 3486 1892 3543 Job
1920 3488 1974 3545 in

370 3578 563 3634 collem
606 3591 831 3649 possunt
877 3590 1125 3653 tempore
1168 3582 1413 3652 reperiri.
1448 3582 1585 3651 Quia
1618 3595 1798 3638 autem
1834 3597 1978 3638 nunc

372 3673 627 3730 Ezechiel
660 3689 767 3729 non
798 3674 865 3731 de
896 3675 981 3730 his
1005 3676 1222 3744 dixerit,
1255 3692 1393 3747 quos
1425 3678 1476 3731 in
1502 3677 1797 3747 Scripturis
1821 3677 1975 3732 lecti-

372 3777 552 3821 tamus
577 3808 592 3833 ,
627 3767 877 3823 videlicet
913 3784 1051 3841 quos
1092 3779 1184 3825 aut
1228 3770 1545 3833 translatio,
1581 3778 1675 3825 aut
1717 3785 1864 3825 mors
1906 3770 1976 3826 de

374 3860 630 3929 prmScnti
654 3860 758 3913 vita
786 3861 1136 3928 subtraxerit,
1162 3862 1230 3917 de
1251 3863 1361 3918 alio
1382 3877 1600 3933 quoque
1628 3862 1750 3917 loco
1774 3877 1976 3933 appro-

380 3951 510 4005 bare
539 3950 877 4007 conabimur.
905 3953 1090 4009 Daniel
1114 3953 1204 4024 qui
1229 3954 1457 4010 traditus
1486 3964 1569 4010 est
1593 3954 1977 4011 Eunuchorum

380 4042 610 4115 principi
630 4060 751 4101 cum
766 4046 996 4114 Anania,
1017 4049 1229 4112 Azaria,
1252 4049 1492 4113 Misaele,
1511 4058 1535 4086 α
1552 4049 1831 4105 eunuchus
1855 4049 1976 4117 fuit,

382 4148 535 4194 etest
563 4137 614 4193 in
638 4142 894 4209 praesenti
920 4140 1125 4195 dictum
1150 4158 1163 4195 :
1195 4140 1309 4196 Noe
1329 4150 1379 4196 et
1405 4141 1590 4197 Daniel
1617 4152 1664 4197 et
1693 4142 1815 4211 Job,
1843 4141 1980 4211 ﬁlios

382 4241 429 4285 et
456 4230 596 4302 ﬁlias
625 4249 727 4287 non
758 4234 1048 4288 liberabant
1077 4232 1317 4308 (Damt),
1345 4243 1400 4292 et
1428 4235 1657 4307 reliqua.
1690 4235 1983 4308 Fingamus

461 4452 863 4524 agi'iebrteorum
895 4452 1010 4506 ha‘c
1036 4451 1258 4524 proprie
1297 4453 1572 4507 sententia
1604 4462 1710 4519 est,
1743 4469 1902 4524 quam
1931 4463 1987 4510 et

388 4522 635 4581 studiose
659 4532 998 4593 promovent,
1027 4530 1085 4578 ut
1105 4522 1204 4597 hac
1231 4522 1299 4578 de
1321 4539 1483 4581 causa
1506 4522 1779 4581 Danielem
1806 4541 1837 4582 e
1856 4543 1986 4597 pro-

390 4592 678 4669 phetarum
731 4611 960 4669 numero
1005 4592 1338 4669 excludant,
1387 4598 1535 4669 juxta
1593 4597 1814 4669 Moysen
1839 4592 1871 4659 ,’
1893 4598 1985 4669 qui

390 4615 678 4668 pnctarum
731 4615 960 4650 numero
1005 4615 1338 4655 CXCIlltl'dlll.
1387 4615 1535 4666 Jlleii
1593 4615 1852 4669 MOYSCII,
1935 4615 1984 4652 Ill

390 4668 675 4724 eunuchos
708 4682 736 4720 a
764 4668 993 4721 coetibus
1021 4662 1388 4721 Israelitarum
1427 4667 1589 4734 jussit
1613 4615 1984 4724 exsularefii.

393 4740 637 4806 Elieaer,
658 4739 711 4793 in
734 4738 890 4793 Pirke
910 4739 1140 4808 “p.52:
1175 4754 1193 4789 ι
1225 4736 1313 4792 Isti
1334 4748 1511 4793 autem
1536 4742 1751 4794 luerunt
1781 4741 1984 4799 Daniel.

392 4812 696 4875 tilianania,
722 4810 974 4873 Michael,
1004 4820 1058 4864 et
1086 4811 1294 4871 Azaria,
1321 4812 1407 4878 qui
1442 4812 1564 4865 facti
1597 4821 1726 4865 sunt
1756 4811 1989 4865 eunuchi

400 4886 453 4937 in
481 4882 681 4952 palatio
704 4882 844 4951 regis
870 4881 1055 4947 Babci,
1105 4897 1277 4951 neque
1294 4891 1621 4949 generarunt
1645 4883 1801 4936 filios.
1827 4902 1844 4934 ι
1872 4882 1995 4936 Ori-

398 4970 567 5020 genes
602 4955 762 5023 paulo
803 4953 1027 5007 inferius
1069 4969 1134 5007 ex
1166 4954 1281 5023 ipso
1312 4953 1549 5007 Danielis
1574 4955 1710 5008 libro
1740 4964 1993 5009 conSIare

402 5026 505 5080 hoc
529 5020 633 5079 ait:
675 5044 694 5078 ι
726 5023 865 5091 Quid
892 5020 1246 5093 respondebis
1278 5025 1409 5079 mihi
1433 5025 1502 5080 de
1527 5026 1787 5081 lianiele?
1812 5026 1879 5080 Et
1907 5026 1994 5080 hic

405 5111 532 5152 ante
584 5094 949 5166 captivitatem
1000 5095 1054 5150 in
1109 5097 1281 5165 patria
1332 5094 1511 5150 floruit
1562 5098 1842 5151 nobilitate
1872 5136 1885 5161 ,
1940 5107 1996 5152 et

408 5166 670 5238 deinceps
695 5170 748 5239 in
780 5166 1111 5239 Babylonem
1145 5167 1437 5239 translatus
1465 5170 1744 5222 eunuchus
1774 5168 1999 5224 effectus

408 5250 512 5304 est,
533 5249 588 5295 ιιι
611 5236 973 5294 ιιιδιιὶἷθειείιιχ
999 5238 1139 5293 libro
1161 5238 1328 5303 ipsius
1348 5238 1571 5308 intelligi
1592 5250 1785 5309 potest.
1803 5259 1821 5291 ι
1846 5241 1996 5306 Quod

410 5327 626 5366 rursum
660 5310 1089 5367 luettlcutissitne
1120 5311 1339 5375 extiouit
1366 5327 1430 5363 ex
1461 5310 1807 5366 Hebraeorum
1839 5313 2003 5367 tradi-

407 5382 644 5438 tionibus
681 5382 732 5437 iu
773 5380 1076 5456 Comment.
1108 5380 1162 5456 in
1192 5382 1365 5456 Matth
1422 5384 1527 5437 Sed
1560 5393 1613 5437 ct
1645 5384 2002 5456 Hieronymus

412 5465 597 5510 noster
636 5455 871 5510 cottriuit
920 5453 1012 5508 lib.
1048 5470 1063 5507 ι
1104 5454 1156 5507 in
1183 5452 1564 5508 Joiinianum:
1605 5474 1622 5507 ι
1658 5452 2000 5523 Snperﬁuum

412 5535 591 5580 autem
625 5536 707 5580 cst
735 5529 802 5581 de
828 5525 1051 5581 Daniele
1078 5524 1284 5589 dicere,
1317 5540 1437 5579 cum
1467 5524 1677 5595 llebrzri
1710 5542 1879 5595 usque
1903 5529 2003 5593 hq-

414 5597 502 5653 dic
534 5607 837 5665 autument,
862 5597 1150 5651 etillumet
1177 5607 1286 5652 tros
1311 5612 1508 5663 pueros
1524 5594 1690 5652 fuisse
1706 5594 2005 5665 eunuchos,

415 5685 479 5723 ex
515 5671 601 5723 illa
641 5670 733 5740 Dci
774 5669 1071 5740 sententia.
1115 5685 1273 5739 quam
1306 5668 1469 5723 lsaim
1509 5670 1748 5740 loquitur
1777 5672 1843 5723 ad
1877 5672 2005 5725 Eze-

416 5741 626 5795 chiam:
666 5738 732 5795 Et
762 5743 826 5796 de
854 5739 976 5809 ﬁliis
1004 5741 1101 5805 his,
1136 5740 1222 5810 qui
1251 5750 1525 5795 nascentur
1556 5738 1618 5796 ca:
1644 5752 1709 5807 te,
1746 5741 1930 5797 tollent
1961 5750 2009 5797 et

421 5813 605 5885 facient
634 5815 895 5868 eunuchos
926 5815 977 5867 in
1004 5812 1156 5867 domo
1184 5815 1336 5881 regis.
1366 5813 1678 5884 Rursusque
1709 5815 1758 5868 in
1792 5814 2010 5871 Danielc

2079 3306 2195 3361 est,
2234 3306 2289 3353 et
2318 3310 2425 3351 non
2464 3295 2676 3365 plures,
2706 3294 2796 3363 qui
2828 3291 3034 3347 similes
3064 3299 3211 3345 sunt.
3237 3290 3353 3345 Non
3383 3288 3535 3362 plura
3566 3304 3689 3346 cor-

2082 3404 2212 3459 pora
2231 3434 2244 3457 ,
2276 3387 2371 3443 sed
2398 3402 2565 3442 unum
2597 3400 2799 3455 corpus
2823 3400 3014 3440 omnes
3043 3398 3229 3439 sumus
3252 3423 3267 3450 ,
3289 3385 3439 3453 juxta
3466 3384 3519 3438 id
3542 3381 3687 3454 quod

2082 3485 2343 3553 scriptum
2362 3490 2472 3539 est:
2498 3482 2600 3537 Vos
2622 3493 2794 3536 autem
2815 3480 2931 3535 estis
2953 3495 3141 3550 corpus
3153 3477 3370 3544 Christi,
3388 3489 3438 3535 et
3460 3478 3688 3534 membra

2083 3594 2145 3633 ex
2164 3588 2330 3647 parte.
2348 3576 2414 3631 Et
2430 3575 2674 3632 Salvator
2686 3584 2858 3629 noster
2879 3575 3013 3627 venit
3029 3587 3257 3641 quwrere
3270 3582 3317 3624 et
3333 3572 3685 3642 salvarequod

2086 3673 2303 3744 perierat
2338 3671 2377 3743 (Ι
2404 3670 2525 3726 Cor.
2554 3668 2674 3739 xu),
2707 3671 2758 3723 in
2791 3678 3137 3724 sacramento
3167 3670 3459 3739 nonaginta
3488 3680 3684 3722 novem

2084 3768 2264 3821 ovium
2297 3784 2403 3821 non
2432 3768 2754 3829 errantium,
2784 3773 2838 3819 et
2865 3764 3026 3818 unius
3050 3761 3295 3831 perditae.
3318 3761 3469 3815 Venit
3489 3762 3689 3831 quippe

2085 3860 2159 3930 ﬁli
2169 3876 2225 3913 ns
2241 3859 2461 3913 hominis
2483 3872 2714 3929 quaerere
2745 3866 2792 3910 et
2817 3855 3018 3910 salvarc
3037 3856 3174 3925 quod
3198 3854 3440 3925 perierat.
3455 3854 3693 3922 Quomo-

2084 3952 2157 4008 do
2195 3953 2339 4008 enim
2375 3967 2541 4007 unum
2582 3966 2780 4020 corpus
2824 3950 2977 4020 plura
3021 3958 3150 4003 sunt
3192 3962 3455 4018 corpora,
3497 3956 3552 4003 et
3582 3954 3687 4001 una

2087 4050 2203 4103 ovis
2229 4048 2410 4117 plures
2433 4055 2558 4102 sunt
2579 4059 2866 4116 oves,quae
2890 4042 3182 4113 perierant,
3199 4041 3303 4096 hoc
3323 4046 3479 4110 pacto
3500 4048 3691 4095 omnes

2088 4141 2221 4209 Noe,
2238 4140 2448 4206 Daniel,
2477 4148 2531 4195 et
2556 4138 2661 4195 Job
2688 4139 2739 4193 in
2763 4154 2929 4193 unum
2955 4135 3209 4199 Noe,Job
3236 4145 3289 4190 et
3310 4134 3587 4190 Danielem
3605 4146 3693 4189 re-

2089 4234 2364 4307 diguntur.
2380 4232 2493 4306 Ipsi
2512 4234 2566 4288 in
2578 4232 2787 4305 justitiu
2808 4247 2904 4285 sua
2923 4229 3280 4297 salvabuntur,
3296 4227 3689 4283 dicitDominus

2089 4456 2357 4529 legimus:
2390 4452 2461 4510 Et
2485 4456 2618 4509 dixit
2648 4472 2736 4510 rea:
2763 4456 3033 4529 Asphanez
3061 4456 3291 4529 principi
3311 4456 3690 4527 cunuchorum,

2092 4526 2519 4582 utintroduceret
2547 4529 2611 4581 de
2637 4529 2756 4594 ﬁliis
2782 4526 3090 4599 captivitatis
3124 4526 3312 4587 Israel,
3345 4538 3392 4583 et
3418 4529 3480 4583 de
3502 4526 3695 4586 semine

2092 4600 2262 4669 regio,
2292 4610 2337 4653 et
2368 4600 2430 4651 de
2452 4599 2858 4669 pltorthommim
2889 4616 3095 4666 pueros,
3130 4601 3185 4653 in
3213 4600 3396 4669 quibus
3429 4616 3529 4654 non
3560 4610 3690 4655 esset

2093 4668 2298 4723 macula
2321 4715 2334 4739 ,
2365 4668 2617 4745 pulchros
2637 4671 2801 4745 facie,
2834 4681 2879 4745 et
2925 4672 3265 4745 intelligentes
3304 4673 3580 4745 sapientia.
3628 4673 3695 4728 Et

2095 4746 2506 4810 argumentatur
2529 4783 2542 4803 ,
2576 4742 2621 4795 si
2640 4740 2715 4794 de
2747 4740 2953 4795 semine
2984 4740 3131 4812 regio
3161 4746 3319 4797 electi
3350 4740 3474 4797 sunt
3506 4744 3694 4799 Daniel

2096 4823 2151 4869 et
2175 4823 2285 4866 tres
2314 4812 2504 4882 pueri;
2547 4813 2614 4867 de
2644 4813 2852 4867 semine
2879 4821 3058 4869 autem
3091 4818 3240 4883 regio
3279 4814 3559 4870 eunuchos
3582 4814 3698 4870 fore

2099 4885 2375 4951 Scriptura
2404 4884 2671 4953 praedixit,
2699 4885 2797 4939 hos
2820 4900 2961 4945 esse.
2986 4886 3074 4955 qui
3101 4888 3333 4940 eunuchi
3362 4888 3483 4940 facti
3510 4897 3690 4955 sunt.»

2100 4958 2240 5025 Quin
2270 4956 2431 5009 etiam
2463 4956 2516 5009 in
2538 4957 2903 5009 Commentar.
2933 4959 2984 5011 in
3008 4954 3296 5013 Danielem
3330 4974 3369 5022 ι,
3400 4958 3457 5011 5:
3482 4974 3500 5007 ι
3542 4954 3695 5011 Unde

2101 5038 2156 5083 et
2174 5028 2507 5081 arbitrantur
2520 5027 2754 5095 Hebraei,
2773 5028 3074 5094 Danielem,
3093 5030 3355 5084 Ananiatn
3370 5040 3421 5083 et
3445 5028 3695 5082 Azariam

2102 5100 2268 5171 fuisse
2310 5099 2635 5171 eunuchos:
2690 5100 2908 5166 impleta
2955 5101 3044 5155 illa
3096 5101 3420 5171 prophetia,
3465 5114 3585 5169 qua:
3626 5096 3698 5171 ad

2104 5170 2390 5226 Ezechiam
2415 5186 2508 5240 per
2528 5170 2717 5224 Isaiam
2738 5171 3058 5241 Prophetam
3085 5170 3311 5227 diciiur:
3341 5170 3406 5224 Et
3424 5171 3487 5223 de
3508 5170 3701 5224 semine

2105 5252 2192 5296 tuo
2218 5242 2392 5295 tollent
2416 5251 2462 5295 et
2484 5243 2671 5312 facient
2700 5242 2963 5296 eunuchos
2990 5246 3041 5296 in
3062 5245 3212 5297 domo
3234 5244 3423 5313 regis.»
3454 5243 3701 5295 Aliorum

2106 5329 2325 5383 quoque
2352 5314 2566 5368 Patrum
2594 5313 2707 5368 huic
2738 5315 2950 5368 videtur
2976 5314 3141 5368 fuisse
3167 5316 3457 5381 sententia,
3489 5330 3552 5367 ex
3585 5313 3703 5365 lau-

2104 5386 2230 5441 dato
2268 5386 2417 5438 Isaia:
2458 5386 2714 5439 vaticiuio
2753 5386 3014 5439 derit/uta.
3049 5388 3278 5442 Sanctus
3336 5394 3513 5438 tamen
3567 5384 3697 5451 Epi-

2107 5458 2337 5527 phanius
2368 5459 2417 5510 iu
2450 5459 2555 5511 vita
2588 5458 2827 5511 Dauiclis
2848 5500 2861 5521 ,
2893 5473 3014 5511 eum
3048 5473 3145 5523 pro
3175 5456 3427 5512 eunucho
3460 5455 3699 5509 habitum

2108 5531 2177 5583 ob
2196 5544 2404 5583 morum
2427 5530 2799 5583 tantummodo
2829 5530 3135 5583 castitatem
3161 5537 3318 5595 atque
3341 5529 3702 5598 integritatem

2108 5609 2293 5669 putat:
2328 5601 2571 5670 inquam
2606 5602 2929 5656 sententiam
2964 5602 3207 5670 plerique
3234 5600 3323 5653 alii
3359 5596 3702 5669 posimodum

2109 5687 2446 5727 concessere.
2465 5673 2733 5739 Josephus
2757 5688 2860 5727 non
2888 5675 3057 5741 ipsum
3082 5672 3150 5725 de
3164 5674 3383 5726 nomine
3400 5670 3700 5736 Damelem,

2111 5744 2205 5799 sed
2236 5746 2439 5813 aliquot
2472 5761 2536 5799 ex
2562 5744 2667 5811 his,
2696 5759 2831 5814 quos
2851 5745 2952 5797 sibi
2985 5758 3179 5811 pueros
3206 5743 3705 5799 Nabuchodonosor

2113 5816 2400 5885 selegerat,
2437 5820 2554 5886 ejus
2585 5816 2746 5871 fuisse
2772 5818 2922 5886 jussu
2950 5826 3199 5873 exsectos
3230 5815 3414 5870 tradit.
