4100 6336
367 245 473 300 727

1606 239 1664 298 S.
1707 234 1985 296 EUSEBII
2026 234 2415 293 HIERONYMI

3566 232 3674 290 718

361 361 590 417 Adonai.
626 359 785 415 Prius
818 369 844 397 ιι
876 374 1074 417 nomen
1107 360 1225 431 Dei;
1249 368 1483 430 quatuor
1515 360 1821 417 litterarum
1851 367 1961 426 est,
1988 360 2047 421 Α
2070 357 2167 413 Dei
2208 371 2331 413 esse
2361 364 2617 412 asserunt
2646 356 2934 412 veritatem
2964 397 2979 423 ,
3011 363 3067 411 et
3101 352 3420 424 frequenter
3442 352 3672 409 dicunt:

356 454 503 527 quod
560 454 948 522 interpretatur
1001 454 1323 509 naturaliter
1381 454 1542 510 Deus.
1600 455 1764 526 923
1821 454 1963 523 Ergo

354 548 625 605 emittitur
670 557 891 616 propter
930 555 1152 617 peccata
1202 555 1362 603 terra:
1402 547 1592 604 fames.
1622 546 1794 604 Terra
1832 563 1965 603 vero

356 643 656 699 secundum
676 656 870 697 Omnes
893 657 1088 698 sensus
1100 657 1235 713 quos
1255 658 1416 713 supra
1432 643 1691 710 diximus,
1721 652 1774 699 et
1796 658 1960 713 quos-

354 750 591 807 cumque
620 734 994 804 intelligentiae
1032 735 1345 790 auditorum
1378 736 1738 807 relinquimus
1761 780 1776 803 ,
1814 744 1873 790 ut
1900 751 1966 791 ex

363 830 565 885 nostris
590 828 750 883 dictis
780 828 882 898 ipsi
911 828 1011 885 sibi
1051 829 1185 884 alias
1216 829 1601 900 intelligentias
1638 830 1964 901 reperirent.

363 923 656 977 Videamus
707 928 890 976 autem
935 932 990 976 et
1032 922 1175 975 aliud
1208 938 1342 993 opus
1374 923 1471 977 ira:
1501 923 1695 977 divina:
1724 925 1969 979 emitten-

358 1015 429 1071 tis
477 1017 528 1069 in
575 1024 775 1070 terram
825 1016 1183 1083 peccatricem
1236 1016 1438 1071 bestias
1487 1017 1766 1086 pessimas.
1804 1016 1969 1071 Aiunt

362 1111 530 1165 etiam
560 1108 769 1174 Judaei,
802 1110 847 1163 si
880 1108 1098 1180 quando
1130 1110 1242 1180 lupi
1274 1108 1527 1165 homines
1554 1109 1966 1177 devoraverint,

360 1203 622 1271 impetum
667 1201 925 1259 facientes
968 1203 1024 1257 in
1065 1201 1259 1257 domos
1284 1246 1298 1269 ,
1334 1212 1389 1258 et
1424 1214 1636 1259 czeterae
1669 1204 1880 1271 bestiae,
1913 1214 1971 1260 ut

363 1297 593 1352 historia
635 1294 799 1351 refert
822 1343 834 1363 ,
870 1297 1057 1351 leones
1085 1297 1354 1367 quondam
1392 1297 1446 1351 in
1472 1297 1768 1353 humanum
1801 1313 1971 1368 genus

362 1389 665 1455 immissos,
693 1398 749 1445 et
775 1389 881 1444 alio
915 1398 1160 1459 tempore
1183 1404 1339 1446 ursos
1361 1432 1374 1456 ,
1404 1391 1711 1446 istiusmodi
1735 1390 1969 1447 devora-

365 1486 543 1541 tiones
568 1501 634 1539 ex
665 1485 759 1539 Dei
793 1485 1163 1555 indignatione
1183 1484 1543 1540 descendere.
1571 1486 1635 1540 Et
1662 1485 1804 1541 hunc
1830 1488 1973 1541 inte-

364 1579 472 1634 rim
497 1594 736 1647 sensum,
755 1587 814 1632 ut
833 1594 1128 1649 sequamur
1150 1579 1385 1634 litteram
1410 1578 1476 1632 ab
1490 1578 1666 1632 altiori
1690 1578 1971 1635 intellectu

368 1671 728 1737 recedentes,
791 1686 933 1727 nunc
990 1672 1141 1741 sequi
1187 1671 1429 1726 videmus
1478 1672 1818 1742 prophetam.
1870 1675 1970 1739 Qui

2068 448 2334 504 Futurum
2365 454 2451 503 est
2482 456 2538 502 ut
2572 447 2950 518 unusquisque
2988 456 3233 502 nostrum
3263 444 3518 515 precibus
3558 444 3675 501 suis

2068 544 2263 614 eripiat
2303 557 2679 613 quoscumque
2718 542 2955 598 voluerit
2986 542 3055 597 de
3084 540 3365 610 gehenna:
3396 550 3449 595 et
3478 540 3682 609 iniqui-

2069 645 2234 693 talem
2266 635 2620 692 introducunt
2650 637 2716 691 ad
2747 636 3056 699 Dominum,
3088 650 3195 690 non
3230 634 3500 703 videntes,
3531 634 3680 704 quod

2064 729 2275 801 justitia
2303 732 2433 800 justi
2463 746 2628 799 super
2653 746 2776 785 eum
2802 730 2929 797 erit,
2953 741 3005 786 et
3032 728 3291 800 iniquitas
3320 728 3484 799 iniqui
3513 743 3686 797 super

2068 842 2218 890 eum,
2246 837 2300 882 et
2328 829 2701 897 unusquisque
2721 826 2773 882 in
2801 830 3024 899 proprio
3056 838 3284 896 peccato
3314 826 3595 896 morietur,
3623 836 3684 883 et

2072 921 2126 974 in
2157 920 2372 991 propria
2395 920 2607 988 justitia
2641 921 2803 974 vivet.
2836 919 2981 974 Nihil
3025 919 3158 974 mihi
3188 919 3442 974 conducit
3472 932 3687 992 martyr

2072 1011 2253 1077 Pater,
2295 1012 2338 1066 si
2379 1026 2484 1067 non
2520 1013 2659 1068 bene
2683 1012 2903 1078 vixero,
2938 1021 2993 1067 et
3022 1027 3294 1067 ornavero
3324 1013 3541 1082 generis
3574 1012 3689 1067 mei

2072 1104 2412 1161 nobilitatem
2436 1146 2450 1171 ,
2500 1104 2602 1159 hoc
2640 1116 2725 1159 est
2764 1106 3134 1160 testimonium
3178 1104 3332 1174 ejus,
3370 1114 3427 1159 et
3460 1103 3690 1160 confes-

2072 1198 2305 1263 sionem,
2348 1214 2450 1269 qua
2482 1198 2784 1253 illustratus
2815 1208 2900 1254 est
2929 1199 2985 1253 in
3014 1198 3254 1253 Christo.
3286 1197 3434 1253 Nihil
3457 1197 3696 1267 prodest

2071 1294 2276 1351 Jttdteis
2291 1293 2633 1349 dicentibus:
2657 1293 2767 1348 Nos
2783 1295 2846 1348 de
2869 1295 3214 1365 fornicatione
3232 1294 3343 1347 nati
3359 1310 3462 1347 non
3477 1308 3689 1360 sumus,

2073 1403 2235 1441 unum
2278 1397 2477 1457 patrem
2503 1386 2749 1441 habemus
2772 1386 3053 1441 Dominum
3089 1385 3268 1457 (Juan.
3307 1385 3447 1457 vm),
3476 1394 3533 1440 et
3563 1395 3698 1453 post

2074 1482 2387 1537 modicum:
2441 1481 2706 1537 Abraham
2762 1491 2910 1554 pater
2960 1493 3132 1536 noster
3174 1493 3268 1536 est.
3318 1481 3697 1552 Qumcumque

2074 1577 2333 1642 dixerint,
2358 1592 2718 1647 quzecumque
2746 1578 2849 1631 sibi
2873 1593 3151 1634 assumere
3182 1577 3473 1641 voluerint,
3499 1576 3543 1632 si
3576 1591 3697 1632 non

2076 1671 2367 1731 habuerint
2382 1672 2540 1727 ﬁdem
2559 1672 2856 1741 Abraham,
2875 1672 3146 1728 incassum
3161 1672 3482 1743 gloriantur.
3501 1670 3698 1741 Neque

364 1776 549 1821 autem
577 1764 838 1835 spiritalis
860 1775 979 1829 est,
1003 1764 1255 1835 judicans
1282 1767 1560 1834 omnia,et
1586 1783 1614 1821 a
1650 1766 1801 1833 nullo
1828 1766 1969 1838 diju-
2004 1760 2045 1818 Β
2074 1765 2219 1818 enim
2269 1764 2389 1820 ideo
2439 1764 2794 1818 salvabuntur
2820 1809 2834 1833 ,
2885 1764 3009 1835 quia
3060 1772 3188 1819 sunt
3238 1763 3334 1817 ﬁlii
3384 1762 3691 1817 Abraham.

365 1859 611 1924 dicatur,
642 1858 980 1914 conﬁdenter
1014 1858 1146 1913 dicit
1173 1859 1371 1914 multas
1412 1876 1534 1916 esse
1564 1860 1767 1916 bestias
1794 1906 1807 1931 ,
1841 1876 1974 1932 quas

368 1952 572 2009 emittit
600 1951 741 2006 Deus
780 1952 833 2006 in
875 1954 1234 2021 peccatricem
1269 1962 1470 2008 terram
1493 1995 1507 2020 ,
1546 1954 1589 2009 si
1621 1962 1798 2009 tamen
1834 1964 1974 2011 terra

365 2054 554 2102 nostra
592 2046 935 2115 peccaverit:
970 2045 1308 2101 Adversarius
1339 2056 1508 2100 noster
1538 2047 1777 2102 diabolus
1812 2058 1863 2103 ut
1897 2049 1974 2104 leo

366 2140 574 2209 rugiens
603 2138 833 2193 ambulat
862 2156 1096 2210 quaerens
1126 2158 1278 2212 quem
1306 2142 1512 2196 devoret
1544 2142 1589 2214 (l
1619 2142 1737 2197 Pet.
1766 2146 1842 2213 v).
1877 2145 1973 2199 llla

368 2246 588 2302 quoque
631 2230 889 2297 historia,
936 2247 1058 2302 quae
1109 2232 1421 2303 Scripturas
1450 2234 1743 2303 diligenter
1785 2236 1976 2291 obser-

370 2324 630 2379 vantibus
654 2325 707 2379 in
738 2325 958 2394 planum
987 2340 1046 2381 se
1073 2327 1283 2397 praebet
1310 2326 1674 2395 intellectum,
1705 2329 1977 2386 istiusmo-

371 2417 429 2473 di
448 2418 608 2473 habet
625 2418 1077 2489 signiﬁcationem
1099 2437 1111 2473 :
1135 2420 1352 2489 quando
1373 2420 1482 2477 duo
1504 2420 1616 2477 ursi
1637 2421 1702 2477 ad
1722 2423 1977 2492 parvulos

371 2512 526 2567 missi
557 2522 712 2579 sunt,
746 2512 837 2582 qui
869 2513 1229 2568 contumelias
1257 2512 1532 2568 faciebant
1556 2513 1859 2585 prophetm,
1891 2514 1975 2569 di-

372 2614 560 2661 centes
588 2622 599 2657 :
634 2604 893 2670 Ascende,
922 2606 1092 2671 calve;
1123 2606 1360 2672 ascende,
1394 2609 1556 2661 calve.
1586 2606 1710 2663 Ursi
1743 2622 1976 2678 namque

370 2699 449 2755 illi
497 2700 550 2753 in
586 2699 798 2769 signum
840 2711 1000 2755 erant
1037 2700 1263 2755 aliarum
1308 2700 1599 2756 bestiarum
1625 2744 1639 2767 ,
1689 2718 1811 2774 quae
1850 2719 1977 2759 vere

372 2793 527 2859 ferte,
557 2810 689 2850 vere
715 2804 841 2849 sunt
870 2795 1097 2865 rabidae,
1131 2812 1252 2867 qua:
1281 2800 1567 2853 mittuntur
1597 2801 1647 2853 in
1682 2800 1823 2856 hanc
1855 2816 1978 2870 pec-

370 2890 632 2945 catricem
674 2897 894 2944 terram.
950 2890 1140 2946 Procul
1190 2900 1370 2946 autem
1422 2892 1562 2947 absit
1598 2908 1629 2947 a
1680 2891 1879 2959 nobis,
1920 2903 1979 2949 ut

374 2985 565 3039 bestia:
593 2982 659 3037 ad
690 2999 786 3037 nos
814 2998 915 3054 pro
946 2984 1040 3037 Dei
1070 2984 1279 3039 ultione
1308 2986 1621 3052 mittantur,
1646 2987 1773 3056 quin
1800 2986 1975 3057 potius

373 3077 428 3130 in
473 3075 721 3130 oratione
761 3076 1003 3130 dicamus
1038 3093 1051 3128 :
1104 3075 1187 3131 Ne
1228 3076 1501 3131 tradideris
1540 3079 1707 3132 bestiis
1748 3081 1976 3134 animam

2080 1858 2348 1928 Quoniam
2389 1874 2518 1929 ergo
2547 1859 2764 1929 quidam
2812 1873 2918 1913 non
2959 1866 3108 1912 recte
3138 1858 3457 1927 opinantur,
3493 1871 3699 1911 neces-

2078 1954 2224 2008 sario
2252 1952 2679 2022 interpusuimus
2720 1952 2885 2005 etiam
2929 1966 3149 2006 sensum
3184 1951 3378 2005 litterae
3408 1950 3642 2005 dicentis
3670 1967 3689 2004 :

2083 2046 2247 2101 Filios
2278 2056 2326 2101 et
2359 2046 2497 2116 ﬁlias
2520 2062 2624 2099 non
2645 2044 2938 2098 liberabant
2966 2042 3114 2110 Noe,
3151 2042 3340 2097 Daniel
3368 2052 3413 2097 et
3442 2041 3563 2108 Job,
3595 2042 3699 2097 sed

2080 2144 2180 2212 ipsi
2215 2141 2315 2197 soli
2354 2142 2483 2196 salui
2515 2150 2681 2196 erant.
2714 2140 2886 2194 Nemo
2917 2148 3164 2194 nostrum
3193 2137 3431 2193 conﬁdat
3460 2138 3512 2191 in
3537 2138 3700 2206 justo

2082 2246 2237 2305 patre
2260 2277 2273 2300 ,
2304 2234 2358 2289 in
2399 2244 2573 2288 matre
2609 2241 2832 2302 sancta,
2872 2232 2929 2288 in
2968 2232 3225 2288 lratribus
3267 2231 3449 2286 castis.
3486 2230 3698 2285 Beatus

2081 2329 2274 2393 homo,
2300 2327 2392 2399 qni
2418 2341 2567 2396 spem
2594 2326 2758 2383 habet
2785 2327 2841 2382 in
2872 2327 3202 2395 semetipso,
3236 2334 3287 2380 et
3318 2326 3368 2379 in
3400 2324 3483 2379 via
3513 2331 3693 2378 recta.

2080 2422 2163 2478 Ad
2207 2436 2303 2477 eos
2344 2428 2525 2476 autem
2558 2420 2651 2491 qui
2699 2421 2750 2474 in
2791 2420 2996 2475 sanctis
3030 2418 3279 2474 ﬁduciam
3314 2418 3543 2484 habent,
3580 2433 3698 2474 non

2084 2518 2382 2587 incongrue
2423 2515 2750 2586 proferimus
2782 2516 3092 2584 exemplum
3122 2532 3135 2570 :
3170 2512 3483 2567 Maledictus
3507 2512 3694 2579 homo,

2082 2612 2172 2683 qui
2197 2628 2337 2683 spent
2368 2609 2521 2665 habet
2546 2612 2601 2664 in
2629 2611 2837 2665 homine
2859 2608 2996 2683 (Jer.
3031 2610 3186 2680 xvn).
3218 2609 3285 2663 Et
3314 2608 3477 2662 illud:
3512 2605 3703 2661 Nolite

2079 2706 2339 2775 conﬁdere
2364 2706 2417 2759 in
2446 2705 2759 2759 hominibus.
2794 2703 2902 2758 Sed
2929 2712 2982 2758 et
3010 2703 3154 2757 aliud
3184 2720 3197 2755 :
3230 2700 3429 2755 Bonum
3460 2709 3531 2754 est
3562 2716 3698 2753 con-

2080 2799 2241 2869 ﬁdere
2295 2800 2352 2852 in
2402 2797 2625 2853 Domino
2658 2839 2673 2863 ,
2734 2813 2890 2869 quam
2953 2796 3213 2863 conﬁdere
3266 2797 3319 2849 in
3371 2794 3699 2867 principibus

2078 2892 2197 2966 (Ps.
2227 2909 2387 2959 θην,
2420 2890 2630 2960 cxvrn).
2658 2890 2812 2958 Quod
2838 2890 2884 2944 si
2915 2905 3138 2945 necesse
3169 2897 3252 2944 est
3283 2889 3336 2942 in
3367 2888 3547 2959 aliquo
3570 2902 3701 2957 spe-

2078 2987 2484 3053 rare,omnibus
2497 2985 2791 3053 derelictis,
2806 2999 3093 3053 speremus
3108 2984 3157 3037 in
3178 2984 3404 3037 Domino
3418 2982 3693 3037 dicentes:

2083 3079 2142 3135 Si
2158 3080 2470 3135 constiterint
2484 3078 2759 3132 adversum
2774 3095 2853 3131 me
2867 3088 3057 3143 castra,
3073 3094 3175 3130 non
3188 3077 3380 3130 timebit
3395 3093 3482 3129 cor
3494 3091 3693 3130 meum.

372 3170 698 3237 conﬁtentem
724 3169 834 3224 tibi.
864 3170 974 3239 Ego
1007 3169 1129 3223 novi
1160 3180 1574 3239 perseverantes
1603 3172 1654 3225 in
1679 3170 1979 3242 ﬁdejustos
2005 3152 2051 3215 (ἶ
2084 3175 2215 3229 Cum
2267 3174 2383 3229 hzec
2418 3188 2476 3228 se
2519 3175 2589 3227 ita
2619 3172 2880 3238 habeant,
2932 3172 3093 3226 etiam
3135 3170 3236 3224 alia
3270 3170 3427 3225 nobis
3456 3170 3698 3239 quaestio

373 3259 507 3317 feris
525 3261 776 3330 traditos,
794 3269 850 3316 et
867 3262 1137 3317 laceratos
1159 3262 1227 3316 ab
1255 3263 1334 3316 eis
1348 3278 1759 3320 consummasse
1781 3276 1981 3336 marty-

373 3356 538 3424 rium,
572 3371 672 3411 nec
700 3365 878 3410 tamen
907 3355 1095 3410 beatos
1126 3370 1249 3411 esse
1281 3355 1509 3413 desisse.
1541 3356 1656 3411 Non
1689 3358 1834 3412 enim
1860 3358 1982 3413 bes-

376 3449 466 3503 liis
492 3448 710 3504 fuerant
751 3449 936 3504 traditi
972 3449 1316 3517 Spiritalibus
1347 3458 1404 3505 et
1431 3450 1820 3517 invisibilibus,
1860 3467 1981 3522 qua:

374 3544 618 3598 lacerant
649 3543 858 3598 animas
902 3554 1247 3611 peccatorum
1272 3585 1287 3610 ,
1321 3553 1377 3598 et
1406 3543 1600 3599 dentes
1627 3559 1758 3600 suos
1794 3545 1847 3599 in
1883 3545 1983 3598 im-

377 3637 595 3706 piorum
648 3636 814 3691 corda
869 3636 1128 3708 deﬁgunt.
1200 3638 1670 3706 Quemadmodum
1735 3641 1880 3695 enim
1936 3643 1979 3697 si

379 3738 565 3798 pastor
591 3744 658 3783 ex
691 3744 791 3784 ore
823 3729 1043 3785 leonum
1070 3731 1269 3785 evellat
1293 3732 1401 3786 duo
1430 3748 1587 3787 crura
1616 3735 1754 3800 ovis,
1779 3736 1859 3789 vel
1890 3751 1983 3790 ex-

378 3829 595 3875 tremun
633 3822 887 3876 auriculae
908 3863 924 3888 ,
955 3824 1031 3876 ita
1061 3824 1370 3880 evellentur
1398 3824 1490 3880 ﬁlii
1518 3826 1705 3882 Israel.
1728 3827 1984 3885 Traditur

379 3934 510 3987 ergo
545 3918 841 3988 aliquando
871 3927 1014 3974 terra
1048 3920 1260 3988 bestiis,
1283 3922 1349 3975 ad
1400 3923 1775 3992 eversionem,
1802 3936 1860 3980 ut
1889 3941 1981 3980 au-

380 4010 585 4066 feratur
620 4010 688 4064 ab
730 4026 794 4065 ea
833 4011 994 4067 homo
1021 4022 1073 4068 et
1113 4030 1277 4082 pecus
1309 4014 1488 4087 (Amos
1517 4018 1621 4087 in).
1658 4017 1725 4072 Et
1756 4018 1981 4074 observa

379 4104 670 4173 diligenter
725 4104 1060 4160 differentias
1118 4110 1627 4166 comminationum.
1696 4114 1752 4168 In
1810 4114 1979 4183 prima

378 4197 806 4252 comminatione
826 4197 983 4252 famis
1014 4200 1087 4253 ait
1113 4216 1126 4254 :
1162 4198 1274 4270 Ipsi
1303 4204 1403 4257 soli
1432 4204 1790 4271 salvabuntur,
1818 4208 1985 4281 924

381 4288 517 4353 Noe,
555 4289 744 4344 Daniel
760 4299 807 4343 et
829 4288 951 4344 Job.
982 4290 1038 4346 lu
1071 4294 1311 4348 secunda
1341 4311 1500 4361 vero,
1531 4297 1622 4351 ubi
1656 4298 1857 4354 bestias
1885 4302 1984 4355 im-

380 4384 674 4437 missurum
719 4398 778 4438 se
816 4398 938 4438 esse
970 4393 1232 4453 testatur,
1274 4386 1368 4441 lilii
1406 4397 1460 4443 et
1500 4388 1629 4443 ﬁlia:
1658 4403 1983 4463 nuncupata:

378 4483 540 4528 sunt:
578 4474 941 4530 Verumtamen
979 4478 1081 4546 ipsi
1112 4479 1210 4532 soli
1242 4480 1371 4534 salvi
1408 4491 1589 4550 erunt,
1623 4481 1747 4537 dicit
1778 4483 1984 4539 Adonai

2084 3269 2346 3335 oboritur,
2366 3283 2525 3338 quam
2540 3268 2832 3338 diligenter
2845 3266 3112 3321 debemus
3130 3275 3408 3327 excutere,
3430 3274 3487 3317 ut
3508 3262 3702 3333 Scrip-

2088 3370 2328 3415 turarum
2355 3360 2557 3413 veritas
2587 3360 2890 3415 elucescat:
2923 3358 3101 3426 Quare
3131 3373 3251 3411 cum
3285 3357 3420 3410 tanti
3453 3355 3559 3408 sint
3580 3354 3703 3425 jus-

2086 3455 2147 3520 ti,
2171 3470 2311 3510 nunc
2332 3456 2703 3509 tantummodo
2729 3462 2840 3507 tres
2867 3453 3236 3515 nominantur,
3260 3448 3395 3515 Noe,
3419 3448 3609 3503 Daniel
3636 3459 3698 3503 et

2087 3547 2227 3604 Job?
2254 3546 2418 3619 925
2451 3546 2640 3601 Audivi
2671 3546 2942 3617 quondam
2971 3560 3000 3599 a
3025 3543 3256 3614 quodam
3287 3542 3515 3598 Hebrmo
3546 3541 3698 3597 hunc

2087 3645 2265 3699 locum
2290 3652 2604 3712 exponenle
2629 3651 2791 3711 atque
2813 3640 3049 3707 dicente,
3077 3639 3197 3693 ideo
3221 3639 3318 3691 lius
3350 3637 3686 3703 nominatos,

2088 3740 2213 3811 quia
2263 3737 2634 3808 unusquisque
2686 3750 2873 3791 eorum
2930 3734 3033 3788 tria
3069 3743 3310 3803 tempora
3339 3731 3559 3793 viderit,
3596 3731 3694 3785 lm-

2089 3843 2227 3900 tum,
2265 3836 2440 3898 triste,
2471 3839 2526 3887 et
2555 3846 2769 3885 rursum
2806 3832 3009 3884 lzctum.
3042 3828 3179 3885 Vide
3209 3828 3324 3883 Nue
3368 3838 3492 3882 ante
3545 3826 3695 3882 dilu-

2087 3927 2257 3992 vium,
2272 3926 2559 3981 considera
2574 3924 2829 3979 mundum
2848 3924 3140 3994 integrum,
3170 3932 3225 3978 et
3243 3922 3518 3986 eumdem,
3538 3931 3689 3991 post,

2092 4020 2205 4074 Noe
2246 4020 2298 4074 in
2339 4019 2503 4072 totius
2531 4018 2680 4074 orbis
2713 4017 2996 4087 naufragio
3027 4016 3207 4071 solum
3239 4030 3360 4069 cum
3396 4016 3521 4069 ﬁliis
3572 4015 3694 4069 suis

2088 4124 2143 4170 et
2169 4112 2494 4167 animalibus
2522 4113 2573 4166 in
2600 4126 2723 4166 arca
2764 4119 3038 4166 servatum
3077 4129 3090 4165 :
3122 4108 3407 4164 considera
3459 4122 3697 4177 quomo-

2089 4208 2161 4263 do
2190 4218 2311 4278 post
2338 4206 2600 4262 diluvium
2622 4219 2875 4275 egressus
2897 4204 2991 4267 sit,
3020 4213 3073 4258 et
3099 4202 3421 4271 plantaverit
3452 4202 3689 4268 vineam,

2089 4300 2490 4372 quodammodo
2529 4297 2752 4353 secundi
2784 4311 2973 4350 rursus
3003 4296 3153 4350 orbis
3179 4303 3395 4350 creator
3424 4296 3691 4348 existens.

2090 4398 2233 4452 'l‘alis
2254 4406 2337 4453 cst
2363 4397 2575 4464 justus:
2634 4386 2822 4447 vidit”
2863 4391 3123 4445 mundum
3163 4400 3287 4445 ante
3312 4390 3597 4453 diluvium,
3635 4389 3693 4443 id
3780 4412 3787 4417 ν

2088 4499 2169 4545 est
2201 4498 2326 4543 ante
2353 4487 2875 4541 consummationem
2910 4502 2925 4538 :
2954 4483 3090 4539 vidit
3138 4482 3395 4538 mundmn
3441 4484 3494 4538 in
3546 4482 3693 4537 dilu-

378 4565 657 4622 Dominus.
702 4569 802 4634 Qui
840 4570 989 4625 locus
1033 4570 1329 4639 dupliciter
1359 4573 1703 4645 intelligitur.
1739 4579 1818 4632 Ac
1866 4580 1978 4649 pri-
2012 4552 2066 4611 D
2095 4583 2201 4651 vio,
2234 4582 2287 4636 in
2316 4582 2664 4651 corruptione
2706 4588 2760 4635 et
2792 4580 2846 4634 in
2878 4579 3103 4635 interitu
3138 4587 3514 4648 peccaturum,
3563 4593 3691 4646 qua:

381 4675 529 4714 mum
562 4662 864 4715 secundum
896 4679 1239 4721 communem
1283 4683 1503 4723 sensum
1535 4684 1876 4740 exponamus
1913 4674 1983 4730 ob

380 4753 769 4808 nonnullorum
806 4755 1171 4826 insipientiam
1198 4802 1213 4829 ,
1260 4761 1353 4830 qui
1394 4776 1611 4818 sensum
1654 4766 1821 4821 animi
1867 4769 1981 4837 sui,

452 4916 477 4944 ει
506 4908 770 4989 Eumdem
806 4925 1052 4965 errorem
1098 4928 1310 4989 errasse
1339 4914 1554 4989 videtur
1586 4916 1973 4989 Hieronymus,

373 4981 490 5059 sive
530 4996 594 5034 ex
640 4979 875 5059 Origene
912 4986 1239 5059 properanti
1269 4986 1481 5059 calamo
1524 4979 1881 5059 descripsisse
1923 4979 1973 5045 in

371 5052 791 5118 Commentariis
811 5054 875 5128 in
908 5053 1178 5128 Ezechiel.
1229 5056 1322 5109 lib.
1355 5072 1430 5122 1x,
1480 5073 1600 5128 cap.
1636 5052 1743 5116 28':
1792 5083 1810 5115 ι
1850 5062 1979 5119 Ubi-

372 5138 643 5199 cumque,
668 5128 770 5199 ait,
801 5125 954 5194 juxta
977 5124 1123 5179 LXX
1142 5170 1155 5191 ,
1183 5129 1428 5181 secundo
1456 5124 1674 5198 ponitur
1694 5133 1973 5199 Dominus,

376 5194 649 5273 Dominus,
674 5198 921 5273 primum
957 5212 1153 5251 nomen
1181 5194 1662 5273 tetragrammaton
1690 5216 1804 5272 est,
1832 5194 1975 5273 quod

373 5269 595 5339 proprie
620 5268 686 5321 ad
724 5268 889 5322 Deum
920 5276 1157 5339 pertinet
1177 5310 1191 5335 ,
1224 5280 1277 5325 et
1307 5268 1578 5329 inelfabile
1608 5268 1809 5332 dicitur
1832 5268 1973 5333 {Se-

374 5338 607 5411 cuudmn
637 5338 961 5411 commune,
992 5339 1136 5410 quod
1168 5357 1311 5411 saepe
1340 5344 1391 5398 in
1424 5346 1733 5401 hominibus
1764 5350 1975 5404 inveni-

376 5416 513 5487 tur-.3
538 5406 779 5487 Diximus
799 5426 930 5487 vero
955 5406 1151 5465 meum
1178 5406 1377 5481 locum,
1403 5430 1529 5472 cum
1554 5420 1712 5487 plane
1732 5429 1970 5487 constet,

374 5477 431 5530 in
450 5477 772 5561 Ezechielis,
790 5484 857 5537 de
873 5499 974 5548 qua
994 5499 1181 5561 sermo
1203 5495 1287 5540 est
1307 5477 1637 5559 ,propbet'ia,
1656 5477 1971 5561 perpetuam

374 5554 681 5628 econtrario
708 5554 1160 5628 consuetudinem
1182 5554 1449 5622 obtinere,
1475 5569 1533 5615 ut
1563 5554 1794 5628 primum
1823 5579 1972 5619 com-

374 5634 570 5703 r‘nun‘e,
600 5624 831 5703 alterum
864 5624 957 5703 Dei
991 5628 1267 5703 proprium
1298 5633 1369 5685 sit
1398 5624 1619 5698 nomen,
1650 5635 1818 5689 videri
1862 5651 1968 5689 non

375 5690 435 5775 β.
484 5690 728 5775 Doctoris
759 5736 775 5761 ,
826 5696 923 5769 sed
962 5690 1275 5775 scribarum
1321 5712 1563 5757 veterum
1608 5690 1756 5760 hunc
1800 5705 1970 5763 fuisse

373 5760 610 5835 lapsum,
641 5760 731 5833 Qui
762 5760 1070 5828 numericas
1110 5780 1264 5829 notas
1296 5776 1317 5829 l
1355 5784 1409 5831 et
1430 5778 1465 5829 *2
1496 5787 1699 5835 temere
1725 5779 1794 5837 ibi
1820 5760 1969 5836 com;

2095 4678 2149 4731 in
2200 4675 2288 4731 die
2340 4687 2469 4728 sunt
2499 4683 2759 4729 eventura
2786 4672 3011 4743 judicii:
3045 4688 3261 4727 rursum
3303 4670 3508 4726 videbit
3534 4686 3692 4724 utun-

2094 4769 2221 4825 dum
2264 4769 2319 4823 in
2368 4767 2769 4824 resurrectione
2820 4765 3064 4820 omnium
3126 4773 3491 4835 peccatorum.
3549 4762 3692 4819 Dicit

2085 4920 2379 4985 mutarint;
2413 4936 2539 4974 nam
2569 4918 2726 4981 alibi,
2758 4919 2873 4973 sive
2900 4932 3017 4987 cap.
3053 4917 3105 4981 6,
3139 4918 3443 4972 rectissime
3470 4926 3689 4973 contra~

2079 4994 2218 5046 rium
2246 4992 2427 5046 docet.
2445 4994 2515 5045 At
2534 4990 2782 5059 Origenis
2801 4991 3115 5044 testimonio
3140 5005 3298 5059 quam
3323 5000 3469 5045 recte
3495 4991 3689 5045 istbaec

2083 5067 2255 5133 aptari
2310 5065 2480 5132 possit
2522 5062 2786 5116 medicina
2810 5105 2824 5130 ,
2859 5078 2964 5114 non
2996 5062 3185 5127 video,
3220 5078 3392 5132 neque
3420 5064 3563 5116 enim
3594 5061 3687 5117 hic

2083 5132 2288 5188 tantum
2323 5136 2594 5201 expres~is
2618 5134 2821 5195 verbis,
2844 5132 2938 5187 sed
2970 5142 3026 5188 et
3058 5134 3305 5200 inferius,
3335 5133 3553 5189 homilia
3588 5133 3683 5199 12,

2082 5209 2215 5260 satis
2245 5206 2543 5259 luculenter
2576 5205 2715 5259 idem
2747 5205 3043 5259 asserendo
3073 5206 3293 5259 fallitur.

2158 5277 2183 5315 δ
2226 5276 2454 5331 Redolet
2500 5276 2587 5330 hic
2626 5277 2774 5329 lucus
2811 5277 3135 5332 sententiam
3183 5276 3331 5330 illam
3386 5274 3638 5345 Origenis
3666 5319 3682 5342 ,

2081 5365 2206 5417 qum
2247 5350 2301 5402 in
2346 5350 2463 5416 ejus
2510 5349 2728 5415 scriptis
2772 5359 2877 5401 tam
2913 5363 3061 5416 saepe
3088 5347 3351 5410 occurrit,
3383 5348 3539 5401 linem
3580 5349 3686 5401 im-

2078 5421 2315 5490 positum
2368 5421 2429 5472 iri
2478 5418 2856 5473 damnatorum
2912 5421 3130 5489 poenis;
3180 5419 3527 5490 tumplenam
3560 5434 3683 5473 om-

2077 5494 2225 5551 nium
2255 5494 2699 5555 ἀποκατάστασιν,
2732 5504 2783 5545 et
2824 5492 3125 5561 perfectam
3176 5489 3486 5545 felicitatem
3537 5491 3683 5545 futu-

2074 5580 2213 5627 ram,
2265 5579 2387 5619 cum
2428 5566 2565 5617 Dens
2612 5566 2715 5617 erit
2762 5565 2944 5617 omnia
2998 5564 3048 5616 in
3100 5564 3373 5617 omnibus.
3426 5563 3680 5617 Dicemus

2075 5634 2176 5690 hac
2204 5636 2274 5690 de
2300 5652 2357 5689 re
2384 5636 2544 5704 paulu
2592 5635 2763 5689 fusius
2789 5636 2921 5690 infra
2952 5634 3018 5689 ad
3051 5633 3289 5689 homilizc
3314 5634 3379 5690 10
3407 5650 3675 5705 perquam

2073 5708 2308 5764 similem
2340 5707 2545 5764 locum.
