  <div class='ocr_page' id='page_1' title='image "/cluster/home/n/w/nwhite01/storage/ocr_20150623/25/hvd.32044015471394/372.png"; bbox 0 0 4128 6346; ppageno 0'>
   <div class='ocr_carea' id='block_1_1' title="bbox 326 313 433 371">
    <p class='ocr_par' dir='ltr' id='par_1_1' title="bbox 326 313 433 371">
     <span class='ocr_line' id='line_1_1' title="bbox 326 313 433 371; baseline 0.019 -2"><span class='ocrx_word' id='word_1_1' title='bbox 326 313 433 371; x_wconf 73' lang='grc'><strong>729</strong></span> 
     </span>
    </p>
   </div>
   <div class='ocr_carea' id='block_1_2' title="bbox 863 308 3070 371">
    <p class='ocr_par' dir='ltr' id='par_1_2' title="bbox 863 308 3070 371">
     <span class='ocr_line' id='line_1_2' title="bbox 863 308 3070 371; baseline 0 -3"><span class='ocrx_word' id='word_1_2' title='bbox 863 309 1299 369; x_wconf 83' lang='lat' dir='ltr'><strong>TBANSLATIO</strong></span> <span class='ocrx_word' id='word_1_3' title='bbox 1338 310 1777 371; x_wconf 80' lang='lat' dir='ltr'><strong>HOMILIARUM</strong></span> <span class='ocrx_word' id='word_1_4' title='bbox 1815 308 2143 370; x_wconf 81' lang='lat' dir='ltr'><strong>ORIGENIS</strong></span> <span class='ocrx_word' id='word_1_5' title='bbox 2184 311 2249 368; x_wconf 89' lang='lat' dir='ltr'><strong>IN</strong></span> <span class='ocrx_word' id='word_1_6' title='bbox 2290 310 2751 370; x_wconf 77' lang='lat' dir='ltr'><strong>E’LECHIELEM.</strong></span> <span class='ocrx_word' id='word_1_7' title='bbox 2795 312 2959 371; x_wconf 84' lang='lat' dir='ltr'><strong>HOM.</strong></span> <span class='ocrx_word' id='word_1_8' title='bbox 3004 314 3070 371; x_wconf 79' lang='grc' dir='ltr'><strong>ν.</strong></span> 
     </span>
    </p>
   </div>
   <div class='ocr_carea' id='block_1_3' title="bbox 3521 312 3627 371">
    <p class='ocr_par' dir='ltr' id='par_1_3' title="bbox 3521 312 3627 371">
     <span class='ocr_line' id='line_1_3' title="bbox 3521 312 3627 371; baseline 0 -1"><span class='ocrx_word' id='word_1_9' title='bbox 3521 312 3627 371; x_wconf 81' lang='grc'><strong>750</strong></span> 
     </span>
    </p>
   </div>
   <div class='ocr_carea' id='block_1_4' title="bbox 326 428 3629 506">
    <p class='ocr_par' dir='ltr' id='par_1_4' title="bbox 326 428 3629 506">
     <span class='ocr_line' id='line_1_4' title="bbox 326 428 3629 506; baseline 0.001 -18"><span class='ocrx_word' id='word_1_10' title='bbox 326 431 457 488; x_wconf 88' lang='lat' dir='ltr'><strong>mihi</strong></span> <span class='ocrx_word' id='word_1_11' title='bbox 486 429 718 500; x_wconf 84' lang='lat' dir='ltr'><strong>aliquis:</strong></span> <span class='ocrx_word' id='word_1_12' title='bbox 770 428 1024 485; x_wconf 86' lang='lat' dir='ltr'><strong>Concedo</strong></span> <span class='ocrx_word' id='word_1_13' title='bbox 1048 430 1116 485; x_wconf 93' lang='lat' dir='ltr'><strong>de</strong></span> <span class='ocrx_word' id='word_1_14' title='bbox 1161 428 1300 497; x_wconf 88' lang='lat' dir='ltr'><strong>Noe,</strong></span> <span class='ocrx_word' id='word_1_15' title='bbox 1332 436 1393 486; x_wconf 91' lang='lat' dir='ltr'><strong>ut</strong></span> <span class='ocrx_word' id='word_1_16' title='bbox 1420 430 1521 486; x_wconf 86' lang='lat' dir='ltr'><strong>tria</strong></span> <span class='ocrx_word' id='word_1_17' title='bbox 1556 439 1799 502; x_wconf 89' lang='lat' dir='ltr'><strong>tempora</strong></span> <span class='ocrx_word' id='word_1_18' title='bbox 1846 431 1924 485; x_wconf 85' lang='lat' dir='ltr'><strong>vi-</strong></span> <span class='ocrx_word' id='word_1_19' title='bbox 1951 433 2005 493; x_wconf 81' lang='grc' dir='ltr'>Α</span> <span class='ocrx_word' id='word_1_20' title='bbox 2030 439 2238 486; x_wconf 88' lang='lat' dir='ltr'><strong>tantum</strong></span> <span class='ocrx_word' id='word_1_21' title='bbox 2272 442 2356 487; x_wconf 89' lang='lat' dir='ltr'><strong>est</strong></span> <span class='ocrx_word' id='word_1_22' title='bbox 2390 452 2401 487; x_wconf 91' lang='lat'><strong>:</strong></span> <span class='ocrx_word' id='word_1_23' title='bbox 2434 431 2490 487; x_wconf 93' lang='lat' dir='ltr'><strong>in</strong></span> <span class='ocrx_word' id='word_1_24' title='bbox 2515 433 2755 488; x_wconf 89' lang='lat' dir='ltr'><strong>secunda</strong></span> <span class='ocrx_word' id='word_1_25' title='bbox 2787 448 2920 489; x_wconf 89' lang='lat' dir='ltr'><strong>vero</strong></span> <span class='ocrx_word' id='word_1_26' title='bbox 2950 442 3007 489; x_wconf 86' lang='lat' dir='ltr'><strong>et</strong></span> <span class='ocrx_word' id='word_1_27' title='bbox 3057 432 3239 500; x_wconf 83' lang='lat' dir='ltr'><strong>tertia,</strong></span> <span class='ocrx_word' id='word_1_28' title='bbox 3280 447 3438 506; x_wconf 90' lang='lat' dir='ltr'><strong>quam</strong></span> <span class='ocrx_word' id='word_1_29' title='bbox 3485 449 3629 491; x_wconf 86' lang='lat' dir='ltr'><strong>nunc</strong></span> 
     </span>
    </p>
   </div>
   <div class='ocr_carea' id='block_1_5' title="bbox 323 521 1918 595">
    <p class='ocr_par' dir='ltr' id='par_1_5' title="bbox 323 521 1918 595">
     <span class='ocr_line' id='line_1_5' title="bbox 323 521 1918 595; baseline -0.003 -13"><span class='ocrx_word' id='word_1_30' title='bbox 323 525 487 590; x_wconf 87' lang='lat' dir='ltr'><strong>derit,</strong></span> <span class='ocrx_word' id='word_1_31' title='bbox 529 523 656 595; x_wconf 91' lang='lat' dir='ltr'><strong>quid</strong></span> <span class='ocrx_word' id='word_1_32' title='bbox 703 522 1061 593; x_wconf 81' lang='lat' dir='ltr'><strong>respondebis</strong></span> <span class='ocrx_word' id='word_1_33' title='bbox 1114 521 1244 577; x_wconf 92' lang='lat' dir='ltr'><strong>mihi</strong></span> <span class='ocrx_word' id='word_1_34' title='bbox 1298 522 1367 578; x_wconf 89' lang='lat' dir='ltr'><strong>de</strong></span> <span class='ocrx_word' id='word_1_35' title='bbox 1423 521 1777 578; x_wconf 87' lang='lat' dir='ltr'><strong>Daniele?Et</strong></span> <span class='ocrx_word' id='word_1_36' title='bbox 1830 521 1918 578; x_wconf 88' lang='lat' dir='ltr'><strong>hic</strong></span> 
     </span>
    </p>
   </div>
   <div class='ocr_carea' id='block_1_6' title="bbox 323 616 1919 685">
    <p class='ocr_par' dir='ltr' id='par_1_6' title="bbox 323 616 1919 685">
     <span class='ocr_line' id='line_1_6' title="bbox 323 616 1919 685; baseline 0 -13"><span class='ocrx_word' id='word_1_37' title='bbox 323 628 447 673; x_wconf 86' lang='lat' dir='ltr'><strong>ante</strong></span> <span class='ocrx_word' id='word_1_38' title='bbox 499 617 872 684; x_wconf 70' lang='lat' dir='ltr'><strong>captivitatem</strong></span> <span class='ocrx_word' id='word_1_39' title='bbox 930 616 983 669; x_wconf 90' lang='lat' dir='ltr'><strong>in</strong></span> <span class='ocrx_word' id='word_1_40' title='bbox 1042 616 1230 685; x_wconf 62' lang='lat' dir='ltr'><strong>patriae</strong></span> <span class='ocrx_word' id='word_1_41' title='bbox 1283 616 1466 671; x_wconf 86' lang='lat' dir='ltr'><strong>ﬂoruit</strong></span> <span class='ocrx_word' id='word_1_42' title='bbox 1516 617 1822 683; x_wconf 84' lang='lat' dir='ltr'><strong>nobilitate,</strong></span> <span class='ocrx_word' id='word_1_43' title='bbox 1863 625 1919 672; x_wconf 89' lang='lat' dir='ltr'><strong>et</strong></span> 
     </span>
    </p>
   </div>
   <div class='ocr_carea' id='block_1_7' title="bbox 321 710 1918 783">
    <p class='ocr_par' dir='ltr' id='par_1_7' title="bbox 321 710 1918 783">
     <span class='ocr_line' id='line_1_7' title="bbox 321 710 1918 783; baseline -0.001 -15"><span class='ocrx_word' id='word_1_44' title='bbox 321 713 605 779; x_wconf 88' lang='lat' dir='ltr'><strong>deinceps,</strong></span> <span class='ocrx_word' id='word_1_45' title='bbox 637 712 690 765; x_wconf 92' lang='lat' dir='ltr'><strong>in</strong></span> <span class='ocrx_word' id='word_1_46' title='bbox 724 711 1053 783; x_wconf 82' lang='lat' dir='ltr'><strong>Babylonem</strong></span> <span class='ocrx_word' id='word_1_47' title='bbox 1088 711 1405 777; x_wconf 87' lang='lat' dir='ltr'><strong>translatus,</strong></span> <span class='ocrx_word' id='word_1_48' title='bbox 1442 712 1727 767; x_wconf 90' lang='lat' dir='ltr'><strong>eunuchus</strong></span> <span class='ocrx_word' id='word_1_49' title='bbox 1755 710 1918 767; x_wconf 83' lang='lat' dir='ltr'><strong>effec-</strong></span> 
     </span>
    </p>
   </div>
   <div class='ocr_carea' id='block_1_8' title="bbox 320 804 1912 876">
    <p class='ocr_par' dir='ltr' id='par_1_8' title="bbox 320 804 1912 876">
     <span class='ocr_line' id='line_1_8' title="bbox 320 804 1912 876; baseline -0.002 -14"><span class='ocrx_word' id='word_1_50' title='bbox 320 816 409 863; x_wconf 92' lang='lat' dir='ltr'><strong>tus</strong></span> <span class='ocrx_word' id='word_1_51' title='bbox 431 816 535 871; x_wconf 88' lang='lat' dir='ltr'><strong>est,</strong></span> <span class='ocrx_word' id='word_1_52' title='bbox 564 813 623 860; x_wconf 88' lang='lat' dir='ltr'><strong>ut</strong></span> <span class='ocrx_word' id='word_1_53' title='bbox 654 805 944 860; x_wconf 89' lang='lat' dir='ltr'><strong>manifeste</strong></span> <span class='ocrx_word' id='word_1_54' title='bbox 970 820 1036 860; x_wconf 80' lang='lat' dir='ltr'><strong>ex</strong></span> <span class='ocrx_word' id='word_1_55' title='bbox 1070 804 1211 859; x_wconf 87' lang='lat' dir='ltr'><strong>libro</strong></span> <span class='ocrx_word' id='word_1_56' title='bbox 1243 805 1413 872; x_wconf 82' lang='lat' dir='ltr'><strong>ipsius</strong></span> <span class='ocrx_word' id='word_1_57' title='bbox 1443 804 1671 876; x_wconf 85' lang='lat' dir='ltr'><strong>intelligi</strong></span> <span class='ocrx_word' id='word_1_58' title='bbox 1700 814 1874 873; x_wconf 81' lang='lat' dir='ltr'><strong>potest</strong></span> <span class='ocrx_word' id='word_1_59' title='bbox 1899 823 1912 859; x_wconf 91' lang='lat'><strong>:</strong></span> 
     </span>
    </p>
   </div>
   <div class='ocr_carea' id='block_1_9' title="bbox 317 899 1912 970">
    <p class='ocr_par' dir='ltr' id='par_1_9' title="bbox 317 899 1912 970">
     <span class='ocr_line' id='line_1_9' title="bbox 317 899 1912 970; baseline -0.001 -14"><span class='ocrx_word' id='word_1_60' title='bbox 317 900 454 956; x_wconf 83' lang='lat' dir='ltr'><strong>vidit</strong></span> <span class='ocrx_word' id='word_1_61' title='bbox 487 910 541 957; x_wconf 87' lang='lat' dir='ltr'><strong>et</strong></span> <span class='ocrx_word' id='word_1_62' title='bbox 573 901 946 964; x_wconf 67' lang='lat' dir='ltr'><strong>reversionem</strong></span> <span class='ocrx_word' id='word_1_63' title='bbox 987 902 1041 954; x_wconf 92' lang='lat' dir='ltr'><strong>in</strong></span> <span class='ocrx_word' id='word_1_64' title='bbox 1084 900 1410 956; x_wconf 82' lang='lat' dir='ltr'><strong>Jerusalem.</strong></span> <span class='ocrx_word' id='word_1_65' title='bbox 1464 899 1531 954; x_wconf 87' lang='lat' dir='ltr'><strong>Ut</strong></span> <span class='ocrx_word' id='word_1_66' title='bbox 1575 911 1755 955; x_wconf 88' lang='lat' dir='ltr'><strong>autem</strong></span> <span class='ocrx_word' id='word_1_67' title='bbox 1785 915 1912 970; x_wconf 85' lang='lat' dir='ltr'><strong>pro-</strong></span> 
     </span>
    </p>
   </div>
   <div class='ocr_carea' id='block_1_10' title="bbox 316 992 1910 1065">
    <p class='ocr_par' dir='ltr' id='par_1_10' title="bbox 316 992 1910 1065">
     <span class='ocr_line' id='line_1_10' title="bbox 316 992 1910 1065; baseline -0.004 -11"><span class='ocrx_word' id='word_1_68' title='bbox 316 997 496 1061; x_wconf 85' lang='lat' dir='ltr'><strong>betur,</strong></span> <span class='ocrx_word' id='word_1_69' title='bbox 530 994 675 1065; x_wconf 90' lang='lat' dir='ltr'><strong>quod</strong></span> <span class='ocrx_word' id='word_1_70' title='bbox 704 1003 831 1049; x_wconf 86' lang='lat' dir='ltr'><strong>ante</strong></span> <span class='ocrx_word' id='word_1_71' title='bbox 859 994 1237 1064; x_wconf 83' lang='lat' dir='ltr'><strong>captivitatem</strong></span> <span class='ocrx_word' id='word_1_72' title='bbox 1272 994 1325 1047; x_wconf 92' lang='lat' dir='ltr'><strong>in</strong></span> <span class='ocrx_word' id='word_1_73' title='bbox 1371 992 1678 1049; x_wconf 83' lang='lat' dir='ltr'><strong>Jerusalem</strong></span> <span class='ocrx_word' id='word_1_74' title='bbox 1729 992 1910 1063; x_wconf 90' lang='lat' dir='ltr'><strong>fuerit,</strong></span> 
     </span>
    </p>
   </div>
   <div class='ocr_carea' id='block_1_11' title="bbox 316 1087 1915 1162">
    <p class='ocr_par' dir='ltr' id='par_1_11' title="bbox 316 1087 1915 1162">
     <span class='ocr_line' id='line_1_11' title="bbox 316 1087 1915 1162; baseline -0.003 -14"><span class='ocrx_word' id='word_1_75' title='bbox 316 1100 373 1148; x_wconf 91' lang='lat' dir='ltr'><strong>et</strong></span> <span class='ocrx_word' id='word_1_76' title='bbox 399 1100 520 1162; x_wconf 89' lang='lat' dir='ltr'><strong>post</strong></span> <span class='ocrx_word' id='word_1_77' title='bbox 546 1091 916 1161; x_wconf 82' lang='lat' dir='ltr'><strong>captivitatem</strong></span> <span class='ocrx_word' id='word_1_78' title='bbox 943 1088 1224 1143; x_wconf 89' lang='lat' dir='ltr'><strong>eunuchus</strong></span> <span class='ocrx_word' id='word_1_79' title='bbox 1253 1087 1479 1144; x_wconf 76' lang='lat' dir='ltr'><strong>effectus</strong></span> <span class='ocrx_word' id='word_1_80' title='bbox 1538 1089 1630 1153; x_wconf 89' lang='lat' dir='ltr'><strong>sit,</strong></span> <span class='ocrx_word' id='word_1_81' title='bbox 1672 1102 1915 1143; x_wconf 88' lang='lat' dir='ltr'><strong>assuma-</strong></span> 
     </span>
    </p>
   </div>
   <div class='ocr_carea' id='block_1_12' title="bbox 315 1179 1913 1253">
    <p class='ocr_par' dir='ltr' id='par_1_12' title="bbox 315 1179 1913 1253">
     <span class='ocr_line' id='line_1_12' title="bbox 315 1179 1913 1253; baseline -0.004 -14"><span class='ocrx_word' id='word_1_82' title='bbox 315 1199 443 1239; x_wconf 89' lang='lat' dir='ltr'><strong>mus</strong></span> <span class='ocrx_word' id='word_1_83' title='bbox 475 1183 525 1237; x_wconf 91' lang='lat' dir='ltr'><strong>id</strong></span> <span class='ocrx_word' id='word_1_84' title='bbox 558 1182 701 1253; x_wconf 91' lang='lat' dir='ltr'><strong>qnod</strong></span> <span class='ocrx_word' id='word_1_85' title='bbox 725 1181 789 1235; x_wconf 88' lang='lat' dir='ltr'><strong>ad</strong></span> <span class='ocrx_word' id='word_1_86' title='bbox 827 1181 1115 1236; x_wconf 85' lang='lat' dir='ltr'><strong>Ezechiam</strong></span> <span class='ocrx_word' id='word_1_87' title='bbox 1141 1181 1347 1236; x_wconf 91' lang='lat' dir='ltr'><strong>dictum</strong></span> <span class='ocrx_word' id='word_1_88' title='bbox 1378 1190 1500 1236; x_wconf 91' lang='lat' dir='ltr'><strong>est:</strong></span> <span class='ocrx_word' id='word_1_89' title='bbox 1544 1181 1809 1253; x_wconf 81' lang='lat' dir='ltr'><strong>Accipient</strong></span> <span class='ocrx_word' id='word_1_90' title='bbox 1848 1179 1913 1234; x_wconf 86' lang='lat' dir='ltr'><strong>de</strong></span> 
     </span>
    </p>
   </div>
   <div class='ocr_carea' id='block_1_13' title="bbox 313 1273 1909 1352">
    <p class='ocr_par' dir='ltr' id='par_1_13' title="bbox 313 1273 1909 1352">
     <span class='ocr_line' id='line_1_13' title="bbox 313 1273 1909 1352; baseline -0.002 -20"><span class='ocrx_word' id='word_1_91' title='bbox 313 1279 442 1352; x_wconf 69' lang='lat' dir='ltr'><strong>[iiiis</strong></span> <span class='ocrx_word' id='word_1_92' title='bbox 490 1279 622 1337; x_wconf 78' lang='lat' dir='ltr'><strong>tuis,</strong></span> <span class='ocrx_word' id='word_1_93' title='bbox 655 1287 704 1331; x_wconf 80' lang='lat' dir='ltr'><strong>et</strong></span> <span class='ocrx_word' id='word_1_94' title='bbox 744 1277 933 1350; x_wconf 81' lang='lat' dir='ltr'><strong>facient</strong></span> <span class='ocrx_word' id='word_1_95' title='bbox 984 1277 1241 1345; x_wconf 84' lang='lat' dir='ltr'><strong>spadones</strong></span> <span class='ocrx_word' id='word_1_96' title='bbox 1290 1277 1343 1329; x_wconf 85' lang='lat' dir='ltr'><strong>in</strong></span> <span class='ocrx_word' id='word_1_97' title='bbox 1393 1276 1547 1329; x_wconf 85' lang='lat' dir='ltr'><strong>domo</strong></span> <span class='ocrx_word' id='word_1_98' title='bbox 1588 1276 1724 1347; x_wconf 85' lang='lat' dir='ltr'><strong>regis</strong></span> <span class='ocrx_word' id='word_1_99' title='bbox 1753 1273 1909 1346; x_wconf 88' lang='lat' dir='ltr'><strong>(Isai.</strong></span> 
     </span>
    </p>
   </div>
   <div class='ocr_carea' id='block_1_14' title="bbox 314 1369 1915 1445">
    <p class='ocr_par' dir='ltr' id='par_1_14' title="bbox 314 1369 1915 1445">
     <span class='ocr_line' id='line_1_14' title="bbox 314 1369 1915 1445; baseline -0.003 -16"><span class='ocrx_word' id='word_1_100' title='bbox 314 1371 528 1445; x_wconf 76' lang='lat' dir='ltr'><strong>xxxix).</strong></span> <span class='ocrx_word' id='word_1_101' title='bbox 564 1371 770 1427; x_wconf 86' lang='lat' dir='ltr'><strong>Deinde</strong></span> <span class='ocrx_word' id='word_1_102' title='bbox 798 1379 921 1441; x_wconf 89' lang='lat' dir='ltr'><strong>post</strong></span> <span class='ocrx_word' id='word_1_103' title='bbox 949 1372 1291 1440; x_wconf 83' lang='lat' dir='ltr'><strong>septuaginta</strong></span> <span class='ocrx_word' id='word_1_104' title='bbox 1318 1384 1488 1424; x_wconf 90' lang='lat' dir='ltr'><strong>annos</strong></span> <span class='ocrx_word' id='word_1_105' title='bbox 1516 1369 1789 1424; x_wconf 86' lang='lat' dir='ltr'><strong>invenitur</strong></span> <span class='ocrx_word' id='word_1_106' title='bbox 1819 1370 1915 1425; x_wconf 85' lang='lat' dir='ltr'><strong>de-</strong></span> 
     </span>
    </p>
   </div>
   <div class='ocr_carea' id='block_1_15' title="bbox 314 1464 1911 1538">
    <p class='ocr_par' dir='ltr' id='par_1_15' title="bbox 314 1464 1911 1538">
     <span class='ocr_line' id='line_1_15' title="bbox 314 1464 1911 1538; baseline -0.002 -16"><span class='ocrx_word' id='word_1_107' title='bbox 314 1482 551 1538; x_wconf 86' lang='lat' dir='ltr'><strong>precans</strong></span> <span class='ocrx_word' id='word_1_108' title='bbox 598 1465 795 1533; x_wconf 85' lang='lat' dir='ltr'><strong>Deum,</strong></span> <span class='ocrx_word' id='word_1_109' title='bbox 850 1474 908 1518; x_wconf 89' lang='lat' dir='ltr'><strong>ut</strong></span> <span class='ocrx_word' id='word_1_110' title='bbox 945 1466 1221 1535; x_wconf 89' lang='lat' dir='ltr'><strong>completo</strong></span> <span class='ocrx_word' id='word_1_111' title='bbox 1247 1464 1358 1534; x_wconf 88' lang='lat' dir='ltr'><strong>jam</strong></span> <span class='ocrx_word' id='word_1_112' title='bbox 1390 1473 1636 1534; x_wconf 88' lang='lat' dir='ltr'><strong>tempore</strong></span> <span class='ocrx_word' id='word_1_113' title='bbox 1683 1464 1911 1535; x_wconf 88' lang='lat' dir='ltr'><strong>captivi-</strong></span> 
     </span>
    </p>
   </div>
   <div class='ocr_carea' id='block_1_16' title="bbox 316 1558 1914 1629">
    <p class='ocr_par' dir='ltr' id='par_1_16' title="bbox 316 1558 1914 1629">
     <span class='ocr_line' id='line_1_16' title="bbox 316 1558 1914 1629; baseline -0.001 -14"><span class='ocrx_word' id='word_1_114' title='bbox 316 1561 467 1626; x_wconf 80' lang='lat' dir='ltr'><strong>tatis,</strong></span> <span class='ocrx_word' id='word_1_115' title='bbox 499 1576 713 1615; x_wconf 85' lang='lat' dir='ltr'><strong>rursum</strong></span> <span class='ocrx_word' id='word_1_116' title='bbox 770 1559 1105 1629; x_wconf 81' lang='lat' dir='ltr'><strong>ingrediatur</strong></span> <span class='ocrx_word' id='word_1_117' title='bbox 1126 1558 1457 1615; x_wconf 81' lang='lat' dir='ltr'><strong>JeruSalem.</strong></span> <span class='ocrx_word' id='word_1_118' title='bbox 1494 1559 1764 1615; x_wconf 84' lang='lat' dir='ltr'><strong>Habemus</strong></span> <span class='ocrx_word' id='word_1_119' title='bbox 1794 1574 1914 1614; x_wconf 88' lang='lat' dir='ltr'><strong>ora-</strong></span> 
     </span>
    </p>
   </div>
   <div class='ocr_carea' id='block_1_17' title="bbox 311 1652 1907 1725">
    <p class='ocr_par' dir='ltr' id='par_1_17' title="bbox 311 1652 1907 1725">
     <span class='ocr_line' id='line_1_17' title="bbox 311 1652 1907 1725; baseline -0.001 -16"><span class='ocrx_word' id='word_1_120' title='bbox 311 1655 516 1709; x_wconf 91' lang='lat' dir='ltr'><strong>tionem</strong></span> <span class='ocrx_word' id='word_1_121' title='bbox 549 1654 667 1724; x_wconf 87' lang='lat' dir='ltr'><strong>ejus</strong></span> <span class='ocrx_word' id='word_1_122' title='bbox 694 1653 750 1709; x_wconf 91' lang='lat' dir='ltr'><strong>in</strong></span> <span class='ocrx_word' id='word_1_123' title='bbox 776 1653 1055 1707; x_wconf 87' lang='lat' dir='ltr'><strong>volumine</strong></span> <span class='ocrx_word' id='word_1_124' title='bbox 1088 1652 1306 1724; x_wconf 91' lang='lat' dir='ltr'><strong>proprio</strong></span> <span class='ocrx_word' id='word_1_125' title='bbox 1351 1654 1713 1722; x_wconf 84' lang='lat' dir='ltr'><strong>conscriptam</strong></span> <span class='ocrx_word' id='word_1_126' title='bbox 1744 1653 1907 1725; x_wconf 88' lang='lat' dir='ltr'><strong>(Dan.</strong></span> 
     </span>
    </p>
   </div>
   <div class='ocr_carea' id='block_1_18' title="bbox 312 1746 1911 1829">
    <p class='ocr_par' dir='ltr' id='par_1_18' title="bbox 312 1746 1911 1819">
     <span class='ocr_line' id='line_1_18' title="bbox 312 1746 1911 1819; baseline -0.001 -16"><span class='ocrx_word' id='word_1_127' title='bbox 312 1746 417 1818; x_wconf 81' lang='lat' dir='ltr'><strong>Ix),</strong></span> <span class='ocrx_word' id='word_1_128' title='bbox 469 1761 569 1802; x_wconf 89' lang='lat' dir='ltr'><strong>nec</strong></span> <span class='ocrx_word' id='word_1_129' title='bbox 610 1757 787 1802; x_wconf 89' lang='lat' dir='ltr'><strong>tamen</strong></span> <span class='ocrx_word' id='word_1_130' title='bbox 840 1746 1007 1819; x_wconf 76' lang='lat'><strong>926</strong></span> <span class='ocrx_word' id='word_1_131' title='bbox 1065 1761 1353 1815; x_wconf 84' lang='lat' dir='ltr'><strong>possumus</strong></span> <span class='ocrx_word' id='word_1_132' title='bbox 1408 1746 1655 1802; x_wconf 89' lang='lat' dir='ltr'><strong>invenire</strong></span> <span class='ocrx_word' id='word_1_133' title='bbox 1694 1746 1786 1801; x_wconf 92' lang='lat' dir='ltr'><strong>ubi</strong></span> <span class='ocrx_word' id='word_1_134' title='bbox 1842 1746 1911 1801; x_wconf 88' lang='lat' dir='ltr'><strong>sit</strong></span> 
     </span>
    </p>
   </div>
   <div class='ocr_carea' id='block_1_19' title="bbox 2022 525 3625 595">
    <p class='ocr_par' dir='ltr' id='par_1_19' title="bbox 2022 525 3625 595">
     <span class='ocr_line' id='line_1_19' title="bbox 2022 525 3625 595; baseline -0.001 -14"><span class='ocrx_word' id='word_1_135' title='bbox 2022 539 2286 581; x_wconf 84' lang='lat' dir='ltr'><strong>conamur</strong></span> <span class='ocrx_word' id='word_1_136' title='bbox 2315 540 2616 595; x_wconf 84' lang='lat' dir='ltr'><strong>exponere,</strong></span> <span class='ocrx_word' id='word_1_137' title='bbox 2647 525 2882 582; x_wconf 84' lang='lat' dir='ltr'><strong>filiorum</strong></span> <span class='ocrx_word' id='word_1_138' title='bbox 2917 536 2976 583; x_wconf 90' lang='lat' dir='ltr'><strong>et</strong></span> <span class='ocrx_word' id='word_1_139' title='bbox 3003 527 3235 582; x_wconf 83' lang='lat' dir='ltr'><strong>filiarum</strong></span> <span class='ocrx_word' id='word_1_140' title='bbox 3282 542 3480 582; x_wconf 90' lang='lat' dir='ltr'><strong>nomen</strong></span> <span class='ocrx_word' id='word_1_141' title='bbox 3523 542 3625 581; x_wconf 84' lang='lat' dir='ltr'><strong>an-</strong></span> 
     </span>
    </p>
   </div>
   <div class='ocr_carea' id='block_1_20' title="bbox 2020 617 3626 692">
    <p class='ocr_par' dir='ltr' id='par_1_20' title="bbox 2020 617 3626 692">
     <span class='ocr_line' id='line_1_20' title="bbox 2020 617 3626 692; baseline 0.004 -21"><span class='ocrx_word' id='word_1_142' title='bbox 2020 632 2218 673; x_wconf 84' lang='lat' dir='ltr'><strong>nexum</strong></span> <span class='ocrx_word' id='word_1_143' title='bbox 2264 628 2370 685; x_wconf 89' lang='lat' dir='ltr'><strong>est,</strong></span> <span class='ocrx_word' id='word_1_144' title='bbox 2405 617 2456 672; x_wconf 90' lang='lat' dir='ltr'><strong>id</strong></span> <span class='ocrx_word' id='word_1_145' title='bbox 2501 626 2607 683; x_wconf 90' lang='lat' dir='ltr'><strong>est,</strong></span> <span class='ocrx_word' id='word_1_146' title='bbox 2643 617 3026 686; x_wconf 67' lang='lat' dir='ltr'><strong>in&#39;romphaea,</strong></span> <span class='ocrx_word' id='word_1_147' title='bbox 3078 635 3182 691; x_wconf 88' lang='lat' dir='ltr'><strong>qua</strong></span> <span class='ocrx_word' id='word_1_148' title='bbox 3213 627 3496 685; x_wconf 90' lang='lat' dir='ltr'><strong>corruunt,</strong></span> <span class='ocrx_word' id='word_1_149' title='bbox 3530 621 3626 692; x_wconf 88' lang='lat' dir='ltr'><strong>qui</strong></span> 
     </span>
    </p>
   </div>
   <div class='ocr_carea' id='block_1_21' title="bbox 2018 710 3619 784">
    <p class='ocr_par' dir='ltr' id='par_1_21' title="bbox 2018 710 3619 784">
     <span class='ocr_line' id='line_1_21' title="bbox 2018 710 3619 784; baseline 0.004 -20"><span class='ocrx_word' id='word_1_150' title='bbox 2018 710 2169 766; x_wconf 71' lang='lat' dir='ltr'><strong>caede</strong></span> <span class='ocrx_word' id='word_1_151' title='bbox 2197 711 2314 781; x_wconf 89' lang='lat' dir='ltr'><strong>ejus</strong></span> <span class='ocrx_word' id='word_1_152' title='bbox 2345 711 2506 782; x_wconf 89' lang='lat' dir='ltr'><strong>digna</strong></span> <span class='ocrx_word' id='word_1_153' title='bbox 2541 711 2806 766; x_wconf 89' lang='lat' dir='ltr'><strong>fecerunt.</strong></span> <span class='ocrx_word' id='word_1_154' title='bbox 2833 711 2964 781; x_wconf 87' lang='lat' dir='ltr'><strong>Quis</strong></span> <span class='ocrx_word' id='word_1_155' title='bbox 2995 723 3074 767; x_wconf 90' lang='lat' dir='ltr'><strong>est</strong></span> <span class='ocrx_word' id='word_1_156' title='bbox 3102 729 3232 784; x_wconf 87' lang='lat' dir='ltr'><strong>ergo</strong></span> <span class='ocrx_word' id='word_1_157' title='bbox 3255 714 3359 770; x_wconf 90' lang='lat' dir='ltr'><strong>iste</strong></span> <span class='ocrx_word' id='word_1_158' title='bbox 3385 714 3619 783; x_wconf 84' lang='lat' dir='ltr'><strong>gladius,</strong></span> 
     </span>
    </p>
   </div>
   <div class='ocr_carea' id='block_1_22' title="bbox 2020 802 3624 875">
    <p class='ocr_par' dir='ltr' id='par_1_22' title="bbox 2020 802 3624 875">
     <span class='ocr_line' id='line_1_22' title="bbox 2020 802 3624 875; baseline 0.004 -18"><span class='ocrx_word' id='word_1_159' title='bbox 2020 802 2072 857; x_wconf 90' lang='lat' dir='ltr'><strong>id</strong></span> <span class='ocrx_word' id='word_1_160' title='bbox 2102 814 2205 870; x_wconf 89' lang='lat' dir='ltr'><strong>est,</strong></span> <span class='ocrx_word' id='word_1_161' title='bbox 2242 804 2545 872; x_wconf 70' lang='lat' dir='ltr'><strong>romphzea,</strong></span> <span class='ocrx_word' id='word_1_162' title='bbox 2579 820 2740 875; x_wconf 90' lang='lat' dir='ltr'><strong>quam</strong></span> <span class='ocrx_word' id='word_1_163' title='bbox 2772 819 2872 859; x_wconf 92' lang='lat' dir='ltr'><strong>nos</strong></span> <span class='ocrx_word' id='word_1_164' title='bbox 2899 805 3196 861; x_wconf 82' lang='lat' dir='ltr'><strong>formidare</strong></span> <span class='ocrx_word' id='word_1_165' title='bbox 3221 806 3506 873; x_wconf 90' lang='lat' dir='ltr'><strong>debemus,</strong></span> <span class='ocrx_word' id='word_1_166' title='bbox 3554 822 3624 864; x_wconf 86' lang='lat' dir='ltr'><strong>no</strong></span> 
     </span>
    </p>
   </div>
   <div class='ocr_carea' id='block_1_23' title="bbox 2018 896 3617 972">
    <p class='ocr_par' dir='ltr' id='par_1_23' title="bbox 2018 896 3617 972">
     <span class='ocr_line' id='line_1_23' title="bbox 2018 896 3617 972; baseline 0.005 -23"><span class='ocrx_word' id='word_1_167' title='bbox 2018 896 2232 966; x_wconf 82' lang='lat' dir='ltr'><strong>quando</strong></span> <span class='ocrx_word' id='word_1_168' title='bbox 2263 898 2511 953; x_wconf 86' lang='lat' dir='ltr'><strong>mittatur</strong></span> <span class='ocrx_word' id='word_1_169' title='bbox 2541 913 2705 967; x_wconf 83' lang='lat' dir='ltr'><strong>super</strong></span> <span class='ocrx_word' id='word_1_170' title='bbox 2738 906 2935 952; x_wconf 90' lang='lat' dir='ltr'><strong>terram</strong></span> <span class='ocrx_word' id='word_1_171' title='bbox 2967 910 3238 965; x_wconf 89' lang='lat' dir='ltr'><strong>nostram,</strong></span> <span class='ocrx_word' id='word_1_172' title='bbox 3287 914 3452 972; x_wconf 89' lang='lat' dir='ltr'><strong>super</strong></span> <span class='ocrx_word' id='word_1_173' title='bbox 3506 911 3617 957; x_wconf 90' lang='lat' dir='ltr'><strong>ter-</strong></span> 
     </span>
    </p>
   </div>
   <div class='ocr_carea' id='block_1_24' title="bbox 2018 988 3624 1061">
    <p class='ocr_par' dir='ltr' id='par_1_24' title="bbox 2018 988 3624 1061">
     <span class='ocr_line' id='line_1_24' title="bbox 2018 988 3624 1061; baseline 0.006 -19"><span class='ocrx_word' id='word_1_174' title='bbox 2018 1003 2131 1043; x_wconf 88' lang='lat' dir='ltr'><strong>ram</strong></span> <span class='ocrx_word' id='word_1_175' title='bbox 2159 990 2322 1061; x_wconf 80' lang='lat'><strong>927</strong></span> <span class='ocrx_word' id='word_1_176' title='bbox 2351 1005 2512 1060; x_wconf 92' lang='lat' dir='ltr'><strong>quam</strong></span> <span class='ocrx_word' id='word_1_177' title='bbox 2543 988 2842 1059; x_wconf 78' lang='lat' dir='ltr'><strong>figuraliter</strong></span> <span class='ocrx_word' id='word_1_178' title='bbox 2895 993 3271 1061; x_wconf 82' lang='lat' dir='ltr'><strong>exposuimus,</strong></span> <span class='ocrx_word' id='word_1_179' title='bbox 3327 1003 3386 1048; x_wconf 88' lang='lat' dir='ltr'><strong>ut</strong></span> <span class='ocrx_word' id='word_1_180' title='bbox 3440 1006 3494 1049; x_wconf 91' lang='lat' dir='ltr'><strong>et</strong></span> <span class='ocrx_word' id='word_1_181' title='bbox 3523 1010 3624 1051; x_wconf 88' lang='lat' dir='ltr'><strong>no-</strong></span> 
     </span>
    </p>
   </div>
   <div class='ocr_carea' id='block_1_25' title="bbox 2018 1082 3620 1156">
    <p class='ocr_par' dir='ltr' id='par_1_25' title="bbox 2018 1082 3620 1156">
     <span class='ocr_line' id='line_1_25' title="bbox 2018 1082 3620 1156; baseline 0.005 -21"><span class='ocrx_word' id='word_1_182' title='bbox 2018 1082 2100 1137; x_wconf 89' lang='lat' dir='ltr'><strong>bis</strong></span> <span class='ocrx_word' id='word_1_183' title='bbox 2124 1099 2348 1139; x_wconf 86' lang='lat' dir='ltr'><strong>necesse</strong></span> <span class='ocrx_word' id='word_1_184' title='bbox 2379 1085 2454 1140; x_wconf 89' lang='lat' dir='ltr'><strong>sit</strong></span> <span class='ocrx_word' id='word_1_185' title='bbox 2504 1085 2738 1139; x_wconf 79' lang='lat' dir='ltr'><strong>transire</strong></span> <span class='ocrx_word' id='word_1_186' title='bbox 2784 1101 2880 1154; x_wconf 88' lang='lat' dir='ltr'><strong>per</strong></span> <span class='ocrx_word' id='word_1_187' title='bbox 2903 1085 3139 1156; x_wconf 82' lang='lat' dir='ltr'><strong>gladium</strong></span> <span class='ocrx_word' id='word_1_188' title='bbox 3168 1085 3371 1156; x_wconf 81' lang='lat' dir='ltr'><strong>duplex</strong></span> <span class='ocrx_word' id='word_1_189' title='bbox 3419 1087 3620 1155; x_wconf 87' lang='lat' dir='ltr'><strong>aliquid</strong></span> 
     </span>
    </p>
   </div>
   <div class='ocr_carea' id='block_1_26' title="bbox 2017 1174 3624 1251">
    <p class='ocr_par' dir='ltr' id='par_1_26' title="bbox 2017 1174 3624 1251">
     <span class='ocr_line' id='line_1_26' title="bbox 2017 1174 3624 1251; baseline 0.005 -23"><span class='ocrx_word' id='word_1_190' title='bbox 2017 1174 2313 1231; x_wconf 89' lang='lat' dir='ltr'><strong>habentem</strong></span> <span class='ocrx_word' id='word_1_191' title='bbox 2343 1179 2397 1231; x_wconf 94' lang='lat' dir='ltr'><strong>in</strong></span> <span class='ocrx_word' id='word_1_192' title='bbox 2432 1178 2639 1246; x_wconf 75' lang='lat' dir='ltr'><strong>ptena?</strong></span> <span class='ocrx_word' id='word_1_193' title='bbox 2669 1178 2897 1234; x_wconf 84' lang='lat' dir='ltr'><strong>Habitus</strong></span> <span class='ocrx_word' id='word_1_194' title='bbox 2919 1180 3128 1250; x_wconf 72' lang='lat' dir='ltr'><strong>quippe</strong></span> <span class='ocrx_word' id='word_1_195' title='bbox 3156 1179 3323 1249; x_wconf 90' lang='lat' dir='ltr'><strong>ipsius</strong></span> <span class='ocrx_word' id='word_1_196' title='bbox 3351 1180 3513 1251; x_wconf 86' lang='lat' dir='ltr'><strong>gladii</strong></span> <span class='ocrx_word' id='word_1_197' title='bbox 3542 1182 3624 1236; x_wconf 92' lang='lat' dir='ltr'><strong>di-</strong></span> 
     </span>
    </p>
   </div>
   <div class='ocr_carea' id='block_1_27' title="bbox 2015 1268 3619 1342">
    <p class='ocr_par' dir='ltr' id='par_1_27' title="bbox 2015 1268 3619 1342">
     <span class='ocr_line' id='line_1_27' title="bbox 2015 1268 3619 1342; baseline 0.004 -19"><span class='ocrx_word' id='word_1_198' title='bbox 2015 1268 2149 1324; x_wconf 87' lang='lat' dir='ltr'><strong>vidit</strong></span> <span class='ocrx_word' id='word_1_199' title='bbox 2192 1277 2247 1324; x_wconf 90' lang='lat' dir='ltr'><strong>et</strong></span> <span class='ocrx_word' id='word_1_200' title='bbox 2288 1280 2437 1325; x_wconf 88' lang='lat' dir='ltr'><strong>secat</strong></span> <span class='ocrx_word' id='word_1_201' title='bbox 2481 1287 2631 1338; x_wconf 91' lang='lat' dir='ltr'><strong>eum,</strong></span> <span class='ocrx_word' id='word_1_202' title='bbox 2678 1272 2730 1325; x_wconf 93' lang='lat' dir='ltr'><strong>in</strong></span> <span class='ocrx_word' id='word_1_203' title='bbox 2779 1287 2938 1342; x_wconf 89' lang='lat' dir='ltr'><strong>quem</strong></span> <span class='ocrx_word' id='word_1_204' title='bbox 2988 1271 3264 1327; x_wconf 84' lang='lat' dir='ltr'><strong>infertur:</strong></span> <span class='ocrx_word' id='word_1_205' title='bbox 3318 1273 3361 1328; x_wconf 92' lang='lat' dir='ltr'><strong>si</strong></span> <span class='ocrx_word' id='word_1_206' title='bbox 3393 1288 3522 1329; x_wconf 91' lang='lat' dir='ltr'><strong>vero</strong></span> <span class='ocrx_word' id='word_1_207' title='bbox 3553 1274 3619 1329; x_wconf 91' lang='lat' dir='ltr'><strong>ad</strong></span> 
     </span>
    </p>
   </div>
   <div class='ocr_carea' id='block_1_28' title="bbox 2014 1364 3617 1435">
    <p class='ocr_par' dir='ltr' id='par_1_28' title="bbox 2014 1364 3617 1435">
     <span class='ocr_line' id='line_1_28' title="bbox 2014 1364 3617 1435; baseline 0.004 -21"><span class='ocrx_word' id='word_1_208' title='bbox 2014 1375 2245 1417; x_wconf 92' lang='lat' dir='ltr'><strong>acumen</strong></span> <span class='ocrx_word' id='word_1_209' title='bbox 2292 1364 2428 1419; x_wconf 87' lang='lat' dir='ltr'><strong>aciei</strong></span> <span class='ocrx_word' id='word_1_210' title='bbox 2470 1366 2588 1435; x_wconf 89' lang='lat' dir='ltr'><strong>ejus</strong></span> <span class='ocrx_word' id='word_1_211' title='bbox 2637 1364 2801 1420; x_wconf 88' lang='lat' dir='ltr'><strong>etiam</strong></span> <span class='ocrx_word' id='word_1_212' title='bbox 2848 1374 3025 1419; x_wconf 88' lang='lat' dir='ltr'><strong>tactus</strong></span> <span class='ocrx_word' id='word_1_213' title='bbox 3072 1366 3187 1435; x_wconf 80' lang='lat' dir='ltr'><strong>ipse</strong></span> <span class='ocrx_word' id='word_1_214' title='bbox 3238 1365 3470 1435; x_wconf 73' lang='lat' dir='ltr'><strong>pmnalis</strong></span> <span class='ocrx_word' id='word_1_215' title='bbox 3509 1375 3617 1434; x_wconf 91' lang='lat' dir='ltr'><strong>est,</strong></span> 
     </span>
    </p>
   </div>
   <div class='ocr_carea' id='block_1_29' title="bbox 2014 1454 3615 1532">
    <p class='ocr_par' dir='ltr' id='par_1_29' title="bbox 2014 1454 3615 1532">
     <span class='ocr_line' id='line_1_29' title="bbox 2014 1454 3615 1532; baseline 0.003 -21"><span class='ocrx_word' id='word_1_216' title='bbox 2014 1454 2311 1526; x_wconf 88' lang='lat' dir='ltr'><strong>dupliciter</strong></span> <span class='ocrx_word' id='word_1_217' title='bbox 2344 1469 2653 1531; x_wconf 90' lang='lat' dir='ltr'><strong>torquetur,</strong></span> <span class='ocrx_word' id='word_1_218' title='bbox 2698 1460 2787 1532; x_wconf 93' lang='lat' dir='ltr'><strong>qui</strong></span> <span class='ocrx_word' id='word_1_219' title='bbox 2815 1460 2921 1516; x_wconf 88' lang='lat' dir='ltr'><strong>hoc</strong></span> <span class='ocrx_word' id='word_1_220' title='bbox 2949 1461 3129 1530; x_wconf 86' lang='lat' dir='ltr'><strong>gladio</strong></span> <span class='ocrx_word' id='word_1_221' title='bbox 3176 1460 3482 1532; x_wconf 91' lang='lat' dir='ltr'><strong>puniendus</strong></span> <span class='ocrx_word' id='word_1_222' title='bbox 3510 1472 3615 1517; x_wconf 88' lang='lat' dir='ltr'><strong>est.</strong></span> 
     </span>
    </p>
   </div>
   <div class='ocr_carea' id='block_1_30' title="bbox 2014 1546 3619 1626">
    <p class='ocr_par' dir='ltr' id='par_1_30' title="bbox 2014 1546 3619 1626">
     <span class='ocr_line' id='line_1_30' title="bbox 2014 1546 3619 1626; baseline 0.005 -24"><span class='ocrx_word' id='word_1_223' title='bbox 2014 1546 2289 1613; x_wconf 87' lang='lat' dir='ltr'><strong>Scriptum</strong></span> <span class='ocrx_word' id='word_1_224' title='bbox 2344 1561 2430 1606; x_wconf 89' lang='lat' dir='ltr'><strong>est</strong></span> <span class='ocrx_word' id='word_1_225' title='bbox 2483 1552 2667 1607; x_wconf 87' lang='lat' dir='ltr'><strong>enim:</strong></span> <span class='ocrx_word' id='word_1_226' title='bbox 2726 1551 2924 1609; x_wconf 81' lang='lat' dir='ltr'><strong>Statuit</strong></span> <span class='ocrx_word' id='word_1_227' title='bbox 2961 1554 3167 1626; x_wconf 82' lang='lat' dir='ltr'><strong>igneam</strong></span> <span class='ocrx_word' id='word_1_228' title='bbox 3204 1557 3529 1626; x_wconf 81' lang='lat' dir='ltr'><strong>remp/team,</strong></span> <span class='ocrx_word' id='word_1_229' title='bbox 3573 1562 3619 1610; x_wconf 84' lang='lat' dir='ltr'><strong>et</strong></span> 
     </span>
    </p>
   </div>
   <div class='ocr_carea' id='block_1_31' title="bbox 2014 1640 3618 1720">
    <p class='ocr_par' dir='ltr' id='par_1_31' title="bbox 2014 1640 3618 1720">
     <span class='ocr_line' id='line_1_31' title="bbox 2014 1640 3618 1720; baseline 0.004 -24"><span class='ocrx_word' id='word_1_230' title='bbox 2014 1640 2291 1698; x_wconf 86' lang='lat' dir='ltr'><strong>Cherubim</strong></span> <span class='ocrx_word' id='word_1_231' title='bbox 2322 1646 2582 1699; x_wconf 81' lang='lat' dir='ltr'><strong>custodire</strong></span> <span class='ocrx_word' id='word_1_232' title='bbox 2602 1648 2734 1700; x_wconf 87' lang='lat' dir='ltr'><strong>viam</strong></span> <span class='ocrx_word' id='word_1_233' title='bbox 2760 1646 2891 1720; x_wconf 86' lang='lat' dir='ltr'><strong>ligni</strong></span> <span class='ocrx_word' id='word_1_234' title='bbox 2920 1649 3038 1702; x_wconf 73' lang='lat' dir='ltr'><strong>vita:</strong></span> <span class='ocrx_word' id='word_1_235' title='bbox 3064 1646 3217 1719; x_wconf 86' lang='lat' dir='ltr'><strong>(Gen.</strong></span> <span class='ocrx_word' id='word_1_236' title='bbox 3253 1648 3355 1720; x_wconf 86' lang='lat' dir='ltr'><strong>tu).</strong></span> <span class='ocrx_word' id='word_1_237' title='bbox 3395 1649 3455 1703; x_wconf 85' lang='lat' dir='ltr'><strong>Et</strong></span> <span class='ocrx_word' id='word_1_238' title='bbox 3480 1663 3618 1719; x_wconf 88' lang='lat' dir='ltr'><strong>quo-</strong></span> 
     </span>
    </p>
   </div>
   <div class='ocr_carea' id='block_1_32' title="bbox 2014 1738 3621 1810">
    <p class='ocr_par' dir='ltr' id='par_1_32' title="bbox 2014 1738 3621 1810">
     <span class='ocr_line' id='line_1_32' title="bbox 2014 1738 3621 1810; baseline 0.004 -19"><span class='ocrx_word' id='word_1_239' title='bbox 2014 1738 2177 1793; x_wconf 90' lang='lat' dir='ltr'><strong>modo</strong></span> <span class='ocrx_word' id='word_1_240' title='bbox 2221 1739 2267 1793; x_wconf 93' lang='lat' dir='ltr'><strong>si</strong></span> <span class='ocrx_word' id='word_1_241' title='bbox 2314 1739 2525 1810; x_wconf 85' lang='lat' dir='ltr'><strong>gladius</strong></span> <span class='ocrx_word' id='word_1_242' title='bbox 2569 1748 2761 1796; x_wconf 91' lang='lat' dir='ltr'><strong>acutus</strong></span> <span class='ocrx_word' id='word_1_243' title='bbox 2791 1751 2846 1796; x_wconf 93' lang='lat' dir='ltr'><strong>et</strong></span> <span class='ocrx_word' id='word_1_244' title='bbox 2874 1742 3092 1797; x_wconf 64' lang='lat' dir='ltr'><strong>credens</strong></span> <span class='ocrx_word' id='word_1_245' title='bbox 3118 1741 3385 1797; x_wconf 89' lang='lat' dir='ltr'><strong>inferatur</strong></span> <span class='ocrx_word' id='word_1_246' title='bbox 3418 1744 3470 1797; x_wconf 93' lang='lat' dir='ltr'><strong>in</strong></span> <span class='ocrx_word' id='word_1_247' title='bbox 3496 1757 3621 1798; x_wconf 90' lang='lat' dir='ltr'><strong>cor-</strong></span> 
     </span>
    </p>
   </div>
   <div class='ocr_carea' id='block_1_33' title="bbox 311 1831 3615 1911">
    <p class='ocr_par' dir='ltr' id='par_1_33' title="bbox 311 1831 3615 1911">
     <span class='ocr_line' id='line_1_33' title="bbox 311 1831 3615 1911; baseline 0.001 -23"><span class='ocrx_word' id='word_1_248' title='bbox 311 1848 579 1895; x_wconf 77' lang='lat' dir='ltr'><strong>monuus.</strong></span> <span class='ocrx_word' id='word_1_249' title='bbox 620 1839 758 1894; x_wconf 75' lang='lat' dir='ltr'><strong>Vidit</strong></span> <span class='ocrx_word' id='word_1_250' title='bbox 782 1855 911 1910; x_wconf 67' lang='lat' dir='ltr'><strong>ergo</strong></span> <span class='ocrx_word' id='word_1_251' title='bbox 936 1841 1037 1895; x_wconf 67' lang='lat' dir='ltr'><strong>tria</strong></span> <span class='ocrx_word' id='word_1_252' title='bbox 1068 1849 1334 1911; x_wconf 71' lang='lat' dir='ltr'><strong>tempora,</strong></span> <span class='ocrx_word' id='word_1_253' title='bbox 1361 1848 1487 1895; x_wconf 66' lang='lat' dir='ltr'><strong>ante</strong></span> <span class='ocrx_word' id='word_1_254' title='bbox 1509 1840 1902 1911; x_wconf 61' lang='lat' dir='ltr'><strong>captivitatem,</strong></span> <span class='ocrx_word' id='word_1_255' title='bbox 1938 1838 1986 1898; x_wconf 87' lang='grc' dir='ltr'><strong>Β</strong></span> <span class='ocrx_word' id='word_1_256' title='bbox 2014 1845 2132 1900; x_wconf 82' lang='lat' dir='ltr'><strong>pus,</strong></span> <span class='ocrx_word' id='word_1_257' title='bbox 2167 1831 2436 1900; x_wconf 85' lang='lat' dir='ltr'><strong>duplicem</strong></span> <span class='ocrx_word' id='word_1_258' title='bbox 2461 1833 2650 1888; x_wconf 87' lang='lat' dir='ltr'><strong>tribuit</strong></span> <span class='ocrx_word' id='word_1_259' title='bbox 2685 1835 2981 1889; x_wconf 87' lang='lat' dir='ltr'><strong>cruciatum</strong></span> <span class='ocrx_word' id='word_1_260' title='bbox 3008 1834 3308 1889; x_wconf 81' lang='lat' dir='ltr'><strong>adustionis</strong></span> <span class='ocrx_word' id='word_1_261' title='bbox 3337 1845 3391 1891; x_wconf 92' lang='lat' dir='ltr'><strong>et</strong></span> <span class='ocrx_word' id='word_1_262' title='bbox 3417 1836 3615 1891; x_wconf 85' lang='lat' dir='ltr'><strong>caedis:</strong></span> 
     </span>
    </p>
   </div>
   <div class='ocr_carea' id='block_1_34' title="bbox 310 1934 1903 2005">
    <p class='ocr_par' dir='ltr' id='par_1_34' title="bbox 310 1934 1903 2005">
     <span class='ocr_line' id='line_1_34' title="bbox 310 1934 1903 2005; baseline -0.001 -16"><span class='ocrx_word' id='word_1_263' title='bbox 310 1934 369 1989; x_wconf 90' lang='lat' dir='ltr'><strong>in</strong></span> <span class='ocrx_word' id='word_1_264' title='bbox 400 1934 742 2004; x_wconf 81' lang='lat' dir='ltr'><strong>captivitate,</strong></span> <span class='ocrx_word' id='word_1_265' title='bbox 778 1943 832 1988; x_wconf 90' lang='lat' dir='ltr'><strong>et</strong></span> <span class='ocrx_word' id='word_1_266' title='bbox 862 1943 984 2004; x_wconf 90' lang='lat' dir='ltr'><strong>post</strong></span> <span class='ocrx_word' id='word_1_267' title='bbox 1010 1934 1401 2003; x_wconf 87' lang='lat' dir='ltr'><strong>captivitatem.</strong></span> <span class='ocrx_word' id='word_1_268' title='bbox 1426 1934 1576 1990; x_wconf 87' lang='lat' dir='ltr'><strong>Talis</strong></span> <span class='ocrx_word' id='word_1_269' title='bbox 1604 1934 1777 2005; x_wconf 86' lang='lat' dir='ltr'><strong>justus</strong></span> <span class='ocrx_word' id='word_1_270' title='bbox 1803 1944 1903 1988; x_wconf 88' lang='lat' dir='ltr'><strong>est.</strong></span> 
     </span>
    </p>
   </div>
   <div class='ocr_carea' id='block_1_35' title="bbox 310 2026 1905 2098">
    <p class='ocr_par' dir='ltr' id='par_1_35' title="bbox 310 2026 1905 2098">
     <span class='ocr_line' id='line_1_35' title="bbox 310 2026 1905 2098; baseline 0.003 -22"><span class='ocrx_word' id='word_1_271' title='bbox 310 2026 607 2081; x_wconf 80' lang='lat' dir='ltr'><strong>Videamus</strong></span> <span class='ocrx_word' id='word_1_272' title='bbox 636 2034 840 2092; x_wconf 87' lang='lat' dir='ltr'><strong>autem,</strong></span> <span class='ocrx_word' id='word_1_273' title='bbox 874 2041 939 2081; x_wconf 88' lang='lat' dir='ltr'><strong>an</strong></span> <span class='ocrx_word' id='word_1_274' title='bbox 980 2038 1033 2082; x_wconf 93' lang='lat' dir='ltr'><strong>et</strong></span> <span class='ocrx_word' id='word_1_275' title='bbox 1054 2027 1157 2082; x_wconf 93' lang='lat' dir='ltr'><strong>Job</strong></span> <span class='ocrx_word' id='word_1_276' title='bbox 1189 2029 1287 2082; x_wconf 90' lang='lat' dir='ltr'><strong>tria</strong></span> <span class='ocrx_word' id='word_1_277' title='bbox 1342 2039 1583 2098; x_wconf 87' lang='lat' dir='ltr'><strong>tempora</strong></span> <span class='ocrx_word' id='word_1_278' title='bbox 1635 2028 1905 2083; x_wconf 89' lang='lat' dir='ltr'><strong>habuerit.</strong></span> 
     </span>
    </p>
   </div>
   <div class='ocr_carea' id='block_1_36' title="bbox 309 2119 1906 2194">
    <p class='ocr_par' dir='ltr' id='par_1_36' title="bbox 309 2119 1906 2194">
     <span class='ocr_line' id='line_1_36' title="bbox 309 2119 1906 2194; baseline 0.002 -20"><span class='ocrx_word' id='word_1_279' title='bbox 309 2119 436 2175; x_wconf 82' lang='lat' dir='ltr'><strong>Fuit</strong></span> <span class='ocrx_word' id='word_1_280' title='bbox 481 2120 697 2191; x_wconf 88' lang='lat' dir='ltr'><strong>quidem</strong></span> <span class='ocrx_word' id='word_1_281' title='bbox 730 2121 973 2192; x_wconf 88' lang='lat' dir='ltr'><strong>locuples</strong></span> <span class='ocrx_word' id='word_1_282' title='bbox 1006 2138 1019 2176; x_wconf 93' lang='lat'><strong>:</strong></span> <span class='ocrx_word' id='word_1_283' title='bbox 1048 2123 1421 2193; x_wconf 89' lang='lat' dir='ltr'><strong>erantquippe</strong></span> <span class='ocrx_word' id='word_1_284' title='bbox 1444 2122 1494 2177; x_wconf 90' lang='lat' dir='ltr'><strong>ei</strong></span> <span class='ocrx_word' id='word_1_285' title='bbox 1531 2136 1660 2178; x_wconf 89' lang='lat' dir='ltr'><strong>oves</strong></span> <span class='ocrx_word' id='word_1_286' title='bbox 1700 2132 1906 2194; x_wconf 88' lang='lat' dir='ltr'><strong>septem</strong></span> 
     </span>
    </p>
   </div>
   <div class='ocr_carea' id='block_1_37' title="bbox 308 2215 1908 2290">
    <p class='ocr_par' dir='ltr' id='par_1_37' title="bbox 308 2215 1908 2290">
     <span class='ocr_line' id='line_1_37' title="bbox 308 2215 1908 2290; baseline 0.003 -20"><span class='ocrx_word' id='word_1_287' title='bbox 308 2215 508 2281; x_wconf 86' lang='lat' dir='ltr'><strong>millia,</strong></span> <span class='ocrx_word' id='word_1_288' title='bbox 555 2216 749 2273; x_wconf 87' lang='lat' dir='ltr'><strong>cameli</strong></span> <span class='ocrx_word' id='word_1_289' title='bbox 776 2218 877 2272; x_wconf 83' lang='lat' dir='ltr'><strong>tria</strong></span> <span class='ocrx_word' id='word_1_290' title='bbox 910 2216 1099 2284; x_wconf 87' lang='lat' dir='ltr'><strong>millia,</strong></span> <span class='ocrx_word' id='word_1_291' title='bbox 1121 2219 1247 2290; x_wconf 87' lang='lat' dir='ltr'><strong>juga</strong></span> <span class='ocrx_word' id='word_1_292' title='bbox 1282 2219 1443 2273; x_wconf 91' lang='lat' dir='ltr'><strong>boum</strong></span> <span class='ocrx_word' id='word_1_293' title='bbox 1493 2223 1810 2290; x_wconf 82' lang='lat' dir='ltr'><strong>quingenta,</strong></span> <span class='ocrx_word' id='word_1_294' title='bbox 1853 2229 1908 2275; x_wconf 87' lang='lat' dir='ltr'><strong>et</strong></span> 
     </span>
    </p>
   </div>
   <div class='ocr_carea' id='block_1_38' title="bbox 308 2310 1901 2384">
    <p class='ocr_par' dir='ltr' id='par_1_38' title="bbox 308 2310 1901 2384">
     <span class='ocr_line' id='line_1_38' title="bbox 308 2310 1901 2384; baseline 0.003 -20"><span class='ocrx_word' id='word_1_295' title='bbox 308 2310 559 2380; x_wconf 79' lang='lat' dir='ltr'><strong>supellex</strong></span> <span class='ocrx_word' id='word_1_296' title='bbox 611 2312 775 2366; x_wconf 92' lang='lat' dir='ltr'><strong>multa</strong></span> <span class='ocrx_word' id='word_1_297' title='bbox 818 2311 993 2377; x_wconf 85' lang='lat' dir='ltr'><strong>valde,</strong></span> <span class='ocrx_word' id='word_1_298' title='bbox 1049 2312 1140 2368; x_wconf 84' lang='lat' dir='ltr'><strong>filii</strong></span> <span class='ocrx_word' id='word_1_299' title='bbox 1192 2322 1444 2384; x_wconf 80' lang='lat' dir='ltr'><strong>septem,</strong></span> <span class='ocrx_word' id='word_1_300' title='bbox 1492 2323 1546 2370; x_wconf 91' lang='lat' dir='ltr'><strong>et</strong></span> <span class='ocrx_word' id='word_1_301' title='bbox 1587 2312 1713 2369; x_wconf 72' lang='lat' dir='ltr'><strong>filia:</strong></span> <span class='ocrx_word' id='word_1_302' title='bbox 1773 2324 1901 2370; x_wconf 86' lang='lat' dir='ltr'><strong>tres.</strong></span> 
     </span>
    </p>
   </div>
   <div class='ocr_carea' id='block_1_39' title="bbox 307 2405 1902 2477">
    <p class='ocr_par' dir='ltr' id='par_1_39' title="bbox 307 2405 1902 2477">
     <span class='ocr_line' id='line_1_39' title="bbox 307 2405 1902 2477; baseline 0.001 -17"><span class='ocrx_word' id='word_1_303' title='bbox 307 2405 516 2460; x_wconf 88' lang='lat' dir='ltr'><strong>Deinde</strong></span> <span class='ocrx_word' id='word_1_304' title='bbox 539 2408 749 2475; x_wconf 88' lang='lat' dir='ltr'><strong>accepit</strong></span> <span class='ocrx_word' id='word_1_305' title='bbox 777 2415 1101 2477; x_wconf 89' lang='lat' dir='ltr'><strong>potestatem</strong></span> <span class='ocrx_word' id='word_1_306' title='bbox 1151 2407 1403 2463; x_wconf 83' lang='lat' dir='ltr'><strong>diabolus</strong></span> <span class='ocrx_word' id='word_1_307' title='bbox 1452 2407 1719 2463; x_wconf 86' lang='lat' dir='ltr'><strong>adversus</strong></span> <span class='ocrx_word' id='word_1_308' title='bbox 1756 2424 1902 2464; x_wconf 89' lang='lat' dir='ltr'><strong>eum.</strong></span> 
     </span>
    </p>
   </div>
   <div class='ocr_carea' id='block_1_40' title="bbox 311 2498 1899 2573">
    <p class='ocr_par' dir='ltr' id='par_1_40' title="bbox 311 2498 1899 2573">
     <span class='ocr_line' id='line_1_40' title="bbox 311 2498 1899 2573; baseline 0.003 -20"><span class='ocrx_word' id='word_1_309' title='bbox 311 2498 447 2554; x_wconf 77' lang='lat' dir='ltr'><strong>Vide</strong></span> <span class='ocrx_word' id='word_1_310' title='bbox 497 2509 739 2568; x_wconf 86' lang='lat' dir='ltr'><strong>tempora</strong></span> <span class='ocrx_word' id='word_1_311' title='bbox 791 2510 1140 2556; x_wconf 89' lang='lat' dir='ltr'><strong>commutata.</strong></span> <span class='ocrx_word' id='word_1_312' title='bbox 1183 2502 1347 2557; x_wconf 88' lang='lat' dir='ltr'><strong>Dives</strong></span> <span class='ocrx_word' id='word_1_313' title='bbox 1384 2503 1436 2556; x_wconf 91' lang='lat' dir='ltr'><strong>in</strong></span> <span class='ocrx_word' id='word_1_314' title='bbox 1489 2501 1678 2557; x_wconf 90' lang='lat' dir='ltr'><strong>liberis</strong></span> <span class='ocrx_word' id='word_1_315' title='bbox 1721 2511 1899 2573; x_wconf 84' lang='lat' dir='ltr'><strong>pater,</strong></span> 
     </span>
    </p>
   </div>
   <div class='ocr_carea' id='block_1_41' title="bbox 304 2597 1905 2667">
    <p class='ocr_par' dir='ltr' id='par_1_41' title="bbox 304 2597 1905 2667">
     <span class='ocr_line' id='line_1_41' title="bbox 304 2597 1905 2667; baseline 0.001 -16"><span class='ocrx_word' id='word_1_316' title='bbox 304 2608 534 2667; x_wconf 87' lang='lat' dir='ltr'><strong>repente</strong></span> <span class='ocrx_word' id='word_1_317' title='bbox 562 2598 730 2653; x_wconf 88' lang='lat' dir='ltr'><strong>orbus</strong></span> <span class='ocrx_word' id='word_1_318' title='bbox 768 2597 1003 2653; x_wconf 87' lang='lat' dir='ltr'><strong>eflicitnr</strong></span> <span class='ocrx_word' id='word_1_319' title='bbox 1034 2614 1046 2651; x_wconf 93' lang='lat'><strong>:</strong></span> <span class='ocrx_word' id='word_1_320' title='bbox 1076 2597 1231 2653; x_wconf 87' lang='lat' dir='ltr'><strong>dives</strong></span> <span class='ocrx_word' id='word_1_321' title='bbox 1252 2598 1305 2652; x_wconf 92' lang='lat' dir='ltr'><strong>in</strong></span> <span class='ocrx_word' id='word_1_322' title='bbox 1336 2612 1502 2653; x_wconf 87' lang='lat' dir='ltr'><strong>censu</strong></span> <span class='ocrx_word' id='word_1_323' title='bbox 1528 2598 1806 2665; x_wconf 91' lang='lat' dir='ltr'><strong>Dominus,</strong></span> <span class='ocrx_word' id='word_1_324' title='bbox 1836 2597 1905 2653; x_wconf 89' lang='lat' dir='ltr'><strong>ad</strong></span> 
     </span>
    </p>
   </div>
   <div class='ocr_carea' id='block_1_42' title="bbox 303 2691 1901 2764">
    <p class='ocr_par' dir='ltr' id='par_1_42' title="bbox 303 2691 1901 2764">
     <span class='ocr_line' id='line_1_42' title="bbox 303 2691 1901 2764; baseline 0.001 -19"><span class='ocrx_word' id='word_1_325' title='bbox 303 2692 553 2746; x_wconf 84' lang='lat' dir='ltr'><strong>ultimam</strong></span> <span class='ocrx_word' id='word_1_326' title='bbox 607 2692 895 2748; x_wconf 90' lang='lat' dir='ltr'><strong>deducitur</strong></span> <span class='ocrx_word' id='word_1_327' title='bbox 928 2701 1263 2764; x_wconf 85' lang='lat' dir='ltr'><strong>egestatem:</strong></span> <span class='ocrx_word' id='word_1_328' title='bbox 1308 2708 1436 2749; x_wconf 88' lang='lat' dir='ltr'><strong>ecce</strong></span> <span class='ocrx_word' id='word_1_329' title='bbox 1475 2691 1582 2747; x_wconf 93' lang='lat' dir='ltr'><strong>duo</strong></span> <span class='ocrx_word' id='word_1_330' title='bbox 1638 2701 1901 2763; x_wconf 84' lang='lat' dir='ltr'><strong>tempora.</strong></span> 
     </span>
    </p>
   </div>
   <div class='ocr_carea' id='block_1_43' title="bbox 301 2784 1903 2857">
    <p class='ocr_par' dir='ltr' id='par_1_43' title="bbox 301 2784 1903 2857">
     <span class='ocr_line' id='line_1_43' title="bbox 301 2784 1903 2857; baseline 0.001 -17"><span class='ocrx_word' id='word_1_331' title='bbox 301 2784 433 2842; x_wconf 86' lang='lat' dir='ltr'><strong>Post</strong></span> <span class='ocrx_word' id='word_1_332' title='bbox 478 2786 595 2841; x_wconf 59' lang='lat' dir='ltr'><strong>hate</strong></span> <span class='ocrx_word' id='word_1_333' title='bbox 637 2794 863 2857; x_wconf 88' lang='lat' dir='ltr'><strong>apparet</strong></span> <span class='ocrx_word' id='word_1_334' title='bbox 902 2786 952 2841; x_wconf 93' lang='lat' dir='ltr'><strong>ei</strong></span> <span class='ocrx_word' id='word_1_335' title='bbox 1003 2786 1301 2856; x_wconf 85' lang='lat' dir='ltr'><strong>Dominus,</strong></span> <span class='ocrx_word' id='word_1_336' title='bbox 1356 2795 1409 2841; x_wconf 91' lang='lat' dir='ltr'><strong>et</strong></span> <span class='ocrx_word' id='word_1_337' title='bbox 1453 2786 1693 2856; x_wconf 91' lang='lat' dir='ltr'><strong>loquitur</strong></span> <span class='ocrx_word' id='word_1_338' title='bbox 1736 2786 1785 2840; x_wconf 92' lang='lat' dir='ltr'><strong>ei</strong></span> <span class='ocrx_word' id='word_1_339' title='bbox 1836 2786 1903 2841; x_wconf 92' lang='lat' dir='ltr'><strong>de</strong></span> 
     </span>
    </p>
   </div>
   <div class='ocr_carea' id='block_1_44' title="bbox 303 2878 1900 2950">
    <p class='ocr_par' dir='ltr' id='par_1_44' title="bbox 303 2878 1900 2950">
     <span class='ocr_line' id='line_1_44' title="bbox 303 2878 1900 2950; baseline -0.001 -16"><span class='ocrx_word' id='word_1_340' title='bbox 303 2878 470 2945; x_wconf 89' lang='lat' dir='ltr'><strong>nube,</strong></span> <span class='ocrx_word' id='word_1_341' title='bbox 504 2889 560 2933; x_wconf 92' lang='lat' dir='ltr'><strong>et</strong></span> <span class='ocrx_word' id='word_1_342' title='bbox 589 2879 702 2949; x_wconf 87' lang='lat' dir='ltr'><strong>ipse</strong></span> <span class='ocrx_word' id='word_1_343' title='bbox 728 2879 833 2935; x_wconf 87' lang='lat' dir='ltr'><strong>Job</strong></span> <span class='ocrx_word' id='word_1_344' title='bbox 864 2895 948 2946; x_wconf 91' lang='lat' dir='ltr'><strong>ea,</strong></span> <span class='ocrx_word' id='word_1_345' title='bbox 982 2894 1103 2950; x_wconf 62' lang='lat' dir='ltr'><strong>qua:</strong></span> <span class='ocrx_word' id='word_1_346' title='bbox 1130 2887 1257 2934; x_wconf 91' lang='lat' dir='ltr'><strong>sunt</strong></span> <span class='ocrx_word' id='word_1_347' title='bbox 1286 2880 1339 2933; x_wconf 89' lang='lat' dir='ltr'><strong>in</strong></span> <span class='ocrx_word' id='word_1_348' title='bbox 1372 2879 1508 2934; x_wconf 93' lang='lat' dir='ltr'><strong>libro</strong></span> <span class='ocrx_word' id='word_1_349' title='bbox 1538 2879 1652 2949; x_wconf 90' lang='lat' dir='ltr'><strong>ejus</strong></span> <span class='ocrx_word' id='word_1_350' title='bbox 1679 2880 1900 2948; x_wconf 77' lang='lat' dir='ltr'><strong>scripta,</strong></span> 
     </span>
    </p>
   </div>
   <div class='ocr_carea' id='block_1_45' title="bbox 302 2969 1901 3045">
    <p class='ocr_par' dir='ltr' id='par_1_45' title="bbox 302 2969 1901 3045">
     <span class='ocr_line' id='line_1_45' title="bbox 302 2969 1901 3045; baseline 0.001 -18"><span class='ocrx_word' id='word_1_351' title='bbox 302 2971 585 3042; x_wconf 88' lang='lat' dir='ltr'><strong>respondit</strong></span> <span class='ocrx_word' id='word_1_352' title='bbox 613 2970 758 3042; x_wconf 87' lang='lat' dir='ltr'><strong>(Job.</strong></span> <span class='ocrx_word' id='word_1_353' title='bbox 784 2969 844 3045; x_wconf 86' lang='grc' dir='ltr'><strong>ι).</strong></span> <span class='ocrx_word' id='word_1_354' title='bbox 874 2971 1041 3043; x_wconf 90' lang='lat' dir='ltr'><strong>Igitur</strong></span> <span class='ocrx_word' id='word_1_355' title='bbox 1070 2972 1123 3027; x_wconf 91' lang='lat' dir='ltr'><strong>in</strong></span> <span class='ocrx_word' id='word_1_356' title='bbox 1159 2972 1336 3044; x_wconf 84' lang='lat' dir='ltr'><strong>primo</strong></span> <span class='ocrx_word' id='word_1_357' title='bbox 1370 2982 1617 3042; x_wconf 85' lang='lat' dir='ltr'><strong>tempore</strong></span> <span class='ocrx_word' id='word_1_358' title='bbox 1662 2973 1760 3027; x_wconf 88' lang='lat' dir='ltr'><strong>Dei</strong></span> <span class='ocrx_word' id='word_1_359' title='bbox 1785 2973 1901 3028; x_wconf 87' lang='lat' dir='ltr'><strong>lau-</strong></span> 
     </span>
    </p>
   </div>
   <div class='ocr_carea' id='block_1_46' title="bbox 302 3067 1901 3138">
    <p class='ocr_par' dir='ltr' id='par_1_46' title="bbox 302 3067 1901 3138">
     <span class='ocr_line' id='line_1_46' title="bbox 302 3067 1901 3138; baseline 0 -15"><span class='ocrx_word' id='word_1_360' title='bbox 302 3067 462 3123; x_wconf 87' lang='lat' dir='ltr'><strong>dibus</strong></span> <span class='ocrx_word' id='word_1_361' title='bbox 486 3067 850 3138; x_wconf 54' lang='lat' dir='ltr'><strong>praedicatur;</strong></span> <span class='ocrx_word' id='word_1_362' title='bbox 882 3068 932 3123; x_wconf 92' lang='lat' dir='ltr'><strong>in</strong></span> <span class='ocrx_word' id='word_1_363' title='bbox 956 3067 1197 3123; x_wconf 89' lang='lat' dir='ltr'><strong>secundo</strong></span> <span class='ocrx_word' id='word_1_364' title='bbox 1234 3069 1517 3123; x_wconf 88' lang='lat' dir='ltr'><strong>tentationi</strong></span> <span class='ocrx_word' id='word_1_365' title='bbox 1549 3068 1797 3135; x_wconf 85' lang='lat' dir='ltr'><strong>traditur,</strong></span> <span class='ocrx_word' id='word_1_366' title='bbox 1847 3077 1901 3123; x_wconf 91' lang='lat' dir='ltr'><strong>et</strong></span> 
     </span>
    </p>
   </div>
   <div class='ocr_carea' id='block_1_47' title="bbox 302 3160 1901 3232">
    <p class='ocr_par' dir='ltr' id='par_1_47' title="bbox 302 3160 1901 3232">
     <span class='ocr_line' id='line_1_47' title="bbox 302 3160 1901 3232; baseline 0.001 -17"><span class='ocrx_word' id='word_1_367' title='bbox 302 3160 605 3215; x_wconf 71' lang='lat' dir='ltr'><strong>smvissimo</strong></span> <span class='ocrx_word' id='word_1_368' title='bbox 630 3161 811 3216; x_wconf 90' lang='lat' dir='ltr'><strong>ulcere</strong></span> <span class='ocrx_word' id='word_1_369' title='bbox 834 3176 1127 3231; x_wconf 89' lang='lat' dir='ltr'><strong>percussus</strong></span> <span class='ocrx_word' id='word_1_370' title='bbox 1149 3176 1176 3214; x_wconf 89' lang='lat' dir='ltr'><strong>a</strong></span> <span class='ocrx_word' id='word_1_371' title='bbox 1204 3161 1434 3231; x_wconf 90' lang='lat' dir='ltr'><strong>pedibus</strong></span> <span class='ocrx_word' id='word_1_372' title='bbox 1459 3177 1626 3232; x_wconf 92' lang='lat' dir='ltr'><strong>usque</strong></span> <span class='ocrx_word' id='word_1_373' title='bbox 1650 3161 1715 3216; x_wconf 92' lang='lat' dir='ltr'><strong>ad</strong></span> <span class='ocrx_word' id='word_1_374' title='bbox 1739 3169 1901 3231; x_wconf 89' lang='lat' dir='ltr'><strong>caput</strong></span> 
     </span>
    </p>
   </div>
   <div class='ocr_carea' id='block_1_48' title="bbox 2013 1925 3611 1998">
    <p class='ocr_par' dir='ltr' id='par_1_48' title="bbox 2013 1925 3611 1998">
     <span class='ocr_line' id='line_1_48' title="bbox 2013 1925 3611 1998; baseline 0.002 -18"><span class='ocrx_word' id='word_1_375' title='bbox 2013 1925 2093 1980; x_wconf 91' lang='lat' dir='ltr'><strong>sic</strong></span> <span class='ocrx_word' id='word_1_376' title='bbox 2123 1934 2177 1980; x_wconf 89' lang='lat' dir='ltr'><strong>et</strong></span> <span class='ocrx_word' id='word_1_377' title='bbox 2198 1926 2495 1997; x_wconf 71' lang='lat' dir='ltr'><strong>romphaea,</strong></span> <span class='ocrx_word' id='word_1_378' title='bbox 2532 1943 2653 1998; x_wconf 66' lang='lat' dir='ltr'><strong>quae</strong></span> <span class='ocrx_word' id='word_1_379' title='bbox 2680 1926 2745 1983; x_wconf 91' lang='lat' dir='ltr'><strong>ad</strong></span> <span class='ocrx_word' id='word_1_380' title='bbox 2791 1928 3093 1983; x_wconf 89' lang='lat' dir='ltr'><strong>custodiam</strong></span> <span class='ocrx_word' id='word_1_381' title='bbox 3142 1927 3386 1984; x_wconf 87' lang='lat' dir='ltr'><strong>Paradisi</strong></span> <span class='ocrx_word' id='word_1_382' title='bbox 3412 1937 3611 1984; x_wconf 89' lang='lat' dir='ltr'><strong>statuta</strong></span> 
     </span>
    </p>
   </div>
   <div class='ocr_carea' id='block_1_49' title="bbox 2016 2024 3611 2094">
    <p class='ocr_par' dir='ltr' id='par_1_49' title="bbox 2016 2024 3611 2094">
     <span class='ocr_line' id='line_1_49' title="bbox 2016 2024 3611 2094; baseline 0.004 -21"><span class='ocrx_word' id='word_1_383' title='bbox 2016 2034 2391 2090; x_wconf 87' lang='lat' dir='ltr'><strong>memoratur,</strong></span> <span class='ocrx_word' id='word_1_384' title='bbox 2446 2038 2608 2094; x_wconf 90' lang='lat' dir='ltr'><strong>quam</strong></span> <span class='ocrx_word' id='word_1_385' title='bbox 2658 2039 2801 2079; x_wconf 91' lang='lat' dir='ltr'><strong>nunc</strong></span> <span class='ocrx_word' id='word_1_386' title='bbox 2865 2024 2935 2078; x_wconf 90' lang='lat' dir='ltr'><strong>ob</strong></span> <span class='ocrx_word' id='word_1_387' title='bbox 2983 2024 3384 2093; x_wconf 73' lang='lat' dir='ltr'><strong>erpositionem</strong></span> <span class='ocrx_word' id='word_1_388' title='bbox 3446 2024 3611 2093; x_wconf 89' lang='lat' dir='ltr'><strong>gladii</strong></span> 
     </span>
    </p>
   </div>
   <div class='ocr_carea' id='block_1_50' title="bbox 2011 2117 3608 2189">
    <p class='ocr_par' dir='ltr' id='par_1_50' title="bbox 2011 2117 3608 2189">
     <span class='ocr_line' id='line_1_50' title="bbox 2011 2117 3608 2189; baseline 0.002 -19"><span class='ocrx_word' id='word_1_389' title='bbox 2011 2119 2298 2186; x_wconf 70' lang='lat' dir='ltr'><strong>praesentis</strong></span> <span class='ocrx_word' id='word_1_390' title='bbox 2339 2120 2759 2189; x_wconf 87' lang='lat' dir='ltr'><strong>assumpsimus,</strong></span> <span class='ocrx_word' id='word_1_391' title='bbox 2808 2118 3044 2185; x_wconf 80' lang='lat' dir='ltr'><strong>duplicia</strong></span> <span class='ocrx_word' id='word_1_392' title='bbox 3088 2117 3254 2173; x_wconf 90' lang='lat' dir='ltr'><strong>infert</strong></span> <span class='ocrx_word' id='word_1_393' title='bbox 3296 2127 3565 2174; x_wconf 88' lang='lat' dir='ltr'><strong>tormenta</strong></span> <span class='ocrx_word' id='word_1_394' title='bbox 3595 2165 3608 2185; x_wconf 89' lang='lat'><strong>,</strong></span> 
     </span>
    </p>
   </div>
   <div class='ocr_carea' id='block_1_51' title="bbox 2011 2208 3613 2267">
    <p class='ocr_par' dir='ltr' id='par_1_51' title="bbox 2011 2208 3613 2267">
     <span class='ocr_line' id='line_1_51' title="bbox 2011 2208 3613 2267; baseline 0.002 -4"><span class='ocrx_word' id='word_1_395' title='bbox 2011 2208 2135 2264; x_wconf 90' lang='lat' dir='ltr'><strong>dum</strong></span> <span class='ocrx_word' id='word_1_396' title='bbox 2188 2209 2368 2265; x_wconf 86' lang='lat' dir='ltr'><strong>adurit</strong></span> <span class='ocrx_word' id='word_1_397' title='bbox 2416 2222 2469 2265; x_wconf 90' lang='lat' dir='ltr'><strong>et</strong></span> <span class='ocrx_word' id='word_1_398' title='bbox 2515 2210 2729 2266; x_wconf 87' lang='lat' dir='ltr'><strong>dividit.</strong></span> <span class='ocrx_word' id='word_1_399' title='bbox 2784 2209 3057 2267; x_wconf 90' lang='lat' dir='ltr'><strong>Utautem</strong></span> <span class='ocrx_word' id='word_1_400' title='bbox 3103 2209 3470 2267; x_wconf 87' lang='lat' dir='ltr'><strong>necessarium</strong></span> <span class='ocrx_word' id='word_1_401' title='bbox 3513 2211 3613 2266; x_wconf 88' lang='lat' dir='ltr'><strong>ali-</strong></span> 
     </span>
    </p>
   </div>
   <div class='ocr_carea' id='block_1_52' title="bbox 2010 2303 3609 2375">
    <p class='ocr_par' dir='ltr' id='par_1_52' title="bbox 2010 2303 3609 2375">
     <span class='ocr_line' id='line_1_52' title="bbox 2010 2303 3609 2375; baseline 0.001 -18"><span class='ocrx_word' id='word_1_402' title='bbox 2010 2303 2161 2374; x_wconf 88' lang='lat' dir='ltr'><strong>quid,</strong></span> <span class='ocrx_word' id='word_1_403' title='bbox 2207 2318 2273 2360; x_wconf 79' lang='lat' dir='ltr'><strong>ex</strong></span> <span class='ocrx_word' id='word_1_404' title='bbox 2324 2304 2521 2375; x_wconf 88' lang='lat' dir='ltr'><strong>quibus</strong></span> <span class='ocrx_word' id='word_1_405' title='bbox 2577 2304 2719 2360; x_wconf 92' lang='lat' dir='ltr'><strong>Deus</strong></span> <span class='ocrx_word' id='word_1_406' title='bbox 2768 2320 2990 2360; x_wconf 88' lang='lat' dir='ltr'><strong>sensum</strong></span> <span class='ocrx_word' id='word_1_407' title='bbox 3024 2313 3269 2359; x_wconf 90' lang='lat' dir='ltr'><strong>nostrum</strong></span> <span class='ocrx_word' id='word_1_408' title='bbox 3315 2304 3609 2371; x_wconf 87' lang='lat' dir='ltr'><strong>illuminat,</strong></span> 
     </span>
    </p>
   </div>
   <div class='ocr_carea' id='block_1_53' title="bbox 2009 2396 3604 2471">
    <p class='ocr_par' dir='ltr' id='par_1_53' title="bbox 2009 2396 3604 2471">
     <span class='ocr_line' id='line_1_53' title="bbox 2009 2396 3604 2471; baseline 0.003 -20"><span class='ocrx_word' id='word_1_409' title='bbox 2009 2396 2062 2451; x_wconf 93' lang='lat' dir='ltr'><strong>in</strong></span> <span class='ocrx_word' id='word_1_410' title='bbox 2105 2397 2225 2452; x_wconf 91' lang='lat' dir='ltr'><strong>loco</strong></span> <span class='ocrx_word' id='word_1_411' title='bbox 2278 2399 2534 2466; x_wconf 72' lang='lat' dir='ltr'><strong>przesenti</strong></span> <span class='ocrx_word' id='word_1_412' title='bbox 2570 2400 2999 2469; x_wconf 89' lang='lat' dir='ltr'><strong>interponamus,</strong></span> <span class='ocrx_word' id='word_1_413' title='bbox 3040 2402 3228 2470; x_wconf 89' lang='lat' dir='ltr'><strong>accipe</strong></span> <span class='ocrx_word' id='word_1_414' title='bbox 3272 2400 3604 2471; x_wconf 83' lang='lat' dir='ltr'><strong>exemplum.</strong></span> 
     </span>
    </p>
   </div>
   <div class='ocr_carea' id='block_1_54' title="bbox 2008 2492 3606 2564">
    <p class='ocr_par' dir='ltr' id='par_1_54' title="bbox 2008 2492 3606 2564">
     <span class='ocr_line' id='line_1_54' title="bbox 2008 2492 3606 2564; baseline 0 -17"><span class='ocrx_word' id='word_1_415' title='bbox 2008 2492 2173 2547; x_wconf 89' lang='lat' dir='ltr'><strong>Aiunt</strong></span> <span class='ocrx_word' id='word_1_416' title='bbox 2202 2492 2433 2547; x_wconf 89' lang='lat' dir='ltr'><strong>studiosi</strong></span> <span class='ocrx_word' id='word_1_417' title='bbox 2467 2492 2816 2548; x_wconf 85' lang='lat' dir='ltr'><strong>medicinalis</strong></span> <span class='ocrx_word' id='word_1_418' title='bbox 2862 2493 3188 2564; x_wconf 80' lang='lat' dir='ltr'><strong>disciplinae,</strong></span> <span class='ocrx_word' id='word_1_419' title='bbox 3217 2492 3286 2549; x_wconf 90' lang='lat' dir='ltr'><strong>ad</strong></span> <span class='ocrx_word' id='word_1_420' title='bbox 3342 2492 3606 2564; x_wconf 88' lang='lat' dir='ltr'><strong>quasdam</strong></span> 
     </span>
    </p>
   </div>
   <div class='ocr_carea' id='block_1_55' title="bbox 2008 2586 3605 2658">
    <p class='ocr_par' dir='ltr' id='par_1_55' title="bbox 2008 2586 3605 2658">
     <span class='ocr_line' id='line_1_55' title="bbox 2008 2586 3605 2658; baseline -0.001 -15"><span class='ocrx_word' id='word_1_421' title='bbox 2008 2601 2298 2658; x_wconf 89' lang='lat' dir='ltr'><strong>corporum</strong></span> <span class='ocrx_word' id='word_1_422' title='bbox 2352 2589 2664 2644; x_wconf 90' lang='lat' dir='ltr'><strong>curationes</strong></span> <span class='ocrx_word' id='word_1_423' title='bbox 2714 2588 3078 2644; x_wconf 86' lang='lat' dir='ltr'><strong>necessariam</strong></span> <span class='ocrx_word' id='word_1_424' title='bbox 3135 2602 3255 2642; x_wconf 91' lang='lat' dir='ltr'><strong>esse</strong></span> <span class='ocrx_word' id='word_1_425' title='bbox 3300 2601 3407 2642; x_wconf 91' lang='lat' dir='ltr'><strong>non</strong></span> <span class='ocrx_word' id='word_1_426' title='bbox 3431 2586 3605 2641; x_wconf 90' lang='lat' dir='ltr'><strong>solum</strong></span> 
     </span>
    </p>
   </div>
   <div class='ocr_carea' id='block_1_56' title="bbox 2006 2678 3627 2749">
    <p class='ocr_par' dir='ltr' id='par_1_56' title="bbox 2006 2678 3627 2749">
     <span class='ocr_line' id='line_1_56' title="bbox 2006 2678 3627 2749; baseline 0.001 -13"><span class='ocrx_word' id='word_1_427' title='bbox 2006 2682 2305 2737; x_wconf 89' lang='lat' dir='ltr'><strong>sectionem</strong></span> <span class='ocrx_word' id='word_1_428' title='bbox 2339 2678 2491 2749; x_wconf 92' lang='lat' dir='ltr'><strong>ferri,</strong></span> <span class='ocrx_word' id='word_1_429' title='bbox 2532 2697 2718 2737; x_wconf 82' lang='lat' dir='ltr'><strong>verum</strong></span> <span class='ocrx_word' id='word_1_430' title='bbox 2752 2682 2916 2737; x_wconf 90' lang='lat' dir='ltr'><strong>etiam</strong></span> <span class='ocrx_word' id='word_1_431' title='bbox 2948 2680 3312 2736; x_wconf 90' lang='lat' dir='ltr'><strong>adustiouem.</strong></span> <span class='ocrx_word' id='word_1_432' title='bbox 3360 2681 3493 2736; x_wconf 85' lang='lat' dir='ltr'><strong>Nam</strong></span> <span class='ocrx_word' id='word_1_433' title='bbox 3539 2680 3627 2737; x_wconf 63' lang='lat' dir='ltr'><strong>ad</strong></span> 
     </span>
    </p>
   </div>
   <div class='ocr_carea' id='block_1_57' title="bbox 2005 2774 3607 2847">
    <p class='ocr_par' dir='ltr' id='par_1_57' title="bbox 2005 2774 3607 2847">
     <span class='ocr_line' id='line_1_57' title="bbox 2005 2774 3607 2847; baseline -0.001 -15"><span class='ocrx_word' id='word_1_434' title='bbox 2005 2790 2121 2844; x_wconf 86' lang='lat' dir='ltr'><strong>eos,</strong></span> <span class='ocrx_word' id='word_1_435' title='bbox 2168 2776 2261 2846; x_wconf 90' lang='lat' dir='ltr'><strong>qui</strong></span> <span class='ocrx_word' id='word_1_436' title='bbox 2302 2777 2549 2831; x_wconf 89' lang='lat' dir='ltr'><strong>canceris</strong></span> <span class='ocrx_word' id='word_1_437' title='bbox 2583 2788 2806 2832; x_wconf 85' lang='lat' dir='ltr'><strong>veterno</strong></span> <span class='ocrx_word' id='word_1_438' title='bbox 2848 2786 3331 2847; x_wconf 88' lang='lat' dir='ltr'><strong>computrescunt,</strong></span> <span class='ocrx_word' id='word_1_439' title='bbox 3365 2774 3607 2832; x_wconf 82' lang='lat' dir='ltr'><strong>canden-</strong></span> 
     </span>
    </p>
   </div>
   <div class='ocr_carea' id='block_1_58' title="bbox 2005 2870 3608 2941">
    <p class='ocr_par' dir='ltr' id='par_1_58' title="bbox 2005 2870 3608 2941">
     <span class='ocr_line' id='line_1_58' title="bbox 2005 2870 3608 2941; baseline -0.001 -16"><span class='ocrx_word' id='word_1_440' title='bbox 2005 2878 2113 2925; x_wconf 91' lang='lat' dir='ltr'><strong>tem</strong></span> <span class='ocrx_word' id='word_1_441' title='bbox 2143 2870 2259 2926; x_wconf 84' lang='lat' dir='ltr'><strong>sive</strong></span> <span class='ocrx_word' id='word_1_442' title='bbox 2287 2870 2571 2927; x_wconf 74' lang='lat' dir='ltr'><strong>novacula:</strong></span> <span class='ocrx_word' id='word_1_443' title='bbox 2603 2873 2880 2933; x_wconf 87' lang='lat' dir='ltr'><strong>laminam,</strong></span> <span class='ocrx_word' id='word_1_444' title='bbox 2917 2876 3032 2927; x_wconf 89' lang='lat' dir='ltr'><strong>sive</strong></span> <span class='ocrx_word' id='word_1_445' title='bbox 3063 2870 3446 2941; x_wconf 90' lang='lat' dir='ltr'><strong>quodcumque</strong></span> <span class='ocrx_word' id='word_1_446' title='bbox 3481 2886 3608 2926; x_wconf 57' lang='lat' dir='ltr'><strong>acu-</strong></span> 
     </span>
    </p>
   </div>
   <div class='ocr_carea' id='block_1_59' title="bbox 2004 2968 3607 3040">
    <p class='ocr_par' dir='ltr' id='par_1_59' title="bbox 2004 2968 3607 3040">
     <span class='ocr_line' id='line_1_59' title="bbox 2004 2968 3607 3040; baseline -0.001 -16"><span class='ocrx_word' id='word_1_447' title='bbox 2004 2968 2202 3024; x_wconf 91' lang='lat' dir='ltr'><strong>tissimi</strong></span> <span class='ocrx_word' id='word_1_448' title='bbox 2242 2968 2367 3023; x_wconf 82' lang='lat' dir='ltr'><strong>ferri</strong></span> <span class='ocrx_word' id='word_1_449' title='bbox 2420 2985 2591 3040; x_wconf 82' lang='lat' dir='ltr'><strong>genus</strong></span> <span class='ocrx_word' id='word_1_450' title='bbox 2643 2969 2923 3035; x_wconf 88' lang='lat' dir='ltr'><strong>adhibent,</strong></span> <span class='ocrx_word' id='word_1_451' title='bbox 2969 2978 3026 3022; x_wconf 92' lang='lat' dir='ltr'><strong>ut</strong></span> <span class='ocrx_word' id='word_1_452' title='bbox 3056 2984 3151 3038; x_wconf 89' lang='lat' dir='ltr'><strong>per</strong></span> <span class='ocrx_word' id='word_1_453' title='bbox 3178 2968 3356 3037; x_wconf 82' lang='lat' dir='ltr'><strong>ignem</strong></span> <span class='ocrx_word' id='word_1_454' title='bbox 3392 2968 3607 3023; x_wconf 81' lang='lat' dir='ltr'><strong>radices</strong></span> 
     </span>
    </p>
   </div>
   <div class='ocr_carea' id='block_1_60' title="bbox 2002 3063 3607 3135">
    <p class='ocr_par' dir='ltr' id='par_1_60' title="bbox 2002 3063 3607 3135">
     <span class='ocr_line' id='line_1_60' title="bbox 2002 3063 3607 3135; baseline 0 -19"><span class='ocrx_word' id='word_1_455' title='bbox 2002 3063 2252 3117; x_wconf 89' lang='lat' dir='ltr'><strong>canceris</strong></span> <span class='ocrx_word' id='word_1_456' title='bbox 2281 3063 2608 3132; x_wconf 89' lang='lat' dir='ltr'><strong>evellantur,</strong></span> <span class='ocrx_word' id='word_1_457' title='bbox 2645 3079 2743 3135; x_wconf 91' lang='lat' dir='ltr'><strong>per</strong></span> <span class='ocrx_word' id='word_1_458' title='bbox 2793 3063 3115 3118; x_wconf 88' lang='lat' dir='ltr'><strong>incisionem</strong></span> <span class='ocrx_word' id='word_1_459' title='bbox 3163 3071 3343 3116; x_wconf 89' lang='lat' dir='ltr'><strong>autem</strong></span> <span class='ocrx_word' id='word_1_460' title='bbox 3390 3063 3607 3133; x_wconf 86' lang='lat' dir='ltr'><strong>putrida</strong></span> 
     </span>
    </p>
   </div>
   <div class='ocr_carea' id='block_1_61' title="bbox 2003 3155 3608 3225">
    <p class='ocr_par' dir='ltr' id='par_1_61' title="bbox 2003 3155 3608 3225">
     <span class='ocr_line' id='line_1_61' title="bbox 2003 3155 3608 3225; baseline -0.001 -14"><span class='ocrx_word' id='word_1_461' title='bbox 2003 3170 2132 3212; x_wconf 91' lang='lat' dir='ltr'><strong>caro</strong></span> <span class='ocrx_word' id='word_1_462' title='bbox 2181 3166 2483 3222; x_wconf 90' lang='lat' dir='ltr'><strong>truncetur,</strong></span> <span class='ocrx_word' id='word_1_463' title='bbox 2531 3158 2691 3212; x_wconf 82' lang='lat' dir='ltr'><strong>etvia</strong></span> <span class='ocrx_word' id='word_1_464' title='bbox 2747 3165 2931 3225; x_wconf 87' lang='lat' dir='ltr'><strong>pateat</strong></span> <span class='ocrx_word' id='word_1_465' title='bbox 2988 3155 3442 3211; x_wconf 87' lang='lat' dir='ltr'><strong>medicaminibus</strong></span> <span class='ocrx_word' id='word_1_466' title='bbox 3484 3155 3608 3225; x_wconf 86' lang='lat' dir='ltr'><strong>inji-</strong></span> 
     </span>
    </p>
   </div>
   <div class='ocr_carea' id='block_1_62' title="bbox 302 3242 3605 3325">
    <p class='ocr_par' dir='ltr' id='par_1_62' title="bbox 302 3242 3605 3325">
     <span class='ocr_line' id='line_1_62' title="bbox 302 3242 3605 3325; baseline -0.002 -16"><span class='ocrx_word' id='word_1_467' title='bbox 302 3255 474 3309; x_wconf 87' lang='lat' dir='ltr'><strong>tristia</strong></span> <span class='ocrx_word' id='word_1_468' title='bbox 527 3263 581 3309; x_wconf 90' lang='lat' dir='ltr'><strong>et</strong></span> <span class='ocrx_word' id='word_1_469' title='bbox 612 3254 745 3308; x_wconf 89' lang='lat' dir='ltr'><strong>dura</strong></span> <span class='ocrx_word' id='word_1_470' title='bbox 780 3256 1101 3325; x_wconf 83' lang='lat' dir='ltr'><strong>perpetitur.</strong></span> <span class='ocrx_word' id='word_1_471' title='bbox 1132 3255 1212 3309; x_wconf 90' lang='lat' dir='ltr'><strong>Ad</strong></span> <span class='ocrx_word' id='word_1_472' title='bbox 1267 3266 1569 3310; x_wconf 82' lang='lat' dir='ltr'><strong>extremum</strong></span> <span class='ocrx_word' id='word_1_473' title='bbox 1600 3254 1751 3310; x_wconf 72' lang='lat' dir='ltr'><strong>facta:</strong></span> <span class='ocrx_word' id='word_1_474' title='bbox 1776 3262 1902 3309; x_wconf 89' lang='lat' dir='ltr'><strong>sunt</strong></span> <span class='ocrx_word' id='word_1_475' title='bbox 1929 3242 1973 3305; x_wconf 88' lang='lat' dir='ltr'>C</span> <span class='ocrx_word' id='word_1_476' title='bbox 2005 3248 2234 3304; x_wconf 91' lang='lat' dir='ltr'><strong>ciendis.</strong></span> <span class='ocrx_word' id='word_1_477' title='bbox 2267 3249 2419 3317; x_wconf 84' lang='lat' dir='ltr'><strong>Quis,</strong></span> <span class='ocrx_word' id='word_1_478' title='bbox 2452 3258 2632 3320; x_wconf 89' lang='lat' dir='ltr'><strong>putas,</strong></span> <span class='ocrx_word' id='word_1_479' title='bbox 2663 3257 2908 3305; x_wconf 89' lang='lat' dir='ltr'><strong>nostrum</strong></span> <span class='ocrx_word' id='word_1_480' title='bbox 2935 3250 3202 3309; x_wconf 90' lang='lat' dir='ltr'><strong>canceris.</strong></span> <span class='ocrx_word' id='word_1_481' title='bbox 3228 3257 3280 3303; x_wconf 91' lang='lat' dir='ltr'><strong>ut</strong></span> <span class='ocrx_word' id='word_1_482' title='bbox 3308 3251 3382 3303; x_wconf 92' lang='lat' dir='ltr'><strong>ita</strong></span> <span class='ocrx_word' id='word_1_483' title='bbox 3402 3248 3605 3316; x_wconf 90' lang='lat' dir='ltr'><strong>dicam,</strong></span> 
     </span>
    </p>
   </div>
   <div class='ocr_carea' id='block_1_63' title="bbox 302 3349 1898 3420">
    <p class='ocr_par' dir='ltr' id='par_1_63' title="bbox 302 3349 1898 3420">
     <span class='ocr_line' id='line_1_63' title="bbox 302 3349 1898 3420; baseline -0.001 -15"><span class='ocrx_word' id='word_1_484' title='bbox 302 3351 501 3405; x_wconf 72' lang='lat' dir='ltr'><strong>eiores</strong></span> <span class='ocrx_word' id='word_1_485' title='bbox 529 3349 940 3420; x_wconf 88' lang='lat' dir='ltr'><strong>quatuordecim</strong></span> <span class='ocrx_word' id='word_1_486' title='bbox 975 3351 1161 3417; x_wconf 92' lang='lat' dir='ltr'><strong>millia,</strong></span> <span class='ocrx_word' id='word_1_487' title='bbox 1197 3350 1388 3405; x_wconf 86' lang='lat' dir='ltr'><strong>cameli</strong></span> <span class='ocrx_word' id='word_1_488' title='bbox 1414 3365 1511 3406; x_wconf 82' lang='lat' dir='ltr'><strong>sex</strong></span> <span class='ocrx_word' id='word_1_489' title='bbox 1543 3350 1731 3417; x_wconf 88' lang='lat' dir='ltr'><strong>millia,</strong></span> <span class='ocrx_word' id='word_1_490' title='bbox 1772 3349 1898 3420; x_wconf 89' lang='lat' dir='ltr'><strong>juga</strong></span> 
     </span>
    </p>
   </div>
   <div class='ocr_carea' id='block_1_64' title="bbox 300 3444 1899 3515">
    <p class='ocr_par' dir='ltr' id='par_1_64' title="bbox 300 3444 1899 3515">
     <span class='ocr_line' id='line_1_64' title="bbox 300 3444 1899 3515; baseline -0.001 -14"><span class='ocrx_word' id='word_1_491' title='bbox 300 3444 462 3501; x_wconf 92' lang='lat' dir='ltr'><strong>boum</strong></span> <span class='ocrx_word' id='word_1_492' title='bbox 510 3446 677 3511; x_wconf 91' lang='lat' dir='ltr'><strong>mille,</strong></span> <span class='ocrx_word' id='word_1_493' title='bbox 725 3446 891 3500; x_wconf 81' lang='lat' dir='ltr'><strong>asinae</strong></span> <span class='ocrx_word' id='word_1_494' title='bbox 918 3454 1200 3515; x_wconf 82' lang='lat' dir='ltr'><strong>pascentes</strong></span> <span class='ocrx_word' id='word_1_495' title='bbox 1242 3444 1415 3511; x_wconf 91' lang='lat' dir='ltr'><strong>mille,</strong></span> <span class='ocrx_word' id='word_1_496' title='bbox 1444 3454 1500 3501; x_wconf 90' lang='lat' dir='ltr'><strong>et</strong></span> <span class='ocrx_word' id='word_1_497' title='bbox 1532 3453 1829 3499; x_wconf 89' lang='lat' dir='ltr'><strong>nascuntur</strong></span> <span class='ocrx_word' id='word_1_498' title='bbox 1850 3444 1899 3499; x_wconf 93' lang='lat' dir='ltr'><strong>ei</strong></span> 
     </span>
    </p>
   </div>
   <div class='ocr_carea' id='block_1_65' title="bbox 302 3539 1900 3614">
    <p class='ocr_par' dir='ltr' id='par_1_65' title="bbox 302 3539 1900 3614">
     <span class='ocr_line' id='line_1_65' title="bbox 302 3539 1900 3614; baseline -0.001 -19"><span class='ocrx_word' id='word_1_499' title='bbox 302 3539 397 3595; x_wconf 86' lang='lat' dir='ltr'><strong>filii</strong></span> <span class='ocrx_word' id='word_1_500' title='bbox 438 3548 647 3608; x_wconf 90' lang='lat' dir='ltr'><strong>septem</strong></span> <span class='ocrx_word' id='word_1_501' title='bbox 692 3549 746 3595; x_wconf 94' lang='lat' dir='ltr'><strong>et</strong></span> <span class='ocrx_word' id='word_1_502' title='bbox 776 3541 901 3596; x_wconf 80' lang='lat' dir='ltr'><strong>filiae</strong></span> <span class='ocrx_word' id='word_1_503' title='bbox 935 3539 1078 3614; x_wconf 84' lang='lat' dir='ltr'><strong>(Job.</strong></span> <span class='ocrx_word' id='word_1_504' title='bbox 1129 3540 1251 3612; x_wconf 88' lang='lat' dir='ltr'><strong>ult).</strong></span> <span class='ocrx_word' id='word_1_505' title='bbox 1295 3540 1477 3610; x_wconf 85' lang='lat' dir='ltr'><strong>Atque</strong></span> <span class='ocrx_word' id='word_1_506' title='bbox 1518 3541 1591 3595; x_wconf 90' lang='lat' dir='ltr'><strong>ita</strong></span> <span class='ocrx_word' id='word_1_507' title='bbox 1622 3549 1676 3595; x_wconf 91' lang='lat' dir='ltr'><strong>et</strong></span> <span class='ocrx_word' id='word_1_508' title='bbox 1699 3540 1753 3595; x_wconf 92' lang='lat' dir='ltr'><strong>in</strong></span> <span class='ocrx_word' id='word_1_509' title='bbox 1799 3540 1900 3595; x_wconf 91' lang='lat' dir='ltr'><strong>Job</strong></span> 
     </span>
    </p>
   </div>
   <div class='ocr_carea' id='block_1_66' title="bbox 301 3633 1901 3706">
    <p class='ocr_par' dir='ltr' id='par_1_66' title="bbox 301 3633 1901 3706">
     <span class='ocr_line' id='line_1_66' title="bbox 301 3633 1901 3706; baseline 0.001 -18"><span class='ocrx_word' id='word_1_510' title='bbox 301 3634 402 3688; x_wconf 90' lang='lat' dir='ltr'><strong>tria</strong></span> <span class='ocrx_word' id='word_1_511' title='bbox 432 3643 677 3705; x_wconf 87' lang='lat' dir='ltr'><strong>tempora</strong></span> <span class='ocrx_word' id='word_1_512' title='bbox 707 3634 1188 3705; x_wconf 82' lang='lat' dir='ltr'><strong>deprehendimus,</strong></span> <span class='ocrx_word' id='word_1_513' title='bbox 1229 3650 1347 3706; x_wconf 68' lang='lat' dir='ltr'><strong>qua:</strong></span> <span class='ocrx_word' id='word_1_514' title='bbox 1389 3633 1623 3705; x_wconf 71' lang='lat' dir='ltr'><strong>injusns</strong></span> <span class='ocrx_word' id='word_1_515' title='bbox 1669 3634 1901 3689; x_wconf 88' lang='lat' dir='ltr'><strong>homini-</strong></span> 
     </span>
    </p>
   </div>
   <div class='ocr_carea' id='block_1_67' title="bbox 299 3726 1891 3800">
    <p class='ocr_par' dir='ltr' id='par_1_67' title="bbox 299 3726 1891 3800">
     <span class='ocr_line' id='line_1_67' title="bbox 299 3726 1891 3800; baseline 0.001 -17"><span class='ocrx_word' id='word_1_516' title='bbox 299 3726 401 3783; x_wconf 87' lang='lat' dir='ltr'><strong>bus</strong></span> <span class='ocrx_word' id='word_1_517' title='bbox 430 3730 757 3798; x_wconf 90' lang='lat' dir='ltr'><strong>reperimus.</strong></span> <span class='ocrx_word' id='word_1_518' title='bbox 791 3730 916 3785; x_wconf 89' lang='lat' dir='ltr'><strong>Tria</strong></span> <span class='ocrx_word' id='word_1_519' title='bbox 953 3729 1286 3800; x_wconf 89' lang='lat' dir='ltr'><strong>videntjusti</strong></span> <span class='ocrx_word' id='word_1_520' title='bbox 1311 3739 1551 3799; x_wconf 83' lang='lat' dir='ltr'><strong>tempora</strong></span> <span class='ocrx_word' id='word_1_521' title='bbox 1584 3747 1597 3795; x_wconf 93' lang='lat'><strong>;</strong></span> <span class='ocrx_word' id='word_1_522' title='bbox 1633 3745 1891 3799; x_wconf 83' lang='lat' dir='ltr'><strong>praesens,</strong></span> 
     </span>
    </p>
   </div>
   <div class='ocr_carea' id='block_1_68' title="bbox 297 3822 1899 3893">
    <p class='ocr_par' dir='ltr' id='par_1_68' title="bbox 297 3822 1899 3893">
     <span class='ocr_line' id='line_1_68' title="bbox 297 3822 1899 3893; baseline 0 -17"><span class='ocrx_word' id='word_1_523' title='bbox 297 3831 351 3876; x_wconf 90' lang='lat' dir='ltr'><strong>et</strong></span> <span class='ocrx_word' id='word_1_524' title='bbox 398 3822 866 3887; x_wconf 88' lang='lat' dir='ltr'><strong>commutationis,</strong></span> <span class='ocrx_word' id='word_1_525' title='bbox 897 3822 1115 3893; x_wconf 84' lang='lat' dir='ltr'><strong>quando</strong></span> <span class='ocrx_word' id='word_1_526' title='bbox 1160 3822 1502 3892; x_wconf 90' lang='lat' dir='ltr'><strong>judicaturus</strong></span> <span class='ocrx_word' id='word_1_527' title='bbox 1529 3832 1611 3877; x_wconf 94' lang='lat' dir='ltr'><strong>est</strong></span> <span class='ocrx_word' id='word_1_528' title='bbox 1635 3822 1801 3890; x_wconf 91' lang='lat' dir='ltr'><strong>Deus,</strong></span> <span class='ocrx_word' id='word_1_529' title='bbox 1844 3831 1899 3879; x_wconf 88' lang='lat' dir='ltr'><strong>et</strong></span> 
     </span>
    </p>
   </div>
   <div class='ocr_carea' id='block_1_69' title="bbox 298 3912 1895 3983">
    <p class='ocr_par' dir='ltr' id='par_1_69' title="bbox 298 3912 1895 3983">
     <span class='ocr_line' id='line_1_69' title="bbox 298 3912 1895 3983; baseline 0.001 -16"><span class='ocrx_word' id='word_1_530' title='bbox 298 3912 538 3967; x_wconf 88' lang='lat' dir='ltr'><strong>futurum</strong></span> <span class='ocrx_word' id='word_1_531' title='bbox 582 3922 703 3982; x_wconf 88' lang='lat' dir='ltr'><strong>post</strong></span> <span class='ocrx_word' id='word_1_532' title='bbox 755 3916 1213 3971; x_wconf 85' lang='lat' dir='ltr'><strong>resurrectionem</strong></span> <span class='ocrx_word' id='word_1_533' title='bbox 1284 3923 1644 3983; x_wconf 87' lang='lat' dir='ltr'><strong>mortuorum,</strong></span> <span class='ocrx_word' id='word_1_534' title='bbox 1690 3914 1743 3968; x_wconf 93' lang='lat' dir='ltr'><strong>id</strong></span> <span class='ocrx_word' id='word_1_535' title='bbox 1792 3923 1895 3982; x_wconf 87' lang='lat' dir='ltr'><strong>est,</strong></span> 
     </span>
    </p>
   </div>
   <div class='ocr_carea' id='block_1_70' title="bbox 296 4006 1899 4078">
    <p class='ocr_par' dir='ltr' id='par_1_70' title="bbox 296 4006 1899 4078">
     <span class='ocr_line' id='line_1_70' title="bbox 296 4006 1899 4078; baseline 0.002 -19"><span class='ocrx_word' id='word_1_536' title='bbox 296 4006 423 4060; x_wconf 73' lang='lat' dir='ltr'><strong>vita:</strong></span> <span class='ocrx_word' id='word_1_537' title='bbox 473 4007 708 4062; x_wconf 64' lang='lat' dir='ltr'><strong>((BIeSlIS</strong></span> <span class='ocrx_word' id='word_1_538' title='bbox 762 4009 1178 4078; x_wconf 86' lang='lat' dir='ltr'><strong>perpetuitatem</strong></span> <span class='ocrx_word' id='word_1_539' title='bbox 1240 4008 1291 4062; x_wconf 92' lang='lat' dir='ltr'><strong>in</strong></span> <span class='ocrx_word' id='word_1_540' title='bbox 1346 4009 1566 4063; x_wconf 85' lang='lat' dir='ltr'><strong>Christo</strong></span> <span class='ocrx_word' id='word_1_541' title='bbox 1610 4007 1759 4074; x_wconf 88' lang='lat' dir='ltr'><strong>Jesu,</strong></span> <span class='ocrx_word' id='word_1_542' title='bbox 1812 4008 1899 4062; x_wconf 91' lang='lat' dir='ltr'><strong>cui</strong></span> 
     </span>
    </p>
   </div>
   <div class='ocr_carea' id='block_1_71' title="bbox 296 4102 1895 4173">
    <p class='ocr_par' dir='ltr' id='par_1_71' title="bbox 296 4102 1895 4173">
     <span class='ocr_line' id='line_1_71' title="bbox 296 4102 1895 4173; baseline 0.002 -17"><span class='ocrx_word' id='word_1_543' title='bbox 296 4111 381 4157; x_wconf 88' lang='lat' dir='ltr'><strong>est</strong></span> <span class='ocrx_word' id='word_1_544' title='bbox 410 4102 580 4173; x_wconf 86' lang='lat' dir='ltr'><strong>gloria</strong></span> <span class='ocrx_word' id='word_1_545' title='bbox 602 4113 656 4158; x_wconf 90' lang='lat' dir='ltr'><strong>et</strong></span> <span class='ocrx_word' id='word_1_546' title='bbox 698 4102 986 4173; x_wconf 88' lang='lat' dir='ltr'><strong>imperittm</strong></span> <span class='ocrx_word' id='word_1_547' title='bbox 1022 4104 1077 4158; x_wconf 91' lang='lat' dir='ltr'><strong>in</strong></span> <span class='ocrx_word' id='word_1_548' title='bbox 1100 4105 1296 4159; x_wconf 71' lang='lat' dir='ltr'><strong>sazcula</strong></span> <span class='ocrx_word' id='word_1_549' title='bbox 1325 4105 1671 4160; x_wconf 57' lang='lat' dir='ltr'><strong>saeculorum.</strong></span> <span class='ocrx_word' id='word_1_550' title='bbox 1701 4104 1895 4159; x_wconf 89' lang='lat' dir='ltr'><strong>Amen.</strong></span> 
     </span>
    </p>
   </div>
   <div class='ocr_carea' id='block_1_72' title="bbox 782 4243 1392 4313">
    <p class='ocr_par' dir='ltr' id='par_1_72' title="bbox 782 4243 1392 4313">
     <span class='ocr_line' id='line_1_72' title="bbox 782 4243 1392 4313; baseline -0.007 -13"><span class='ocrx_word' id='word_1_551' title='bbox 782 4243 1072 4300; x_wconf 71' lang='lat' dir='ltr'><strong>HOlllLlA</strong></span> <span class='ocrx_word' id='word_1_552' title='bbox 1111 4243 1392 4313; x_wconf 86' lang='lat' dir='ltr'><strong>QUINTA.</strong></span> 
     </span>
    </p>
   </div>
   <div class='ocr_carea' id='block_1_73' title="bbox 295 4330 1900 4409">
    <p class='ocr_par' dir='ltr' id='par_1_73' title="bbox 295 4330 1900 4409">
     <span class='ocr_line' id='line_1_73' title="bbox 295 4330 1900 4409; baseline 0 -18"><span class='ocrx_word' id='word_1_553' title='bbox 295 4334 474 4409; x_wconf 15' lang='lat' dir='ltr'><strong>Dereo</strong></span> <span class='ocrx_word' id='word_1_554' title='bbox 504 4336 649 4409; x_wconf 90' lang='lat' dir='ltr'><strong>quod</strong></span> <span class='ocrx_word' id='word_1_555' title='bbox 697 4346 934 4409; x_wconf 90' lang='lat' dir='ltr'><strong>quatuor</strong></span> <span class='ocrx_word' id='word_1_556' title='bbox 981 4337 1217 4392; x_wconf 91' lang='lat' dir='ltr'><strong>ultiones</strong></span> <span class='ocrx_word' id='word_1_557' title='bbox 1266 4335 1550 4405; x_wconf 59' lang='lat' dir='ltr'><strong>pessimae.</strong></span> <span class='ocrx_word' id='word_1_558' title='bbox 1582 4330 1759 4409; x_wconf 82' lang='lat' dir='ltr'><strong>idest,</strong></span> <span class='ocrx_word' id='word_1_559' title='bbox 1783 4336 1900 4405; x_wconf 82' lang='lat' dir='ltr'><strong>gla-</strong></span> 
     </span>
    </p>
   </div>
   <div class='ocr_carea' id='block_1_74' title="bbox 369 4407 1897 4479">
    <p class='ocr_par' dir='ltr' id='par_1_74' title="bbox 369 4407 1897 4479">
     <span class='ocr_line' id='line_1_74' title="bbox 369 4407 1897 4479; baseline 0 -17"><span class='ocrx_word' id='word_1_560' title='bbox 369 4408 514 4473; x_wconf 92' lang='lat' dir='ltr'><strong>dius,</strong></span> <span class='ocrx_word' id='word_1_561' title='bbox 541 4407 734 4474; x_wconf 68' lang='lat' dir='ltr'><strong>fames,</strong></span> <span class='ocrx_word' id='word_1_562' title='bbox 766 4410 953 4464; x_wconf 59' lang='lat' dir='ltr'><strong>bestiae</strong></span> <span class='ocrx_word' id='word_1_563' title='bbox 975 4409 1152 4471; x_wconf 73' lang='lat' dir='ltr'><strong>malm,</strong></span> <span class='ocrx_word' id='word_1_564' title='bbox 1177 4418 1231 4461; x_wconf 90' lang='lat' dir='ltr'><strong>et</strong></span> <span class='ocrx_word' id='word_1_565' title='bbox 1268 4409 1577 4479; x_wconf 87' lang='lat' dir='ltr'><strong>pestilentia</strong></span> <span class='ocrx_word' id='word_1_566' title='bbox 1625 4407 1897 4463; x_wconf 62' lang='lat' dir='ltr'><strong>intlucnno</strong></span> 
     </span>
    </p>
   </div>
   <div class='ocr_carea' id='block_1_75' title="bbox 371 4480 1896 4550">
    <p class='ocr_par' dir='ltr' id='par_1_75' title="bbox 371 4480 1896 4550">
     <span class='ocr_line' id='line_1_75' title="bbox 371 4480 1896 4550; baseline 0.001 -17"><span class='ocrx_word' id='word_1_567' title='bbox 371 4488 458 4534; x_wconf 91' lang='lat' dir='ltr'><strong>tur</strong></span> <span class='ocrx_word' id='word_1_568' title='bbox 511 4496 678 4547; x_wconf 86' lang='lat' dir='ltr'><strong>snper</strong></span> <span class='ocrx_word' id='word_1_569' title='bbox 728 4489 931 4536; x_wconf 88' lang='lat' dir='ltr'><strong>terram</strong></span> <span class='ocrx_word' id='word_1_570' title='bbox 988 4481 1381 4550; x_wconf 88' lang='lat' dir='ltr'><strong>peccatricem:</strong></span> <span class='ocrx_word' id='word_1_571' title='bbox 1436 4489 1492 4534; x_wconf 89' lang='lat' dir='ltr'><strong>et</strong></span> <span class='ocrx_word' id='word_1_572' title='bbox 1527 4482 1594 4533; x_wconf 88' lang='lat' dir='ltr'><strong>de</strong></span> <span class='ocrx_word' id='word_1_573' title='bbox 1644 4480 1896 4547; x_wconf 85' lang='lat' dir='ltr'><strong>paraboh</strong></span> 
     </span>
    </p>
   </div>
   <div class='ocr_carea' id='block_1_76' title="bbox 367 4551 1896 4625">
    <p class='ocr_par' dir='ltr' id='par_1_76' title="bbox 367 4551 1896 4625">
     <span class='ocr_line' id='line_1_76' title="bbox 367 4551 1896 4625; baseline 0.004 -25"><span class='ocrx_word' id='word_1_574' title='bbox 367 4566 471 4625; x_wconf 83' lang='lat' dir='ltr'><strong>qua</strong></span> <span class='ocrx_word' id='word_1_575' title='bbox 528 4553 768 4608; x_wconf 91' lang='lat' dir='ltr'><strong>dicitur:</strong></span> <span class='ocrx_word' id='word_1_576' title='bbox 822 4551 933 4607; x_wconf 83' lang='lat' dir='ltr'><strong>Fili</strong></span> <span class='ocrx_word' id='word_1_577' title='bbox 976 4553 1237 4616; x_wconf 76' lang='lat' dir='ltr'><strong>nontinis,</strong></span> <span class='ocrx_word' id='word_1_578' title='bbox 1285 4551 1411 4623; x_wconf 85' lang='lat' dir='ltr'><strong>quid</strong></span> <span class='ocrx_word' id='word_1_579' title='bbox 1462 4552 1548 4623; x_wconf 83' lang='lat' dir='ltr'><strong>[iet</strong></span> <span class='ocrx_word' id='word_1_580' title='bbox 1589 4551 1731 4625; x_wconf 82' lang='lat' dir='ltr'><strong>ligno</strong></span> <span class='ocrx_word' id='word_1_581' title='bbox 1781 4553 1896 4606; x_wconf 81' lang='lat' dir='ltr'><strong>vitis</strong></span> 
     </span>
    </p>
   </div>
   <div class='ocr_carea' id='block_1_77' title="bbox 368 4622 893 4696">
    <p class='ocr_par' dir='ltr' id='par_1_77' title="bbox 368 4622 893 4696">
     <span class='ocr_line' id='line_1_77' title="bbox 368 4622 893 4696; baseline 0 -18"><span class='ocrx_word' id='word_1_582' title='bbox 368 4622 524 4693; x_wconf 89' lang='lat' dir='ltr'><strong>(Cap.</strong></span> <span class='ocrx_word' id='word_1_583' title='bbox 556 4640 643 4680; x_wconf 82' lang='lat' dir='ltr'><strong>xrv</strong></span> <span class='ocrx_word' id='word_1_584' title='bbox 678 4635 732 4680; x_wconf 88' lang='lat' dir='ltr'><strong>et</strong></span> <span class='ocrx_word' id='word_1_585' title='bbox 760 4626 893 4696; x_wconf 78' lang='lat' dir='ltr'><strong>xv)?</strong></span> 
     </span>
    </p>
   </div>
   <div class='ocr_carea' id='block_1_78' title="bbox 366 4737 1898 4813">
    <p class='ocr_par' dir='ltr' id='par_1_78' title="bbox 366 4737 1898 4813">
     <span class='ocr_line' id='line_1_78' title="bbox 366 4737 1898 4813; baseline -0.001 -19"><span class='ocrx_word' id='word_1_586' title='bbox 366 4737 533 4813; x_wconf 85' lang='lat'><strong>925</strong></span> <span class='ocrx_word' id='word_1_587' title='bbox 576 4739 791 4807; x_wconf 84' lang='lat' dir='ltr'><strong>Fames,</strong></span> <span class='ocrx_word' id='word_1_588' title='bbox 818 4756 941 4812; x_wconf 67' lang='lat' dir='ltr'><strong>quae</strong></span> <span class='ocrx_word' id='word_1_589' title='bbox 966 4749 1191 4812; x_wconf 89' lang='lat' dir='ltr'><strong>propter</strong></span> <span class='ocrx_word' id='word_1_590' title='bbox 1230 4741 1587 4810; x_wconf 90' lang='lat' dir='ltr'><strong>peccatricem</strong></span> <span class='ocrx_word' id='word_1_591' title='bbox 1622 4740 1898 4795; x_wconf 91' lang='lat' dir='ltr'><strong>inducitur</strong></span> 
     </span>
    </p>
   </div>
   <div class='ocr_carea' id='block_1_79' title="bbox 292 4834 1899 4905">
    <p class='ocr_par' dir='ltr' id='par_1_79' title="bbox 292 4834 1899 4905">
     <span class='ocr_line' id='line_1_79' title="bbox 292 4834 1899 4905; baseline -0.001 -17"><span class='ocrx_word' id='word_1_592' title='bbox 292 4844 522 4901; x_wconf 88' lang='lat' dir='ltr'><strong>terram,</strong></span> <span class='ocrx_word' id='word_1_593' title='bbox 564 4834 721 4903; x_wconf 81' lang='lat' dir='ltr'><strong>juxta</strong></span> <span class='ocrx_word' id='word_1_594' title='bbox 753 4834 1168 4905; x_wconf 89' lang='lat' dir='ltr'><strong>possibilitatem</strong></span> <span class='ocrx_word' id='word_1_595' title='bbox 1204 4845 1513 4889; x_wconf 90' lang='lat' dir='ltr'><strong>nostrarum</strong></span> <span class='ocrx_word' id='word_1_596' title='bbox 1538 4834 1734 4889; x_wconf 91' lang='lat' dir='ltr'><strong>virium</strong></span> <span class='ocrx_word' id='word_1_597' title='bbox 1787 4834 1899 4887; x_wconf 90' lang='lat' dir='ltr'><strong>dis-</strong></span> 
     </span>
    </p>
   </div>
   <div class='ocr_carea' id='block_1_80' title="bbox 291 4928 1900 5000">
    <p class='ocr_par' dir='ltr' id='par_1_80' title="bbox 291 4928 1900 5000">
     <span class='ocr_line' id='line_1_80' title="bbox 291 4928 1900 5000; baseline -0.001 -16"><span class='ocrx_word' id='word_1_598' title='bbox 291 4943 453 4984; x_wconf 87' lang='lat' dir='ltr'><strong>cussa</strong></span> <span class='ocrx_word' id='word_1_599' title='bbox 482 4938 590 4997; x_wconf 89' lang='lat' dir='ltr'><strong>est,</strong></span> <span class='ocrx_word' id='word_1_600' title='bbox 622 4939 677 4985; x_wconf 92' lang='lat' dir='ltr'><strong>et</strong></span> <span class='ocrx_word' id='word_1_601' title='bbox 721 4938 844 5000; x_wconf 91' lang='lat' dir='ltr'><strong>post</strong></span> <span class='ocrx_word' id='word_1_602' title='bbox 890 4928 1086 4983; x_wconf 88' lang='lat' dir='ltr'><strong>famem</strong></span> <span class='ocrx_word' id='word_1_603' title='bbox 1134 4931 1202 4986; x_wconf 88' lang='lat' dir='ltr'><strong>de</strong></span> <span class='ocrx_word' id='word_1_604' title='bbox 1248 4929 1435 4985; x_wconf 91' lang='lat' dir='ltr'><strong>bestiis</strong></span> <span class='ocrx_word' id='word_1_605' title='bbox 1475 4929 1723 4998; x_wconf 88' lang='lat' dir='ltr'><strong>pessimis</strong></span> <span class='ocrx_word' id='word_1_606' title='bbox 1759 4928 1900 4983; x_wconf 81' lang='lat' dir='ltr'><strong>dixi-</strong></span> 
     </span>
    </p>
   </div>
   <div class='ocr_carea' id='block_1_81' title="bbox 290 5022 1898 5094">
    <p class='ocr_par' dir='ltr' id='par_1_81' title="bbox 290 5022 1898 5094">
     <span class='ocr_line' id='line_1_81' title="bbox 290 5022 1898 5094; baseline 0 -19"><span class='ocrx_word' id='word_1_607' title='bbox 290 5036 441 5089; x_wconf 89' lang='lat' dir='ltr'><strong>mus,</strong></span> <span class='ocrx_word' id='word_1_608' title='bbox 487 5037 623 5092; x_wconf 88' lang='lat' dir='ltr'><strong>quas</strong></span> <span class='ocrx_word' id='word_1_609' title='bbox 673 5022 934 5078; x_wconf 89' lang='lat' dir='ltr'><strong>immittet</strong></span> <span class='ocrx_word' id='word_1_610' title='bbox 980 5023 1127 5077; x_wconf 91' lang='lat' dir='ltr'><strong>Deus</strong></span> <span class='ocrx_word' id='word_1_611' title='bbox 1174 5037 1338 5092; x_wconf 92' lang='lat' dir='ltr'><strong>super</strong></span> <span class='ocrx_word' id='word_1_612' title='bbox 1370 5032 1704 5094; x_wconf 88' lang='lat' dir='ltr'><strong>peccatores.</strong></span> <span class='ocrx_word' id='word_1_613' title='bbox 1751 5022 1898 5088; x_wconf 85' lang='lat' dir='ltr'><strong>Qua-</strong></span> 
     </span>
    </p>
   </div>
   <div class='ocr_carea' id='block_1_82' title="bbox 292 5115 1939 5187">
    <p class='ocr_par' dir='ltr' id='par_1_82' title="bbox 292 5115 1939 5187">
     <span class='ocr_line' id='line_1_82' title="bbox 292 5115 1939 5187; baseline 0.001 -18"><span class='ocrx_word' id='word_1_614' title='bbox 292 5124 419 5169; x_wconf 89' lang='lat' dir='ltr'><strong>tuor</strong></span> <span class='ocrx_word' id='word_1_615' title='bbox 451 5115 595 5169; x_wconf 90' lang='lat' dir='ltr'><strong>enim</strong></span> <span class='ocrx_word' id='word_1_616' title='bbox 628 5115 864 5171; x_wconf 86' lang='lat' dir='ltr'><strong>ultiones</strong></span> <span class='ocrx_word' id='word_1_617' title='bbox 887 5116 939 5170; x_wconf 91' lang='lat' dir='ltr'><strong>in</strong></span> <span class='ocrx_word' id='word_1_618' title='bbox 970 5116 1238 5187; x_wconf 91' lang='lat' dir='ltr'><strong>principio</strong></span> <span class='ocrx_word' id='word_1_619' title='bbox 1267 5118 1675 5187; x_wconf 89' lang='lat' dir='ltr'><strong>proposuimus,</strong></span> <span class='ocrx_word' id='word_1_620' title='bbox 1705 5133 1735 5171; x_wconf 93' lang='lat' dir='ltr'><strong>e</strong></span> <span class='ocrx_word' id='word_1_621' title='bbox 1776 5117 1897 5187; x_wconf 91' lang='lat' dir='ltr'><strong>qui-</strong></span> <span class='ocrx_word' id='word_1_622' title='bbox 1932 5150 1939 5155; x_wconf 67' lang='grc' dir='ltr'><em>η</em></span> 
     </span>
    </p>
   </div>
   <div class='ocr_carea' id='block_1_83' title="bbox 294 5206 1898 5280">
    <p class='ocr_par' dir='ltr' id='par_1_83' title="bbox 294 5206 1898 5280">
     <span class='ocr_line' id='line_1_83' title="bbox 294 5206 1898 5280; baseline 0.002 -18"><span class='ocrx_word' id='word_1_623' title='bbox 294 5206 400 5262; x_wconf 91' lang='lat' dir='ltr'><strong>bus</strong></span> <span class='ocrx_word' id='word_1_624' title='bbox 429 5209 652 5278; x_wconf 63' lang='lat' dir='ltr'><strong>reliqua:</strong></span> <span class='ocrx_word' id='word_1_625' title='bbox 684 5209 807 5264; x_wconf 65' lang='lat' dir='ltr'><strong>duae</strong></span> <span class='ocrx_word' id='word_1_626' title='bbox 830 5218 961 5264; x_wconf 90' lang='lat' dir='ltr'><strong>sunt</strong></span> <span class='ocrx_word' id='word_1_627' title='bbox 982 5210 1048 5264; x_wconf 90' lang='lat' dir='ltr'><strong>de</strong></span> <span class='ocrx_word' id='word_1_628' title='bbox 1080 5209 1379 5280; x_wconf 64' lang='lat' dir='ltr'><strong>romphwa,</strong></span> <span class='ocrx_word' id='word_1_629' title='bbox 1422 5220 1475 5264; x_wconf 91' lang='lat' dir='ltr'><strong>et</strong></span> <span class='ocrx_word' id='word_1_630' title='bbox 1502 5209 1572 5265; x_wconf 94' lang='lat' dir='ltr'><strong>de</strong></span> <span class='ocrx_word' id='word_1_631' title='bbox 1604 5222 1801 5265; x_wconf 91' lang='lat' dir='ltr'><strong>morte.</strong></span> <span class='ocrx_word' id='word_1_632' title='bbox 1830 5210 1898 5265; x_wconf 87' lang='lat' dir='ltr'><strong>Et</strong></span> 
     </span>
    </p>
   </div>
   <div class='ocr_carea' id='block_1_84' title="bbox 293 5302 1898 5376">
    <p class='ocr_par' dir='ltr' id='par_1_84' title="bbox 293 5302 1898 5376">
     <span class='ocr_line' id='line_1_84' title="bbox 293 5302 1898 5376; baseline 0.002 -19"><span class='ocrx_word' id='word_1_633' title='bbox 293 5302 352 5357; x_wconf 90' lang='lat' dir='ltr'><strong>in</strong></span> <span class='ocrx_word' id='word_1_634' title='bbox 383 5302 554 5371; x_wconf 83' lang='lat' dir='ltr'><strong>prima</strong></span> <span class='ocrx_word' id='word_1_635' title='bbox 588 5302 809 5373; x_wconf 88' lang='lat' dir='ltr'><strong>quidem</strong></span> <span class='ocrx_word' id='word_1_636' title='bbox 858 5302 1094 5359; x_wconf 83' lang='lat' dir='ltr'><strong>filiorum</strong></span> <span class='ocrx_word' id='word_1_637' title='bbox 1128 5313 1182 5359; x_wconf 93' lang='lat' dir='ltr'><strong>et</strong></span> <span class='ocrx_word' id='word_1_638' title='bbox 1229 5303 1394 5376; x_wconf 78' lang='lat'><strong>926</strong></span> <span class='ocrx_word' id='word_1_639' title='bbox 1423 5304 1657 5359; x_wconf 84' lang='lat' dir='ltr'><strong>filiarum</strong></span> <span class='ocrx_word' id='word_1_640' title='bbox 1702 5320 1898 5361; x_wconf 90' lang='lat' dir='ltr'><strong>nomen</strong></span> 
     </span>
    </p>
   </div>
   <div class='ocr_carea' id='block_1_85' title="bbox 368 5444 1898 5526">
    <p class='ocr_par' dir='ltr' id='par_1_85' title="bbox 368 5444 1898 5526">
     <span class='ocr_line' id='line_1_85' title="bbox 368 5444 1898 5526; baseline 0.003 -28"><span class='ocrx_word' id='word_1_641' title='bbox 368 5444 715 5526; x_wconf 35' lang='lat' dir='ltr'><strong>{scripserit</strong></span> <span class='ocrx_word' id='word_1_642' title='bbox 735 5445 1016 5526; x_wconf 84' lang='lat' dir='ltr'><strong>_Origene_s</strong></span> <span class='ocrx_word' id='word_1_643' title='bbox 1044 5449 1588 5526; x_wconf 31' lang='lat' dir='ltr'><strong>quemadmod‘umin</strong></span> <span class='ocrx_word' id='word_1_644' title='bbox 1614 5465 1898 5526; x_wconf 74' lang='lat' dir='ltr'><strong>commen-</strong></span> 
     </span>
    </p>
   </div>
   <div class='ocr_carea' id='block_1_86' title="bbox 295 5517 1896 5589">
    <p class='ocr_par' dir='ltr' id='par_1_86' title="bbox 295 5517 1896 5589">
     <span class='ocr_line' id='line_1_86' title="bbox 295 5517 1896 5589; baseline 0.002 -19"><span class='ocrx_word' id='word_1_645' title='bbox 295 5517 450 5571; x_wconf 84' lang='lat' dir='ltr'><strong>tariis</strong></span> <span class='ocrx_word' id='word_1_646' title='bbox 492 5517 544 5570; x_wconf 91' lang='lat' dir='ltr'><strong>iu</strong></span> <span class='ocrx_word' id='word_1_647' title='bbox 596 5518 805 5589; x_wconf 64' lang='lat' dir='ltr'><strong>Exodo,</strong></span> <span class='ocrx_word' id='word_1_648' title='bbox 859 5517 946 5573; x_wconf 86' lang='lat' dir='ltr'><strong>ubi</strong></span> <span class='ocrx_word' id='word_1_649' title='bbox 981 5517 1127 5576; x_wconf 86' lang='lat' dir='ltr'><strong>hunc</strong></span> <span class='ocrx_word' id='word_1_650' title='bbox 1176 5522 1351 5589; x_wconf 89' lang='lat' dir='ltr'><strong>ipsum</strong></span> <span class='ocrx_word' id='word_1_651' title='bbox 1406 5522 1588 5575; x_wconf 90' lang='lat' dir='ltr'><strong>laudat</strong></span> <span class='ocrx_word' id='word_1_652' title='bbox 1637 5523 1896 5576; x_wconf 67' lang='lat' dir='ltr'><strong>Lucwlo-</strong></span> 
     </span>
    </p>
   </div>
   <div class='ocr_carea' id='block_1_87' title="bbox 290 5587 1890 5669">
    <p class='ocr_par' dir='ltr' id='par_1_87' title="bbox 290 5587 1890 5669">
     <span class='ocr_line' id='line_1_87' title="bbox 290 5587 1890 5669; baseline 0.006 -29"><span class='ocrx_word' id='word_1_653' title='bbox 290 5602 443 5669; x_wconf 49' lang='lat' dir='ltr'><strong>(sum,</strong></span> <span class='ocrx_word' id='word_1_654' title='bbox 485 5595 592 5663; x_wconf 81' lang='grc' dir='ltr'><strong>πῦρ</strong></span> <span class='ocrx_word' id='word_1_655' title='bbox 622 5587 767 5669; x_wconf 49' lang='grc' dir='ltr'><strong>ἦλθον</strong></span> <span class='ocrx_word' id='word_1_656' title='bbox 794 5592 991 5669; x_wconf 18' lang='grc' dir='ltr'>βώλελῖν</span> <span class='ocrx_word' id='word_1_657' title='bbox 1022 5594 1106 5649; x_wconf 83' lang='grc' dir='ltr'><strong>ἐπὶ</strong></span> <span class='ocrx_word' id='word_1_658' title='bbox 1129 5587 1220 5654; x_wconf 69' lang='grc' dir='ltr'><strong>τ’ὴὺ</strong></span> <span class='ocrx_word' id='word_1_659' title='bbox 1246 5604 1361 5669; x_wconf 67' lang='grc' dir='ltr'><strong>γῆν,</strong></span> <span class='ocrx_word' id='word_1_660' title='bbox 1390 5599 1476 5650; x_wconf 87' lang='grc' dir='ltr'><strong>καί</strong></span> <span class='ocrx_word' id='word_1_661' title='bbox 1504 5593 1601 5651; x_wconf 79' lang='grc' dir='ltr'><strong>εἴτε</strong></span> <span class='ocrx_word' id='word_1_662' title='bbox 1629 5594 1723 5655; x_wconf 72' lang='grc' dir='ltr'><strong>ἤδη</strong></span> <span class='ocrx_word' id='word_1_663' title='bbox 1753 5596 1890 5654; x_wconf 75' lang='grc' dir='ltr'><strong>ἐκάη.</strong></span> 
     </span>
    </p>
   </div>
   <div class='ocr_carea' id='block_1_88' title="bbox 292 5660 1899 5739">
    <p class='ocr_par' dir='ltr' id='par_1_88' title="bbox 292 5660 1899 5739">
     <span class='ocr_line' id='line_1_88' title="bbox 292 5660 1899 5739; baseline 0.005 -28"><span class='ocrx_word' id='word_1_664' title='bbox 292 5660 478 5739; x_wconf 71' lang='lat' dir='ltr'><strong>Ignem</strong></span> <span class='ocrx_word' id='word_1_665' title='bbox 526 5660 888 5739; x_wconf 57' lang='lat' dir='ltr'><strong>cenimitiere</strong></span> <span class='ocrx_word' id='word_1_666' title='bbox 932 5667 987 5739; x_wconf 80' lang='lat' dir='ltr'><strong>in</strong></span> <span class='ocrx_word' id='word_1_667' title='bbox 1009 5675 1216 5732; x_wconf 87' lang='lat' dir='ltr'><strong>terram,</strong></span> <span class='ocrx_word' id='word_1_668' title='bbox 1254 5660 1412 5739; x_wconf 74' lang='lat' dir='ltr'><strong>atque</strong></span> <span class='ocrx_word' id='word_1_669' title='bbox 1452 5669 1646 5723; x_wconf 84' lang='lat' dir='ltr'><strong>utinam</strong></span> <span class='ocrx_word' id='word_1_670' title='bbox 1675 5669 1789 5737; x_wconf 85' lang='lat' dir='ltr'><strong>jam</strong></span> <span class='ocrx_word' id='word_1_671' title='bbox 1812 5684 1899 5720; x_wconf 88' lang='lat' dir='ltr'><strong>ar-</strong></span> 
     </span>
    </p>
   </div>
   <div class='ocr_carea' id='block_1_89' title="bbox 290 5733 1896 5810">
    <p class='ocr_par' dir='ltr' id='par_1_89' title="bbox 290 5733 1896 5810">
     <span class='ocr_line' id='line_1_89' title="bbox 290 5733 1896 5810; baseline 0.007 -27"><span class='ocrx_word' id='word_1_672' title='bbox 290 5733 480 5810; x_wconf 67' lang='grc' dir='ltr'><strong>εἰειςει.⁸</strong></span> <span class='ocrx_word' id='word_1_673' title='bbox 515 5736 686 5810; x_wconf 76' lang='lat' dir='ltr'><strong>Quod</strong></span> <span class='ocrx_word' id='word_1_674' title='bbox 716 5735 762 5791; x_wconf 92' lang='lat' dir='ltr'><strong>si</strong></span> <span class='ocrx_word' id='word_1_675' title='bbox 795 5752 899 5791; x_wconf 89' lang='lat' dir='ltr'><strong>non</strong></span> <span class='ocrx_word' id='word_1_676' title='bbox 940 5738 1012 5792; x_wconf 91' lang='lat' dir='ltr'><strong>ita</strong></span> <span class='ocrx_word' id='word_1_677' title='bbox 1057 5733 1352 5808; x_wconf 81' lang='lat' dir='ltr'><strong>conceptus</strong></span> <span class='ocrx_word' id='word_1_678' title='bbox 1381 5740 1540 5796; x_wconf 63' lang='lat' dir='ltr'><strong>Lucae</strong></span> <span class='ocrx_word' id='word_1_679' title='bbox 1563 5733 1742 5795; x_wconf 69' lang='lat' dir='ltr'><strong>textus</strong></span> <span class='ocrx_word' id='word_1_680' title='bbox 1781 5741 1896 5810; x_wconf 90' lang='lat' dir='ltr'><strong>ipse</strong></span> 
     </span>
    </p>
   </div>
   <div class='ocr_carea' id='block_1_90' title="bbox 292 5803 1894 5886">
    <p class='ocr_par' dir='ltr' id='par_1_90' title="bbox 292 5803 1894 5886">
     <span class='ocr_line' id='line_1_90' title="bbox 292 5803 1894 5886; baseline 0.006 -29"><span class='ocrx_word' id='word_1_681' title='bbox 292 5812 427 5886; x_wconf 72' lang='lat' dir='ltr'><strong>tunc</strong></span> <span class='ocrx_word' id='word_1_682' title='bbox 457 5803 642 5886; x_wconf 69' lang='lat' dir='ltr'><strong>fuerit,</strong></span> <span class='ocrx_word' id='word_1_683' title='bbox 675 5807 790 5886; x_wconf 71' lang='lat' dir='ltr'><strong>haec</strong></span> <span class='ocrx_word' id='word_1_684' title='bbox 821 5817 970 5864; x_wconf 88' lang='lat' dir='ltr'><strong>certe</strong></span> <span class='ocrx_word' id='word_1_685' title='bbox 996 5812 1156 5864; x_wconf 81' lang='lat' dir='ltr'><strong>fuerit</strong></span> <span class='ocrx_word' id='word_1_686' title='bbox 1183 5803 1492 5886; x_wconf 79' lang='lat' dir='ltr'><strong>sententia,_</strong></span> <span class='ocrx_word' id='word_1_687' title='bbox 1524 5828 1683 5886; x_wconf 78' lang='lat' dir='ltr'><strong>quam</strong></span> <span class='ocrx_word' id='word_1_688' title='bbox 1720 5803 1894 5886; x_wconf 77' lang='lat' dir='ltr'><strong>probe</strong></span> 
     </span>
    </p>
   </div>
   <div class='ocr_carea' id='block_1_91' title="bbox 290 5868 1888 5951">
    <p class='ocr_par' dir='ltr' id='par_1_91' title="bbox 290 5868 1888 5951">
     <span class='ocr_line' id='line_1_91' title="bbox 290 5868 1888 5951; baseline 0.004 -24"><span class='ocrx_word' id='word_1_689' title='bbox 290 5868 545 5939; x_wconf 68' lang='lat' dir='ltr'><strong>retinuit,</strong></span> <span class='ocrx_word' id='word_1_690' title='bbox 592 5868 717 5936; x_wconf 79' lang='lat' dir='ltr'><strong>dum</strong></span> <span class='ocrx_word' id='word_1_691' title='bbox 763 5880 941 5938; x_wconf 89' lang='lat' dir='ltr'><strong>locum</strong></span> <span class='ocrx_word' id='word_1_692' title='bbox 982 5896 1045 5935; x_wconf 78' lang='lat' dir='ltr'><strong>ex</strong></span> <span class='ocrx_word' id='word_1_693' title='bbox 1081 5883 1341 5936; x_wconf 79' lang='lat' dir='ltr'><strong>memoria</strong></span> <span class='ocrx_word' id='word_1_694' title='bbox 1387 5868 1596 5936; x_wconf 75' lang='lat' dir='ltr'><strong>recitat.</strong></span> <span class='ocrx_word' id='word_1_695' title='bbox 1632 5883 1685 5936; x_wconf 85' lang='lat' dir='ltr'><strong>Id</strong></span> <span class='ocrx_word' id='word_1_696' title='bbox 1718 5868 1888 5951; x_wconf 69' lang='lat' dir='ltr'><strong>ip~ttm</strong></span> 
     </span>
    </p>
   </div>
   <div class='ocr_carea' id='block_1_92' title="bbox 2006 3342 3603 3412">
    <p class='ocr_par' dir='ltr' id='par_1_92' title="bbox 2006 3342 3603 3412">
     <span class='ocr_line' id='line_1_92' title="bbox 2006 3342 3603 3412; baseline 0 -16"><span class='ocrx_word' id='word_1_697' title='bbox 2006 3342 2167 3397; x_wconf 90' lang='lat' dir='ltr'><strong>habet</strong></span> <span class='ocrx_word' id='word_1_698' title='bbox 2190 3342 2368 3397; x_wconf 90' lang='lat' dir='ltr'><strong>simile</strong></span> <span class='ocrx_word' id='word_1_699' title='bbox 2397 3352 2708 3412; x_wconf 90' lang='lat' dir='ltr'><strong>peccatum,</strong></span> <span class='ocrx_word' id='word_1_700' title='bbox 2733 3350 2793 3397; x_wconf 91' lang='lat' dir='ltr'><strong>ut</strong></span> <span class='ocrx_word' id='word_1_701' title='bbox 2814 3358 2919 3396; x_wconf 89' lang='lat' dir='ltr'><strong>non</strong></span> <span class='ocrx_word' id='word_1_702' title='bbox 2953 3344 3003 3397; x_wconf 92' lang='lat' dir='ltr'><strong>ei</strong></span> <span class='ocrx_word' id='word_1_703' title='bbox 3038 3342 3293 3411; x_wconf 80' lang='lat' dir='ltr'><strong>sufficiat,</strong></span> <span class='ocrx_word' id='word_1_704' title='bbox 3329 3352 3417 3396; x_wconf 88' lang='lat' dir='ltr'><strong>aut</strong></span> <span class='ocrx_word' id='word_1_705' title='bbox 3465 3344 3603 3396; x_wconf 86' lang='lat' dir='ltr'><strong>sim-</strong></span> 
     </span>
    </p>
   </div>
   <div class='ocr_carea' id='block_1_93' title="bbox 2005 3434 3597 3505">
    <p class='ocr_par' dir='ltr' id='par_1_93' title="bbox 2005 3434 3597 3505">
     <span class='ocr_line' id='line_1_93' title="bbox 2005 3434 3597 3505; baseline 0 -16"><span class='ocrx_word' id='word_1_706' title='bbox 2005 3435 2125 3505; x_wconf 85' lang='lat' dir='ltr'><strong>plex</strong></span> <span class='ocrx_word' id='word_1_707' title='bbox 2158 3449 2386 3490; x_wconf 90' lang='lat' dir='ltr'><strong>acumen</strong></span> <span class='ocrx_word' id='word_1_708' title='bbox 2413 3434 2563 3505; x_wconf 90' lang='lat' dir='ltr'><strong>ferri,</strong></span> <span class='ocrx_word' id='word_1_709' title='bbox 2590 3445 2686 3490; x_wconf 90' lang='lat' dir='ltr'><strong>aut</strong></span> <span class='ocrx_word' id='word_1_710' title='bbox 2716 3434 2833 3490; x_wconf 80' lang='lat' dir='ltr'><strong>Sola</strong></span> <span class='ocrx_word' id='word_1_711' title='bbox 2861 3434 3001 3505; x_wconf 91' lang='lat' dir='ltr'><strong>ignis</strong></span> <span class='ocrx_word' id='word_1_712' title='bbox 3044 3434 3280 3497; x_wconf 75' lang='lat' dir='ltr'><strong>adustio.</strong></span> <span class='ocrx_word' id='word_1_713' title='bbox 3327 3434 3421 3490; x_wconf 91' lang='lat' dir='ltr'><strong>sed</strong></span> <span class='ocrx_word' id='word_1_714' title='bbox 3445 3442 3597 3489; x_wconf 89' lang='lat' dir='ltr'><strong>utra-</strong></span> 
     </span>
    </p>
   </div>
   <div class='ocr_carea' id='block_1_94' title="bbox 2004 3527 3607 3601">
    <p class='ocr_par' dir='ltr' id='par_1_94' title="bbox 2004 3527 3607 3601">
     <span class='ocr_line' id='line_1_94' title="bbox 2004 3527 3607 3601; baseline -0.001 -18"><span class='ocrx_word' id='word_1_715' title='bbox 2004 3546 2109 3601; x_wconf 91' lang='lat' dir='ltr'><strong>que</strong></span> <span class='ocrx_word' id='word_1_716' title='bbox 2135 3530 2524 3593; x_wconf 89' lang='lat' dir='ltr'><strong>adhibeantur,</strong></span> <span class='ocrx_word' id='word_1_717' title='bbox 2555 3545 2661 3600; x_wconf 93' lang='lat' dir='ltr'><strong>quo</strong></span> <span class='ocrx_word' id='word_1_718' title='bbox 2689 3538 2897 3596; x_wconf 85' lang='lat' dir='ltr'><strong>uratur,</strong></span> <span class='ocrx_word' id='word_1_719' title='bbox 2932 3540 2983 3584; x_wconf 92' lang='lat' dir='ltr'><strong>et</strong></span> <span class='ocrx_word' id='word_1_720' title='bbox 3016 3527 3276 3583; x_wconf 80' lang='lat' dir='ltr'><strong>secetur?</strong></span> <span class='ocrx_word' id='word_1_721' title='bbox 3322 3528 3462 3582; x_wconf 85' lang='lat' dir='ltr'><strong>Audi</strong></span> <span class='ocrx_word' id='word_1_722' title='bbox 3486 3528 3607 3582; x_wconf 85' lang='lat' dir='ltr'><strong>Sal-</strong></span> 
     </span>
    </p>
   </div>
   <div class='ocr_carea' id='block_1_95' title="bbox 2003 3622 3604 3693">
    <p class='ocr_par' dir='ltr' id='par_1_95' title="bbox 2003 3622 3604 3693">
     <span class='ocr_line' id='line_1_95' title="bbox 2003 3622 3604 3693; baseline -0.001 -14"><span class='ocrx_word' id='word_1_723' title='bbox 2003 3634 2247 3681; x_wconf 89' lang='lat' dir='ltr'><strong>vatorem</strong></span> <span class='ocrx_word' id='word_1_724' title='bbox 2296 3624 2557 3679; x_wconf 88' lang='lat' dir='ltr'><strong>rationem</strong></span> <span class='ocrx_word' id='word_1_725' title='bbox 2601 3622 2739 3693; x_wconf 82' lang='lat' dir='ltr'><strong>ignis</strong></span> <span class='ocrx_word' id='word_1_726' title='bbox 2769 3633 2821 3677; x_wconf 89' lang='lat' dir='ltr'><strong>et</strong></span> <span class='ocrx_word' id='word_1_727' title='bbox 2868 3623 2995 3677; x_wconf 88' lang='lat' dir='ltr'><strong>ferri</strong></span> <span class='ocrx_word' id='word_1_728' title='bbox 3025 3623 3075 3676; x_wconf 92' lang='lat' dir='ltr'><strong>in</strong></span> <span class='ocrx_word' id='word_1_729' title='bbox 3108 3622 3321 3678; x_wconf 88' lang='lat' dir='ltr'><strong>duobus</strong></span> <span class='ocrx_word' id='word_1_730' title='bbox 3368 3622 3501 3677; x_wconf 92' lang='lat' dir='ltr'><strong>locis</strong></span> <span class='ocrx_word' id='word_1_731' title='bbox 3529 3622 3604 3677; x_wconf 87' lang='lat' dir='ltr'><strong>si-</strong></span> 
     </span>
    </p>
   </div>
   <div class='ocr_carea' id='block_1_96' title="bbox 2002 3714 3606 3790">
    <p class='ocr_par' dir='ltr' id='par_1_96' title="bbox 2002 3714 3606 3790">
     <span class='ocr_line' id='line_1_96' title="bbox 2002 3714 3606 3790; baseline -0.002 -18"><span class='ocrx_word' id='word_1_732' title='bbox 2002 3718 2373 3790; x_wconf 81' lang='lat' dir='ltr'><strong>gnificantem.</strong></span> <span class='ocrx_word' id='word_1_733' title='bbox 2418 3716 2473 3771; x_wconf 89' lang='lat' dir='ltr'><strong>In</strong></span> <span class='ocrx_word' id='word_1_734' title='bbox 2507 3716 2616 3771; x_wconf 88' lang='lat' dir='ltr'><strong>alio</strong></span> <span class='ocrx_word' id='word_1_735' title='bbox 2666 3717 2786 3770; x_wconf 90' lang='lat' dir='ltr'><strong>loco</strong></span> <span class='ocrx_word' id='word_1_736' title='bbox 2820 3717 2932 3769; x_wconf 89' lang='lat' dir='ltr'><strong>ait:</strong></span> <span class='ocrx_word' id='word_1_737' title='bbox 2970 3714 3094 3769; x_wconf 87' lang='lat' dir='ltr'><strong>Non</strong></span> <span class='ocrx_word' id='word_1_738' title='bbox 3134 3716 3251 3769; x_wconf 78' lang='lat' dir='ltr'><strong>veni</strong></span> <span class='ocrx_word' id='word_1_739' title='bbox 3282 3716 3487 3769; x_wconf 82' lang='lat' dir='ltr'><strong>mittere</strong></span> <span class='ocrx_word' id='word_1_740' title='bbox 3512 3732 3606 3784; x_wconf 58' lang='lat' dir='ltr'><strong>pa.</strong></span> 
     </span>
    </p>
   </div>
   <div class='ocr_carea' id='block_1_97' title="bbox 2002 3808 3607 3883">
    <p class='ocr_par' dir='ltr' id='par_1_97' title="bbox 2002 3808 3607 3883">
     <span class='ocr_line' id='line_1_97' title="bbox 2002 3808 3607 3883; baseline -0.003 -15"><span class='ocrx_word' id='word_1_741' title='bbox 2002 3831 2111 3868; x_wconf 86' lang='lat' dir='ltr'><strong>cem</strong></span> <span class='ocrx_word' id='word_1_742' title='bbox 2140 3831 2296 3883; x_wconf 82' lang='lat' dir='ltr'><strong>super</strong></span> <span class='ocrx_word' id='word_1_743' title='bbox 2320 3822 2528 3877; x_wconf 87' lang='lat' dir='ltr'><strong>terram,</strong></span> <span class='ocrx_word' id='word_1_744' title='bbox 2557 3812 2646 3866; x_wconf 86' lang='lat' dir='ltr'><strong>sed</strong></span> <span class='ocrx_word' id='word_1_745' title='bbox 2672 3812 2907 3883; x_wconf 85' lang='lat' dir='ltr'><strong>gladium</strong></span> <span class='ocrx_word' id='word_1_746' title='bbox 2934 3810 2952 3880; x_wconf 94' lang='lat'><strong>(</strong></span> <span class='ocrx_word' id='word_1_747' title='bbox 2984 3808 3138 3864; x_wconf 83' lang='lat' dir='ltr'><strong>Matt.</strong></span> <span class='ocrx_word' id='word_1_748' title='bbox 3176 3808 3253 3881; x_wconf 71' lang='grc' dir='ltr'><strong>χ).</strong></span> <span class='ocrx_word' id='word_1_749' title='bbox 3281 3810 3335 3863; x_wconf 90' lang='lat' dir='ltr'><strong>In</strong></span> <span class='ocrx_word' id='word_1_750' title='bbox 3366 3809 3475 3864; x_wconf 89' lang='lat' dir='ltr'><strong>alio</strong></span> <span class='ocrx_word' id='word_1_751' title='bbox 3513 3824 3607 3863; x_wconf 88' lang='lat' dir='ltr'><strong>vc—</strong></span> 
     </span>
    </p>
   </div>
   <div class='ocr_carea' id='block_1_98' title="bbox 2002 3906 3605 3980">
    <p class='ocr_par' dir='ltr' id='par_1_98' title="bbox 2002 3906 3605 3980">
     <span class='ocr_line' id='line_1_98' title="bbox 2002 3906 3605 3980; baseline -0.005 -15"><span class='ocrx_word' id='word_1_752' title='bbox 2002 3924 2108 3965; x_wconf 85' lang='lat' dir='ltr'><strong>ro:</strong></span> <span class='ocrx_word' id='word_1_753' title='bbox 2166 3909 2351 3980; x_wconf 84' lang='lat' dir='ltr'><strong>Ignem</strong></span> <span class='ocrx_word' id='word_1_754' title='bbox 2396 3908 2511 3961; x_wconf 83' lang='lat' dir='ltr'><strong>veni</strong></span> <span class='ocrx_word' id='word_1_755' title='bbox 2549 3908 2750 3961; x_wconf 87' lang='lat' dir='ltr'><strong>mittere</strong></span> <span class='ocrx_word' id='word_1_756' title='bbox 2789 3922 2945 3974; x_wconf 86' lang='lat' dir='ltr'><strong>super</strong></span> <span class='ocrx_word' id='word_1_757' title='bbox 2979 3915 3189 3971; x_wconf 85' lang='lat' dir='ltr'><strong>terram,</strong></span> <span class='ocrx_word' id='word_1_758' title='bbox 3246 3914 3293 3958; x_wconf 90' lang='lat' dir='ltr'><strong>et</strong></span> <span class='ocrx_word' id='word_1_759' title='bbox 3325 3913 3351 3941; x_wconf 73' lang='grc'>⁸</span> <span class='ocrx_word' id='word_1_760' title='bbox 3402 3906 3605 3960; x_wconf 85' lang='lat' dir='ltr'><strong>utinam</strong></span> 
     </span>
    </p>
   </div>
   <div class='ocr_carea' id='block_1_99' title="bbox 1993 4000 3601 4077">
    <p class='ocr_par' dir='ltr' id='par_1_99' title="bbox 1993 4000 3601 4077">
     <span class='ocr_line' id='line_1_99' title="bbox 1993 4000 3601 4077; baseline -0.003 -19"><span class='ocrx_word' id='word_1_761' title='bbox 1993 4008 2108 4077; x_wconf 88' lang='lat' dir='ltr'><strong>jam</strong></span> <span class='ocrx_word' id='word_1_762' title='bbox 2135 4005 2314 4059; x_wconf 82' lang='lat' dir='ltr'><strong>ardeat</strong></span> <span class='ocrx_word' id='word_1_763' title='bbox 2345 4002 2499 4073; x_wconf 88' lang='lat' dir='ltr'><strong>(Luc.</strong></span> <span class='ocrx_word' id='word_1_764' title='bbox 2537 4001 2660 4073; x_wconf 78' lang='lat' dir='ltr'><strong>xu).</strong></span> <span class='ocrx_word' id='word_1_765' title='bbox 2694 4001 2863 4072; x_wconf 89' lang='lat' dir='ltr'><strong>Igitur</strong></span> <span class='ocrx_word' id='word_1_766' title='bbox 2893 4001 3069 4057; x_wconf 83' lang='lat' dir='ltr'><strong>defert</strong></span> <span class='ocrx_word' id='word_1_767' title='bbox 3096 4011 3391 4071; x_wconf 88' lang='lat' dir='ltr'><strong>utrumque</strong></span> <span class='ocrx_word' id='word_1_768' title='bbox 3418 4000 3601 4056; x_wconf 77' lang='lat' dir='ltr'><strong>Salva-</strong></span> 
     </span>
    </p>
   </div>
   <div class='ocr_carea' id='block_1_100' title="bbox 2002 4094 3609 4165">
    <p class='ocr_par' dir='ltr' id='par_1_100' title="bbox 2002 4094 3609 4165">
     <span class='ocr_line' id='line_1_100' title="bbox 2002 4094 3609 4165; baseline -0.002 -16"><span class='ocrx_word' id='word_1_769' title='bbox 2002 4103 2110 4162; x_wconf 90' lang='lat' dir='ltr'><strong>tor,</strong></span> <span class='ocrx_word' id='word_1_770' title='bbox 2139 4094 2372 4165; x_wconf 85' lang='lat' dir='ltr'><strong>gladium</strong></span> <span class='ocrx_word' id='word_1_771' title='bbox 2403 4103 2458 4149; x_wconf 90' lang='lat' dir='ltr'><strong>et</strong></span> <span class='ocrx_word' id='word_1_772' title='bbox 2500 4094 2705 4163; x_wconf 85' lang='lat' dir='ltr'><strong>ignem,</strong></span> <span class='ocrx_word' id='word_1_773' title='bbox 2733 4102 2791 4149; x_wconf 95' lang='lat' dir='ltr'><strong>et</strong></span> <span class='ocrx_word' id='word_1_774' title='bbox 2821 4094 3081 4163; x_wconf 89' lang='lat' dir='ltr'><strong>baptizat,</strong></span> <span class='ocrx_word' id='word_1_775' title='bbox 3113 4109 3235 4164; x_wconf 64' lang='lat' dir='ltr'><strong>quae</strong></span> <span class='ocrx_word' id='word_1_776' title='bbox 3260 4110 3365 4147; x_wconf 86' lang='lat' dir='ltr'><strong>non</strong></span> <span class='ocrx_word' id='word_1_777' title='bbox 3415 4101 3609 4163; x_wconf 88' lang='lat' dir='ltr'><strong>potue-</strong></span> 
     </span>
    </p>
   </div>
   <div class='ocr_carea' id='block_1_101' title="bbox 2002 4186 3602 4259">
    <p class='ocr_par' dir='ltr' id='par_1_101' title="bbox 2002 4186 3602 4259">
     <span class='ocr_line' id='line_1_101' title="bbox 2002 4186 3602 4259; baseline -0.003 -15"><span class='ocrx_word' id='word_1_778' title='bbox 2002 4200 2127 4244; x_wconf 87' lang='lat' dir='ltr'><strong>runt</strong></span> <span class='ocrx_word' id='word_1_779' title='bbox 2160 4188 2400 4259; x_wconf 86' lang='lat' dir='ltr'><strong>Spiritus</strong></span> <span class='ocrx_word' id='word_1_780' title='bbox 2450 4188 2621 4243; x_wconf 84' lang='lat' dir='ltr'><strong>sancti</strong></span> <span class='ocrx_word' id='word_1_781' title='bbox 2669 4187 3046 4258; x_wconf 83' lang='lat' dir='ltr'><strong>purificatione</strong></span> <span class='ocrx_word' id='word_1_782' title='bbox 3111 4186 3350 4257; x_wconf 84' lang='lat' dir='ltr'><strong>purgari.</strong></span> <span class='ocrx_word' id='word_1_783' title='bbox 3404 4187 3602 4245; x_wconf 87' lang='lat' dir='ltr'><strong>Sacra-</strong></span> 
     </span>
    </p>
   </div>
   <div class='ocr_carea' id='block_1_102' title="bbox 2004 4280 3607 4351">
    <p class='ocr_par' dir='ltr' id='par_1_102' title="bbox 2004 4280 3607 4351">
     <span class='ocr_line' id='line_1_102' title="bbox 2004 4280 3607 4351; baseline -0.001 -13"><span class='ocrx_word' id='word_1_784' title='bbox 2004 4296 2183 4340; x_wconf 90' lang='lat' dir='ltr'><strong>menta</strong></span> <span class='ocrx_word' id='word_1_785' title='bbox 2233 4283 2412 4337; x_wconf 89' lang='lat' dir='ltr'><strong>divina</strong></span> <span class='ocrx_word' id='word_1_786' title='bbox 2462 4290 2590 4337; x_wconf 91' lang='lat' dir='ltr'><strong>sunt</strong></span> <span class='ocrx_word' id='word_1_787' title='bbox 2616 4280 2933 4348; x_wconf 81' lang='lat' dir='ltr'><strong>ineffabilia,</strong></span> <span class='ocrx_word' id='word_1_788' title='bbox 2967 4292 3019 4337; x_wconf 90' lang='lat' dir='ltr'><strong>et</strong></span> <span class='ocrx_word' id='word_1_789' title='bbox 3063 4282 3167 4337; x_wconf 89' lang='lat' dir='ltr'><strong>soli</strong></span> <span class='ocrx_word' id='word_1_790' title='bbox 3203 4282 3314 4335; x_wconf 91' lang='lat' dir='ltr'><strong>Deo</strong></span> <span class='ocrx_word' id='word_1_791' title='bbox 3344 4282 3557 4351; x_wconf 88' lang='lat' dir='ltr'><strong>cognita</strong></span> <span class='ocrx_word' id='word_1_792' title='bbox 3594 4300 3607 4336; x_wconf 89' lang='lat'><strong>:</strong></span> 
     </span>
    </p>
   </div>
   <div class='ocr_carea' id='block_1_103' title="bbox 2004 4374 3608 4447">
    <p class='ocr_par' dir='ltr' id='par_1_103' title="bbox 2004 4374 3608 4447">
     <span class='ocr_line' id='line_1_103' title="bbox 2004 4374 3608 4447; baseline 0 -18"><span class='ocrx_word' id='word_1_793' title='bbox 2004 4377 2128 4447; x_wconf 89' lang='lat' dir='ltr'><strong>plus</strong></span> <span class='ocrx_word' id='word_1_794' title='bbox 2178 4387 2354 4431; x_wconf 86' lang='lat' dir='ltr'><strong>tamen</strong></span> <span class='ocrx_word' id='word_1_795' title='bbox 2406 4377 2457 4431; x_wconf 93' lang='lat' dir='ltr'><strong>in</strong></span> <span class='ocrx_word' id='word_1_796' title='bbox 2506 4376 2803 4445; x_wconf 86' lang='lat' dir='ltr'><strong>gratiarum</strong></span> <span class='ocrx_word' id='word_1_797' title='bbox 2854 4375 3171 4439; x_wconf 88' lang='lat' dir='ltr'><strong>donatione,</strong></span> <span class='ocrx_word' id='word_1_798' title='bbox 3213 4389 3373 4441; x_wconf 90' lang='lat' dir='ltr'><strong>quam</strong></span> <span class='ocrx_word' id='word_1_799' title='bbox 3404 4374 3608 4429; x_wconf 84' lang='lat' dir='ltr'><strong>in‘tor-</strong></span> 
     </span>
    </p>
   </div>
   <div class='ocr_carea' id='block_1_104' title="bbox 2004 4464 3606 4534">
    <p class='ocr_par' dir='ltr' id='par_1_104' title="bbox 2004 4464 3606 4534">
     <span class='ocr_line' id='line_1_104' title="bbox 2004 4464 3606 4534; baseline -0.001 -12"><span class='ocrx_word' id='word_1_800' title='bbox 2004 4477 2315 4523; x_wconf 85' lang='lat' dir='ltr'><strong>mentorum</strong></span> <span class='ocrx_word' id='word_1_801' title='bbox 2348 4467 2702 4522; x_wconf 84' lang='lat' dir='ltr'><strong>varietatibus</strong></span> <span class='ocrx_word' id='word_1_802' title='bbox 2732 4468 3050 4521; x_wconf 87' lang='lat' dir='ltr'><strong>constituta.</strong></span> <span class='ocrx_word' id='word_1_803' title='bbox 3080 4465 3263 4534; x_wconf 86' lang='lat' dir='ltr'><strong>Neque</strong></span> <span class='ocrx_word' id='word_1_804' title='bbox 3296 4464 3439 4519; x_wconf 92' lang='lat' dir='ltr'><strong>enim</strong></span> <span class='ocrx_word' id='word_1_805' title='bbox 3488 4481 3606 4520; x_wconf 92' lang='lat' dir='ltr'><strong>me-</strong></span> 
     </span>
    </p>
   </div>
   <div class='ocr_carea' id='block_1_105' title="bbox 2004 4557 3607 4631">
    <p class='ocr_par' dir='ltr' id='par_1_105' title="bbox 2004 4557 3607 4631">
     <span class='ocr_line' id='line_1_105' title="bbox 2004 4557 3607 4631; baseline -0.001 -15"><span class='ocrx_word' id='word_1_806' title='bbox 2004 4560 2108 4616; x_wconf 90' lang='lat' dir='ltr'><strong>dici</strong></span> <span class='ocrx_word' id='word_1_807' title='bbox 2148 4577 2212 4615; x_wconf 77' lang='lat' dir='ltr'><strong>ex</strong></span> <span class='ocrx_word' id='word_1_808' title='bbox 2268 4560 2551 4631; x_wconf 88' lang='lat' dir='ltr'><strong>disciplina</strong></span> <span class='ocrx_word' id='word_1_809' title='bbox 2595 4560 2729 4614; x_wconf 86' lang='lat' dir='ltr'><strong>artis</strong></span> <span class='ocrx_word' id='word_1_810' title='bbox 2772 4574 2883 4613; x_wconf 72' lang='lat' dir='ltr'><strong>sum</strong></span> <span class='ocrx_word' id='word_1_811' title='bbox 2916 4557 3315 4613; x_wconf 87' lang='lat' dir='ltr'><strong>rationabiliter</strong></span> <span class='ocrx_word' id='word_1_812' title='bbox 3336 4573 3455 4625; x_wconf 86' lang='lat' dir='ltr'><strong>eos,</strong></span> <span class='ocrx_word' id='word_1_813' title='bbox 3486 4560 3607 4631; x_wconf 87' lang='lat' dir='ltr'><strong>qui-</strong></span> 
     </span>
    </p>
   </div>
   <div class='ocr_carea' id='block_1_106' title="bbox 1923 4647 3607 4722">
    <p class='ocr_par' dir='ltr' id='par_1_106' title="bbox 1923 4647 3607 4722">
     <span class='ocr_line' id='line_1_106' title="bbox 1923 4647 3607 4722; baseline 0.002 -17"><span class='ocrx_word' id='word_1_814' title='bbox 1923 4647 1975 4705; x_wconf 91' lang='lat' dir='ltr'><strong>D</strong></span> <span class='ocrx_word' id='word_1_815' title='bbox 2003 4655 2102 4710; x_wconf 91' lang='lat' dir='ltr'><strong>bus</strong></span> <span class='ocrx_word' id='word_1_816' title='bbox 2131 4653 2441 4718; x_wconf 89' lang='lat' dir='ltr'><strong>medentur,</strong></span> <span class='ocrx_word' id='word_1_817' title='bbox 2474 4662 2680 4718; x_wconf 85' lang='lat' dir='ltr'><strong>secant,</strong></span> <span class='ocrx_word' id='word_1_818' title='bbox 2711 4662 2892 4717; x_wconf 86' lang='lat' dir='ltr'><strong>urunt,</strong></span> <span class='ocrx_word' id='word_1_819' title='bbox 2920 4651 3158 4722; x_wconf 85' lang='lat' dir='ltr'><strong>dantque</strong></span> <span class='ocrx_word' id='word_1_820' title='bbox 3183 4651 3435 4721; x_wconf 92' lang='lat' dir='ltr'><strong>poculum</strong></span> <span class='ocrx_word' id='word_1_821' title='bbox 3458 4668 3607 4708; x_wconf 83' lang='lat' dir='ltr'><strong>ama-</strong></span> 
     </span>
    </p>
   </div>
   <div class='ocr_carea' id='block_1_107' title="bbox 1997 4747 3607 4819">
    <p class='ocr_par' dir='ltr' id='par_1_107' title="bbox 1997 4747 3607 4819">
     <span class='ocr_line' id='line_1_107' title="bbox 1997 4747 3607 4819; baseline 0 -16"><span class='ocrx_word' id='word_1_822' title='bbox 1997 4747 2201 4804; x_wconf 90' lang='lat' dir='ltr'><strong>rissimi</strong></span> <span class='ocrx_word' id='word_1_823' title='bbox 2247 4747 2699 4816; x_wconf 89' lang='lat' dir='ltr'><strong>temperamenti,</strong></span> <span class='ocrx_word' id='word_1_824' title='bbox 2745 4747 2913 4818; x_wconf 77' lang='lat'><strong>928</strong></span> <span class='ocrx_word' id='word_1_825' title='bbox 2962 4747 3238 4817; x_wconf 91' lang='lat' dir='ltr'><strong>multaque</strong></span> <span class='ocrx_word' id='word_1_826' title='bbox 3283 4748 3409 4815; x_wconf 90' lang='lat' dir='ltr'><strong>alia,</strong></span> <span class='ocrx_word' id='word_1_827' title='bbox 3444 4759 3607 4819; x_wconf 85' lang='lat' dir='ltr'><strong>prout</strong></span> 
     </span>
    </p>
   </div>
   <div class='ocr_carea' id='block_1_108' title="bbox 2000 4838 3610 4908">
    <p class='ocr_par' dir='ltr' id='par_1_108' title="bbox 2000 4838 3610 4908">
     <span class='ocr_line' id='line_1_108' title="bbox 2000 4838 3610 4908; baseline 0.001 -14"><span class='ocrx_word' id='word_1_828' title='bbox 2000 4856 2161 4895; x_wconf 84' lang='lat' dir='ltr'><strong>causa</strong></span> <span class='ocrx_word' id='word_1_829' title='bbox 2208 4839 2472 4908; x_wconf 89' lang='lat' dir='ltr'><strong>postulat,</strong></span> <span class='ocrx_word' id='word_1_830' title='bbox 2528 4838 2767 4893; x_wconf 87' lang='lat' dir='ltr'><strong>faciunt:</strong></span> <span class='ocrx_word' id='word_1_831' title='bbox 2814 4840 2955 4893; x_wconf 90' lang='lat' dir='ltr'><strong>Deus</strong></span> <span class='ocrx_word' id='word_1_832' title='bbox 3001 4848 3184 4893; x_wconf 88' lang='lat' dir='ltr'><strong>autem</strong></span> <span class='ocrx_word' id='word_1_833' title='bbox 3238 4840 3610 4897; x_wconf 89' lang='lat' dir='ltr'><strong>universitatis</strong></span> 
     </span>
    </p>
   </div>
   <div class='ocr_carea' id='block_1_109' title="bbox 1998 4931 3609 5003">
    <p class='ocr_par' dir='ltr' id='par_1_109' title="bbox 1998 4931 3609 5003">
     <span class='ocr_line' id='line_1_109' title="bbox 1998 4931 3609 5003; baseline 0.002 -16"><span class='ocrx_word' id='word_1_834' title='bbox 1998 4932 2286 4995; x_wconf 90' lang='lat' dir='ltr'><strong>Dominus,</strong></span> <span class='ocrx_word' id='word_1_835' title='bbox 2332 4933 2450 4986; x_wconf 92' lang='lat' dir='ltr'><strong>sine</strong></span> <span class='ocrx_word' id='word_1_836' title='bbox 2481 4931 2795 4987; x_wconf 87' lang='lat' dir='ltr'><strong>rationabili</strong></span> <span class='ocrx_word' id='word_1_837' title='bbox 2844 4931 3077 5001; x_wconf 88' lang='lat' dir='ltr'><strong>quadam</strong></span> <span class='ocrx_word' id='word_1_838' title='bbox 3123 4932 3416 5003; x_wconf 88' lang='lat' dir='ltr'><strong>sapientia,</strong></span> <span class='ocrx_word' id='word_1_839' title='bbox 3449 4944 3505 4989; x_wconf 91' lang='lat' dir='ltr'><strong>et</strong></span> <span class='ocrx_word' id='word_1_840' title='bbox 3534 4934 3609 4990; x_wconf 91' lang='lat' dir='ltr'><strong>si-</strong></span> 
     </span>
    </p>
   </div>
   <div class='ocr_carea' id='block_1_110' title="bbox 2002 5024 3607 5094">
    <p class='ocr_par' dir='ltr' id='par_1_110' title="bbox 2002 5024 3607 5094">
     <span class='ocr_line' id='line_1_110' title="bbox 2002 5024 3607 5094; baseline 0.001 -15"><span class='ocrx_word' id='word_1_841' title='bbox 2002 5041 2072 5079; x_wconf 90' lang='lat' dir='ltr'><strong>ne</strong></span> <span class='ocrx_word' id='word_1_842' title='bbox 2119 5025 2537 5093; x_wconf 85' lang='lat' dir='ltr'><strong>dispensatione</strong></span> <span class='ocrx_word' id='word_1_843' title='bbox 2586 5024 2744 5094; x_wconf 85' lang='lat' dir='ltr'><strong>digna</strong></span> <span class='ocrx_word' id='word_1_844' title='bbox 2786 5024 3087 5092; x_wconf 89' lang='lat' dir='ltr'><strong>majestatis</strong></span> <span class='ocrx_word' id='word_1_845' title='bbox 3127 5042 3238 5080; x_wconf 65' lang='lat' dir='ltr'><strong>suae</strong></span> <span class='ocrx_word' id='word_1_846' title='bbox 3268 5040 3453 5094; x_wconf 67' lang='lat' dir='ltr'><strong>pinnas</strong></span> <span class='ocrx_word' id='word_1_847' title='bbox 3486 5037 3607 5081; x_wconf 87' lang='lat' dir='ltr'><strong>tan-</strong></span> 
     </span>
    </p>
   </div>
   <div class='ocr_carea' id='block_1_111' title="bbox 1998 5116 3601 5187">
    <p class='ocr_par' dir='ltr' id='par_1_111' title="bbox 1998 5116 3601 5187">
     <span class='ocr_line' id='line_1_111' title="bbox 1998 5116 3601 5187; baseline 0.001 -15"><span class='ocrx_word' id='word_1_848' title='bbox 1998 5125 2112 5172; x_wconf 89' lang='lat' dir='ltr'><strong>tum</strong></span> <span class='ocrx_word' id='word_1_849' title='bbox 2146 5117 2307 5172; x_wconf 83' lang='lat' dir='ltr'><strong>infert</strong></span> <span class='ocrx_word' id='word_1_850' title='bbox 2336 5116 2731 5185; x_wconf 87' lang='lat' dir='ltr'><strong>peccatoribus.</strong></span> <span class='ocrx_word' id='word_1_851' title='bbox 2766 5116 2951 5185; x_wconf 88' lang='lat' dir='ltr'><strong>Neque</strong></span> <span class='ocrx_word' id='word_1_852' title='bbox 2983 5118 3151 5185; x_wconf 88' lang='lat' dir='ltr'><strong>enim,</strong></span> <span class='ocrx_word' id='word_1_853' title='bbox 3187 5128 3242 5173; x_wconf 93' lang='lat' dir='ltr'><strong>ut</strong></span> <span class='ocrx_word' id='word_1_854' title='bbox 3266 5119 3601 5187; x_wconf 86' lang='lat' dir='ltr'><strong>existimant,</strong></span> 
     </span>
    </p>
   </div>
   <div class='ocr_carea' id='block_1_112' title="bbox 2006 5210 3606 5282">
    <p class='ocr_par' dir='ltr' id='par_1_112' title="bbox 2006 5210 3606 5282">
     <span class='ocr_line' id='line_1_112' title="bbox 2006 5210 3606 5282; baseline 0.002 -16"><span class='ocrx_word' id='word_1_855' title='bbox 2006 5211 2072 5266; x_wconf 89' lang='lat' dir='ltr'><strong>ad</strong></span> <span class='ocrx_word' id='word_1_856' title='bbox 2114 5211 2218 5267; x_wconf 89' lang='lat' dir='ltr'><strong>hoc</strong></span> <span class='ocrx_word' id='word_1_857' title='bbox 2260 5221 2468 5265; x_wconf 91' lang='lat' dir='ltr'><strong>tantum</strong></span> <span class='ocrx_word' id='word_1_858' title='bbox 2521 5210 2749 5265; x_wconf 90' lang='lat' dir='ltr'><strong>adhibet</strong></span> <span class='ocrx_word' id='word_1_859' title='bbox 2797 5210 3087 5281; x_wconf 83' lang='lat' dir='ltr'><strong>supplicia,</strong></span> <span class='ocrx_word' id='word_1_860' title='bbox 3122 5223 3179 5266; x_wconf 84' lang='grc' dir='ltr'><strong>ιιι</strong></span> <span class='ocrx_word' id='word_1_861' title='bbox 3204 5222 3474 5282; x_wconf 89' lang='lat' dir='ltr'><strong>torqueat,</strong></span> <span class='ocrx_word' id='word_1_862' title='bbox 3511 5213 3606 5269; x_wconf 86' lang='lat' dir='ltr'><strong>sed</strong></span> 
     </span>
    </p>
   </div>
   <div class='ocr_carea' id='block_1_113' title="bbox 2010 5305 3606 5379">
    <p class='ocr_par' dir='ltr' id='par_1_113' title="bbox 2010 5305 3606 5379">
     <span class='ocr_line' id='line_1_113' title="bbox 2010 5305 3606 5379; baseline 0.002 -18"><span class='ocrx_word' id='word_1_863' title='bbox 2010 5307 2162 5377; x_wconf 89' lang='lat' dir='ltr'><strong>quasi</strong></span> <span class='ocrx_word' id='word_1_864' title='bbox 2192 5314 2344 5377; x_wconf 88' lang='lat' dir='ltr'><strong>pater</strong></span> <span class='ocrx_word' id='word_1_865' title='bbox 2366 5305 2471 5361; x_wconf 92' lang='lat' dir='ltr'><strong>scit</strong></span> <span class='ocrx_word' id='word_1_866' title='bbox 2501 5305 2725 5361; x_wconf 88' lang='lat' dir='ltr'><strong>vulnera</strong></span> <span class='ocrx_word' id='word_1_867' title='bbox 2754 5310 2998 5361; x_wconf 88' lang='lat' dir='ltr'><strong>omnium</strong></span> <span class='ocrx_word' id='word_1_868' title='bbox 3026 5316 3275 5361; x_wconf 90' lang='lat' dir='ltr'><strong>nostrum</strong></span> <span class='ocrx_word' id='word_1_869' title='bbox 3305 5324 3317 5359; x_wconf 97' lang='lat'><strong>:</strong></span> <span class='ocrx_word' id='word_1_870' title='bbox 3370 5306 3473 5362; x_wconf 92' lang='lat' dir='ltr'><strong>scit</strong></span> <span class='ocrx_word' id='word_1_871' title='bbox 3502 5323 3606 5379; x_wconf 89' lang='lat' dir='ltr'><strong>qua</strong></span> 
     </span>
    </p>
   </div>
   <div class='ocr_carea' id='block_1_114' title="bbox 2004 5448 3607 5516">
    <p class='ocr_par' dir='ltr' id='par_1_114' title="bbox 2004 5448 3607 5516">
     <span class='ocr_line' id='line_1_114' title="bbox 2004 5448 3607 5516; baseline 0.001 -13"><span class='ocrx_word' id='word_1_872' title='bbox 2004 5451 2150 5516; x_wconf 89' lang='lat' dir='ltr'><strong>quod</strong></span> <span class='ocrx_word' id='word_1_873' title='bbox 2203 5452 2256 5505; x_wconf 94' lang='lat' dir='ltr'><strong>in</strong></span> <span class='ocrx_word' id='word_1_874' title='bbox 2305 5450 2586 5505; x_wconf 92' lang='lat' dir='ltr'><strong>hodiernis</strong></span> <span class='ocrx_word' id='word_1_875' title='bbox 2629 5448 2907 5504; x_wconf 89' lang='lat' dir='ltr'><strong>codicibus</strong></span> <span class='ocrx_word' id='word_1_876' title='bbox 2958 5450 3222 5514; x_wconf 85' lang='lat' dir='ltr'><strong>scriptum</strong></span> <span class='ocrx_word' id='word_1_877' title='bbox 3277 5459 3381 5513; x_wconf 88' lang='lat' dir='ltr'><strong>est,</strong></span> <span class='ocrx_word' id='word_1_878' title='bbox 3426 5453 3510 5505; x_wconf 78' lang='grc' dir='ltr'><strong>καὶ</strong></span> <span class='ocrx_word' id='word_1_879' title='bbox 3556 5452 3607 5506; x_wconf 81' lang='grc' dir='ltr'>τί</span> 
     </span>
    </p>
   </div>
   <div class='ocr_carea' id='block_1_115' title="bbox 2004 5520 3605 5596">
    <p class='ocr_par' dir='ltr' id='par_1_115' title="bbox 2004 5520 3605 5596">
     <span class='ocr_line' id='line_1_115' title="bbox 2004 5520 3605 5596; baseline -0.002 -17"><span class='ocrx_word' id='word_1_880' title='bbox 2004 5524 2146 5589; x_wconf 79' lang='grc' dir='ltr'><em>θέλω,</em></span> <span class='ocrx_word' id='word_1_881' title='bbox 2173 5527 2216 5579; x_wconf 84' lang='grc' dir='ltr'><strong>εὶ</strong></span> <span class='ocrx_word' id='word_1_882' title='bbox 2241 5521 2337 5583; x_wconf 75' lang='grc' dir='ltr'><strong>ἤδη</strong></span> <span class='ocrx_word' id='word_1_883' title='bbox 2364 5524 2553 5596; x_wconf 75' lang='grc' dir='ltr'><strong>ἀνήφθη</strong></span> <span class='ocrx_word' id='word_1_884' title='bbox 2583 5536 2597 5596; x_wconf 76' lang='lat'><strong>;_</strong></span> <span class='ocrx_word' id='word_1_885' title='bbox 2632 5520 2867 5596; x_wconf 74' lang='lat' dir='ltr'><strong>Grotius</strong></span> <span class='ocrx_word' id='word_1_886' title='bbox 2905 5522 2972 5596; x_wconf 90' lang='lat' dir='ltr'><strong>ah</strong></span> <span class='ocrx_word' id='word_1_887' title='bbox 3004 5521 3200 5575; x_wconf 87' lang='lat' dir='ltr'><strong>lluetio</strong></span> <span class='ocrx_word' id='word_1_888' title='bbox 3232 5520 3483 5596; x_wconf 76' lang='lat' dir='ltr'><strong>laudatus</strong></span> <span class='ocrx_word' id='word_1_889' title='bbox 3535 5524 3605 5575; x_wconf 90' lang='lat' dir='ltr'><strong>ita</strong></span> 
     </span>
    </p>
   </div>
   <div class='ocr_carea' id='block_1_116' title="bbox 2004 5592 3610 5662">
    <p class='ocr_par' dir='ltr' id='par_1_116' title="bbox 2004 5592 3610 5662">
     <span class='ocr_line' id='line_1_116' title="bbox 2004 5592 3610 5662; baseline -0.001 -14"><span class='ocrx_word' id='word_1_890' title='bbox 2004 5595 2311 5657; x_wconf 74' lang='lat' dir='ltr'><strong>distinguit,</strong></span> <span class='ocrx_word' id='word_1_891' title='bbox 2342 5598 2429 5649; x_wconf 77' lang='grc' dir='ltr'><strong>καὶ</strong></span> <span class='ocrx_word' id='word_1_892' title='bbox 2456 5592 2507 5650; x_wconf 64' lang='lat' dir='ltr'><strong>ri</strong></span> <span class='ocrx_word' id='word_1_893' title='bbox 2535 5594 2659 5649; x_wconf 84' lang='grc' dir='ltr'><em>θέλω</em></span> <span class='ocrx_word' id='word_1_894' title='bbox 2684 5608 2696 5657; x_wconf 87' lang='grc'>;</span> <span class='ocrx_word' id='word_1_895' title='bbox 2726 5596 2769 5648; x_wconf 82' lang='grc' dir='ltr'><strong>εἰ</strong></span> <span class='ocrx_word' id='word_1_896' title='bbox 2812 5592 2906 5655; x_wconf 73' lang='grc' dir='ltr'><strong>ἤδη</strong></span> <span class='ocrx_word' id='word_1_897' title='bbox 2938 5595 3145 5662; x_wconf 77' lang='grc' dir='ltr'><strong>ἀνήφθη,</strong></span> <span class='ocrx_word' id='word_1_898' title='bbox 3204 5594 3391 5660; x_wconf 88' lang='lat' dir='ltr'><strong>sicque</strong></span> <span class='ocrx_word' id='word_1_899' title='bbox 3435 5608 3610 5662; x_wconf 64' lang='lat' dir='ltr'><strong>capo-</strong></span> 
     </span>
    </p>
   </div>
   <div class='ocr_carea' id='block_1_117' title="bbox 2004 5616 3607 5738">
    <p class='ocr_par' dir='ltr' id='par_1_117' title="bbox 2004 5616 3607 5738">
     <span class='ocr_line' id='line_1_117' title="bbox 2004 5616 3607 5662; baseline -0.002 -14"><span class='ocrx_word' id='word_1_900' title='bbox 2004 5616 2311 5657; x_wconf 65' lang='grc' dir='ltr'><strong>υιδιιηκιιιι,</strong></span> <span class='ocrx_word' id='word_1_901' title='bbox 2342 5616 2429 5649; x_wconf 76' lang='grc' dir='ltr'><strong>και</strong></span> <span class='ocrx_word' id='word_1_902' title='bbox 2456 5616 2507 5650; x_wconf 82' lang='grc' dir='ltr'><strong>τι</strong></span> <span class='ocrx_word' id='word_1_903' title='bbox 2535 5616 2659 5649; x_wconf 79' lang='grc' dir='ltr'><strong>σεΛω</strong></span> <span class='ocrx_word' id='word_1_904' title='bbox 2684 5616 2696 5657; x_wconf 82' lang='grc'>;</span> <span class='ocrx_word' id='word_1_905' title='bbox 2726 5616 2767 5648; x_wconf 83' lang='grc' dir='ltr'><strong>ει</strong></span> <span class='ocrx_word' id='word_1_906' title='bbox 2812 5616 2906 5655; x_wconf 83' lang='grc' dir='ltr'><strong>ηοη</strong></span> <span class='ocrx_word' id='word_1_907' title='bbox 2938 5616 3029 5652; x_wconf 66' lang='lat' dir='ltr'><strong>avri</strong></span> <span class='ocrx_word' id='word_1_908' title='bbox 3066 5616 3145 5654; x_wconf 79' lang='grc' dir='ltr'><strong>ση,</strong></span> <span class='ocrx_word' id='word_1_909' title='bbox 3204 5616 3391 5660; x_wconf 68' lang='grc' dir='ltr'><strong>διυψιυ</strong></span> <span class='ocrx_word' id='word_1_910' title='bbox 3435 5616 3607 5662; x_wconf 62' lang='lat' dir='ltr'><strong>capti-</strong></span> 
     </span>
     <span class='ocr_line' id='line_1_118' title="bbox 2004 5616 3607 5738; baseline -0.002 -17"><span class='ocrx_word' id='word_1_911' title='bbox 2004 5668 2121 5721; x_wconf 83' lang='lat' dir='ltr'><strong>nit:</strong></span> <span class='ocrx_word' id='word_1_912' title='bbox 2157 5666 2296 5732; x_wconf 82' lang='lat' dir='ltr'><strong>Quid</strong></span> <span class='ocrx_word' id='word_1_913' title='bbox 2349 5677 2617 5738; x_wconf 73' lang='lat' dir='ltr'><strong>autemest</strong></span> <span class='ocrx_word' id='word_1_914' title='bbox 2660 5665 2800 5734; x_wconf 85' lang='lat' dir='ltr'><strong>quod</strong></span> <span class='ocrx_word' id='word_1_915' title='bbox 2830 5666 2993 5738; x_wconf 72' lang='lat' dir='ltr'><strong>apto?</strong></span> <span class='ocrx_word' id='word_1_916' title='bbox 3033 5616 3484 5738; x_wconf 47' lang='lat' dir='ltr'><strong>Illinamjamjam</strong></span> <span class='ocrx_word' id='word_1_917' title='bbox 3513 5682 3607 5718; x_wconf 60' lang='lat' dir='ltr'><strong>ac-</strong></span> 
     </span>
    </p>
   </div>
   <div class='ocr_carea' id='block_1_118' title="bbox 2003 5737 3604 5803">
    <p class='ocr_par' dir='ltr' id='par_1_118' title="bbox 2003 5737 3604 5803">
     <span class='ocr_line' id='line_1_119' title="bbox 2003 5737 3604 5803; baseline 0.002 -12"><span class='ocrx_word' id='word_1_918' title='bbox 2003 5739 2305 5793; x_wconf 84' lang='lat' dir='ltr'><strong>cendatur:</strong></span> <span class='ocrx_word' id='word_1_919' title='bbox 2350 5737 2694 5803; x_wconf 82' lang='lat' dir='ltr'><strong>05tenditque</strong></span> <span class='ocrx_word' id='word_1_920' title='bbox 2735 5737 2871 5791; x_wconf 88' lang='lat' dir='ltr'><strong>satis</strong></span> <span class='ocrx_word' id='word_1_921' title='bbox 2918 5737 3131 5792; x_wconf 84' lang='lat' dir='ltr'><strong>erudite</strong></span> <span class='ocrx_word' id='word_1_922' title='bbox 3158 5739 3201 5792; x_wconf 83' lang='grc' dir='ltr'><strong>εἰ</strong></span> <span class='ocrx_word' id='word_1_923' title='bbox 3244 5737 3604 5795; x_wconf 59' lang='grc' dir='ltr'><strong>(ειιιιῐὶιιὰἰοδ-</strong></span> 
     </span>
    </p>
   </div>
   <div class='ocr_carea' id='block_1_119' title="bbox 2006 5808 3287 5881">
    <p class='ocr_par' dir='ltr' id='par_1_119' title="bbox 2006 5808 3287 5881">
     <span class='ocr_line' id='line_1_120' title="bbox 2006 5808 3287 5881; baseline -0.001 -16"><span class='ocrx_word' id='word_1_924' title='bbox 2006 5811 2136 5878; x_wconf 89' lang='lat' dir='ltr'><strong>tivo,</strong></span> <span class='ocrx_word' id='word_1_925' title='bbox 2167 5810 2398 5879; x_wconf 83' lang='lat' dir='ltr'><strong>Utinam,</strong></span> <span class='ocrx_word' id='word_1_926' title='bbox 2426 5809 2566 5879; x_wconf 85' lang='lat' dir='ltr'><strong>apud</strong></span> <span class='ocrx_word' id='word_1_927' title='bbox 2596 5808 2921 5867; x_wconf 84' lang='lat' dir='ltr'><strong>llelleuistas</strong></span> <span class='ocrx_word' id='word_1_928' title='bbox 2953 5808 3287 5881; x_wconf 85' lang='lat' dir='ltr'><strong>significare.</strong></span> 
     </span>
    </p>
   </div>
  </div>
