4100 6336
469 286 568 341 751

1708 293 1768 349 8.
1813 291 2086 350 EUSEBH
2127 292 2512 350 ΙΙΙΕΙιΟΝῚΙΙ

3669 298 3780 353 7'53

470 423 534 465 ex
568 425 728 464 causa
747 449 760 476 ,
793 410 938 481 quod
970 411 1124 465 ulcus
1163 422 1346 465 natum
1390 412 1492 476 sit,
1521 429 1642 483 qum
1673 413 1904 483 putredo
1931 412 2070 468 infe—
2099 413 2149 476 Α
2174 421 2398 485 quatuor
2417 413 2668 469 vindictae
2688 430 2826 469 uaeas
2843 414 3120 484 pessimae,
3140 415 3479 486 rompfueam,
3493 423 3541 468 et
3563 414 3774 482 facian,

474 500 592 555 lieis
623 503 838 568 animat,
893 518 960 557 ex
1012 519 1118 570 quo
1159 503 1389 559 ducatur
1425 506 1672 572 exordio,-
1733 507 1910 576 qualis
1949 521 2074 576 spe-

476 592 587 648 cies
631 591 861 663 doloris,
912 609 976 648 ex
1010 612 1115 664 quo
1139 607 1364 665 peccato
1392 598 1574 652 veniat
1602 615 1614 651 :
1642 599 1742 653 scit
1765 607 1822 653 et
1845 598 2074 664 formas,

475 687 700 752 modos,
732 699 787 743 et
835 705 1093 743 numeros
1144 703 1534 762 peccatorum;
1586 693 1677 763 qui
1709 677 1902 757 semei,
1953 695 2074 762 bis,

478 785 670 851 terque
703 783 1046 851 peccaverit;
1072 784 1160 854 qui
1194 785 1244 837 in
1275 800 1380 838 una
1411 786 1592 854 specie
1618 785 1938 842 delictorum
1968 802 2074 840 sa:-

478 892 546 946 pe
575 876 702 941 ruit,
739 877 826 944 qui
880 877 934 932 in
963 878 1195 932 diversis
1226 878 1480 933 vitiorum
1528 880 1818 949 speciebus
1853 880 2080 952 singulis

480 977 685 1023 tantum
721 970 952 1026 vocibus
983 971 1274 1026 erraverit.
1312 972 1438 1028 llaec
1468 973 1648 1027 omnia
1683 989 1780 1028 nos
1810 974 1960 1044 jtmta
1985 989 2076 1028 sa-

479 1064 737 1133 pientiam
777 1065 870 1119 Di-i
925 1079 1175 1134 qumrere
1223 1066 1383 1138 [ευρ.
1413 1067 1722 1141 debemus].
1775 1068 2078 1124 secundum

477 1158 630 1220 illud.
663 1157 804 1228 quod
836 1158 1095 1228 scriptum
1144 1170 1271 1216 est:
1323 1160 1576 1216 Seruum:
1637 1163 1796 1215 corda
1838 1169 1888 1215 et
1933 1173 2080 1216 renes

483 1251 645 1321 Deus,
676 1263 729 1307 et
757 1251 1046 1320 supplicia,
1072 1267 1199 1324 qua:
1228 1254 1298 1309 ab
1323 1269 1388 1309 eo
1420 1255 1752 1325 irrogantur,
1807 1255 1884 1309 sic
1922 1253 2082 1309 intel:

483 1346 674 1417 ligerc,
704 1347 860 1417 quasi
905 1346 1064 1417 digna
1091 1348 1198 1401 Deo
1218 1391 1230 1414 ,
1277 1357 1330 1404 et
1360 1350 1737 1403 convenientia
1790 1348 2080 1419 dispensa-

485 1439 618 1495 tioni
650 1441 792 1510 ejus,
824 1455 923 1494 nos
944 1440 1060 1494 vult
1103 1457 1208 1495 non
1240 1441 1612 1496 tantummodo
1641 1441 1895 1497 cruciari.
1950 1439 2082 1496 Oma

482 1532 569 1587 nia
610 1534 811 1603 quippe
861 1531 928 1586 ad
977 1537 1079 1587 hoc
1101 1533 1366 1599 condidit,
1420 1541 1784 1598 utessentget
1810 1533 2084 1589 salutares

487 1625 610 1680 fecit
643 1626 1024 1696 generationes
1056 1626 1263 1693 mundi,
1294 1635 1348 1682 et
1402 1643 1510 1682 non
1549 1638 1632 1681 est
1663 1626 1716 1681 in
1740 1627 1820 1680 eis
1843 1627 2080 1682 medica-

483 1725 724 1772 mentum
769 1718 1130 1788 perditiOnis;
1172 1719 1264 1774 sed
1309 1721 1432 1791 quia
1461 1719 1605 1790 quod
1658 1720 1748 1775 ille
1778 1720 1950 1775 voluit
1979 1733 2081 1776 nos

2179 514 2228 559 et
2276 506 2460 559 bestias
2498 505 2766 577 panicias,
2796 515 2843 559 et
2870 514 3086 561 mortem
3121 506 3406 559 imminere.
3455 505 3620 574 Quo?
3667 514 3780 561 non

2178 611 2344 663 super
2385 606 2583 653 terram
2611 640 2626 664 ,
2674 599 2771 654 sed
2801 611 2958 668 super
2985 597 3294 654 Jerusalem.
3347 599 3515 655 Terra
3555 600 3699 654 enim
3729 601 3781 655 si

2180 691 2435 760 puniatur
2457 729 2471 754 ,
2505 689 2709 746 sufficit
2740 691 2793 746 ei
2824 707 2928 746 una
2957 691 3253 762 correptio.
3302 691 3358 748 Si
3398 699 3576 746 autem
3600 694 3778 748 corri-

2180 784 2360 854 piatur
2387 784 2714 850 Jerusalem,
2746 799 2912 855 super
2932 768 3438 856 qdam’mvocatum
3461 796 3549 842 est
3574 802 3780 842 nomen

2184 878 2276 933 Dei
2309 878 2372 941 (ll
2397 877 2541 932 Petr.
2563 878 2650 945 tl),
2681 887 2916 949 quatuor
2940 880 2990 934 ei
3013 880 3284 934 cruciatus
3308 880 3511 951 pariter
3534 879 3784 935 inferuno

2181 978 2288 1023 tur.
2326 970 2491 1024 Multo
2519 969 2682 1024 nobis
2710 971 2896 1025 utilius
2927 971 3100 1025 fuerat
3125 971 3315 1028 divino
3345 987 3452 1026 non
3484 971 3792 1028 credidisse

2181 1061 2421 1117 sermoni
2446 1104 2459 1124 ,
2503 1077 2665 1131 quam
2701 1072 2828 1134 post
2851 1063 3232 1120 credulitatem
3259 1065 3438 1120 adhuc
3465 1081 3682 1120 rursum
3710 1065 3786 1120 ad

2180 1163 2404 1222 peccata
2430 1154 2702 1218 converti,
2746 1171 2870 1225 quae
2895 1166 3022 1211 ante
3051 1156 3449 1212 commisimus.
3481 1157 3790 1213 Considera

2181 1248 2327 1301 enim
2368 1245 2643 1313 quomodo
2680 1247 2960 1318 Scriptura
3008 1263 3173 1318 super
3215 1257 3413 1304 terram
3463 1249 3791 1321 singillatim

2183 1339 2448 1409 supplicia
2473 1341 2616 1395 dicat
2642 1341 2852 1409 inferri,
2876 1351 2934 1397 et
2959 1357 3068 1397 non
3091 1351 3331 1416 apponat
3351 1358 3512 1414 quam
3537 1353 3740 1399 terram
3764 1363 3780 1399 :

2181 1433 2398 1502 quando
2426 1449 2556 1487 vero
2587 1433 2654 1488 ad
2681 1433 2985 1490 Jerusalem
3011 1435 3194 1490 veniat
3220 1454 3233 1489 :
3261 1431 3321 1492 'Si
3351 1445 3532 1491 autem
3559 1443 3615 1492 et
3641 1452 3790 1507 qua-

2185 1535 2307 1579 tuor
2329 1525 2590 1581 vindictas
2613 1541 2764 1582 meas
2787 1527 2928 1597 pessi
2940 1543 3077 1595 mas,
3101 1527 3460 1598 romphazam,
3483 1537 3540 1584 et
3557 1529 3788 1598 famem,

2181 1631 2233 1672 ct
2269 1618 2476 1673 bestias
2509 1622 2802 1688 pessimas,
2835 1629 2892 1675 et
2913 1629 3144 1677 mortem
3168 1621 3450 1677 immisero
3483 1624 3534 1678 in
3561 1623 3796 1679 Jerusa—

2186 1717 2287 1772 lem
2314 1733 2328 1780 ;
2361 1733 2460 1772 nos
2489 1717 2734 1774 indicans
2759 1718 3089 1784 Jeru~alem,
3122 1721 3214 1790 qui
3243 1728 3532 1790 peccantes
3560 1720 3794 1790 quidem

483 1813 886 1866 contemnendo
933 1827 1040 1867 non
1090 1811 1341 1880 fecimus,
1395 1823 1448 1868 et
1475 1813 1568 1868 ille
1612 1813 1758 1884 quod
1808 1815 2078 1886 cupierat,
2111 1818 2156 1876 Β
2186 1825 2287 1864 nos
2315 1809 2618 1865 Jerusalem
2664 1826 2876 1879 sumus,
2907 1827 3030 1882 qua:
3056 1810 3383 1878 destruitur;
3418 1813 3472 1866 in
3497 1814 3798 1883 praeceptis

484 1918 592 1958 non
621 1903 947 1957 exercuitin
982 1904 1158 1969 nobis,-
1188 1905 1486 1974 disputatio
1517 1921 1615 1960 nos
1647 1908 1844 1977 coegit,
1879 1917 1936 1962 ut
1978 1907 2079 1962 ali-

484 1995 612 2066 quid
643 1994 711 2050 de
736 2010 1021 2066 prunarum
1055 1998 1237 2064 specie
1265 1998 1593 2066 diceremus,
1627 2016 1748 2070 qua!
1774 2000 2084 2056 inferuntur

485 2090 553 2144 ad
589 2097 810 2145 terram.
866 2091 1131 2146 Debemus
1159 2106 1338 2147 autem
1385 2110 1568 2159 nosse,
1599 2096 1722 2164 quia
1753 2110 1860 2150 nou
1900 2097 2084 2151 statim

484 2183 575 2239 ubi
619 2184 787 2238 fames
842 2182 1025 2248 fuerit,
1081 2197 1340 2255 sequatur
1366 2198 1420 2242 et
1445 2202 1610 2241 mors.
1653 2187 1841 2243 Potest
1879 2190 2086 2259 quippe

487 2276 625 2340 fieri,
661 2283 718 2330 ut
738 2275 933 2346 aliquis
963 2275 1157 2331 famem
1188 2279 1468 2334 sustinens
1498 2289 1816 2347 perseveret
1866 2281 1919 2335 in
1947 2279 2084 2347 vita,

487 2368 616 2424 licet
649 2368 849 2435 inedia,
875 2377 926 2423 et
967 2369 1244 2440 squalore,
1279 2379 1334 2426 et
1362 2375 1533 2426 macie
1564 2371 1950 2428 discrttcietur.
1985 2373 2087 2428 Po-

488 2468 598 2515 test
651 2449 791 2525 fieri,
824 2468 901 2528 ut,
930 2459 1191 2518 immissis
1212 2463 1401 2518 bestiis
1425 2465 1602 2530 malis,
1629 2465 1812 2519 statim
1839 2480 1950 2520 non
1969 2480 2088 2520 om-

486 2568 584 2608 nes
624 2562 867 2622 pereant,
902 2552 1042 2624 fuga:
1078 2554 1279 2610 auxilio
1327 2558 1614 2613 reservati.
1645 2558 1834 2615 Potest
1863 2563 2088 2617 evenire

486 2654 568 2730 ut,
622 2647 851 2703 cedente
898 2648 1195 2718 romphaea,
1250 2659 1428 2707 cesset
1475 2652 1745 2707 interitus.
1775 2654 1934 2710 Modo
1967 2655 2090 2710 vqu

489 2751 752 2797 nerantur
781 2742 1024 2812 quidam,
1057 2754 1112 2798 et
1137 2753 1413 2813 secantur,
1439 2756 1514 2811 et,
1544 2757 1604 2800 ut
1635 2746 1708 2800 ita
1739 2745 1936 2811 dicam,
1970 2763 2091 2803 cre-

489 2832 604 2888 bris
653 2833 851 2888 ictibus
903 2843 928 2870 ¹¹
977 2835 1405 2905 cunfunduntur,
1459 2852 1560 2892 nec
1604 2849 1784 2893 tamen
1831 2849 2084 2908 pereunt.

465 2926 698 2982 -ldcirco
729 2943 874 2983 nunc
903 2944 1059 2999 ptena
1094 2930 1387 2985 novissima
1418 2933 1468 2985 iu
1521 2934 1938 2991 enumeratione
1971 2951 2087 3005 pm-

499 3035 690 3074 narum
737 3022 927 3076 mortis
969 3022 1220 3078 infertur.
1257 3024 1564 3080 Istiusmodi
1613 3027 1868 3093 quiddam
1913 3037 1970 3083 et
1998 3044 2086 3082 sa-

495 3115 836 3171 cratissimus
892 3118 1181 3187 Apostolus
1249 3118 1496 3175 sentiens
1566 3119 1928 3190 loquebatur:
1976 3121 2088 3176 No-

2183 1917 2312 1957 vero
2339 1914 2746 1972 permanentes,
2776 1903 3080 1960 Jerusalem
3112 1904 3333 1970 dicitur,
3364 1919 3486 1975 qua:
3516 1905 3794 1960 salvetur.

2183 1995 2380 2050 Omnes
2418 1996 2865 2062 lamentationes,
2914 2012 3052 2069 quas
3079 1997 3312 2066 legimus
3351 1997 3406 2052 in
3454 1997 3796 2065 Jerusalem,

2184 2103 2375 2144 omnes
2398 2091 2778 2159 querimonire,
2804 2091 3004 2160 quibus
3025 2107 3145 2146 eam
3174 2091 3382 2161 plangit
3405 2091 3579 2159 Deus,
3609 2091 3804 2164 {93°

2185 2182 2250 2236 ad
2285 2198 2384 2238 nos
2410 2183 2708 2252 pertinent,
2745 2183 2834 2253 qui
2866 2185 3203 2254 gustavimus
3234 2198 3542 2240 sermonem
3574 2185 3697 2248 Dei,
3726 2194 3802 2241 et

2188 2289 2374 2350 postea
2400 2280 2672 2336 mandatis
2693 2281 2813 2351 ejus
2828 2283 3099 2337 contraria
3119 2281 3367 2336 fecimus.
3391 2280 3509 2335 Non
3527 2281 3800 2350 plectitur

2185 2373 2492 2428 Salomonis
2513 2374 2632 2441 jura
2663 2385 3044 2438 contemnens,
3070 2390 3178 2428 non
3206 2373 3284 2430 sic
3308 2373 3527 2444 punitur
3547 2372 3800 2445 Lycurgi

2187 2470 2322 2523 scita
2343 2467 2667 2522 destituens.
2694 2467 2856 2522 Aliud
2882 2467 3211 2537 supplicium
3231 2475 3316 2522 est
3336 2467 3477 2537 ejus,
3495 2467 3584 2539 qui
3607 2465 3802 2536 legem

2190 2561 2283 2616 Dei
2333 2577 2427 2630 per
2475 2561 2712 2632 Moysen:
2760 2559 3014 2615 traditam
3051 2560 3374 2628 conculcat,
3421 2570 3476 2614 et
3511 2558 3748 2626 deSpicit
3778 2575 3800 2614 :

2191 2654 2422 2711 maxima
2462 2656 2702 2710 omnium
2736 2663 2818 2708 est
2849 2655 2969 2724 ejus
3010 2669 3163 2724 paula
3191 2695 3206 2720 ,
3255 2653 3346 2723 qui
3387 2658 3655 2724 praecepta
3688 2649 3806 2706 filii

2193 2751 2284 2805 Dei
2325 2767 2424 2818 pro
2465 2748 2638 2803 nihilo
2675 2748 2914 2803 duxerit.
2965 2747 3179 2802 lrritam
3218 2746 3362 2802 enim
3402 2745 3525 2815 quis
3572 2743 3804 2798 faciens

2193 2844 2366 2914 legem
2391 2843 2558 2914 Moysi
2583 2841 2705 2896 sine
2736 2841 2844 2896 ulla
2870 2840 3222 2895 miseratione
3253 2839 3468 2893 duobus
3497 2836 3576 2891 vel
3609 2833 3807 2890 tribus

2193 2934 2428 2990 testibus
2449 2935 2675 2988 [noritur
2702 2931 2896 3005 (Hebr.
2925 2931 3015 3003 x);
3040 2939 3244 3001 quanto
3268 2931 3438 3000 magis
3465 2927 3660 2997 putatis
3685 2926 3806 2982 de-

2193 3027 2393 3082 teriora
2424 3026 2686 3098 Sltpplit'ia
2721 3025 2917 3081 mereri
2949 3023 3098 3080 illum
3124 3070 3138 3094 ,
3172 3024 3265 3096 qui
3296 3015 3491 3079 Filium
3522 3022 3615 3078 Dei
3653 3036 3810 3077 con-

2194 3121 2518 3176 culcaverit!
2571 3119 2658 3175 Ait
2697 3134 2847 3190 ergo,
2897 3134 3033 3187 quos
3073 3118 3536 3184 cnumeravimus,
3589 3111 3810 3172 Filium

494 3208 732 3263 vissimus
790 3209 1030 3264 inimicus
1093 3210 1385 3265 destruetur
1425 3229 1562 3266 mors
1609 3212 1660 3282 (Ι
1693 3213 1812 3268 Cor.
1857 3214 1936 3286 v).
1981 3216 2089 3270 Au-
2118 3209 2163 3272 C
2202 3218 2290 3272 Dei
2321 3231 2426 3272 non
2457 3215 2944 3281 conculcaverunt,
2990 3213 3086 3268 sed
3120 3222 3329 3268 tantum
3377 3212 3549 3281 legem
3575 3209 3674 3266 Dei
3706 3209 3814 3264 in—

493 3297 634 3355 debo
689 3300 910 3367 dicere,
963 3302 1058 3357 scd
1105 3303 1432 3358 novissimus
1482 3304 1733 3360 inimicus
1780 3305 2093 3363 destruetur

497 3410 665 3449 mors.
733 3394 852 3449 Fuit
925 3397 1145 3466 quidam
1223 3408 1350 3452 ante
1415 3408 1644 3454 mortem
1714 3399 1986 3463 inimicus,
2040 3401 2092 3456 id

495 3499 576 3541 est
604 3489 770 3561 929
792 3492 1064 3560 romplnca
1088 3510 1098 3544 :
1134 3490 1230 3545 fuit
1258 3491 1474 3560 quidam
1509 3502 1635 3549 ante
1663 3506 1894 3550 mortem
1921 3497 2095 3552 inimi-

498 3597 615 3644 ους,
651 3583 840 3638 bestia:
871 3586 1118 3653 pcs~ima2
1154 3604 1167 3640 :
1204 3585 1304 3641 fuit
1333 3588 1552 3657 quide
1586 3599 1715 3645 ante
1746 3591 1946 3649 beSIias
1974 3608 2095 3662 pes-

498 3675 666 3730 simas
690 3676 966 3743 inimicus,
1001 3677 1192 3734 fames.
1242 3681 1364 3735 llu-c
1393 3683 1570 3736 omnia
1609 3685 1825 3740 inimica
1858 3696 1984 3742 sunt
2010 3703 2097 3744 re-

499 3765 719 3837 ligionis
744 3769 998 3822 inimicis.
1025 3770 1081 3824 Si
1103 3772 1246 3825 enim
1272 3787 1379 3827 non
1405 3773 1484 3828 vis
1507 3774 1713 3830 amicus
1745 3776 1860 3830 fieri
1882 3777 1993 3833 Deo
2017 3779 2099 3832 iu-

501 3863 688 3916 vitanti
722 3874 773 3918 te
822 3864 888 3917 ad
921 3865 1455 3934 reconciliationem,
1490 3877 1547 3924 et
1573 3869 1775 3926 dicenti
1818 3888 1913 3938 per
1952 3873 2099 3943 Apo-

500 3955 698 4008 stolum
732 3974 742 4008 :
778 3956 999 4012 Obsecro
1029 3974 1112 4012 vos
1144 3977 1232 4030 per
1259 3959 1521 4016 Christum
1539 3966 1871 4018 reconciliari
1898 3963 2002 4020 Deo
2031 3967 2097 4039 (ll

506 4047 625 4101 Cor.
659 4048 738 4119 ν),
772 4050 896 4118 quid
924 4050 992 4106 de
1019 4051 1130 4106 Deo
1153 4057 1412 4120 causaris,
1445 4071 1566 4110 cum
1595 4058 1646 4111 iu
1669 4060 1849 4112 causis
1877 4062 1978 4114 sub
2001 4061 2103 4116 ini-

508 4142 769 4195 micorum
806 4143 1032 4210 imperio
1071 4160 1192 4201 esse
1225 4148 1476 4202 voluisti?
1516 4152 1594 4203 An
1638 4151 1855 4220 ignoras
1895 4153 2102 4211 idcirco

509 4233 678 4286 Deum
713 4233 770 4287 in
795 4232 1030 4307 lEgypto
1062 4235 1357 4294 immisisse
1387 4239 1622 4297 furorem
1653 4253 1706 4298 et
1739 4244 1896 4311 iram,
1928 4255 1981 4300 et
2006 4261 2104 4302 an-

506 4329 767 4399 gustiam,
803 4330 1197 4386 immissionem
1240 4347 1334 4402 per
1366 4334 1600 4404 Angelos
1641 4338 1932 4405 pessimos,
1976 4340 2102 4410 quia

511 4422 710 4479 inimici
740 4424 882 4478 illius
905 4434 1086 4493 erant,
1106 4426 1244 4481 etab
1267 4427 1383 4496 ejus
1408 4427 1726 4484 adversario
1751 4431 2104 4502 regebantur?

513 4515 704 4570 Procul
730 4526 908 4572 autem
937 4519 1114 4574 absint
1146 4534 1174 4573 a
1205 4521 1360 4575 nobis
1385 4530 1618 4592 quatuor
1645 4522 1868 4577 istarum
1900 4525 2103 4595 suppli-

2195 3310 2368 3382 gressi
2397 3319 2522 3364 sunt
2551 3327 2563 3362 :
2599 3310 2939 3376 maximeque
2977 3307 3056 3370 hi,
3090 3306 3181 3376 qui
3211 3315 3336 3359 ante
3363 3303 3654 3358 adventum
3685 3301 3814 3358 Do-

2197 3403 2328 3458 mini
2358 3403 2593 3458 fuerunt.
2620 3401 2726 3457 Sed
2755 3418 2930 3472 neque
2961 3399 3037 3464 hi,
3068 3398 3162 3469 qui
3183 3397 3573 3454 crucifixerunt
3599 3396 3813 3454 Salva-

2199 3509 2369 3553 torem
2425 3513 2628 3562 meum,
2680 3498 2757 3551 rei
2800 3503 2929 3550 sunt
2984 3492 3221 3564 ingentis
3279 3506 3475 3562 pmnm,
3530 3491 3670 3544 sicut
3711 3489 3815 3559 hi,

2197 3591 2390 3664 quibus
2414 3591 2490 3644 ait
2521 3587 2813 3659 Apostolus
2844 3610 2854 3640 :
2889 3586 3089 3642 Filium
3117 3585 3214 3639 Dei
3240 3584 3580 3648 conculcans,
3625 3583 3809 3644 spiri-

2200 3686 2274 3739 tui
2314 3684 2493 3756 gratite
2538 3682 2902 3737 contumeliam
2943 3682 3137 3753 faciens
3189 3677 3418 3752 (lbid.):
3477 3689 3532 3734 et
3573 3678 3618 3732 si
3662 3679 3812 3748 quid

2201 3781 2344 3838 aliud
2372 3781 2643 3853 significat
2665 3783 2716 3836 in
2746 3796 2812 3837 eo
2845 3783 2964 3836 loco
2995 3781 3047 3836 in
3077 3796 3186 3851 quo
3219 3795 3410 3836 eorum
3439 3789 3656 3850 peccata
3695 3794 3806 3834 re-

2201 3878 2387 3948 plicat,
2431 3876 2520 3946 qui
2569 3884 2693 3944 post
2733 3874 2892 3929 ﬁdem
2925 3873 2979 3928 in
3025 3874 3192 3928 Deum
3239 3880 3616 3943 peccaverunt.
3661 3870 3810 3929 Haec

2202 3981 2425 4044 propter
2452 3979 2688 4040 quatuor
2721 3969 2957 4025 ultiones
2985 3969 3272 4036 pessimus,
3319 3982 3440 4037 qua:
3464 3965 3817 4023 inducuntur

2203 4081 2365 4135 super
2397 4063 2722 4120 Jerusalem.
2776 4063 2843 4117 Et
2876 4078 3065 4118 omnes
3094 4061 3313 4133 quidem
3345 4103 3357 4126 ,
3387 4061 3476 4130 qui
3503 4060 3816 4118 didicimus

2202 4156 2413 4212 divinas
2444 4156 2758 4226 Scripturas
2785 4200 2798 4223 ,
2832 4154 2947 4208 sive
2976 4154 3120 4209 bene
3146 4199 3160 4222 ,
3194 4153 3313 4208 sive
3345 4153 3488 4207 male
3517 4153 3779 4208 vivamus
3801 4195 3817 4219 ,

2203 4248 2502 4304 Jerusalem
2534 4262 2745 4302 sumus.
2793 4245 2850 4301 Si
2885 4241 3024 4300 male
3056 4237 3309 4312 vivimus,
3343 4245 3431 4300 illa
3462 4244 3776 4300 Jerusalem
3798 4287 3821 4315 ,

2206 4355 2326 4412 quae
2353 4337 2684 4396 cruciatibus
2717 4339 2974 4410 punitur,
3015 4345 3070 4394 et
3105 4338 3336 4394 sustinet
3365 4339 3602 4407 quatuor
3638 4337 3824 4394 ultio«

2210 4449 2342 4490 nes:
2387 4434 2431 4489 si
2466 4431 2604 4488 bene
2625 4476 2638 4498 ,
2689 4431 2780 4487 illa
2807 4425 3144 4497 Jerusalem,
3192 4444 3314 4502 rpite
3356 4432 3408 4486 in
3441 4423 3536 4485 Dei
3569 4430 3694 4484 sinu
3727 4447 3825 4487 re-

2208 4529 2458 4600 quiescit.
2487 4528 2554 4582 Et
2576 4537 2657 4584 est
2687 4542 2880 4598 magna
2909 4525 3186 4594 distantia,
3223 4535 3284 4581 ut
3312 4525 3363 4580 in
3388 4525 3596 4596 reliqua
3629 4533 3820 4593 terra,

509 4611 591 4663 cia
645 4625 926 4678 pinnarum
947 4656 960 4678 ,
1013 4613 1212 4678 fames,
1277 4615 1467 4669 beStite
1528 4617 1812 4686 pessimze,
1866 4618 2098 4688 gladius,
2131 4593 2180 4652 D
2209 4625 2286 4679 sic
2308 4624 2439 4679 etin
2471 4622 2582 4692 ipsa
2605 4623 2930 4677 Jerusalem.
2957 4621 3156 4677 Omnes
3186 4623 3352 4689 enim,
3375 4621 3463 4691 qui
3484 4621 3536 4674 lu
3557 4621 3825 4677 Ecclesia

514 4716 680 4756 mors.
721 4702 988 4773 Quidquid
1021 4707 1161 4759 enim
1194 4709 1386 4762 borum
1423 4708 1581 4762 fuerit
1616 4709 1822 4765 illatum
1844 4753 1858 4778 ,
1909 4710 1974 4765 ad
2007 4727 2104 4766 eos

511 4793 661 4848 venit
687 4795 778 4863 qui
809 4795 1008 4850 inimici
1037 4797 1126 4852 Dei
1150 4795 1307 4852 sunt:
1343 4800 1548 4855 amicos
1568 4801 1686 4870 ejus
1715 4803 1975 4872 praeterit,
2012 4818 2105 4859 ne-

511 4902 618 4958 que
643 4903 832 4940 ausum
859 4897 943 4942 est
969 4905 1060 4942 cos
1089 4893 1427 4960 contingere,
1455 4893 1544 4963 qui
1571 4894 1637 4948 de
1663 4894 1779 4962 ejus
1806 4897 2106 4952 necessitu-

513 4978 638 5032 dine
670 4973 996 5049 gloriantur.
1033 4980 1094 5034 Et
1129 4982 1399 5052 quomodo
1426 4984 1493 5040 de
1524 4986 1645 5056 igne
1669 4986 1804 5042 bene
1834 4989 2104 5044 creditum

510 5082 616 5137 est,
663 5069 956 5141 Scripturis
987 5074 1328 5141 testantibus,
1377 5077 1498 5145 quia
1534 5086 1813 5134 transeant
1845 5098 1939 5151 per
1981 5098 2103 5137 eum

508 5166 664 5235 justi,
697 5174 752 5220 et
780 5182 887 5220 non
909 5167 1299 5221 comburantur
1325 5185 1338 5222 :
1372 5169 1790 5244 Uuiuscujusque
1813 5176 1946 5229 enim
1975 5193 2107 5246 opus

512 5261 664 5329 quale
685 5259 770 5325 sit,
795 5259 930 5331 ignis
961 5259 1190 5332 probabit
1220 5277 1239 5315 :
1269 5263 1346 5316 sic
1373 5273 1427 5317 et
1449 5263 1499 5317 in
1535 5263 1615 5319 his
1647 5267 1922 5336 suppliciis
1953 5271 2106 5325 inve-

514 5353 692 5408 niatur
718 5353 914 5424 aliquis
949 5354 1158 5420 Daniel,
1183 5354 1315 5422 Noe,
1349 5355 1547 5423 etJob,
1578 5369 1632 5413 et
1665 5361 1798 5416 nihil
1826 5377 2107 5432 poenarum

513 5447 824 5504 sustinebit.
859 5448 985 5504 [late
1017 5450 1327 5518 sliecialitcr
1353 5463 1449 5519 per
1478 5453 1686 5524 singula
1718 5457 1980 5528 supplicia
2011 5473 2107 5514 ex-

518 5544 823 5612 posuimus,
867 5547 990 5615 qua:
1029 5545 1082 5599 in
1114 5553 1354 5600 extrema
1383 5557 1533 5616 parte
1565 5551 1614 5603 in
1649 5559 1812 5606 linum
1839 5553 2108 5624 propheta

514 5640 832 5706 consocians
863 5637 966 5694 ait:
996 5637 1126 5694 Haec
1153 5641 1276 5695 dicit
1300 5641 1500 5696 Adonei
1527 5643 1780 5702 Dominus
1805 5665 1821 5703 :
1851 5648 1913 5704 Si
1934 5658 2108 5703 autem

593 5837 616 5864 υ
658 5826 967 5902 Legondum
989 5829 1208 5886 omnino
1230 5835 1334 5900 est,
1361 5832 1730 5903 confodiuntttr

2210 4729 2525 4789 peccatores
2554 4725 2700 4783 sunt,
2729 4716 2819 4787 qui
2854 4730 3162 4772 sermonem
3209 4715 3301 4770 Dei
3329 4722 3724 4784 gustavernnt,
3759 4725 3825 4770 et

2212 4811 2686 4879 transgrediuntur
2720 4824 2876 4873 eum,
2927 4818 3206 4863 merentur
3247 4807 3466 4877 quidem
3507 4806 3829 4874 supplicia;

2209 4921 2394 4960 verum
2429 4918 2525 4972 pro
2549 4902 2708 4957 modo
2729 4901 2995 4970 graduum
3029 4899 3403 4970 unusquisque
3435 4899 3829 4968 torquebitur.

2213 4997 2470 5066 Majorem
2505 5010 2720 5063 pmnam
2754 4993 2954 5057 habet,
3004 4994 3095 5064 qui
3139 4993 3394 5048 Ecclesim
3427 4990 3718 5060 prmsidet,
3769 5001 3837 5048 et

2214 5091 2498 5160 delinquit.
2527 5087 2610 5144 An
2643 5104 2749 5142 non
2781 5085 2953 5157 magis
2990 5083 3422 5141 misericordiam
3453 5092 3836 5151 promeretur

2215 5185 2281 5239 ail
2314 5182 2776 5252 comparationem
2799 5179 2974 5235 ﬁdelis
2997 5176 3472 5234 Catechumenue?
3497 5176 3611 5230 Non
3639 5178 3836 5247 magis

2214 5277 2372 5332 venia
2399 5274 2596 5345 dignus
2620 5282 2705 5329 est
2732 5274 2924 5338 laicus,
2966 5271 3011 5325 si
3044 5270 3112 5325 ad
3140 5271 3426 5325 diaconum
3459 5267 3840 5326 conferatur?

2217 5369 2285 5423 Et
2309 5383 2523 5422 rursum
2552 5365 2958 5434 comparalimie
2982 5362 3281 5434 presbyteri
3309 5360 3574 5414 diaconus
3597 5361 3840 5417 veniam

2214 5462 2335 5533 plus
2367 5460 2642 5516 meretur?
2685 5459 2815 5528 Quae
2863 5463 3044 5512 autent
3070 5461 3398 5524 sequantur,
3448 5463 3535 5508 me
3576 5461 3840 5526 tacente,

2213 5555 2562 5626 cognoscitis.
2597 5545 2801 5608 idcirco
2828 5549 3123 5607 formidans
3143 5545 3409 5620 judicium
3435 5545 3554 5616 Dei,
3593 5559 3650 5602 et
3681 5561 3844 5606 ante.

2212 5650 2399 5707 oculos
2427 5649 2558 5705 mihi
2589 5659 2900 5720 proponens
2930 5644 3082 5700 illum
3110 5641 3298 5714 judicii
3323 5640 3592 5708 ordinem,
3637 5643 3738 5710 qui
3774 5644 3850 5700 in
