4128 6346
379 300 492 356 755

922 299 1362 359 TRANSLATIO
1405 297 1834 360 llOlllLlARUﬂ
1875 295 2202 359 illiilli)le
2243 297 2308 357 IN
2351 296 2819 361 EZECillELEM.
2863 304 3028 361 HOM.
3075 306 3164 362 Vl.

3575 291 3678 365 ist

380 419 688 491 Scripturis
715 420 1050 488 continetur,
1080 421 1344 476 recordor
1371 415 1500 476 dicit
1532 419 1676 476 illius
1707 438 1721 474 :
1763 419 1980 476 Pontius
2008 424 2060 484 Α
2087 420 2267 475 tulero
2303 421 2554 491 proprios
2604 425 2810 478 nantia:
2863 429 2996 478 mem
3044 425 3272 480 fruetus.-
3319 423 3593 497 Siquidem
3627 423 3682 482 et

380 513 547 569 ultra.
573 523 621 568 te
657 529 723 567 ire
762 515 915 570 leves.
969 513 1076 570 Sed
1111 525 1166 570 et
1204 514 1380 572 illud:
1433 514 1559 572 Noli
1597 521 1825 586 qureret-2‘
1864 516 1980 586 ﬁeri

366 605 564 678 judez;
599 623 662 661 ne
696 621 798 662 non
839 609 1010 662 ualeas
1047 607 1254 679 auferre
1290 609 1609 678 iniquitates.
1663 609 1802 676 Quid
1847 610 1978 664 mihi

379 699 610 770 prodest
635 700 764 771 quia
791 702 940 771 pridr
960 701 1126 757 sedeo
1151 702 1203 756 in
1232 703 1486 758 cathedra
1520 704 1840 774 resupinus,
1876 703 1976 759 ho-

379 798 576 851 norem
600 797 762 870 931
794 797 1020 868 majoris
1048 799 1274 868 accipio,
1301 815 1402 856 nec
1422 811 1641 872 possunt
1672 801 1873 858 habere
1895 801 1979 856 di-

375 889 589 959 gnitate
631 905 749 944 mea
792 889 956 960 opera
1001 891 1317 962 condigna?
1345 893 1533 948 Nonne
1573 893 1764 963 majori
1817 910 1975 964 poena

377 981 699 1052 cruciabor,
740 984 861 1056 quia
894 984 1069 1058 honor
1093 985 1223 1055 justi
1258 987 1385 1042 mihi
1416 988 1484 1042 ab
1515 989 1768 1044 omnibus
1799 987 1977 1044 defer-

377 1081 490 1141 tur,
517 1087 639 1131 cum
673 1086 922 1147 peccator
1084 1077 1254 1149 (Eccl;
1295 1079 1429 1152 vn)?
1465 1080 1847 1137 Necessarium
1877 1081 1976 1137 fuit

373 1167 687 1238 diligentius
723 1179 1107 1226 retractantem
1149 1175 1211 1227 ea
1233 1215 1248 1240 ,
1301 1188 1420 1244 qua:
1449 1175 1516 1228 de
1544 1183 1776 1245 quatuor
1807 1175 1974 1230 terrae

373 1261 672 1317 ultionibus
723 1263 1064 1331 dicebantur,
1107 1265 1159 1320 id
1210 1263 1428 1332 addere,
1483 1268 1625 1339 quod
1667 1268 1970 1324 Jerusalem

375 1355 580 1427 quippe
602 1364 721 1411 erat
746 1357 798 1412 in
829 1356 970 1412 tribu
995 1357 1275 1427 Benjamin
1303 1378 1315 1414 :
1342 1363 1394 1416 et
1417 1361 1729 1418 sacerdotes
1761 1363 1969 1432 templi,

375 1461 432 1506 et
453 1450 682 1516 Levitae,
725 1453 813 1519 qui
845 1451 939 1507 Dei
968 1453 1288 1508 ministeriis
1318 1454 1656 1521 serviebant,
1708 1461 1762 1510 et
1785 1456 1972 1512 caeteri

374 1543 616 1610 ordines,
646 1560 784 1617 quos
811 1547 1202 1616 scripturarum
1234 1551 1415 1605 set-mo
1443 1549 1880 1620 comprehendit,
1916 1553 1967 1606 in

379 1654 442 1694 ca
474 1639 851 1694 morabantur.
888 1639 1014 1697 Haec
1045 1643 1241 1712 accipit
1268 1653 1500 1715 quatuor
1524 1643 1760 1699 ultiones
1792 1646 1967 1714 pessi-

371 1745 510 1795 mas,
536 1747 657 1802 quae
679 1749 783 1787 non
812 1743 941 1789 sunt
967 1735 1175 1790 similes
1205 1737 1256 1790 in
1291 1735 1374 1791 his
1404 1737 1496 1808 qui
1519 1738 1572 1792 in
1605 1753 1670 1794 ea
1697 1737 1964 1794 habitant.

2083 511 2382 582 Apostolus
2401 513 2694 584 ilhaglneni
2723 514 3013 586 quamdam
3035 522 3222 574 eorum
3249 522 3525 587 vastirntn,
3557 525 3680 590 quat

2079 613 2206 658 sunt
2247 605 2301 659 in
2334 607 2564 660 ltumana
2599 599 3052 675 conversatione,
3082 614 3312 668 assumit
3338 612 3528 669 diceris
3561 631 3574 667 :
3609 611 3678 669 lii

2078 711 2263 771 magna
2295 705 2466 754 autem
2491 701 2662 764 domo,
2696 707 2796 756 itdtt
2818 709 2936 756 sunt
2958 707 3154 758 titulum
3185 704 3296 778 Uti;
3335 704 3527 779 mitem]
3555 707 3680 763 itan

2077 805 2238 850 aurea
2267 799 2315 850 et
2343 803 2616 865 argentea,
2656 796 2746 850 sed
2774 805 2823 850 et
2855 798 3025 869 lignea
3061 809 3109 852 et
3141 799 3322 867 ﬁctilia
3351 804 3366 868 (
3391 803 3516 855 nota
3550 801 3676 872 quiti

2077 905 2202 945 vasa
2224 890 2398 961 lignEa
2423 890 2868 962 nuncupaverit);
2895 901 2940 945 ‘et
2967 875 3074 946 alia
3097 891 3300 962 quidem
3324 894 3378 948 tn'
3406 893 3671 965 honorent,

2075 986 2182 1040 alia
2209 1001 2324 1040 rere
2351 987 2403 1040 in
2429 987 2790 1040 contumeliam
2819 969 3039 1058 (liTin‘t.
3061 986 3146 1057 ti).
3181 987 3287 1043 Ista
3316 995 3442 1043 vaSa
3464 989 3667 1060 lignea,
3709 986 3720 995 ’

2075 1087 2194 1151 qnte
2224 1083 2345 1136 esse
2380 1081 2432 1136 in
2472 1085 2662 1152 inagna
2692 1081 2854 1136 duino
2889 1081 3184 1151 Apostolus
3215 1083 3476 1152 praedicat
3507 1126 3519 1150 ,
3561 1093 3671 1140 non

2074 1183 2202 1230 sunt
2233 1173 2369 1230 facta
2401 1175 2471 1231 de
2502 1175 2698 1231 ritibus
2720 1218 2734 1240 ,
2771 1175 2880 1231 non
2910 1177 2980 1232 de
3012 1175 3323 1248 palmitibus
3354 1178 3629 1235 vinearum
3653 1223 3668 1248 ,

2073 1267 2170 1321 sed
2193 1281 2258 1322 ex
2283 1266 2402 1322 aliis
2429 1267 2612 1338 lignis,-
2647 1279 2767 1339 qute
2793 1268 3002 1325 vilioris
3027 1268 3240 1325 ordinis
3267 1271 3320 1325 in
3353 1269 3672 1329 neiitb‘rib‘us'

2071 1359 2560 1416 fructificaverunt.
2593 1361 2862 1427 Quantum
2891 1371 3021 1433 ergo
3053 1361 3255 1417 malum
3285 1372 3399 1427 est,
3429 1371 3486 1418 et
3510 1361 3674 1434 quale

2071 1449 2384 1521 discrimen,
2435 1459 2491 1509 ut
2539 1453 2680 1524 ligna
2722 1453 2998 1526 quondam
3040 1455 3169 1510 tilia
3210 1454 3560 1511 inveniantur
3615 1457 3668 1510 iti

2073 1559 2262 1617 magna
2291 1545 2690 1616 patrisfamilias
2717 1547 2903 1613 demo,
2928 1557 2981 1604 et
3008 1547 3213 1619 palmes
3236 1548 3361 1604 vitis
3389 1564 3524 1605 meae
3550 1551 3667 1605 inu-

2073 1641 2182 1698 tilis
2213 1643 2264 1696 iii
2299 1642 2461 1700 demo
2489 1644 2580 1708 sit,
2614 1641 2666 1698 et
2697 1642 2750 1698 in
2786 1645 2964 1714 ignem
2995 1644 3348 1714 projicizitnr?
3385 1640 3498 1699 Hoc
3523 1643 3670 1700 eltiin

2071 1738 2331 1808 scriptum
2367 1745 2469 1804 est,
2509 1739 2634 1808 quia
2666 1742 2900 1793 annnam
2935 1739 3270 1809 putationem
3307 1739 3425 1808 ejus
3467 1747 3669 1795 consu-

368 1825 556 1896 Neque
583 1829 725 1883 enirn
756 1829 947 1886 eodem
979 1831 1162 1896 modo,
1194 1831 1248 1889 et
1269 1833 1336 1888 ad
1370 1835 1653 1905 populum,
1682 1847 1731 1892 et
1761 1835 1827 1891 ad
1859 1835 1964 1892 Le-
1997 1822 2045 1884 B
2074 1841 2184 1888 mat
2206 1831 2362 1904 igtils;
2411 1831 2534 1888 Haec
2564 1834 2616 1888 in
2659 1833 3022 1889 Ezechieleni.
3061 1833 3314 1890 Salvatttr
3342 1837 3472 1890 vero
3507 1833 3667 1905 ltuj'tts

369 1922 509 1976 vitas
537 1923 888 1979 comminatio
928 1924 1200 1997 dirigitur.
1249 1927 1528 1984 Israelites
1557 1930 1699 1984 cnim
1733 1935 1964 2002 peccans

367 2015 419 2070 in
447 2014 800 2073 lsraelitienm
825 2018 1084 2076 delictum
1107 2024 1333 2078 corruit.
1356 2025 1458 2092 Qui
1482 2035 1659 2104 autem
1687 2027 1860 2099 major
1882 2037 1966 2085 est

366 2107 434 2162 ab
472 2108 743 2176 Israelita,
792 2123 998 2181 quanto
1027 2113 1263 2170 nobilior
1304 2113 1470 2172 fuerit
1510 2119 1560 2172 in
1593 2118 1788 2175 ordine
1820 2119 1962 2176 idem

366 2201 586 2258 Levites
610 2243 628 2271 ,
671 2212 726 2259 et
750 2203 1010 2263 Sacerdos
1036 2229 1050 2275 ι
1092 2215 1243 2264 tanto
1271 2211 1474 2281 majora
1503 2213 1765 2284 supplicia
1793 2214 1962 2269 susti-

363 2298 535 2354 nebit.
583 2299 641 2355 Si
684 2311 866 2356 autem
923 2303 1177 2375 princeps
1225 2297 1568 2362 sacerdotum
1617 2309 1960 2379 peccaverit,

361 2393 497 2448 dicit
535 2393 600 2447 ad
641 2409 762 2450 eum
798 2395 915 2451 Heli
945 2397 1315 2455 consacerdos
1348 2407 1477 2456 suus
1507 2407 1520 2458 ὲ
1570 2401 1631 2458 Si
1667 2403 1964 2474 delinquat:

363 2485 648 2554 peccaverit
683 2487 760 2540 vir
797 2492 850 2541 in
888 2487 1076 2555 virum,
1107 2491 1324 2546 orabunt
1347 2495 1439 2565 p'ro
1467 2510 1526 2548 eo
1567 2511 1586 2550 :
1631 2495 1674 2550 ii
1714 2501 1886 2551 'aut'em
1907 2498 1961 2552 in

366 2575 647 2632 Dominum
673 2582 982 2651 peccaverit,
1023 2585 1138 2653 quis
1176 2585 1340 2640 orabit
1382 2595 1477 2655 pro
1503 2601 1559 2642 eo
1588 2589 1607 2661 (
1641 2585 1662 2643 1
1695 2577 1822 2661 Reg.
1855 2587 1890 2644 it
1916 2577 1962 2662 )‘l

363 2670 492 2726 ll:ec
523 2671 575 2726 in
609 2674 1004 2743 expositionem
1035 2677 1152 2747 ejus
1191 2677 1488 2746 sermonis,
1521 2691 1630 2751 quo
1661 2684 1962 2737 commina-

361 2763 562 2818 banttir
592 2773 646 2819 et
675 2765 901 2837 singulae
930 2767 1241 2838 specialiter
1273 2771 1324 2824 itt
1359 2773 1718 2840 peccatricem
1759 2780 1958 2830 terram

363 2853 608 2916 ultionis,
665 2867 719 2911 et
761 2857 964 2927 pariter
1002 2860 1348 2931 congregdtaa
1393 2862 1443 2916 in
1487 2863 1758 2919 infelicent
1799 2865 1960 2921 Jeru-

363 2950 557 3004 salem.
580 2950 870 3008 Vitlea'ni'ns
897 2963 1074 3008 autem
1100 2964 1150 3010 ct
1174 2957 1460 3026 sequentia
1485 2957 1801 3028 Scriptum.
1827 2961 1960 3028 Qum

361 3056 485 3097 cum
514 3045 567 3098 itt
601 3045 859 3114 parabole
890 3048 1126 3104 audierit
1154 3049 1447 3122 propheta,
1478 3067 1578 3107 nos
1602 3063 1806 3109 tantum
1835 3063 1960 3110 Sen;

360 3148 482 3190 sum
509 3136 770 3192 debemus
794 3153 1071 3208 exponere
1097 3183 1111 3208 ,
1155 3143 1330 3212 ipsum
1371 3144 1668 3201 testimonii
1711 3147 1954 3203 ordinem

2068 1927 2340 1998 parabolae
2363 1937 2581 1982 sensum
2609 1928 2660 1982 in
2677 1928 2970 1998 Evangelia
2995 1930 3069 1982 ita
3086 1926 3426 1997 perstrinxit,
3453 1927 3663 1984 dicens:

2072 2017 2184 2092 Ego
2208 2035 2322 2073 sum
2345 2019 2482 2082 ritis;
2513 2035 2602 2075 vos
2621 2021 2880 2092 palmites,
2911 2019 3069 2074 Pater
3091 2025 3233 2074 meus
3255 2019 3483 2091 agricola
3508 2036 3524 2074 :
3548 2021 3664 2072 oni-

2068 2126 2182 2165 nem
2203 2109 2487 2182 palmitem,
2513 2111 2599 2180 qui
2624 2112 2678 2165 in
2702 2127 2779 2165 me
2798 2121 2992 2180 manet,
3018 2122 3066 2166 et
3089 2113 3288 2184 fructm
3311 2109 3483 2180 affert,
3506 2111 3666 2165 Patet-

2067 2221 2209 2259 meus
2238 2212 2410 2275 putat,
2440 2214 2497 2260 ut
2525 2207 2722 2276 fructus
2743 2209 2966 2279 majores
2996 2203 3179 2272 aﬂ‘erat
3204 2221 3223 2260 :
3259 2207 3544 2276 iialinitcm,
3577 2205 3670 2276 qui

2067 2307 2240 2351 manet
2269 2299 2321 2351 in
2355 2314 2463 2366 me,
2494 2309 2541 2352 et
2571 2298 2798 2368 fructum
2829 2315 2930 2352 non
2960 2297 3132 2366 affert,
3167 2297 3324 2352 Pater
3352 2313 3496 2352 metu
3522 2299 3666 2353 exci-

2067 2391 2142 2445 dit
2184 2401 2230 2446 et
2268 2393 2323 2446 in
2363 2393 2534 2463 ignem
2565 2393 2720 2446 mittit
2761 2392 2942 2466 (Joan.
2976 2391 3089 2464 xv).
3131 2392 3294 2448 Vides
3331 2392 3668 2448 vicinitatem

2064 2492 2418 2554 utrorumque
2457 2485 2816 2540 sermunum?
2855 2485 3020 2540 Vides
3059 2484 3333 2555 quomodo
3373 2485 3533 2540 Pater
3572 2499 3668 2540 ex-

2065 2575 2232 2640 cidat,
2265 2584 2321 2631 et
2350 2577 2400 2630 itt
2434 2575 2612 2648 ignem
2633 2574 2834 2646 jaciat?
2857 2575 2963 2630 Nos
2991 2575 3274 2645 insensati,
3310 2575 3466 2645 quasi
3499 2573 3672 2644 negli-

2062 2669 2238 2741 genda
2271 2669 2490 2741 quidem
2538 2670 2819 2740 Scriptura
2865 2671 2956 2734 sit;
3017 2670 3268 2724 nolentes
3305 2681 3368 2724 ea
3414 2669 3661 2739 discere;

2064 2777 2185 2832 quae
2206 2763 2362 2818 nobis
2387 2763 2654 2818 incutiant
2682 2774 2907 2828 metttm,
2933 2761 3029 2818 sed
3053 2777 3113 2818 ea
3141 2762 3332 2818 audire
3355 2764 3659 2833 cupientes,

2065 2864 2184 2926 qtae
2214 2858 2589 2928 prurientibus
2627 2857 2848 2913 auribus
2877 2859 3147 2914 incutiunt
3180 2857 3519 2928 voluptatem
3546 2899 3559 2923 ,
3595 2857 3662 2912 li-

2067 2948 2259 3003 benter
2303 2950 2616 3004 audivimus
2654 2966 2774 3019 qua:
2815 2963 2914 3004 nos
2952 2950 3310 3017 subvertant,
3354 2962 3474 3020 qttre
3513 2951 3668 3006 decié

2065 3043 2231 3112 piant.
2261 3043 2360 3110 Qui
2391 3043 2519 3099 dicit
2552 3044 2794 3114 proximo
2823 3047 2945 3110 suo,
2979 3043 3214 3116 ignoscit
3241 3045 3406 3100 nobis
3441 3053 3662 3114 peccata

2065 3147 2250 3193 nostra
2275 3138 2422 3193 Deus
2443 3185 2456 3208 ,
2497 3139 2768 3210 siquidem
2795 3147 2850 3196 et
2881 3140 2932 3194 in
2966 3140 3164 3195 talibus
3194 3139 3556 3194 sacramentis
3586 3141 3666 3193 lu-

362 3229 805 3301 derelinqnentes
843 3241 898 3287 et
937 3232 1242 3290 auditorem
1283 3237 1562 3293 mittentes
1605 3239 1670 3294 a'd
1713 3240 1952 3296 librum:

2065 3230 2263 3298 (limus,
2318 3232 2558 3288 vicissim
2602 3234 2758 3289 nobis
2799 3234 3144 3305 pollicentes,
3189 3247 3437 3305 mappam
3482 3236 3665 3292 mittet

361 3319 591 3392 Lignum
629 3323 753 3378 vitis
781 3329 840 3378 nt
863 3325 918 3380 in
945 3325 1120 3381 fructu
1153 3337 1239 3383 est
1265 3328 1634 3386 honorabilius
1665 3333 1822 3405 lignis
1849 3343 1958 3390 ont-

363 3415 545 3482 nihus,
575 3417 810 3474 "maxime
849 3418 934 3473 his
964 3435 1084 3490 qua:
1111 3419 1164 3476 in
1206 3423 1344 3480 saltu
1378 3423 1704 3481 fructificant
1735 3446 1747 3483 :
1779 3430 1857 3484 sic
1890 3429 1954 3484 ad

359 3517 556 3564 caatera
585 3524 752 3577 opera
779 3509 1024 3568 inutilius
1048 3515 1296 3570 omnibus
1319 3517 1480 3589 lignis
1503 3519 1814 3594 est(Ezeclt.
1837 3523 1954 3594 xv).-

362 3601 430 3656 Et
449 3605 668 3658 vascula
693 3605 940 3676 quaedam
965 3609 1196 3678 possunt
1223 3609 1359 3677 fieri,
1385 3622 1439 3667 et
1462 3613 1516 3668 in
1541 3614 1761 3670 divet-Sn
1793 3627 1957 3685 opera

361 3699 657 3754 necessarii
707 3714 836 3755 usus
883 3701 950 3756 ad
1003 3704 1464 3775 ministrandum;
1520 3709 1589 3765 de
1645 3705 1958 3781 palmitibus

359 3800 539 3847 autem
573 3793 701 3848 vitis
733 3810 839 3850 non
867 3795 1040 3852 solum
1069 3813 1163 3855 vas
1192 3800 1436 3873 aliquod,
1477 3813 1532 3859 et
1572 3805 1621 3859 itt
1653 3821 1792 3876 opus
1823 3809 1959 3864 utile‘

358 3887 486 3957 quid
515 3888 631 3944 fieri
658 3905 765 3944 non
797 3900 996 3960 potest;
1027 3892 1121 3949 sed
1154 3911 1328 3967 neque
1359 3899 1590 3968 paxillus
1623 3901 1841 3972 qttidetn
1871 3911 1960 3960 est

359 3981 530 4035 utilis.
573 3980 664 4036 Ait
688 3997 817 4053 ergo
840 3991 1025 4040 sermo
1051 3986 1286 4056 divinus,
1329 3991 1452 4060 quia
1483 4004 1540 4047 nt
1581 3995 1788 4064 palmes
1829 3998 1958 4052 vitis

359 4071 740 4130 ltonorabillor
764 4076 823 4130 ﬁt
844 4080 1057 4134 caeteris
1087 4081 1265 4152 lignis,
1297 4084 1342 4139 si
1375 4084 1565 4140 afferat
1589 4087 1798 4143 fructus
1825 4107 1836 4143 :
1879 4090 1960 4146 sic

359 4166 427 4221 ab
455 4167 706 4222 omnibus
731 4169 959 4226 inferior
974 4171 1270 4242 judieetur,
1293 4174 1337 4230 si
1367 4175 1416 4231 id
1441 4191 1546 4231 non
1573 4179 1788 4249 habeat,
1817 4183 1958 4239 unde

357 4260 653 4328 praecellit;
685 4269 845 4332 atque
872 4263 923 4316 in
951 4264 1092 4320 hunc
1113 4266 1331 4322 modum
1355 4283 1472 4336 cos,
1497 4272 1583 4340 qtti
1613 4269 1805 4330 imbuti
1832 4257 1958 4333 sunt

357 4351 592 4424 eloquiis
625 4355 753 4419 Dei,
787 4357 1221 4416 ltonorabiliores
1251 4367 1373 4418 estse
1411 4365 1696 4435 omnibus,
1730 4377 1783 4423 et
1817 4383 1957 4440 quo-

358 4457 594 4515 cumque
615 4446 777 4502 modo
792 4447 846 4502 in
868 4449 1038 4505 vineae
1059 4452 1264 4521 po‘sltos
1284 4453 1565 4525 dignitate,
1586 4469 1709 4514 cum
1732 4461 1960 4519 ail‘erant

357 4535 589 4604 fructus,
617 4538 799 4594 botros
826 4541 1036 4610 salutis,-
1059 4543 1127 4599 de
1146 4561 1249 4616 qua
1275 4548 1535 4618 scriptum
1560 4561 1642 4606 est
1669 4567 1681 4606 :
1711 4552 1820 4624 Ego
1841 4549 1954 4609 vero

2067 3326 2226 3381 licus.
2271 3327 2340 3382 Et
2375 3328 2500 3397 quia
2541 3328 2717 3382 bonus
2757 3336 2879 3395 est,
2921 3338 2975 3383 et
3005 3314 3248 3383 omnium
3290 3337 3510 3399 peccata
3552 3325 3664 3383 dis-

2062 3419 2247 3490 solvit,
2279 3421 2444 3493 933
2479 3422 2766 3491 oportebat
2793 3437 2894 3477 nos
2917 3422 3128 3488 sedere,
3162 3431 3217 3478 et
3245 3421 3476 3477 sollicito
3499 3421 3666 3477 corde

2062 3511 2241 3568 dicere
2271 3533 2281 3566 :
2313 3514 2370 3568 Si
2397 3513 2510 3569 heri
2539 3515 2910 3586 peccavimus,
2943 3515 3103 3570 hodie
3127 3515 3503 3585 pmnitcntiam
3529 3515 3662 3586 aga-

2062 3621 2203 3661 mus.
2230 3606 2430 3662 Verum
2467 3609 2591 3662 huic
2623 3607 2828 3676 palmiti
2859 3609 3079 3681 (animal
3105 3609 3303 3679 quippe
3331 3608 3436 3680 ρει)
3465 3609 3554 3678 qui
3580 3609 3662 3663 dl-

2059 3699 2133 3754 cit
2163 3717 2176 3752 :
2211 3699 2410 3754 Potens
2438 3710 2521 3755 est
2549 3700 2714 3767 Deus,
2743 3709 2799 3756 et
2820 3701 2996 3756 bonus
3023 3701 3280 3772 agricola,
3310 3701 3402 3771 qui
3435 3715 3540 3756 non
3573 3715 3664 3759 me

2061 3792 2295 3860 excidat,
2327 3801 2382 3848 et
2411 3794 2460 3848 in
2497 3795 2674 3864 ignem
2709 3793 2890 3849 mittat
2920 3812 2933 3848 :
2981 3793 3335 3863 restiondebit
3371 3793 3614 3864 agricola
3643 3811 3657 3847 ε

2059 3885 2164 3941 Sed
2195 3887 2238 3942 si
2267 3888 2390 3942 talis
2411 3897 2489 3943 est
2517 3888 2744 3957 palmes,
2771 3897 2831 3944 ut
2853 3888 3048 3943 frustra
3073 3888 3143 3943 sit
3174 3888 3227 3943 in
3254 3888 3380 3950 vite,-
3403 3887 3663 3958 numquid

2063 3983 2262 4050 poterit
2283 3982 2554 4054 relinqui?
2576 3982 2768 4038 Nonne
2791 3983 2834 4038 si
2858 3983 3165 4038 dimittatur
3186 3981 3450 4052 impediet
3469 3981 3658 4047 vitem,

2061 4091 2130 4131 ne
2161 4091 2260 4146 pro
2283 4075 2430 4132 sicco
2463 4077 2705 4146 palmite,
2734 4075 2940 4132 virides
2971 4086 3022 4130 et
3051 4073 3323 4128 fructuum
3351 4072 3559 4128 feraces
3581 4071 3662 4126 af-

2062 4169 2198 4225 ferat
2224 4170 2512 4241 palmites?
2536 4169 2824 4238 Quomodo
2852 4169 2998 4223 cnim
3029 4167 3157 4222 boni
3180 4166 3432 4238 agricola:
3455 4173 3538 4220 est
3564 4180 3661 4221 ex-

2060 4263 2265 4329 cidere,
2298 4272 2353 4319 et
2379 4274 2664 4334 amputare
2691 4261 2798 4336 [Αι.
2828 4260 3168 4333 computare]
3192 4276 3310 4331 qua:
3333 4260 3480 4316 sicca
3506 4267 3658 4324 sunt;

2061 4366 2116 4412 et
2158 4355 2376 4414 tradere
2413 4357 2468 4412 in
2507 4371 2691 4414 escam
2734 4356 2872 4427 ignis
2912 4354 3285 4411 infructuosos
3325 4367 3548 4409 ramos:
3578 4353 3658 4408 sic

2060 4450 2189 4506 boni
2220 4451 2314 4507 Dei
2341 4459 2448 4518 est,
2490 4450 2559 4506 de
2588 4449 2841 4506 omnibus
2867 4449 3068 4504 vitibus
3095 4447 3462 4502 infructuosos
3491 4444 3662 4519 934

2062 4544 2315 4613 palmites
2355 4553 2667 4615 amputare,
2702 4553 2758 4600 et
2789 4543 2900 4614 igni
2942 4541 3156 4597 tradere
3185 4541 3239 4594 in
3273 4540 3658 4609 perditionem;

358 4640 409 4687 te
436 4631 670 4704 plantnri
708 4635 904 4689 vineam
941 4636 1263 4709 fructifera":
1303 4651 1458 4696 totum
1495 4643 1665 4699 verant
1702 4623 1833 4716 (Jer.
1865 4648 1946 4720 ιι).
1981 4623 2034 4684 Β
2063 4638 2262 4695 verum
2301 4655 2402 4695 "08
2433 4640 2537 4710 ἰρεῑ
2578 4651 2676 4694 "05
2718 4637 2980 4705 ludimus»
3029 4647 3084 4693 θῑ
3116 4636 3330 4705 ἀείδει»ιὶ
3363 4637 3569 4708 Pariter
3597 4651 3664 4692 ac

357 4725 430 4781 Et
458 4726 586 4780 alibi
620 4742 633 4780 :
675 4727 836 4782 Vinea
863 4727 1072 4784 Domini
1101 4732 1283 4787 domus
1309 4733 1476 4791 Israel
1502 4748 1574 4792 est
1601 4737 1756 4807 (1καὶ.
1779 4742 1858 4812 v).
1885 4742 1951 4798 Et

355 4833 575 4874 rursum
610 4837 622 4875 :
652 4821 815 4894 932
861 4821 1070 4879 Vineam
1099 4827 1163 4881 de
1198 4827 1434 4901 AEgypto
1473 4833 1787 4891 transtulisti
1818 4835 1946 4910 (Ps:

351 4915 583 4981 Lxxtx),
616 4927 667 4970 et
691 4919 921 4988 reliqua.
957 4919 1014 4976 Si
1045 4929 1228 4978 autem
1263 4939 1368 4980 non
1401 4930 1679 4985 attulerint
1710 4932 1947 5006 lrttct‘us,

353 5007 626 5062 intantutn
651 5017 712 5064 ut
743 5025 773 5064 a
802 5009 914 5067 Deo
937 5011 1043 5068 dici
1070 5017 1241 5084 possit
1273 5034 1284 5070 :
1322 5017 1594 5084 Quomodo
1624 5033 1869 5082 tonuerat:
1900 5035 1952 5084 eti

349 5101 406 5154 in
438 5103 844 5158 amaritudinem
886 5106 1002 5161 vitis
1031 5106 1255 5164 alienae?
1295 5120 1421 5167 tunc
1452 5111 1623 5169 multo
1650 5116 1954 5176 deteriores

350 5195 587 5251 inveniri
617 5197 685 5252 ab
713 5197 795 5253 his
826 5199 1022 5271 lignis;
1055 5218 1176 5273 qua:
1204 5204 1329 5260 licet
1361 5201 1549 5263 viliora
1584 5211 1725 5279 sint,
1768 5220 1950 5270 tamen

348 5298 482 5345 Boos
530 5289 768 5346 afferunt
819 5291 1049 5351 frbctns.
1095 5296 1382 5364 Quomodo
1432 5304 1576 5358 enim
1637 5308 1954 5374 prtrcellnnt

349 5382 494 5454 ligna
519 5384 776 5440 silvarqu
809 5387 993 5443 vineas
1025 5390 1327 5462 inferaces,
1357 5396 1546 5452 eodeni
1581 5402 1743 5456 modo
1763 5443 1778 5466 ,
1810 5403 1952 5460 intra

348 5477 640 5547 quamdam
675 5477 1140 5549 dispensationem
1176 5485 1460 5554 sapientiae
1497 5490 1737 5564 divinae,
1790 5509 1852 5552 ex
1889 5497 1953 5553 li-

348 5571 473 5638 gnis
514 5567 801 5625 vilioribus
830 5571 1008 5643 aliqua
1039 5574 1225 5632 domui
1255 5583 1564 5638 necessaria
1592 5585 1949 5647 fabricantur.

346 5659 536 5732 Neque
575 5677 706 5719 vero
748 5665 1020 5733 turberis,
1067 5678 1270 5740 putans
1309 5681 1408 5732 nos
1444 5687 1596 5734 extra
1638 5679 1951 5755 Scriptores

348 5755 632 5814 affirmare
659 5757 802 5828 quod
849 5758 1087 5819 dicimus
1117 5763 1358 5824 futurum
1384 5775 1544 5840 este,-
1591 5784 1652 5830 ut
1680 5776 1748 5833 de
1792 5779 1949 5852 lignis

348 5849 500 5919 silvae
523 5851 731 5923 aliquid
762 5853 894 5912 utile
921 5853 1036 5927 ﬁat,
1066 5857 1119 5915 id
1141 5870 1244 5930 est,
1287 5863 1352 5922 de
1391 5881 1480 5926 me
1504 5869 1622 5944 ipso
1657 5872 1701 5930 si
1733 5849 1851 5933 non
1869 5885 1944 5949 at-

2059 4731 2396 4801 dccipientes
2447 4731 2700 4808 volumus
2757 4731 2928 4801 magis
2975 4743 3165 4784 errare
3211 4745 3335 4784 cum
3385 4728 3658 4799 plurimis,-

2059 4838 2219 4895 quam
2252 4823 2320 4878 ab
2343 4839 2530 4880 errore
2550 4825 2793 4879 converti
2820 4841 2833 4878 :
2861 4839 2982 4878 cum
3013 4823 3186 4894 magis
3215 4822 3265 4878 id
3291 4838 3540 4894 quaerere
3561 4822 3658 4878 de-

2060 4917 2320 4985 beamus,
2356 4918 2504 4990 quod
2534 4919 2802 4984 aedificet,
2835 4918 2979 4990 quod
3011 4919 3259 4974 timorem
3298 4917 3390 4972 Dei
3428 4925 3659 4987 augeat;

2061 5013 2205 5084 quod
2227 5001 2294 5069 ad
2327 5015 2704 5084 pmttitentiam
2730 5022 2976 5080 revocet,
3006 5013 3149 5084 quod
3179 5013 3229 5067 in
3253 5011 3660 5068 confessionem

2058 5107 2288 5163 sceleris
2311 5107 2548 5163 adducat
2574 5151 2588 5174 ,
2615 5107 2761 5178 quod
2784 5121 2885 5162 nos
2909 5107 3070 5161 faciat
3095 5105 3288 5161 diebus
3315 5115 3378 5159 ac
3403 5102 3658 5158 noctibus

2057 5200 2320 5272 cogitare,
2353 5199 2628 5271 quomodo
2650 5200 2886 5255 Domino
2912 5200 3250 5270 placeamus,
3285 5207 3342 5252 ut
3375 5197 3566 5250 liamns
3604 5195 3658 5250 in

2056 5306 2189 5348 vera
2219 5294 2331 5348 vite
2371 5293 2588 5348 Christo
2626 5295 2757 5350 Jesu
2785 5292 3050 5349 fructiferi
3076 5291 3349 5364 palmites,
3391 5299 3447 5345 et
3485 5289 3654 5345 radici

2055 5386 2174 5458 ejus
2196 5386 2542 5444 adh-urentes
2575 5403 2588 5442 :
2617 5389 2703 5444 cui
2741 5396 2827 5445 est
2853 5387 3025 5458 gloria
3063 5397 3118 5444 et
3147 5386 3434 5457 imperium
3471 5385 3522 5439 in
3549 5391 3655 5438 sa:-

2057 5479 2181 5534 cula
2210 5481 2554 5536 saeculorum.
2589 5481 2787 5537 Arnen.

2389 5625 2398 5636 ,
2567 5573 2848 5630 HOMILIA
2892 5572 3146 5631 SEXTA.

2056 5643 2228 5718 Deeo
2257 5645 2400 5718 quod
2432 5646 2632 5718 dicitur
2666 5665 2678 5700 :
2717 5644 2824 5699 Fili
2853 5645 3077 5700 hominis
3098 5690 3112 5715 ,
3143 5643 3409 5718 nomisma
3435 5641 3656 5718 3lekrustt-

2129 5715 2227 5771 lem
2273 5707 2686 5772 tiboiitinntiones
2731 5723 2850 5772 suos
2874 5737 2892 5784 ;
2932 5707 3154 5784 usque":
3195 5707 3446 5785 Eﬂ'utiisti
3488 5709 3655 5785 fontié

2124 5791 2376 5844 ‘catiotwm
2404 5795 2544 5844 tu‘am
2574 5791 2628 5844 in
2658 5791 2798 5844 omni
2827 5791 3062 5845 transitu
3093 5783 3422 5861 (captvi).

2124 5875 2288 5960 933
2301 5881 2689 5944 Consid'eranti
2703 5884 2839 5944 mihi
2853 5885 3219 5946 conStantiam
3240 5883 3652 5958 prophetarum,
