4128 6346
432 279 538 335 755

1680 281 1739 339 S.
1782 280 2053 339 EUSEBll
2093 280 2468 339 HIEBONYMI

3620 286 3728 341 756

428 398 758 456 miraculum
786 398 958 467 subit,
980 397 1255 471 quomodo
1282 412 1412 455 vere
1439 397 1733 456 credentes
1762 397 1874 455 Deo
1906 412 2023 454 ma-
2049 398 2104 461 Α
2130 406 2188 453 ut
2216 396 2409 453 civitas
2454 396 2594 453 Dei?
2622 395 2692 453 Et
2721 404 2902 453 tamen
2935 396 3053 454 hate
3092 398 3210 469 ipsa
3240 398 3347 455 sibi
3377 412 3568 471 magna
3602 416 3730 469 pro-

437 495 524 566 gis
549 508 711 564 quam
754 492 1075 549 hominibus
1103 496 1531 563 contempserint
1571 500 1807 548 mortem
1831 534 1845 557 ,
1887 491 2032 563 peri-

440 586 597 653 cula,
628 586 990 642 contumelias
1021 594 1077 641 et
1106 586 1288 642 omnia
1315 602 1435 657 qua:
1468 585 1615 656 passi
1648 595 1774 641 sunt
1802 584 1874 639 ab
1903 584 1982 639 eis
2014 600 2029 637 :

436 681 531 752 qui
555 680 943 750 arguebantur,
966 679 1094 735 dum
1118 680 1386 736 voluntati
1413 680 1502 736 Dei
1527 679 1582 734 in
1610 678 2034 751 prepltetatione

435 772 775 829 deserviunt.
822 772 1147 827 Admirabar
1188 772 1463 842 quondam
1512 772 1707 827 Isaiam
1741 782 2031 841 antequam

439 880 818 937 compararem
850 865 1124 922 Ezechieli
1146 907 1160 931 ,
1192 874 1247 921 et
1274 865 1729 937 obstupescebam
1760 865 2035 937 quomodo

443 958 648 1015 diceret
672 977 685 1015 :
711 960 898 1014 Audite
918 976 1205 1016 sermonem
1225 959 1459 1024 Domini,
1486 961 1746 1030 principes
1771 960 2031 1015 Sodomo-

440 1070 591 1122 rum;
639 1056 887 1109 attendite
926 1054 1087 1127 legem
1118 1056 1217 1110 Dei
1239 1097 1255 1123 ,
1299 1059 1524 1125 populus
1560 1054 1885 1115 Gomorrhte.
1920 1056 2035 1125 Quo

442 1148 570 1200 mihi
598 1147 979 1202 multitudinem
1013 1149 1391 1216 sacriﬁciorum
1419 1151 1748 1205 vestrorum?
1768 1149 1896 1203 dicit
1930 1148 2037 1204 Do-

441 1241 610 1296 minus
635 1240 773 1313 (Isa.
792 1244 854 1313 ι).
878 1243 1106 1299 Dicebat
1128 1244 1272 1299 enim
1296 1243 1438 1312 haec,
1462 1260 1586 1300 cum
1617 1257 1803 1315 posset
1824 1244 2032 1313 dicere,

443 1334 535 1390 vel
590 1346 789 1391 tacere.
840 1336 1035 1407 Neque
1075 1340 1222 1394 enim
1268 1338 1349 1410 (ut
1392 1339 1613 1410 quidam
1669 1338 2037 1409 suspicantur)

447 1437 628 1482 mente
657 1429 985 1485 excidebant
1027 1432 1310 1503 prephetae
1338 1474 1353 1498 ,
1383 1440 1439 1486 et
1476 1448 1545 1489 cx
1575 1432 1901 1490 necessitate
1926 1434 2039 1503 spi-

444 1520 584 1575 ritus
627 1522 1006 1592 loquebantur.
1041 1524 1102 1579 Si
1142 1524 1271 1589 alii,
1303 1525 1479 1595 inquit
1516 1526 1813 1595 Apostolus
1837 1568 1852 1592 ,
1902 1542 2041 1580 rere-

441 1616 605 1671 latum
632 1617 787 1687 fuerit
813 1618 1043 1684 sedenti,
1068 1618 1210 1689 prior
1237 1628 1400 1673 taceat
1429 1618 1473 1689 (l
1500 1617 1622 1675 Cor.
1655 1617 1790 1691 XIV).
1822 1618 1905 1674 Ex
1930 1635 2039 1690 quo

444 1711 755 1765 omenditur
797 1721 1120 1781 potestatem
1164 1712 1367 1769 habere
1411 1729 1533 1769 eum
1561 1755 1577 1779 ,
1622 1714 1716 1784 qui
1761 1714 2037 1785 loquatur,

2134 491 2379 558 mittens,
2411 490 2566 560 quasi
2615 491 2865 559 proxima
2914 490 3044 559 Dei,
3087 501 3143 547 et
3187 491 3383 546 civitas
3431 491 3575 562 ejus,
3601 493 3727 563 quia

2134 585 2384 656 peccavit
2409 625 2424 652 ,
2464 585 2716 656 arguitur
2740 601 2772 640 a
2805 585 3012 658 Spiritu
3042 594 3251 653 sancto,
3287 594 3347 641 ut
3376 585 3641 658 degener,
3671 594 3729 643 et

2135 689 2422 736 extranea.
2468 680 2633 736 Pater
2673 681 2818 735 enim
2860 680 2981 751 ejus
3023 680 3419 748 Amorrhzeus,
3465 680 3576 751 jam
3619 696 3727 737 non

2138 773 2299 830 Deus.
2323 774 2594 842 Quamdiu
2624 788 2730 830 non
2780 774 3045 845 peccavit,
3074 782 3229 844 pater
3250 774 3369 843 ejus
3399 784 3517 829 erat
3539 774 3682 831 Deus
3713 792 3728 830 :

2136 866 2357 937 quando
2386 882 2517 922 vero
2544 867 2789 937 peccavit
2814 909 2827 933 ,
2856 876 3008 937 pater
3037 869 3157 937 ejus
3179 866 3530 923 Amorrhatu.
3560 868 3731 925 lactus

2137 969 2243 1015 est.
2270 959 2540 1028 Quamdiu
2566 976 2673 1016 non
2696 961 2968 1031 peccavit,
2996 969 3151 1030 pater
3173 961 3291 1031 ejus
3314 960 3552 1033 Spiritus
3574 975 3734 1017 sanc-

2140 1065 2226 1111 tus
2255 1054 2353 1110 fuit
2384 1073 2397 1109 :
2431 1055 2650 1127 quando
2677 1054 2959 1127 peccavit,
2994 1064 3170 1113 mater
3196 1056 3316 1127 ejus
3341 1056 3562 1113 Cethaaa
3591 1056 3733 1113 facta

2139 1157 2244 1204 est.
2287 1148 2556 1217 Quamdiu
2584 1164 2691 1204 non
2724 1150 3008 1220 peccavit,
3056 1150 3296 1206 radicem
3345 1151 3537 1205 habuit
3566 1151 3735 1206 Abra-

2142 1240 2265 1295 ham
2295 1282 2310 1307 ,
2337 1251 2393 1296 et
2418 1240 2567 1297 Isaac
2595 1284 2611 1309 ,
2642 1255 2696 1296 et
2724 1242 2899 1299 Jacob
2932 1260 2945 1297 :
2981 1243 3198 1313 quando
3246 1244 3489 1313 peccavit
3515 1286 3530 1309 ,
3581 1245 3735 1300 radix

2142 1334 2262 1405 ejus
2309 1333 2615 1390 Chananaea
2659 1336 2799 1390 facta
2845 1345 2948 1392 est.
3002 1336 3158 1408 Saepe
3190 1336 3417 1393 miratus
3463 1352 3583 1392 sum
3634 1337 3685 1393 id
3716 1378 3733 1406 ,

2140 1428 2285 1501 quod
2319 1429 2528 1485 dictum
2559 1438 2645 1486 est
2675 1445 2705 1485 a
2738 1430 2965 1486 Daniele
3013 1432 3078 1486 ad
3112 1431 3500 1503 presbyterum
3539 1447 3734 1503 pecca-

2144 1532 2315 1579 torem
2346 1568 2361 1592 ,
2391 1524 2478 1579 cui
2512 1539 2611 1595 pro
2656 1533 2881 1597 peccato
2912 1541 3118 1583 nomen
3155 1526 3476 1597 imponens,
3512 1527 3694 1583 Semen
3715 1570 3733 1596 ,

2143 1619 2340 1690 inquit,
2368 1619 2639 1690 Chanaan,
2671 1631 2719 1676 et
2746 1637 2847 1675 non
2869 1620 3032 1676 Iuda.
3057 1621 3277 1692 Magnus
3302 1622 3519 1693 quidem
3550 1621 3738 1678 Daniel

2144 1715 2589 1769 constantissime
2616 1715 2993 1787 presbyterum
3023 1724 3362 1785 peccatorcm
3386 1731 3571 1772 semen
3599 1713 3735 1771 Cha-

446 1818 571 1859 cutn
604 1803 735 1859 velit
760 1803 966 1873 dicere,
1002 1814 1055 1860 ct
1085 1821 1208 1861 cum
1240 1807 1373 1861 velit
1398 1816 1600 1862 tacere.
1632 1809 1697 1862 Et
1722 1807 1789 1863 ad
1820 1808 2037 1863 Balaam
2072 1808 2116 1868 Β
2148 1822 2302 1862 naam
2336 1807 2620 1877 appellans
2648 1816 2704 1864 et
2741 1822 2847 1863 non
2878 1807 3022 1864 Juda
3056 1806 3219 1880 (Dan.
3254 1809 3359 1880 in).
3409 1808 3581 1879 Major
3608 1824 3740 1865 vero

446 1897 651 1953 dicitur
693 1915 707 1951 :
760 1898 1120 1955 Verumtamen
1166 1901 1407 1972 verbum,
1449 1904 1591 1975 quod
1634 1904 1855 1960 immitto
1891 1906 1943 1959 in
1984 1922 2041 1960 os

447 2001 592 2046 tuum
614 2036 627 2062 ,
670 1993 768 2047 hoc
796 1993 1008 2050 observa
1057 1997 1199 2066 loqui
1230 1996 1422 2067 (Num.
1458 2000 1589 2069 χιιι)
1617 2017 1630 2054 :
1654 2000 1810 2071 quasi
1858 2011 2041 2069 potes-

450 2095 619 2144 tatem
674 2088 910 2146 habente
959 2105 1065 2158 eo,
1106 2102 1163 2147 ut
1192 2102 1419 2164 accepto
1445 2094 1618 2151 verbo
1662 2096 1795 2160 Dei,
1835 2096 2044 2153 diceret

450 2197 549 2239 seu
583 2194 805 2241 taceret.
836 2184 978 2253 Quid
1009 2195 1092 2241 est
1121 2201 1278 2257 ergo,
1302 2187 1444 2259 quod
1474 2188 1527 2243 in
1555 2187 1846 2245 Ezechiele
1872 2190 2044 2245 admi-

449 2276 579 2333 ror?
609 2277 745 2346 Quia
776 2292 900 2333 cum
927 2280 978 2335 ei
1008 2277 1201 2336 luisset
1230 2280 1560 2350 imperatum
1587 2324 1603 2350 ,
1637 2291 1696 2338 ut
1728 2292 2039 2354 testaretur,

451 2380 504 2429 et
532 2380 690 2428 notas
721 2373 922 2430 iaceret
949 2375 1254 2432 Jerusalem
1288 2376 1603 2449 iniquitates
1633 2380 1774 2450 ejus,
1810 2394 1916 2435 non
1951 2396 2046 2450 po-

451 2466 562 2520 suit
596 2475 725 2523 ante
764 2466 954 2523 oculos
983 2467 1101 2538 ejus
1129 2470 1434 2539 periculum
1461 2512 1475 2535 ,
1508 2470 1653 2542 quod
1680 2488 1746 2526 ex
1773 2472 2045 2543 praedica-

453 2559 606 2617 tione
642 2572 764 2618 erat
805 2572 1120 2619 secuturum
1148 2581 1163 2631 ;
1195 2564 1291 2621 sed
1322 2573 1380 2621 ut
1407 2565 1503 2623 Dei
1537 2575 1744 2622 tantum
1776 2579 2048 2638 praecepta

452 2667 741 2722 servaret,
785 2657 1003 2713 locutus
1045 2668 1129 2714 est
1164 2675 1526 2733 quaecumque
1557 2660 1724 2734 935.
1749 2662 2043 2717 mandavit.

454 2748 609 2815 Esto,
651 2750 724 2804 sit
751 2754 1074 2824 mysterium
1099 2795 1113 2819 ,
1149 2755 1221 2809 sit
1267 2755 1535 2811 revelatio
1574 2765 1803 2811 sacrata:
1845 2757 2051 2813 intelli-

456 2843 659 2912 gentiae
685 2843 754 2898 de
783 2843 1116 2913 Jerusalem,
1148 2856 1202 2902 et
1233 2846 1317 2901 his
1347 2863 1705 2918 quaecumque
1734 2865 1901 2920 super
1929 2865 2048 2906 eam

456 2935 749 3004 dicuntur;
774 2946 1013 2995 attamen
1038 2940 1393 3012 prophetans,
1418 2951 1473 2998 et
1496 2943 1872 3000 fornicationis
1901 2945 2048 2999 illam

457 3031 675 3100 arguit,
724 3032 850 3101 quia
895 3031 1286 3090 divaricaverit
1327 3035 1492 3105 pedes
1538 3052 1667 3091 suos
1698 3038 1846 3092 omni
1872 3046 2052 3092 trans-

460 3125 650 3188 eunti,
689 3134 745 3179 et
771 3125 1037 3182 maledica
1083 3142 1219 3183 voce
1265 3138 1515 3194 testatur,
1547 3131 1837 3199 increpans
1873 3132 2051 3188 scele-

2146 1900 2556 1971 comparatione
2601 1900 2722 1971 ejus
2764 1900 3065 1967 Ezechiel,
3097 1917 3204 1956 non
3257 1902 3346 1957 uni
3396 1902 3735 1975 presbytero,

2146 2008 2321 2064 neque
2353 1993 2567 2049 duobus
2600 1993 2919 2049 hominibus
2947 1993 3287 2051 nativitatem
3319 1994 3584 2065 objiciens
3610 2010 3738 2051 con-

2148 2088 2522 2156 tumeliusam,
2552 2073 2677 2155 sed,
2710 2087 2911 2153 Radix,
2939 2089 3217 2161 inquiens,
3250 2100 3373 2155 tua;
3407 2100 3454 2144 et
3483 2090 3742 2160 generatio

2148 2191 2235 2236 tua
2262 2181 2324 2236 de
2355 2190 2495 2236 terra
2526 2178 2798 2237 Chanaan.
2837 2182 2997 2237 Pater
3027 2192 3145 2237 tuus
3176 2181 3533 2252 Amorrhwus,
3558 2192 3605 2237 et
3633 2199 3744 2236 ma-

2150 2286 2226 2331 ter
2255 2286 2343 2331 tua
2372 2274 2603 2332 Cethtea.
2633 2277 2771 2343 Quia
2801 2276 3105 2333 Jerusalem
3137 2277 3305 2333 multa
3346 2285 3568 2348 peccata
3597 2292 3746 2334 com-

2149 2370 2322 2438 misit,
2368 2369 2492 2425 ideo
2545 2369 2837 2440 increpans
2893 2370 3040 2426 illam
3097 2371 3407 2442 propheta,
3470 2387 3578 2426 non
3636 2386 3744 2426 uno

2153 2480 2333 2536 neque
2373 2464 2626 2531 duobus,
2677 2464 2772 2522 sed
2822 2464 2995 2519 tribus
3054 2463 3371 2519 nominibus
3445 2463 3741 2535 insignivit.

2150 2557 2375 2630 Septem
2402 2559 2454 2614 in
2484 2557 2684 2615 Genesi
2714 2567 2908 2629 gentes
2939 2566 3336 2614 enumerantur
3359 2572 3390 2612 a
3416 2558 3528 2614 Deo
3554 2558 3610 2614 in
3637 2572 3747 2613 uno

2154 2652 2276 2708 loco
2302 2695 2315 2719 ,
2352 2668 2513 2723 quem
2545 2651 2769 2707 tradidit
2794 2650 2921 2706 ﬁliis
2946 2650 3135 2706 Israel.
3184 2649 3403 2721 Septem
3434 2659 3615 2706 autem
3661 2650 3748 2705 hze

2154 2753 2303 2815 sunt,
2330 2745 2397 2800 In
2420 2755 2631 2811 terram,
2658 2745 2856 2815 inquit,
2885 2741 3321 2807 Chananteorum,
3347 2752 3396 2797 et
3420 2743 3749 2797 Amorrhteo-

2153 2856 2293 2905 rum,
2325 2848 2371 2894 et
2398 2837 2746 2904 Cethtrorum,
2779 2846 2827 2892 et
2854 2835 3277 2902 Pheresteorum,
3302 2845 3351 2891 et
3381 2834 3673 2901 Erteorum,
3704 2842 3752 2890 et

2142 2931 2567 3006 'Gergeswornm,
2600 2942 2648 2986 et
2676 2932 3059 2987 Jebasworum.
3094 2930 3151 2988 Si
3186 2930 3453 3002 possibile
3481 2929 3676 2986 fuisset
3700 2938 3756 2985 et

2155 3037 2362 3098 septem
2412 3031 2542 3083 istas
2588 3043 2957 3098 congregare,
3007 3035 3066 3082 ut
3093 3041 3189 3096 per
3220 3041 3313 3082 eas
3360 3025 3753 3096 ignobilitatem

2156 3122 2479 3193 peccatricis
2506 3120 2811 3177 Jerusalem
2856 3120 3216 3188 eXprobraret
3241 3160 3257 3187 ,
3308 3118 3529 3174 iecisset
3570 3119 3757 3188 utique

459 3235 579 3275 rum
620 3221 921 3278 civitatem.
969 3223 1079 3279 Sed
1110 3225 1234 3294 quia
1280 3225 1591 3281 confidebat
1637 3227 1734 3282 Dei
1778 3243 1838 3284 se
1879 3230 2054 3283 facere
2080 3209 2126 3271 C
2160 3215 2447 3287 propheta.
2481 3215 2635 3271 Nunc
2665 3230 2796 3271 vero
2827 3214 2956 3285 quid
2985 3212 3156 3269 fecit?
3184 3211 3565 3269 Amorrhmum
3593 3211 3760 3283 elegit

460 3315 801 3371 voluntatem
823 3360 838 3384 ,
874 3327 1092 3385 paratus
1120 3327 1176 3375 et
1217 3320 1357 3375 mori
1389 3331 1447 3376 et
1475 3320 1662 3376 videre
1683 3363 1698 3388 ,
1733 3321 2056 3391 loquebatur

464 3408 795 3482 intrepidus.
831 3411 1125 3468 Videamus
1169 3429 1300 3485 ergo
1347 3416 1521 3484 ipsam
1568 3416 1912 3486 prophetiam
1941 3462 1955 3487 ,
2003 3428 2059 3473 et

464 3506 640 3576 primo
673 3504 891 3576 quidem
919 3547 933 3571 ,
964 3508 1241 3578 quomodo
1283 3510 1335 3565 in
1384 3519 1657 3581 potestate
1699 3511 1773 3567 sit
1817 3512 2056 3582 positum

467 3599 769 3671 prophetae,
800 3610 983 3657 utrum
1011 3602 1157 3659 dicat
1185 3618 1252 3658 an
1278 3620 1417 3671 non,
1462 3605 1897 3661 consideremus.
1927 3606 2061 3662 Fac-

378 3742 401 3757 ,
465 3702 553 3749 tus
582 3703 667 3749 est
693 3710 875 3751 sermo
906 3696 1117 3751 Domini
1146 3697 1211 3752 ad
1245 3714 1392 3765 eum,
1417 3699 1605 3755 dicens
1637 3719 1649 3753 :
1677 3698 1787 3754 Fili
1812 3699 2059 3769 hominis,

465 3790 745 3860 testificare
770 3790 1063 3847 Jerusalem
1106 3794 1405 3863 iniquitates
1442 3799 1557 3867 ejus
1584 3838 1598 3861 ,
1632 3804 1679 3849 et
1716 3796 1855 3850 dices
1887 3812 1903 3849 :
1934 3794 2062 3849 Ha'c

468 3887 593 3941 dicit
623 3885 880 3943 Dominus
904 3934 917 3957 ,
948 3903 1054 3945 non
1090 3890 1144 3945 in
1188 3892 1516 3948 necessitate
1547 3893 1896 3964 aspirationis
1918 3935 1933 3958 ,
1967 3893 2064 3949 sed

470 3979 525 4034 in
558 3979 838 4036 voluntate
866 3980 1096 4038 dicentis
1128 3984 1393 4039 Dominus
1421 3986 1619 4055 posuit,
1656 3996 1714 4041 ut
1741 3987 2066 4042 testificare-

470 4082 560 4127 tur
581 4072 646 4127 ad
669 4074 973 4129 Jerusalem
1005 4076 1316 4147 iniquitates
1338 4078 1477 4149 ejus,
1503 4086 1558 4133 et
1576 4080 1653 4132 ait
1679 4097 1692 4133 :
1719 4076 1893 4133 Dices.
1925 4080 2065 4147 Quid

470 4165 647 4221 dices?
667 4166 930 4240 Haacquaa
946 4181 1273 4241 sequuntur.
1299 4171 1355 4226 In
1371 4172 1637 4242 propheta
1650 4181 1767 4228 erat
1783 4172 2065 4239 audiente,

471 4261 613 4316 dices
656 4279 671 4317 :
714 4272 893 4317 utrum
924 4263 1131 4319 diceret
1163 4279 1355 4330 necne,
1385 4264 1658 4334 quomodo
1695 4264 1793 4320 l‘nit
1832 4265 2067 4336 positum

472 4353 526 4409 in
557 4354 719 4410 Jona.
751 4356 810 4411 ln
868 4365 1139 4424 potestate
1193 4358 1395 4428 quippe
1432 4358 1553 4429 ejus
1601 4368 1719 4413 erat
1748 4357 2023 4413 audientis
2055 4376 2067 4413 :

475 4449 599 4518 Dic,
632 4451 806 4505 adhuc
838 4461 940 4507 tres
972 4452 1102 4517 dies,
1128 4462 1175 4507 et
1201 4451 1412 4506 Ninives
1439 4452 1759 4508 subvertetur
1786 4451 1935 4525 (Jon.
1965 4451 2068 4522 ut),

478 4544 525 4597 si
555 4545 689 4599 velit
714 4543 897 4601 dicere
923 4588 937 4611 ,
969 4546 1052 4601 vel
1082 4554 1287 4603 tacere.
1342 4547 1409 4601 Et
1437 4547 1561 4615 quia
1593 4547 1646 4600 in
1679 4545 1909 4601 arbitrio
1938 4545 2072 4616 'ejus

2160 3325 2227 3365 ex
2257 3318 2465 3379 septem
2492 3350 2508 3375 ,
2538 3318 2591 3364 et
2617 3307 3010 3373 Chananreum,
3062 3315 3119 3361 et
3158 3306 3235 3360 ait
3277 3305 3478 3361 habere
3516 3319 3761 3360 commu-

2161 3404 2381 3458 nionem
2424 3402 2785 3472 peccatricem
2814 3398 3121 3457 Jerusalem
3148 3440 3163 3465 ,
3193 3399 3396 3469 quippe
3445 3397 3510 3451 ad
3550 3395 3762 3452 Chana-

2163 3513 2382 3568 nteum,
2414 3497 2566 3567 juxta
2606 3496 2870 3562 radicem,
2919 3504 2974 3551 et
3019 3493 3381 3562 nativitatem,
3430 3493 3647 3564 proprie
3694 3490 3762 3546 ad

2163 3591 2546 3649 Amorrhaeum
2600 3589 2903 3646 secundum
2933 3589 3100 3662 936
3129 3599 3337 3659 patrem
3364 3632 3379 3656 ,
3434 3590 3652 3659 preprie
3695 3585 3763 3642 ad

2163 3686 2440 3743 Cethaeam
2487 3685 2788 3741 secundum
2830 3694 3083 3741 matrem.
3116 3684 3176 3739 Si
3206 3684 3259 3739 in
3289 3682 3587 3739 Jerusalem
3617 3689 3763 3735 tanta

2164 3780 2443 3845 dicuntur,
2476 3780 2545 3837 de
2585 3795 2687 3850 qua
2730 3789 2837 3833 tam
2878 3778 3104 3849 grandia
3132 3819 3147 3845 ,
3195 3787 3252 3834 et
3294 3788 3403 3833 tam
3447 3778 3580 3832 mira
3628 3791 3765 3830 con-

2168 3877 2370 3945 scripta
2396 3884 2554 3942 sunt,
2586 3891 2706 3944 qua:
2730 3874 2782 3930 ei
2810 3881 2939 3929 sunt
2976 3874 3338 3943 repromissa,
3370 3872 3497 3944 quid
3528 3871 3766 3927 futurum

2168 3979 2254 4027 est
2280 3976 2487 4026 misero
2510 3969 2669 4034 mihi,
2695 3970 2741 4025 si
2774 3967 3114 4040 peceavero?
3139 3968 3271 4037 Quis
3302 3967 3434 4023 mihi
3463 3970 3568 4023 erit
3594 3975 3766 4036 pater,

2167 4075 2261 4119 aut
2291 4081 2413 4135 qum
2447 4063 2579 4117 mihi
2615 4063 2724 4119 erit
2752 4062 2964 4118 mater?
2994 4061 3184 4117 Tantte
3214 4061 3447 4132 talisque
3470 4060 3769 4117 Jerusalem

2170 4158 2325 4215 radix
2346 4200 2360 4225 ,
2389 4167 2445 4213 et
2477 4156 2765 4228 generatio
2792 4155 2861 4212 de
2907 4164 3049 4211 terra
3092 4155 3525 4211 Chananaeorum
3554 4196 3570 4219 ,
3617 4161 3775 4226 pater

2171 4253 2293 4323 ejus
2319 4243 2691 4317 Amorrhaaus,
2722 4257 2779 4306 et
2802 4259 2977 4305 mater
3005 4246 3224 4305 Cethara
3254 4257 3622 4320 nuncupatur.
3662 4249 3774 4319 Ego

2174 4346 2222 4400 si
2251 4359 2572 4415 peccavero,
2602 4344 2693 4411 qui
2729 4343 2783 4398 in
2813 4340 3032 4398 Christo
3056 4342 3185 4399 Jesu
3219 4342 3405 4408 credo,
3434 4352 3489 4397 et
3509 4350 3661 4396 tanto
3686 4356 3775 4397 me

2176 4440 2437 4506 magistro
2469 4436 2707 4504 tradidi,
2745 4436 2865 4504 quis
2902 4435 3033 4490 mihi
3064 4435 3278 4491 futurus
3305 4442 3388 4490 est
3418 4434 3613 4505 pater?
3654 4432 3772 4488 Non

2176 4532 2363 4603 utique
2383 4531 2757 4593 Amorrhrcus.
2791 4528 2886 4584 sed
2919 4528 3151 4599 nequior
3181 4528 3400 4599 quidam
3438 4538 3611 4597 pater.
3644 4526 3777 4592 Quis

478 4638 719 4709 positum
744 4647 882 4704 erat,
904 4648 961 4694 et
983 4639 1160 4695 noluit
1182 4639 1389 4709 dicere,
1419 4639 1543 4694 vide
1570 4647 1772 4710 quanta
1796 4652 1920 4694 eum
1944 4615 2045 4692 sun

2179 4635 2261 4682 est
2295 4626 2438 4681 iste?
2466 4624 2673 4693 Quiris,
2707 4624 2793 4694 qui
2819 4632 3089 4694 peccatum
3120 4623 3269 4693 facit,
3302 4638 3364 4675 ex
3388 4621 3595 4675 diabolo
3625 4628 3781 4675 natus

481 4740 775 4787 consecuta
802 4743 990 4802 postea
1020 4751 1032 4787 :
1061 4733 1365 4801 periclitata
1389 4741 1473 4788 est
1499 4734 1654 4787 navis
1675 4738 1901 4801 propter
1924 4745 2073 4796 eum,

480 4825 626 4881 forte
655 4835 911 4892 repertus
940 4834 1024 4881 est
1054 4826 1254 4892 latens,
1286 4836 1439 4882 cetus
1470 4826 1752 4881 devoravit
1778 4825 2075 4895 abjectum.

489 4918 555 4973 lli
584 4933 716 4990 ergo
748 4921 1049 4990 prophetae,
1080 4921 1408 4992 quicumque
1446 4928 1569 4991 post
1598 4918 1791 4976 Jonam
1825 4918 2079 4997 luerunt,

485 5013 901 5069 considerantes
941 5013 1165 5070 forsitan
1205 5031 1268 5071 ea
1297 5062 1310 5084 ,
1360 5030 1482 5084 quae
1526 5022 1795 5069 venerunt
1822 5014 1869 5068 ei
1899 5055 1913 5080 ,
1963 5014 2081 5069 sive

487 5106 610 5161 aliis
655 5105 937 5176 prophetis
971 5123 983 5160 :
1015 5107 1179 5179 935
1224 5107 1486 5163 videbant
1516 5107 1771 5176 quoniam
1820 5120 1887 5161 ex
1933 5106 2083 5160 omni

488 5209 646 5271 parte
669 5201 934 5270 angustia:
957 5202 1037 5256 eis
1066 5200 1425 5256 imminebant
1453 5218 1467 5253 :
1494 5199 1795 5255 secundum
1825 5198 2083 5253 sazculum

489 5294 802 5362 persecutio
826 5335 841 5354 ,
871 5292 917 5349 si
942 5294 1191 5349 dicerent
1228 5309 1355 5348 vera
1394 5311 1406 5348 :
1442 5293 1741 5348 secundum
1789 5292 2082 5345 Dominum

494 5386 700 5444 oli'ensa
723 5429 739 5452 ,
771 5388 815 5443 si
863 5388 1122 5445 timentes
1166 5388 1447 5451 homines,
1479 5388 1789 5457 proterrent
1818 5384 1952 5439 falsa
1985 5400 2085 5454 pro

493 5485 657 5540 veris.
681 5482 889 5539 Idcirco
921 5482 1242 5537 testificatus
1267 5490 1352 5537 est
1382 5480 1653 5545 Ezechiel,
1684 5489 1740 5534 et
1774 5487 1930 5532 notas
1959 5476 2090 5532 fecit

493 5576 798 5633 Jerusalem
830 5575 1148 5646 iniquitates
1177 5575 1317 5645 ejus,
1350 5584 1403 5629 et
1435 5573 1576 5627 dixit
1607 5590 1620 5627 :
1655 5571 1782 5626 Herc
1812 5570 1940 5623 dicit
1969 5567 2087 5623 Do-

493 5675 665 5730 minus
694 5689 710 5727 :
746 5672 920 5729 Radix
949 5683 1036 5727 tua
1065 5682 1113 5727 et
1137 5671 1401 5747 generatio
1432 5680 1522 5725 tua
1546 5668 1610 5724 de
1643 5678 1782 5724 terra
1811 5664 2083 5733 Chanaan,

491 5765 653 5824 Pater
684 5775 802 5821 tuus
832 5766 1167 5823 Amorrhazus
1196 5778 1246 5823 et
1281 5776 1445 5821 mater
1473 5774 1562 5819 tua
1588 5762 1815 5819 Cethaea.
1846 5761 1981 5830 Qua!
2006 5760 2084 5816 ci-

486 5863 716 5920 vitatum
746 5862 826 5917 sic
857 5861 959 5917 fuit
987 5862 1218 5929 elevata,
1252 5873 1306 5917 et
1334 5862 1503 5916 altum
1537 5859 1714 5930 sapuit
1747 5858 1799 5913 in
1835 5856 2039 5913 mundo
2067 5898 2080 5917 .

2178 4728 2294 4775 est:
2322 4720 2387 4773 Et
2420 4720 2617 4773 iterum
2646 4734 2658 4770 :
2694 4716 2801 4771 Vos
2829 4733 2892 4771 ea:
2915 4725 3062 4787 patre
3090 4715 3300 4770 diabolo
3336 4716 3455 4770 estis
3482 4714 3535 4784 (l
3566 4713 3777 4784 Joan.).

2180 4812 2239 4869 Si
2284 4800 2447 4884 igitur
2473 4811 2776 4867 Jerusalem
2805 4810 3007 4867 dicitur
3029 4810 3098 4865 de
3142 4810 3328 4865 radice
3354 4851 3368 4873 ,
3406 4820 3461 4865 et
3505 4810 3783 4865 nativitate

2184 4916 2347 4962 terrm
2374 4907 2720 4971 Chananaete,
2749 4904 2880 4975 quid
2903 4905 3117 4961 dicetur
3147 4903 3214 4958 ad
3258 4918 3358 4958 nos
3380 4904 3403 4957 ?
3428 4901 3786 4958 Inveniuntur

2184 5008 2239 5056 et
2280 4998 2437 5054 nubis
2482 5008 2664 5067 patres
2692 5038 2705 5061 ,
2739 4998 2829 5068 qui
2863 5013 2963 5053 nos
3017 5006 3281 5069 generant
3313 4996 3368 5051 in
3403 4997 3661 5064 peccatis.
3716 4995 3786 5051 Ut

2191 5093 2336 5150 enim
2368 5093 2413 5146 si
2446 5092 2618 5147 bonus
2647 5090 2824 5159 fuero,
2853 5100 2909 5146 et
2944 5090 2996 5145 in
3031 5090 3240 5161 optimo
3278 5103 3401 5144 actu
3430 5088 3782 5155 constitutus,

2191 5187 2325 5244 dicit
2369 5185 2498 5241 mihi
2528 5186 2689 5241 Jesus
2720 5202 2733 5240 :
2768 5182 2914 5253 Fili,
2944 5183 3276 5239 dimittuntur
3307 5182 3398 5236 tibi
3443 5192 3653 5255 peccata
3696 5190 3787 5235 tua

2192 5281 2376 5355 (Matt.
2409 5280 2489 5350 Ix)
2520 5298 2533 5342 ;
2566 5279 2703 5335 dicit
2743 5278 2876 5334 mihi
2918 5279 3119 5333 Paulus
3150 5276 3456 5347 discipulus
3481 5275 3639 5331 Jesus
3675 5292 3689 5329 :
3722 5271 3790 5328 In

2192 5375 2398 5433 Christo
2427 5390 2566 5430 enim
2592 5372 2722 5428 Jesu
2753 5390 2844 5445 per
2874 5372 3209 5443 Evangelium
3244 5388 3335 5443 ego
3366 5387 3456 5426 vos
3486 5370 3638 5444 genui
3668 5385 3685 5422 :
3716 5369 3788 5423 ita

2191 5474 2237 5527 si
2271 5472 2446 5527 factus
2479 5469 2636 5526 luero
2679 5480 2958 5539 peccator,
3006 5483 3278 5540 generans
3320 5483 3407 5522 me
3450 5467 3502 5520 in
3542 5464 3783 5535 peccatis

2195 5566 2448 5624 diabolus
2474 5611 2488 5633 ,
2520 5574 2575 5622 et
2605 5579 2890 5620 assumens
2934 5563 3038 5618 sibi
3081 5576 3200 5617 eam
3233 5575 3459 5624 vocem,
3495 5575 3597 5627 qua
3639 5565 3793 5626 pater

2196 5663 2340 5719 Deus
2366 5661 2433 5717 ad
2462 5660 2798 5719 Salvatorem
2830 5660 3047 5713 locutus
3076 5666 3185 5721 est,
3212 5653 3346 5710 dicit
3374 5652 3440 5708 ad
3465 5668 3550 5706 me
3577 5668 3590 5704 :
3620 5648 3793 5704 Filius

2193 5774 2339 5813 meus
2366 5774 2421 5812 es
2451 5764 2528 5822 tu,
2559 5771 2651 5826 ego
2680 5754 2830 5808 hodie
2856 5751 3012 5823 genui
3050 5761 3096 5806 te
3124 5746 3303 5823 (Psal.
3336 5750 3433 5819 tv).
3469 5746 3538 5801 Et
3576 5743 3667 5799 alii
3694 5757 3795 5797 aud

2196 5861 2301 5907 tem
2351 5850 2530 5922 plures
2572 5857 2754 5919 patres
2782 5846 2889 5902 mei
2917 5852 3099 5910 erunt,
3130 5842 3199 5898 ad
3225 5855 3379 5911 quos
3427 5838 3602 5894 iturus
3648 5848 3793 5893 sum.
