4100 6336
24 380 33 407 t

24 448 31 503 ἐ

328 269 428 325 757
866 266 1309 330 TRANSLATIO
1347 262 1780 329 llOMILlARUM
1823 264 2149 334 ORIGENIS
2186 267 2250 328 IN
2293 266 2763 331 EZECHIELEM.
2806 270 2975 333 110M.
3016 270 3104 333 Vl.
3519 280 3623 340 758

326 384 716 457 Unusquisque
762 386 826 442 ad
868 403 998 444 suos
1040 389 1409 460 proﬁciscitur
1449 398 1652 461 patres.
1701 390 1758 445 Si
1802 389 1922 460 quis
1949 394 2002 453 Α
2029 389 2248 454 ciditur,
2278 390 2356 446 sic
2388 390 2439 445 in
2473 389 2672 447 femina
2703 401 2729 431 α
2769 393 3065 450 umbilicus
3104 403 3435 467 amputatur.
3484 395 3622 457 Cum

326 487 410 533 est
448 480 517 533 ab
554 479 863 549 Abraham,
896 480 1097 537 dicitur
1128 483 1194 538 ad
1224 497 1349 539 eum
1384 500 1398 538 :
1429 481 1509 538 Tu
1556 491 1741 539 autem
1784 482 1919 539 vade

324 572 392 629 ad
417 586 602 644 patres
626 584 767 641 tuos,
787 590 909 631 cum
933 592 1066 648 pace
1083 577 1349 634 educatus
1371 578 1424 633 in
1447 589 1733 635 senectute
1756 578 1918 634 bona.

324 666 378 723 Si
402 669 525 739 quis
553 684 688 725 vero
716 670 998 740 egreditur
1020 670 1090 727 de
1115 671 1319 728 saeculo
1346 687 1456 728 non
1481 686 1603 728 cum
1636 685 1790 742 pace,
1822 671 1919 727 sed

323 777 447 818 cum
470 772 819 829 peccatorum
848 763 1016 831 bello,
1041 775 1097 822 et
1116 775 1402 823 senectute
1431 783 1539 821 non
1567 767 1736 833 bona,
1765 766 1920 823 inve—

324 864 536 912 teratus
563 855 776 911 dierum
810 857 1078 913 malorum
1101 899 1116 924 ,
1163 858 1350 930 utique
1389 857 1591 914 dicitur
1629 858 1696 913 ad
1734 873 1859 914 eum
1903 874 1919 913 :

324 948 406 1006 Tu
437 960 625 1006 autem
654 950 791 1008 vade
813 951 878 1007 ad
910 961 1097 1023 patres
1127 962 1247 1009 tuos
1278 968 1400 1009 cum
1430 953 1572 1009 bello
1602 952 1839 1008 nutritus
1867 953 1920 1008 in

324 1054 614 1101 senectute
638 1044 779 1099 mala
820 1043 977 1116 (Gen.
1010 1047 1131 1118 xv).
1170 1046 1443 1103 Docemur
1468 1061 1499 1101 a
1527 1045 1640 1101 Deo
1666 1045 1766 1100 sub
1800 1045 1922 1100 aliis

326 1135 676 1203 nominibus,
709 1134 840 1207 quid
869 1137 1048 1190 lacere
1074 1136 1394 1193 debeamus.
1438 1136 1505 1191 In
1539 1154 1645 1209 qua
1679 1136 1763 1191 die
1801 1145 1923 1190 nata

323 1248 401 1297 es,
434 1248 543 1288 non
568 1230 917 1303 alligaverunt
948 1248 1134 1286 manus
1174 1242 1311 1299 tuas,
1342 1233 1451 1287 sive
1488 1247 1591 1286 non
1618 1240 1690 1286 est
1720 1231 1924 1286 excisus

324 1326 606 1382 umbilicus
640 1335 782 1382 tuus.
813 1326 871 1382 ln
912 1326 1147 1383 Hebraeo
1172 1325 1372 1398 quippe
1402 1328 1481 1382 sic
1515 1326 1746 1382 habetur
1778 1341 1793 1380 :
1820 1340 1925 1380 non

321 1429 398 1474 est
440 1420 648 1475 excisus
686 1419 964 1475 umbilicus
1010 1430 1151 1475 tuus.
1180 1420 1493 1491 Allegorice
1538 1418 1745 1474 inducit
1770 1418 1927 1474 Jeru-

320 1511 498 1570 salem
551 1512 709 1584 quasi
775 1513 1008 1583 puellam
1066 1514 1136 1568 ab
1191 1512 1418 1568 infantia
1476 1511 1740 1583 genitam.
1793 1513 1925 1579 Quae

321 1619 511 1667 autem
542 1610 611 1667 de
650 1610 952 1666 Jerusalem
1002 1610 1282 1679 dicuntur,
1334 1610 1570 1666 sciamus
1618 1611 1686 1665 ad
1733 1624 1925 1666 omnes

322 1703 609 1771 homines,
634 1703 725 1773 qui
754 1703 809 1758 in
851 1703 1097 1759 Ecclesia
1142 1712 1289 1767 sunt,
1337 1703 1631 1773 pertinere.
1683 1702 1923 1758 Primum

2025 480 2170 535 enim
2194 481 2388 551 pudica
2419 481 2517 537 fuit
2544 484 2762 552 mulier,
2790 495 2847 541 et
2895 486 3113 543 mundis
3145 502 3238 543 usa
3298 492 3620 549 mutationi-

2022 576 2125 633 bus
2155 576 2507 646 feminarum,
2531 581 2743 637 scilicet
2773 597 2840 637 ne
2884 582 2938 637 in
2995 582 3246 639 sordidas
3276 599 3365 641 res
3389 627 3406 652 ,
3456 597 3512 643 et
3564 589 3619 645 in

2026 683 2377 740 peccatorum
2409 672 2775 743 turpitudines
2802 685 2949 744 ruat,
3005 685 3135 733 tunc
3176 678 3466 736 umbilicus
3505 682 3623 752 ejus

2024 764 2274 821 abscisus
2300 775 2406 822 est.
2438 767 2496 824 Si
2530 783 2660 823 vero
2688 769 3013 839 peccaverit,
3043 785 3149 826 non
3198 785 3283 829 est
3330 774 3622 833 umbilicus

2024 858 2143 929 ejus
2172 860 2439 917 abscisus.
2474 859 2728 933 Increpat
2755 878 2888 935 ergo
2916 862 3218 921 Jerusalem
3253 868 3407 936 quasi
3455 870 3623 943 938

2027 953 2339 1025 mulierem,
2371 956 2460 1012 cui
2490 971 2595 1012 non
2625 958 2698 1012 sit
2735 961 2994 1028 praecisus
3048 960 3358 1017 umbilicus.
3394 962 3626 1034 Septua-

2024 1046 2171 1117 ginta
2202 1048 2539 1120 interpretati
2571 1059 2700 1104 sunt
2743 1050 2794 1105 in
2830 1050 2937 1107 hoc
2984 1051 3135 1107 loco:
3193 1050 3317 1108 Non
3363 1054 3623 1130 alligave-

2026 1148 2147 1194 runt
2177 1142 2334 1196 ubera
2360 1150 2471 1208 tua,
2516 1156 2736 1197 sensum
2791 1142 2961 1215 magis
3007 1144 3215 1215 eloquii
3261 1160 3619 1217 exponentes,

2027 1247 2187 1303 quam
2216 1234 2442 1289 verbum
2473 1233 2542 1290 de
2574 1235 2742 1291 verbo
2787 1238 3187 1307 esprimentes.
3232 1238 3413 1297 Ubera
3440 1255 3622 1300 autem

2027 1326 2082 1382 in
2116 1327 2353 1384 Canticis
2379 1329 2722 1386 canticorum
2751 1341 3031 1403 assumpta
3078 1343 3206 1389 sunt
3253 1335 3306 1389 in
3335 1338 3627 1407 cogitatio-

2030 1435 2158 1474 num
2193 1430 2405 1477 tuarum
2458 1433 2511 1477 et
2551 1423 2751 1479 tuentis
2781 1423 2931 1480 loco:
2989 1423 3123 1491 Quia
3174 1426 3308 1481 bona
3350 1429 3510 1483 ubera
3535 1438 3627 1484 tua

2029 1528 2184 1583 super
2210 1513 2387 1567 vinum
2414 1513 2570 1585 (Cant
2599 1556 2612 1571 .
2643 1530 2661 1570 ι
2685 1516 2728 1585 ).
2763 1516 2828 1571 Ει
2847 1516 3097 1573 recubuit
3118 1533 3285 1590 super
3307 1528 3495 1590 pectus
3534 1521 3627 1579 Je-

2029 1603 2495 1678 su(Joan.xnt),
2528 1605 2618 1661 ubi
2646 1606 2814 1662 ubera
2835 1617 2923 1663 tua
2955 1617 3103 1676 sunt,
3145 1610 3190 1665 is
3236 1612 3329 1681 qui
3379 1627 3628 1669 commu-

2030 1698 2246 1753 nionem
2290 1699 2662 1757 intellectuum
2704 1701 2827 1772 ejus
2872 1702 3160 1760 habiturus
3204 1715 3341 1762 erat.
3395 1708 3627 1777 Quando

321 1796 444 1867 ejus
477 1808 698 1868 tempus
742 1796 848 1852 tale
876 1807 962 1852 est
987 1842 1001 1867 ,
1032 1796 1327 1853 secundum
1356 1796 1515 1868 quale
1544 1795 1877 1852 describitur
1908 1814 1921 1850 :
1955 1812 2004 1873 Β
2028 1804 2158 1860 ergo
2187 1806 2380 1847 sensus
2408 1803 2491 1849 est
2523 1793 2746 1864 rigidus,
2777 1806 2832 1851 et
2860 1796 3009 1851 notio
3033 1797 3296 1854 obstricta
3321 1807 3486 1871 atque
3535 1817 3628 1858 so-

321 1889 516 1960 procul
574 1897 755 1945 autem
821 1890 963 1946 absit
1008 1905 1038 1944 a
1084 1889 1244 1945 nobis
1304 1898 1363 1945 ut
1420 1889 1644 1945 tertium
1708 1899 1925 1960 tempus

325 1982 433 2037 tale
482 1980 821 2047 habeamus,
855 1981 1015 2052 quale
1053 1981 1255 2037 dicitur
1300 1982 1367 2037 ad
1403 1980 1731 2038 Jerusalem.
1792 1981 1925 2037 0m-

322 2091 421 2133 nes
447 2076 594 2133 enim
624 2077 713 2148 qui
749 2076 986 2147 primum
1019 2074 1219 2131 fuimus
1251 2084 1591 2147 peccatores,
1620 2074 1924 2131 Jerusalem

324 2186 592 2227 vocamur
641 2185 671 2224 a
716 2171 859 2237 Deo,
911 2179 969 2226 et
1023 2170 1290 2227 habemus
1338 2187 1403 2227 ea
1445 2187 1567 2243 quze
1624 2171 1796 2243 prima
1843 2171 1928 2227 di.

324 2272 547 2321 cuntur.
578 2263 741 2336 937
775 2262 1028 2323 Secunda
1051 2275 1232 2320 autem
1276 2264 1322 2320 si
1381 2272 1503 2335 post
1552 2263 1923 2321 visitationem

325 2368 381 2416 et
412 2359 666 2414 notitiam
697 2358 795 2414 Dei
826 2358 1303 2427 perseveravimus
1334 2359 1388 2416 in
1414 2359 1659 2431 peccatis
1686 2403 1700 2427 ,
1732 2358 1800 2415 ad
1827 2374 1928 2415 nos

324 2454 630 2525 pertinent.
661 2453 848 2509 Tertia
869 2468 1000 2510 vero
1022 2454 1163 2509 mala
1178 2469 1298 2525 quae
1325 2454 1541 2523 penitus
1564 2452 1923 2522 detestamur,

324 2546 630 2602 secundum
676 2546 924 2603 ordinem
960 2562 1377 2620 prosequemur.
1425 2547 1578 2604 Nunc
1609 2559 1668 2604 ut
1698 2548 1767 2605 ad
1817 2549 1930 2619 pri-

326 2656 476 2696 mum
511 2639 754 2705 redeant,
789 2641 1053 2711 scriptum
1077 2649 1163 2697 est
1188 2640 1343 2712 quasi
1373 2642 1442 2697 de
1470 2641 1776 2698 Jerusalem
1810 2658 1824 2696 :
1860 2640 1928 2697 In

324 2749 429 2803 qua
461 2734 550 2787 die
570 2744 692 2787 nata
719 2749 794 2798 es,
816 2750 923 2788 non
944 2742 1017 2788 est
1046 2735 1247 2790 excisus
1274 2736 1547 2791 umbilicus
1587 2746 1728 2791 tuus.
1759 2736 1930 2807 Adju-

326 2828 474 2882 torio
502 2826 601 2882 Dei
633 2827 972 2899 indigemus,
1003 2837 1065 2884 ut
1117 2830 1393 2900 possimus
1445 2829 1763 2886 umbilicum
1819 2846 1926 2887 non

326 2920 620 2992 praecisum
652 2921 971 2992 peecatricis
999 2922 1311 2980 Jerusalem
1344 2924 1616 2992 invenire,
1647 2935 1743 2981 aut
1777 2936 1929 2984 certe

327 3013 621 3084 praecisum
643 3014 963 3070 umbilicum
994 3016 1136 3086 ejus,
1165 3031 1286 3086 qua:
1309 3030 1419 3072 non
1446 3017 1713 3088 peccavit,
1763 3035 1930 3089 expo-

328 3124 484 3167 nere.
515 3108 645 3166 Sive
675 3110 841 3180 igitur
860 3109 1190 3179 Jerusalem,
1224 3110 1340 3168 sive
1366 3112 1758 3185 cujuscumque
1787 3114 1925 3170 alte-

2028 1882 2157 1949 lida,
2182 1900 2282 1941 nec
2309 1885 2498 1941 deﬂuit
2525 1902 2730 1956 sermo,
2764 1888 3115 1945 manifestum
3136 1900 3224 1946 est
3244 1892 3368 1963 quia
3423 1894 3620 1966 alliga-

2031 1984 2083 2032 ta
2109 1987 2236 2032 sunt
2266 1978 2432 2035 ubera
2460 1990 2570 2035 tua.
2598 1978 2737 2036 Cum
2765 1995 2898 2036 vero
2926 1997 2986 2037 ea
3010 1998 3133 2053 qua:
3155 1983 3417 2040 dicuntur
3438 1986 3629 2043 disso-

2028 2071 2136 2127 luta
2166 2082 2313 2140 sunt,
2343 2083 2399 2129 et
2424 2073 2690 2139 deﬂuunt,
2723 2089 2830 2131 non
2862 2085 2990 2132 sunt
3014 2078 3178 2134 ubera
3208 2079 3452 2152 alligata.
3477 2081 3628 2154 Aqua

2030 2182 2131 2220 non
2165 2182 2216 2221 es
2245 2166 2356 2222 lota
2384 2167 2438 2221 in
2476 2166 2716 2223 salutem.
2769 2168 3064 2226 Videamus
3094 2186 3182 2239 ea,
3240 2189 3359 2244 quae
3407 2184 3533 2230 sunt
3576 2175 3632 2231 in

2029 2256 2355 2329 Jerusalem,
2385 2274 2454 2316 ne
2479 2261 2617 2317 forte
2661 2271 2718 2317 et
2763 2262 2817 2317 in
2850 2263 3006 2319 nobis
3045 2266 3408 2337 reperiantur.
3463 2266 3628 2324 Verbi

2028 2353 2200 2422 gratia
2222 2352 2426 2409 dictum
2456 2354 2526 2409 sit
2561 2372 2575 2411 :
2609 2355 2705 2411 Est
2751 2356 3000 2427 quaedam
3050 2359 3247 2415 mulier
3282 2376 3426 2417 nunc
3471 2361 3576 2418 lota
3607 2405 3624 2432 ,

2027 2461 2216 2503 verum
2243 2449 2511 2519 quaeritur
2535 2466 2605 2505 an
2632 2460 2687 2506 et
2716 2450 2770 2506 in
2802 2452 3079 2509 salutem?
3112 2461 3170 2509 ut
3195 2464 3249 2511 et
3281 2471 3381 2511 nos
3440 2455 3630 2513 timea-

2029 2558 2152 2598 mus
2176 2554 2397 2614 propter
2424 2544 2550 2613 hoc,
2579 2545 2723 2617 quod
2753 2547 2852 2613 ait,
2882 2548 2936 2601 in
2974 2549 3217 2604 salutem.
3272 2549 3392 2607 Non
3443 2552 3629 2608 lavan-

2032 2647 2118 2693 tur
2144 2654 2340 2695 omnes
2366 2640 2420 2695 in
2446 2640 2703 2695 salutem.
2735 2640 2839 2709 Qui
2880 2644 3190 2713 accepimus
3228 2645 3459 2716 gratiam
3499 2646 3629 2719 bap-

2028 2730 2174 2786 tismi
2219 2732 2273 2787 in
2328 2732 2552 2789 nomine
2594 2730 2797 2789 Christi
2828 2775 2844 2801 ,
2897 2736 2994 2791 loti
3015 2752 3243 2792 sumus:
3274 2739 3370 2794 sed
3428 2740 3622 2797 nescio

2029 2825 2151 2892 quis
2179 2825 2323 2881 lotus
2351 2828 2423 2883 sit
2453 2827 2506 2883 in
2530 2827 2792 2883 salutem.
2822 2827 3012 2885 Simon
3036 2830 3180 2887 lotus
3210 2840 3317 2899 est,
3337 2840 3396 2888 et
3425 2833 3634 2905 baptis-

2030 2935 2116 2975 ma
2143 2929 2474 2977 consecutus
2504 2922 2898 2991 perseverabat
2939 2923 2993 2979 in
3043 2923 3278 2996 Philippi
3326 2928 3626 2985 societate:

2030 3031 2218 3072 verum
2251 3018 2377 3087 quia
2406 3033 2513 3071 non
2546 3026 2666 3072 erat
2694 3017 2843 3073 lotus
2870 3018 2924 3073 in
2980 3018 3245 3084 salutem,
3295 3022 3631 3079 condemna-

2032 3119 2118 3165 tus
2139 3111 2314 3165 estab
2340 3124 2429 3176 eo,
2461 3110 2632 3181 quiin
2655 3110 2863 3181 Spiritu
2915 3122 3103 3167 sancto
3148 3110 3294 3168 dixit
3338 3114 3406 3169 ad
3461 3132 3626 3173 eum:

329 3203 446 3258 rius
472 3203 539 3258 de
567 3203 671 3259 alia
689 3203 977 3275 Scriptura
1005 3221 1192 3274 quaero
1219 3207 1557 3275 umbilicum,
1593 3216 1649 3263 ut
1669 3208 1930 3278 spiritua-
1957 3202 2003 3267 Ο
2034 3201 2265 3257 Pecunia
2295 3212 2385 3257 tua
2404 3217 2567 3260 tecum
2593 3206 2658 3259 sit
2693 3207 2747 3258 in
2783 3206 3124 3275 perditionem
3156 3207 3305 3279 (Act.
3339 3211 3482 3282 vni).
3543 3212 3629 3267 ln-

331 3294 480 3353 libus
506 3296 809 3364 spiritualia
834 3289 1179 3369 comparans,
1212 3299 1486 3356 inveniam
1514 3300 1790 3370 quomodo
1820 3316 1927 3356 non

332 3391 402 3446 sit
436 3391 698 3460 praecisus
724 3391 1017 3449 umbilicus
1067 3392 1397 3449 Jerusalem.
1446 3393 1724 3461 Scriptum
1763 3402 1847 3449 cst
1878 3394 1930 3450 in

332 3484 435 3542 Job
461 3485 530 3541 de
560 3485 801 3542 dracone
828 3503 841 3540 :
885 3486 1060 3541 Virtus
1087 3490 1200 3561 ejus
1225 3488 1279 3542 in
1302 3486 1571 3556 umbilico,
1601 3496 1648 3542 et
1679 3488 1930 3557 fortitudo

334 3581 448 3650 ejus
477 3595 633 3651 super
658 3579 963 3634 umbilicum
990 3582 1182 3636 ventris
1211 3580 1231 3651 (
1257 3579 1358 3635 Job
1382 3580 1511 3652 an).
1545 3579 1672 3636 Scio
1697 3596 1763 3636 ex
1801 3581 1883 3636 his
1909 3621 1928 3650 ,

334 3687 455 3741 qua:
489 3671 622 3727 mihi
652 3673 826 3743 gratia
856 3672 1038 3729 divina
1064 3674 1255 3745 largita
1287 3683 1394 3741 est,
1427 3689 1550 3730 cum
1602 3683 1930 3745 praesentem

335 3761 515 3819 locum
542 3779 899 3833 exponerem,
929 3780 1016 3821 me
1037 3765 1267 3833 dixisse,
1291 3766 1439 3835 quod
1485 3766 1655 3822 draco
1674 3765 1746 3823 sit
1770 3767 1931 3823 forti-

337 3857 468 3911 tudo
494 3859 790 3913 contraria.
829 3859 934 3914 Iste
962 3868 1046 3914 est
1074 3861 1219 3915 enim
1258 3859 1425 3916 draco
1455 3902 1471 3927 ,
1510 3876 1743 3933 serpens
1792 3863 1932 3917 anti-

336 3962 504 4018 quus,
547 3951 634 4022 qui
662 3960 887 4007 vocatur
915 3950 1187 4018 diabolus,
1221 3961 1277 4008 et
1329 3953 1559 4010 Satanas
1590 3995 1604 4021 ,
1648 3954 1933 4024 decipiens

337 4044 525 4099 orbem
558 4055 830 4100 terrarum
860 4045 1201 4101 universum.
1232 4046 1394 4102 Istius
1427 4045 1691 4103 fortitudo
1736 4048 1790 4103 in
1815 4064 1935 4103 utn-

336 4136 627 4194 bilicoest.
652 4138 765 4195 Nec
794 4139 1018 4196 dubium
1056 4158 1068 4195 :
1120 4155 1247 4196 nam
1282 4140 1607 4212 principium
1660 4142 1929 4199 malorum

335 4236 579 4292 omnium
604 4237 656 4291 iu
693 4236 880 4292 lumbo
909 4250 1179 4294 versatur.
1215 4238 1283 4293 Et
1310 4237 1432 4295 ideo
1458 4238 1637 4295 adhuc
1669 4238 1723 4295 in
1744 4240 1932 4296 lumbo

336 4330 510 4400 patris
538 4331 870 4387 constitutus
900 4374 915 4399 ,
975 4334 1066 4403 qui
1097 4333 1407 4388 nasciturus
1443 4343 1564 4389 erat
1592 4376 1607 4401 ,
1651 4334 1886 4391 refertur
1913 4375 1929 4403 ,

338 4424 466 4493 quia
496 4424 548 4479 iu
579 4425 794 4483 lumbos
817 4426 1024 4483 semina
1050 4426 1288 4483 humana
1316 4428 1549 4485 collecta
1577 4438 1725 4486 sunt.
1750 4429 1934 4485 Forti-

343 4515 472 4572 tudo
492 4533 622 4591 ergo
642 4521 917 4575 contraria
939 4520 1271 4592 ubicumque
1295 4530 1425 4577 sunt
1450 4523 1678 4590 semina,
1712 4523 1783 4579 ibi
1808 4523 1934 4579 insi-

2032 3297 2211 3367 gentis
2239 3306 2326 3352 est
2358 3298 2697 3354 difficultatis
2716 3313 2840 3354 eum
2865 3299 2955 3369 qui
2984 3300 3225 3365 lavatur,
3255 3302 3423 3357 lavari
3456 3304 3515 3358 in
3539 3319 3632 3360 sa-

2035 3390 2226 3447 lutem.
2276 3392 2582 3460 Attendite,
2631 3393 3011 3449 catechumeni
3036 3436 3051 3460 ,
3082 3394 3267 3451 audite
3291 3436 3307 3463 ,
3366 3405 3423 3452 et
3443 3411 3510 3453 ex
3542 3397 3630 3455 his

2034 3499 2155 3555 qua:
2183 3483 2462 3552 dicuntur,
2497 3497 2803 3556 praeparate
2842 3488 3211 3559 vosmetipsos
3238 3533 3252 3558 ,
3300 3488 3429 3545 dum
3480 3501 3634 3549 cate-

2034 3578 2289 3633 chumeni
2313 3578 2471 3645 estis,
2504 3577 2631 3632 dum
2659 3577 2889 3633 necdum
2915 3581 3052 3635 estis
3089 3581 3372 3650 baptizati,
3425 3592 3483 3641 et
3532 3600 3630 3642 ve-

2034 3671 2196 3725 niatis
2226 3670 2602 3737 adlavacrum,
2632 3681 2686 3728 et
2702 3672 2960 3729 lavemini
2981 3674 3037 3729 in
3058 3674 3307 3739 salutem.
3325 3692 3427 3733 nec
3449 3679 3528 3734 sic
3549 3678 3630 3735 la~

2035 3763 2237 3820 vemini
2262 3772 2318 3819 ut
2338 3763 2558 3833 quidam
2584 3765 2679 3836 qui
2700 3766 2797 3821 loti
2829 3777 2979 3835 sunt,
3027 3768 3124 3824 sed
3151 3784 3259 3825 non
3285 3769 3338 3825 in
3366 3771 3626 3841 salutem,

2034 3867 2095 3912 ut
2115 3858 2205 3929 qui
2227 3857 2426 3926 accipit
2450 3869 2854 3928 aquam,etnon
2870 3860 3065 3930 accipit
3081 3861 3341 3932 Spiritum
3356 3876 3624 3923 sanctum.

2035 3950 2137 4018 Qui
2166 3951 2373 4006 lavatur
2394 3952 2446 4005 in
2481 3951 2734 4022 salutem,
2761 3963 2815 4009 et
2838 3968 3033 4025 aquam
3060 3957 3262 4026 accipit
3288 3968 3346 4014 et
3372 3959 3633 4030 Spiritum

2034 4052 2306 4099 sanctum.
2328 4043 2463 4113 Quia
2480 4059 2584 4100 non
2600 4044 2898 4101 fuitSimon
2923 4048 3061 4103 lotus
3076 4048 3131 4104 in
3146 4050 3396 4117 salutem,
3424 4054 3637 4123 accepit

2035 4151 2252 4207 aquam,
2267 4148 2322 4193 et
2343 4151 2448 4191 non
2467 4139 2679 4209 accepit
2698 4138 2958 4209 Spiritum
2975 4150 3223 4197 sanctum
3242 4160 3257 4197 :
3273 4152 3493 4214 putans,
3508 4147 3635 4217 quia

2036 4231 2209 4301 possit
2228 4230 2431 4287 donum
2459 4229 2695 4302 Spiritus
2719 4233 2947 4300 pecunia
2967 4236 3292 4306 comparari,
3319 4237 3372 4293 in
3398 4254 3501 4311 qua
3528 4255 3636 4297 non

2036 4332 2120 4378 est
2144 4321 2465 4397 locutus[F.
2495 4323 2683 4397 lotus],
2710 4324 2761 4380 in
2777 4326 3029 4381 salutem.
3048 4328 3129 4384 Ad
3151 4344 3369 4386 omnem
3390 4332 3631 4389 animam

2036 4422 2418 4492 peccatricem,
2450 4437 2572 4493 quae
2593 4422 2809 4477 videtur
2834 4422 3084 4491 credere,
3118 4424 3220 4479 ista
3238 4425 3494 4483 dicuntur
3512 4445 3635 4501 qua:

2038 4532 2181 4573 nunc
2201 4517 2342 4573 dicta
2360 4518 2589 4588 legimus
2619 4518 2686 4573 ad
2705 4517 3029 4585 Jerusalem,
3057 4527 3113 4574 ut
3127 4536 3233 4575 non
3254 4520 3421 4595 939
3435 4525 3500 4580 ad
3518 4542 3636 4581 ma-

342 4608 553 4666 diarum
583 4627 805 4668 suarum
833 4615 941 4669 vim
981 4624 1209 4671 conatur
1257 4616 1570 4672 ostendere.
1622 4617 1931 4673 Adversum
1959 4601 2015 4664 Ῑ)
2034 4608 2156 4680 iota
2173 4609 2557 4676 conscendam.
2580 4619 2635 4666 ει
2654 4625 2714 4665 εει
2731 4626 2994 4681 (tuatim,
3017 4628 3136 4682 quae
3161 4613 3298 4671 ultra
3321 4632 3472 4674 meas
3490 4621 3638 4678 vires

342 4708 609 4760 masculos
639 4707 811 4762 virtus
836 4706 953 4777 ejus
981 4706 1036 4763 in
1059 4707 1259 4765 lumbis
1282 4718 1399 4776 est;
1433 4708 1726 4765 adversum
1776 4710 1935 4766 femi-

346 4812 444 4853 nas
470 4799 639 4855 virtus
659 4800 776 4870 ejus
799 4802 852 4855 in
886 4800 1142 4857 umbilico
1170 4801 1377 4857 ventris
1401 4809 1506 4857 est.
1540 4802 1605 4856 Et
1633 4801 1761 4858 vide
1795 4818 1933 4874 quo-

346 4891 508 4947 modo
528 4891 755 4949 honeste
782 4893 884 4948 viri
925 4894 1278 4966 mulierisque
1300 4894 1556 4967 genitalia
1581 4894 1814 4952 obtectis
1841 4913 1939 4954 no-

347 4983 582 5041 minibus
606 4983 890 5055 Scriptura
917 4987 1335 5058 nuncupaverit,
1368 5003 1438 5044 ne
1468 5003 1567 5059 per
1590 5003 1652 5044 ea
1701 4989 1940 5046 vocabu-

347 5075 424 5144 la,
448 5094 561 5149 qua:
595 5082 648 5136 in
675 5093 930 5152 promptu
956 5091 1103 5149 sunt,
1135 5081 1527 5151 turpitudinem
1576 5082 1929 5155 significaret.

346 5170 407 5226 Si
443 5171 768 5231 intellectum
794 5184 880 5231 est
918 5175 1225 5246 exemplum
1252 5217 1268 5242 ,
1302 5175 1445 5246 quod
1500 5178 1824 5247 protulimus
1866 5176 1935 5233 de

346 5265 471 5336 Job,
496 5270 735 5343 intellige
753 5271 884 5327 mihi
905 5271 1031 5343 quia
1048 5280 1109 5327 ut
1130 5273 1185 5327 in
1205 5272 1326 5328 viro
1349 5273 1678 5344 praeputium
1695 5273 1936 5329 circum-

429 5411 783 5469 uMuliebrem
806 5411 982 5467 innuit
1014 5412 1490 5469 circumcisionem
1522 5456 1537 5481 ,
1588 5428 1708 5484 qum
1750 5411 1803 5467 in
1848 5412 1926 5484 iis

350 5484 618 5554 pru'cipue
646 5485 981 5555 regimiihus,
1030 5490 1081 5538 ln
1126 5485 1320 5555 quibus
1375 5486 1491 5554 ipse
1531 5485 1725 5555 agebat
1779 5483 1927 5539 Ada-

355 5556 605 5628 mantius,
640 5556 755 5611 sive
786 5557 839 5610 in
868 5554 1105 5628 Egypto
1125 5556 1426 5612 obtinebat.
1462 5554 1668 5628 EantS.
1711 5570 1931 5628 quoque

352 5627 667 5697 Ambrosius
700 5627 987 5684 memorat
1018 5628 1112 5683 lib.
1139 5644 1177 5683 ιι
1212 5628 1281 5684 de
1311 5627 1582 5683 Abraham
1636 5641 1758 5697 cap.
1812 5627 1875 5682 11
1914 5644 1927 5681 :

357 5696 592 5771 .rlz’gyptii
629 5701 1017 5772 quartodecimo
1056 5718 1197 5755 anno
1243 5696 1860 5772 circumciduutgmfares,
1886 5707 1934 5753 et

358 5770 573 5843 feminas
594 5770 773 5828 eodem
792 5789 929 5827 arma
950 5773 1252 5828 circumcidi
1285 5775 1478 5843 ferunt,
1504 5770 1644 5843 quod
1663 5771 1727 5825 ab
1757 5786 1816 5825 eo
1859 5772 1933 5825 ui-

359 5840 540 5900 delicet
551 5860 686 5901 anno
696 5845 912 5917 incipiat
926 5845 1153 5918 ﬂagrare
1168 5840 1339 5916 passio
1352 5840 1535 5913 virilis,
1550 5853 1596 5899 et
1620 5843 1931 5915 feminarum

2040 4710 2171 4759 sunt
2187 4713 2242 4757 et
2262 4701 2557 4774 ingenium.
2585 4700 2769 4774 Neque
2793 4703 2901 4758 sale
2916 4704 3091 4759 solita.
3119 4706 3187 4762 Et
3206 4705 3311 4763 ltoc
3331 4710 3537 4766 crimen
3555 4722 3642 4769 est

2039 4794 2376 4862 Jerusalem,
2408 4795 2535 4864 quia
2563 4810 2671 4850 non
2704 4793 2885 4852 fuerat
2908 4796 3069 4867 digna
3100 4799 3216 4856 sale
3267 4801 3384 4859 Dei.
3439 4804 3553 4875 Ego
3588 4806 3636 4861 si

2040 4890 2328 4947 credidero
2358 4889 2588 4945 Domino
2616 4905 2741 4947 meo
2788 4890 2921 4947 Jesu
2967 4892 3209 4964 Christo,
3258 4897 3376 4966 ipse
3419 4913 3507 4955 me
3554 4899 3636 4955 sal

2042 4984 2228 5052 faciet,
2257 4984 2709 5063 dicetquemilti:
2748 4982 2850 5040 Vos
2880 4987 3000 5042 estis
3029 4988 3111 5042 sal
3139 4998 3289 5045 terra:
3315 4989 3533 5062 (Matth.
3558 4992 3635 5063 v).

2042 5077 2099 5135 Si
2129 5076 2416 5133 credidero
2437 5060 2780 5149 spiritui,qui
2812 5077 2865 5133 in
2897 5080 3145 5151 apostolo
3173 5060 3389 5138 locutus
3418 5093 3523 5151 est,
3547 5060 3635 5140 sa-

2045 5172 2096 5228 le
2116 5171 2366 5240 condior,
2393 5180 2448 5227 et
2473 5188 2692 5243 possum
2724 5185 3055 5245 przeceptum
3096 5174 3375 5233 custodire
3410 5176 3635 5235 dicens;

2045 5268 2229 5325 Sermo
2258 5278 2417 5322 uester
2442 5267 2509 5323 sit
2538 5283 2738 5340 semper
2765 5268 2821 5322 in
2848 5270 3020 5342 gratia
3043 5269 3151 5324 sale
3194 5269 3432 5325 conditus
3473 5271 3492 5343 (
3521 5269 3636 5328 Col.

2034 5418 2295 5484 menstrua
2306 5416 2523 5484 sumant
2542 5409 2773 5484 exordia.
2792 5408 2859 5462 Et
2880 5407 3099 5484 Strabo,
3114 5407 3207 5462 lib.
3227 5423 3335 5484 xvii
3357 5408 3424 5484 ab
3438 5408 3643 5484 [Egyp-

2036 5482 2127 5537 tiis
2144 5482 2327 5548 tradit,
2362 5482 2428 5537 τὰ
2453 5481 2603 5542 θήλεα
2623 5482 2892 5553 ἐκτέμνειν,
2918 5480 3137 5553 feminas
3156 5479 3343 5553 excidi.
3379 5479 3637 5553 videndi,

2032 5568 2171 5626 quos
2195 5554 2417 5608 Huetius
2440 5554 2644 5620 laudat,
2662 5551 2856 5626 me_dici
2888 5551 3149 5626 insignes,
3169 5551 3368 5608 Paulus
3392 5551 3645 5625 Egineta

2033 5622 2131 5681 lib.
2150 5641 2288 5699 vt,c.
2310 5627 2399 5694 70,
2414 5634 2469 5679 et
2498 5622 3025 5699 Aetius‘,ATetra_bibl.
3057 5637 3137 5689 tv,
3160 5629 3400 5699 serunt,
3427 5622 3484 5681 cI
3503 5628 3637 5699 105,

2037 5706 2095 5755 et
2126 5697 2219 5768 qui
2251 5692 2846 5768 eamcousuetudinem
2882 5692 3151 5768 hodieque
3186 5692 3421 5754 retinere
3444 5692 3641 5759 nedum

2039 5766 2324 5845 Egyptios
2346 5770 2548 5836 ferunt,
2575 5768 2670 5823 sed
2692 5766 2981 5845 e_t_Pers_as,
3003 5766 3640 5845 C‘optasque,“Bellonius

2038 5835 2218 5899 libt'iit
2243 5835 2537 5899 Observat.
2560 5853 2680 5911 cap.
2704 5837 2797 5909 28,
2820 5835 3001 5895 etLeo
3016 5835 3305 5900 Al’rieatius
3319 5835 3426 5901 lib.
3447 5860 3635 5905 xxvm.
