  <div class='ocr_page' id='page_1' title='image "/cluster/home/n/w/nwhite01/storage/ocr_20150623/25/hvd.32044015471394/377.png"; bbox 0 0 4128 6346; ppageno 0'>
   <div class='ocr_carea' id='block_1_1' title="bbox 450 250 553 309">
    <p class='ocr_par' dir='ltr' id='par_1_1' title="bbox 450 250 553 309">
     <span class='ocr_line' id='line_1_1' title="bbox 450 250 553 309; baseline 0.039 -4"><span class='ocrx_word' id='word_1_1' title='bbox 450 250 553 309; x_wconf 75' lang='lat'><strong>759</strong></span> 
     </span>
    </p>
   </div>
   <div class='ocr_carea' id='block_1_2' title="bbox 1690 240 2485 308">
    <p class='ocr_par' dir='ltr' id='par_1_2' title="bbox 1690 240 2485 308">
     <span class='ocr_line' id='line_1_2' title="bbox 1690 240 2485 308; baseline 0 0"><span class='ocrx_word' id='word_1_2' title='bbox 1690 248 1748 308; x_wconf 73' lang='grc' dir='ltr'><strong>Β.</strong></span> <span class='ocrx_word' id='word_1_3' title='bbox 1793 240 2063 308; x_wconf 83' lang='lat' dir='ltr'><strong>EUSEBII</strong></span> <span class='ocrx_word' id='word_1_4' title='bbox 2102 246 2485 308; x_wconf 76' lang='lat' dir='ltr'><strong>IIIERONYMI</strong></span> 
     </span>
    </p>
   </div>
   <div class='ocr_carea' id='block_1_3' title="bbox 3646 252 3751 309">
    <p class='ocr_par' dir='ltr' id='par_1_3' title="bbox 3646 252 3751 309">
     <span class='ocr_line' id='line_1_3' title="bbox 3646 252 3751 309; baseline 0.029 -3"><span class='ocrx_word' id='word_1_5' title='bbox 3646 252 3751 309; x_wconf 64' lang='grc'><strong>740</strong></span> 
     </span>
    </p>
   </div>
   <div class='ocr_carea' id='block_1_4' title="bbox 444 358 3748 441">
    <p class='ocr_par' dir='ltr' id='par_1_4' title="bbox 444 358 3748 441">
     <span class='ocr_line' id='line_1_4' title="bbox 444 358 3748 441; baseline 0 -21"><span class='ocrx_word' id='word_1_6' title='bbox 444 367 542 441; x_wconf 78' lang='grc' dir='ltr'><strong>ιν),</strong></span> <span class='ocrx_word' id='word_1_7' title='bbox 575 365 791 423; x_wconf 86' lang='lat' dir='ltr'><strong>Grande</strong></span> <span class='ocrx_word' id='word_1_8' title='bbox 811 378 950 436; x_wconf 89' lang='lat' dir='ltr'><strong>opus</strong></span> <span class='ocrx_word' id='word_1_9' title='bbox 980 372 1064 419; x_wconf 91' lang='lat' dir='ltr'><strong>est</strong></span> <span class='ocrx_word' id='word_1_10' title='bbox 1100 363 1332 419; x_wconf 88' lang='lat' dir='ltr'><strong>insaliri.</strong></span> <span class='ocrx_word' id='word_1_11' title='bbox 1360 363 1463 431; x_wconf 86' lang='lat' dir='ltr'><strong>Qui</strong></span> <span class='ocrx_word' id='word_1_12' title='bbox 1488 364 1603 421; x_wconf 91' lang='lat' dir='ltr'><strong>sale</strong></span> <span class='ocrx_word' id='word_1_13' title='bbox 1627 365 1904 432; x_wconf 79' lang='lat' dir='ltr'><strong>conditur,</strong></span> <span class='ocrx_word' id='word_1_14' title='bbox 1929 381 2046 437; x_wconf 87' lang='lat' dir='ltr'><strong>gra-</strong></span> <span class='ocrx_word' id='word_1_15' title='bbox 2074 367 2125 430; x_wconf 83' lang='grc' dir='ltr'><strong>Α</strong></span> <span class='ocrx_word' id='word_1_16' title='bbox 2152 376 2219 433; x_wconf 84' lang='lat' dir='ltr'><strong>te,</strong></span> <span class='ocrx_word' id='word_1_17' title='bbox 2254 377 2310 421; x_wconf 84' lang='lat' dir='ltr'><strong>ut</strong></span> <span class='ocrx_word' id='word_1_18' title='bbox 2331 369 2523 438; x_wconf 85' lang='lat' dir='ltr'><strong>faceret</strong></span> <span class='ocrx_word' id='word_1_19' title='bbox 2550 367 2641 421; x_wconf 88' lang='lat' dir='ltr'><strong>tibi</strong></span> <span class='ocrx_word' id='word_1_20' title='bbox 2667 380 2827 421; x_wconf 85' lang='lat' dir='ltr'><strong>unum</strong></span> <span class='ocrx_word' id='word_1_21' title='bbox 2850 379 2914 421; x_wconf 77' lang='lat' dir='ltr'><strong>ex</strong></span> <span class='ocrx_word' id='word_1_22' title='bbox 2937 366 3175 421; x_wconf 83' lang='lat' dir='ltr'><strong>omnibus</strong></span> <span class='ocrx_word' id='word_1_23' title='bbox 3192 367 3328 432; x_wconf 83' lang='lat' dir='ltr'><strong>istis,</strong></span> <span class='ocrx_word' id='word_1_24' title='bbox 3352 358 3630 439; x_wconf 74' lang='lat' dir='ltr'><strong>utpatrrer</strong></span> <span class='ocrx_word' id='word_1_25' title='bbox 3650 369 3748 421; x_wconf 83' lang='lat' dir='ltr'><strong>ati-</strong></span> 
     </span>
    </p>
   </div>
   <div class='ocr_carea' id='block_1_5' title="bbox 445 455 2046 529">
    <p class='ocr_par' dir='ltr' id='par_1_5' title="bbox 445 455 2046 529">
     <span class='ocr_line' id='line_1_5' title="bbox 445 455 2046 529; baseline -0.001 -13"><span class='ocrx_word' id='word_1_26' title='bbox 445 462 519 516; x_wconf 91' lang='lat' dir='ltr'><strong>tia</strong></span> <span class='ocrx_word' id='word_1_27' title='bbox 553 459 744 529; x_wconf 90' lang='lat' dir='ltr'><strong>plenus</strong></span> <span class='ocrx_word' id='word_1_28' title='bbox 774 466 873 512; x_wconf 89' lang='lat' dir='ltr'><strong>est.</strong></span> <span class='ocrx_word' id='word_1_29' title='bbox 907 455 1041 510; x_wconf 90' lang='lat' dir='ltr'><strong>Nam</strong></span> <span class='ocrx_word' id='word_1_30' title='bbox 1065 456 1196 511; x_wconf 89' lang='lat' dir='ltr'><strong>etin</strong></span> <span class='ocrx_word' id='word_1_31' title='bbox 1221 459 1498 512; x_wconf 91' lang='lat' dir='ltr'><strong>communi</strong></span> <span class='ocrx_word' id='word_1_32' title='bbox 1548 460 1839 529; x_wconf 85' lang='lat' dir='ltr'><strong>proverbio</strong></span> <span class='ocrx_word' id='word_1_33' title='bbox 1870 460 2046 515; x_wconf 81' lang='lat' dir='ltr'><strong>salsus</strong></span> 
     </span>
    </p>
   </div>
   <div class='ocr_carea' id='block_1_6' title="bbox 444 552 2047 625">
    <p class='ocr_par' dir='ltr' id='par_1_6' title="bbox 444 552 2047 625">
     <span class='ocr_line' id='line_1_6' title="bbox 444 552 2047 625; baseline -0.001 -16"><span class='ocrx_word' id='word_1_34' title='bbox 444 553 643 609; x_wconf 89' lang='lat' dir='ltr'><strong>dicitur</strong></span> <span class='ocrx_word' id='word_1_35' title='bbox 666 552 959 623; x_wconf 78' lang='lat' dir='ltr'><strong>gratiosus,</strong></span> <span class='ocrx_word' id='word_1_36' title='bbox 984 560 1039 607; x_wconf 88' lang='lat' dir='ltr'><strong>et</strong></span> <span class='ocrx_word' id='word_1_37' title='bbox 1060 554 1377 608; x_wconf 89' lang='lat' dir='ltr'><strong>econtrario</strong></span> <span class='ocrx_word' id='word_1_38' title='bbox 1400 554 1664 621; x_wconf 89' lang='lat' dir='ltr'><strong>insulsus,</strong></span> <span class='ocrx_word' id='word_1_39' title='bbox 1698 558 1789 625; x_wconf 86' lang='lat' dir='ltr'><strong>qui</strong></span> <span class='ocrx_word' id='word_1_40' title='bbox 1815 571 1920 610; x_wconf 92' lang='lat' dir='ltr'><strong>non</strong></span> <span class='ocrx_word' id='word_1_41' title='bbox 1954 556 2047 609; x_wconf 85' lang='lat' dir='ltr'><strong>Ita-</strong></span> 
     </span>
    </p>
   </div>
   <div class='ocr_carea' id='block_1_7' title="bbox 445 646 2047 717">
    <p class='ocr_par' dir='ltr' id='par_1_7' title="bbox 445 646 2047 717">
     <span class='ocr_line' id='line_1_7' title="bbox 445 646 2047 717; baseline 0 -15"><span class='ocrx_word' id='word_1_42' title='bbox 445 646 537 702; x_wconf 90' lang='lat' dir='ltr'><strong>bet</strong></span> <span class='ocrx_word' id='word_1_43' title='bbox 564 646 817 716; x_wconf 83' lang='lat' dir='ltr'><strong>gratiam.</strong></span> <span class='ocrx_word' id='word_1_44' title='bbox 842 646 895 701; x_wconf 98' lang='lat' dir='ltr'><strong>Si</strong></span> <span class='ocrx_word' id='word_1_45' title='bbox 923 646 1087 717; x_wconf 77' lang='lat' dir='ltr'><strong>igitur</strong></span> <span class='ocrx_word' id='word_1_46' title='bbox 1108 647 1289 717; x_wconf 88' lang='lat' dir='ltr'><strong>gratia</strong></span> <span class='ocrx_word' id='word_1_47' title='bbox 1325 649 1485 702; x_wconf 87' lang='lat' dir='ltr'><strong>nobis</strong></span> <span class='ocrx_word' id='word_1_48' title='bbox 1529 663 1560 702; x_wconf 90' lang='lat' dir='ltr'><strong>a</strong></span> <span class='ocrx_word' id='word_1_49' title='bbox 1615 649 1727 702; x_wconf 90' lang='lat' dir='ltr'><strong>Deo</strong></span> <span class='ocrx_word' id='word_1_50' title='bbox 1757 648 1904 704; x_wconf 90' lang='lat' dir='ltr'><strong>venit</strong></span> <span class='ocrx_word' id='word_1_51' title='bbox 1933 693 1947 715; x_wconf 93' lang='lat'><strong>,</strong></span> <span class='ocrx_word' id='word_1_52' title='bbox 1991 656 2047 702; x_wconf 91' lang='lat' dir='ltr'><strong>et</strong></span> 
     </span>
    </p>
   </div>
   <div class='ocr_carea' id='block_1_8' title="bbox 441 738 2047 812">
    <p class='ocr_par' dir='ltr' id='par_1_8' title="bbox 441 738 2047 812">
     <span class='ocr_line' id='line_1_8' title="bbox 441 738 2047 812; baseline 0.001 -18"><span class='ocrx_word' id='word_1_53' title='bbox 441 740 782 809; x_wconf 89' lang='lat' dir='ltr'><strong>eomplemur</strong></span> <span class='ocrx_word' id='word_1_54' title='bbox 811 738 960 794; x_wconf 91' lang='lat' dir='ltr'><strong>dono</strong></span> <span class='ocrx_word' id='word_1_55' title='bbox 988 739 1130 810; x_wconf 95' lang='lat' dir='ltr'><strong>ejus,</strong></span> <span class='ocrx_word' id='word_1_56' title='bbox 1155 740 1273 795; x_wconf 82' lang='lat' dir='ltr'><strong>sale</strong></span> <span class='ocrx_word' id='word_1_57' title='bbox 1303 740 1552 795; x_wconf 87' lang='lat' dir='ltr'><strong>salimur.</strong></span> <span class='ocrx_word' id='word_1_58' title='bbox 1588 739 1826 797; x_wconf 77' lang='lat' dir='ltr'><strong>Rursum</strong></span> <span class='ocrx_word' id='word_1_59' title='bbox 1859 754 2047 812; x_wconf 89' lang='lat' dir='ltr'><strong>pecca-</strong></span> 
     </span>
    </p>
   </div>
   <div class='ocr_carea' id='block_1_9' title="bbox 442 833 2042 906">
    <p class='ocr_par' dir='ltr' id='par_1_9' title="bbox 442 833 2042 906">
     <span class='ocr_line' id='line_1_9' title="bbox 442 833 2042 906; baseline 0.001 -16"><span class='ocrx_word' id='word_1_60' title='bbox 442 836 549 891; x_wconf 74' lang='lat' dir='ltr'><strong>trix</strong></span> <span class='ocrx_word' id='word_1_61' title='bbox 570 833 874 890; x_wconf 75' lang='lat' dir='ltr'><strong>Jerusalem</strong></span> <span class='ocrx_word' id='word_1_62' title='bbox 899 849 1005 889; x_wconf 92' lang='lat' dir='ltr'><strong>non</strong></span> <span class='ocrx_word' id='word_1_63' title='bbox 1033 843 1113 890; x_wconf 89' lang='lat' dir='ltr'><strong>est</strong></span> <span class='ocrx_word' id='word_1_64' title='bbox 1137 835 1377 890; x_wconf 90' lang='lat' dir='ltr'><strong>involuta</strong></span> <span class='ocrx_word' id='word_1_65' title='bbox 1406 837 1619 906; x_wconf 88' lang='lat' dir='ltr'><strong>pannis.</strong></span> <span class='ocrx_word' id='word_1_66' title='bbox 1641 835 1878 892; x_wconf 86' lang='lat' dir='ltr'><strong>Observa</strong></span> <span class='ocrx_word' id='word_1_67' title='bbox 1901 836 2042 905; x_wconf 89' lang='lat' dir='ltr'><strong>quod</strong></span> 
     </span>
    </p>
   </div>
   <div class='ocr_carea' id='block_1_10' title="bbox 439 927 2044 999">
    <p class='ocr_par' dir='ltr' id='par_1_10' title="bbox 439 927 2044 999">
     <span class='ocr_line' id='line_1_10' title="bbox 439 927 2044 999; baseline 0.001 -17"><span class='ocrx_word' id='word_1_68' title='bbox 439 927 700 982; x_wconf 82' lang='lat' dir='ltr'><strong>dicimus:</strong></span> <span class='ocrx_word' id='word_1_69' title='bbox 758 928 953 982; x_wconf 83' lang='lat' dir='ltr'><strong>Anima</strong></span> <span class='ocrx_word' id='word_1_70' title='bbox 989 942 1289 985; x_wconf 84' lang='lat' dir='ltr'><strong>renascens</strong></span> <span class='ocrx_word' id='word_1_71' title='bbox 1330 939 1386 985; x_wconf 90' lang='lat' dir='ltr'><strong>et</strong></span> <span class='ocrx_word' id='word_1_72' title='bbox 1434 929 1667 999; x_wconf 91' lang='lat' dir='ltr'><strong>primum</strong></span> <span class='ocrx_word' id='word_1_73' title='bbox 1728 931 1782 985; x_wconf 90' lang='lat' dir='ltr'><strong>in</strong></span> <span class='ocrx_word' id='word_1_74' title='bbox 1830 929 2044 986; x_wconf 88' lang='lat' dir='ltr'><strong>lavacro</strong></span> 
     </span>
    </p>
   </div>
   <div class='ocr_carea' id='block_1_11' title="bbox 436 1020 2044 1092">
    <p class='ocr_par' dir='ltr' id='par_1_11' title="bbox 436 1020 2044 1092">
     <span class='ocr_line' id='line_1_11' title="bbox 436 1020 2044 1092; baseline 0.001 -16"><span class='ocrx_word' id='word_1_75' title='bbox 436 1021 607 1086; x_wconf 85' lang='lat' dir='ltr'><strong>edita,</strong></span> <span class='ocrx_word' id='word_1_76' title='bbox 643 1021 947 1077; x_wconf 81' lang='lat' dir='ltr'><strong>involvitur</strong></span> <span class='ocrx_word' id='word_1_77' title='bbox 973 1023 1188 1092; x_wconf 88' lang='lat' dir='ltr'><strong>pannis.</strong></span> <span class='ocrx_word' id='word_1_78' title='bbox 1224 1020 1348 1092; x_wconf 84' lang='lat' dir='ltr'><strong>Ipse</strong></span> <span class='ocrx_word' id='word_1_79' title='bbox 1377 1023 1639 1077; x_wconf 87' lang='lat' dir='ltr'><strong>Dominus</strong></span> <span class='ocrx_word' id='word_1_80' title='bbox 1677 1038 1834 1078; x_wconf 91' lang='lat' dir='ltr'><strong>meus</strong></span> <span class='ocrx_word' id='word_1_81' title='bbox 1882 1021 2044 1078; x_wconf 88' lang='lat' dir='ltr'><strong>Jesus</strong></span> 
     </span>
    </p>
   </div>
   <div class='ocr_carea' id='block_1_12' title="bbox 439 1114 2043 1185">
    <p class='ocr_par' dir='ltr' id='par_1_12' title="bbox 439 1114 2043 1185">
     <span class='ocr_line' id='line_1_12' title="bbox 439 1114 2043 1185; baseline 0.001 -17"><span class='ocrx_word' id='word_1_82' title='bbox 439 1114 635 1185; x_wconf 88' lang='lat' dir='ltr'><strong>pannis</strong></span> <span class='ocrx_word' id='word_1_83' title='bbox 666 1114 947 1168; x_wconf 88' lang='lat' dir='ltr'><strong>involutus</strong></span> <span class='ocrx_word' id='word_1_84' title='bbox 993 1125 1099 1181; x_wconf 87' lang='lat' dir='ltr'><strong>est,</strong></span> <span class='ocrx_word' id='word_1_85' title='bbox 1132 1123 1191 1169; x_wconf 90' lang='lat' dir='ltr'><strong>ut.</strong></span> <span class='ocrx_word' id='word_1_86' title='bbox 1220 1116 1487 1185; x_wconf 88' lang='lat' dir='ltr'><strong>scriptum</strong></span> <span class='ocrx_word' id='word_1_87' title='bbox 1512 1115 1755 1171; x_wconf 79' lang='lat' dir='ltr'><strong>refertur</strong></span> <span class='ocrx_word' id='word_1_88' title='bbox 1784 1116 1836 1170; x_wconf 92' lang='lat' dir='ltr'><strong>in</strong></span> <span class='ocrx_word' id='word_1_89' title='bbox 1866 1117 2043 1170; x_wconf 87' lang='lat' dir='ltr'><strong>Evan-</strong></span> 
     </span>
    </p>
   </div>
   <div class='ocr_carea' id='block_1_13' title="bbox 438 1205 2042 1279">
    <p class='ocr_par' dir='ltr' id='par_1_13' title="bbox 438 1205 2042 1279">
     <span class='ocr_line' id='line_1_13' title="bbox 438 1205 2042 1279; baseline 0.001 -18"><span class='ocrx_word' id='word_1_90' title='bbox 438 1206 588 1277; x_wconf 86' lang='lat' dir='ltr'><strong>gelio</strong></span> <span class='ocrx_word' id='word_1_91' title='bbox 618 1206 922 1262; x_wconf 81' lang='lat' dir='ltr'><strong>secundum</strong></span> <span class='ocrx_word' id='word_1_92' title='bbox 957 1207 1156 1261; x_wconf 85' lang='lat' dir='ltr'><strong>Lucam</strong></span> <span class='ocrx_word' id='word_1_93' title='bbox 1190 1205 1361 1277; x_wconf 85' lang='lat' dir='ltr'><strong>(Luc.</strong></span> <span class='ocrx_word' id='word_1_94' title='bbox 1394 1222 1433 1262; x_wconf 83' lang='lat' dir='ltr'><strong>tt</strong></span> <span class='ocrx_word' id='word_1_95' title='bbox 1454 1206 1495 1279; x_wconf 95' lang='lat'><strong>).</strong></span> <span class='ocrx_word' id='word_1_96' title='bbox 1525 1207 1754 1278; x_wconf 86' lang='lat' dir='ltr'><strong>Oportet</strong></span> <span class='ocrx_word' id='word_1_97' title='bbox 1776 1223 2042 1279; x_wconf 90' lang='lat' dir='ltr'><strong>ergoenm</strong></span> 
     </span>
    </p>
   </div>
   <div class='ocr_carea' id='block_1_14' title="bbox 438 1299 2042 1372">
    <p class='ocr_par' dir='ltr' id='par_1_14' title="bbox 438 1299 2042 1372">
     <span class='ocr_line' id='line_1_14' title="bbox 438 1299 2042 1372; baseline 0.001 -17"><span class='ocrx_word' id='word_1_98' title='bbox 438 1300 533 1371; x_wconf 86' lang='lat' dir='ltr'><strong>qui</strong></span> <span class='ocrx_word' id='word_1_99' title='bbox 558 1302 866 1357; x_wconf 86' lang='lat' dir='ltr'><strong>renascitur</strong></span> <span class='ocrx_word' id='word_1_100' title='bbox 893 1302 1080 1372; x_wconf 86' lang='lat' dir='ltr'><strong>utique</strong></span> <span class='ocrx_word' id='word_1_101' title='bbox 1115 1302 1169 1357; x_wconf 93' lang='lat' dir='ltr'><strong>in</strong></span> <span class='ocrx_word' id='word_1_102' title='bbox 1200 1299 1422 1357; x_wconf 88' lang='lat' dir='ltr'><strong>Christo</strong></span> <span class='ocrx_word' id='word_1_103' title='bbox 1468 1313 1845 1359; x_wconf 83' lang='lat' dir='ltr'><strong>renascentem</strong></span> <span class='ocrx_word' id='word_1_104' title='bbox 1877 1305 2042 1358; x_wconf 87' lang='lat' dir='ltr'><strong>ratio-</strong></span> 
     </span>
    </p>
   </div>
   <div class='ocr_carea' id='block_1_15' title="bbox 438 1394 2039 1467">
    <p class='ocr_par' dir='ltr' id='par_1_15' title="bbox 438 1394 2039 1467">
     <span class='ocr_line' id='line_1_15' title="bbox 438 1394 2039 1467; baseline 0.002 -20"><span class='ocrx_word' id='word_1_105' title='bbox 438 1394 625 1450; x_wconf 86' lang='lat' dir='ltr'><strong>nabile</strong></span> <span class='ocrx_word' id='word_1_106' title='bbox 648 1403 705 1449; x_wconf 87' lang='lat' dir='ltr'><strong>et</strong></span> <span class='ocrx_word' id='word_1_107' title='bbox 731 1396 1005 1450; x_wconf 86' lang='lat' dir='ltr'><strong>sincerum</strong></span> <span class='ocrx_word' id='word_1_108' title='bbox 1033 1394 1115 1449; x_wconf 90' lang='lat' dir='ltr'><strong>lac</strong></span> <span class='ocrx_word' id='word_1_109' title='bbox 1139 1394 1477 1463; x_wconf 88' lang='lat' dir='ltr'><strong>desiderare,</strong></span> <span class='ocrx_word' id='word_1_110' title='bbox 1504 1405 1558 1450; x_wconf 91' lang='lat' dir='ltr'><strong>et</strong></span> <span class='ocrx_word' id='word_1_111' title='bbox 1586 1396 1737 1466; x_wconf 90' lang='lat' dir='ltr'><strong>prius</strong></span> <span class='ocrx_word' id='word_1_112' title='bbox 1761 1411 1923 1467; x_wconf 89' lang='lat' dir='ltr'><strong>quam</strong></span> <span class='ocrx_word' id='word_1_113' title='bbox 1953 1411 2039 1450; x_wconf 86' lang='lat' dir='ltr'><strong>ra-</strong></span> 
     </span>
    </p>
   </div>
   <div class='ocr_carea' id='block_1_16' title="bbox 434 1486 2043 1555">
    <p class='ocr_par' dir='ltr' id='par_1_16' title="bbox 434 1486 2043 1555">
     <span class='ocr_line' id='line_1_16' title="bbox 434 1486 2043 1555; baseline 0 -14"><span class='ocrx_word' id='word_1_114' title='bbox 434 1486 698 1543; x_wconf 89' lang='lat' dir='ltr'><strong>tionabile</strong></span> <span class='ocrx_word' id='word_1_115' title='bbox 726 1495 782 1541; x_wconf 91' lang='lat' dir='ltr'><strong>et</strong></span> <span class='ocrx_word' id='word_1_116' title='bbox 808 1489 930 1542; x_wconf 89' lang='lat' dir='ltr'><strong>sine</strong></span> <span class='ocrx_word' id='word_1_117' title='bbox 960 1486 1087 1542; x_wconf 91' lang='lat' dir='ltr'><strong>dolo</strong></span> <span class='ocrx_word' id='word_1_118' title='bbox 1139 1487 1224 1541; x_wconf 86' lang='lat' dir='ltr'><strong>lac</strong></span> <span class='ocrx_word' id='word_1_119' title='bbox 1253 1487 1560 1555; x_wconf 86' lang='lat' dir='ltr'><strong>desideret,</strong></span> <span class='ocrx_word' id='word_1_120' title='bbox 1591 1487 1758 1544; x_wconf 88' lang='lat' dir='ltr'><strong>debet</strong></span> <span class='ocrx_word' id='word_1_121' title='bbox 1781 1490 1893 1545; x_wconf 83' lang='lat' dir='ltr'><strong>sale</strong></span> <span class='ocrx_word' id='word_1_122' title='bbox 1915 1489 2043 1545; x_wconf 88' lang='lat' dir='ltr'><strong>sali-</strong></span> 
     </span>
    </p>
   </div>
   <div class='ocr_carea' id='block_1_17' title="bbox 436 1583 2039 1655">
    <p class='ocr_par' dir='ltr' id='par_1_17' title="bbox 436 1583 2039 1655">
     <span class='ocr_line' id='line_1_17' title="bbox 436 1583 2039 1655; baseline 0 -17"><span class='ocrx_word' id='word_1_123' title='bbox 436 1583 508 1652; x_wconf 88' lang='lat' dir='ltr'><strong>rl,</strong></span> <span class='ocrx_word' id='word_1_124' title='bbox 533 1595 587 1639; x_wconf 89' lang='lat' dir='ltr'><strong>et</strong></span> <span class='ocrx_word' id='word_1_125' title='bbox 620 1599 923 1653; x_wconf 88' lang='lat' dir='ltr'><strong>pannorum</strong></span> <span class='ocrx_word' id='word_1_126' title='bbox 957 1583 1259 1639; x_wconf 80' lang='lat' dir='ltr'><strong>involucris</strong></span> <span class='ocrx_word' id='word_1_127' title='bbox 1302 1583 1574 1655; x_wconf 87' lang='lat' dir='ltr'><strong>colligari,</strong></span> <span class='ocrx_word' id='word_1_128' title='bbox 1608 1598 1678 1639; x_wconf 89' lang='lat' dir='ltr'><strong>ne</strong></span> <span class='ocrx_word' id='word_1_129' title='bbox 1716 1583 1929 1639; x_wconf 85' lang='lat' dir='ltr'><strong>dicatur</strong></span> <span class='ocrx_word' id='word_1_130' title='bbox 1973 1583 2039 1638; x_wconf 89' lang='lat' dir='ltr'><strong>ad</strong></span> 
     </span>
    </p>
   </div>
   <div class='ocr_carea' id='block_1_18' title="bbox 434 1674 2040 1745">
    <p class='ocr_par' dir='ltr' id='par_1_18' title="bbox 434 1674 2040 1745">
     <span class='ocr_line' id='line_1_18' title="bbox 434 1674 2040 1745; baseline -0.001 -16"><span class='ocrx_word' id='word_1_131' title='bbox 434 1688 593 1745; x_wconf 87' lang='lat' dir='ltr'><strong>eum,</strong></span> <span class='ocrx_word' id='word_1_132' title='bbox 635 1676 752 1730; x_wconf 85' lang='lat' dir='ltr'><strong>sale</strong></span> <span class='ocrx_word' id='word_1_133' title='bbox 788 1689 893 1729; x_wconf 94' lang='lat' dir='ltr'><strong>non</strong></span> <span class='ocrx_word' id='word_1_134' title='bbox 925 1689 985 1731; x_wconf 87' lang='lat' dir='ltr'><strong>es</strong></span> <span class='ocrx_word' id='word_1_135' title='bbox 1015 1675 1238 1742; x_wconf 88' lang='lat' dir='ltr'><strong>salitus,</strong></span> <span class='ocrx_word' id='word_1_136' title='bbox 1272 1684 1325 1729; x_wconf 91' lang='lat' dir='ltr'><strong>et</strong></span> <span class='ocrx_word' id='word_1_137' title='bbox 1364 1674 1563 1745; x_wconf 87' lang='lat' dir='ltr'><strong>pannis</strong></span> <span class='ocrx_word' id='word_1_138' title='bbox 1590 1689 1699 1730; x_wconf 93' lang='lat' dir='ltr'><strong>non</strong></span> <span class='ocrx_word' id='word_1_139' title='bbox 1737 1689 1795 1729; x_wconf 89' lang='lat' dir='ltr'><strong>es</strong></span> <span class='ocrx_word' id='word_1_140' title='bbox 1827 1674 2040 1729; x_wconf 80' lang='lat' dir='ltr'><strong>involu-</strong></span> 
     </span>
    </p>
   </div>
   <div class='ocr_carea' id='block_1_19' title="bbox 2151 461 3749 534">
    <p class='ocr_par' dir='ltr' id='par_1_19' title="bbox 2151 461 3749 534">
     <span class='ocr_line' id='line_1_19' title="bbox 2151 461 3749 534; baseline 0.001 -19"><span class='ocrx_word' id='word_1_141' title='bbox 2151 464 2277 534; x_wconf 82' lang='lat' dir='ltr'><strong>qnid</strong></span> <span class='ocrx_word' id='word_1_142' title='bbox 2296 479 2450 532; x_wconf 87' lang='lat' dir='ltr'><strong>super</strong></span> <span class='ocrx_word' id='word_1_143' title='bbox 2472 472 2538 516; x_wconf 84' lang='lat' dir='ltr'><strong>te.</strong></span> <span class='ocrx_word' id='word_1_144' title='bbox 2566 462 2636 518; x_wconf 80' lang='lat' dir='ltr'><strong>Et</strong></span> <span class='ocrx_word' id='word_1_145' title='bbox 2666 462 2789 532; x_wconf 88' lang='lat' dir='ltr'><strong>quia</strong></span> <span class='ocrx_word' id='word_1_146' title='bbox 2822 461 2945 516; x_wconf 88' lang='lat' dir='ltr'><strong>talis</strong></span> <span class='ocrx_word' id='word_1_147' title='bbox 2987 461 3178 517; x_wconf 80' lang='lat' dir='ltr'><strong>cti&#39;ecta</strong></span> <span class='ocrx_word' id='word_1_148' title='bbox 3208 475 3287 528; x_wconf 88' lang='lat' dir='ltr'><strong>es,</strong></span> <span class='ocrx_word' id='word_1_149' title='bbox 3326 461 3567 531; x_wconf 89' lang='lat' dir='ltr'><strong>projeeta</strong></span> <span class='ocrx_word' id='word_1_150' title='bbox 3596 477 3654 516; x_wconf 88' lang='lat' dir='ltr'><strong>es</strong></span> <span class='ocrx_word' id='word_1_151' title='bbox 3695 462 3749 516; x_wconf 91' lang='lat' dir='ltr'><strong>in</strong></span> 
     </span>
    </p>
   </div>
   <div class='ocr_carea' id='block_1_20' title="bbox 2151 554 3753 626">
    <p class='ocr_par' dir='ltr' id='par_1_20' title="bbox 2151 554 3753 626">
     <span class='ocr_line' id='line_1_20' title="bbox 2151 554 3753 626; baseline 0 -17"><span class='ocrx_word' id='word_1_152' title='bbox 2151 556 2342 610; x_wconf 78' lang='lat' dir='ltr'><strong>faciem</strong></span> <span class='ocrx_word' id='word_1_153' title='bbox 2378 556 2579 626; x_wconf 88' lang='lat' dir='ltr'><strong>campi.</strong></span> <span class='ocrx_word' id='word_1_154' title='bbox 2616 555 2788 621; x_wconf 83' lang='lat' dir='ltr'><strong>Deus,</strong></span> <span class='ocrx_word' id='word_1_155' title='bbox 2813 568 2880 609; x_wconf 89' lang='lat' dir='ltr'><strong>ne</strong></span> <span class='ocrx_word' id='word_1_156' title='bbox 2917 566 3016 609; x_wconf 84' lang='lat' dir='ltr'><strong>nos</strong></span> <span class='ocrx_word' id='word_1_157' title='bbox 3058 554 3195 609; x_wconf 81' lang='lat' dir='ltr'><strong>tales</strong></span> <span class='ocrx_word' id='word_1_158' title='bbox 3232 568 3353 609; x_wconf 84' lang='lat' dir='ltr'><strong>esse</strong></span> <span class='ocrx_word' id='word_1_159' title='bbox 3378 554 3598 623; x_wconf 87' lang='lat' dir='ltr'><strong>patiaris</strong></span> <span class='ocrx_word' id='word_1_160' title='bbox 3625 595 3640 618; x_wconf 95' lang='lat'><strong>,</strong></span> <span class='ocrx_word' id='word_1_161' title='bbox 3693 565 3753 609; x_wconf 90' lang='lat' dir='ltr'><strong>ttt</strong></span> 
     </span>
    </p>
   </div>
   <div class='ocr_carea' id='block_1_21' title="bbox 2149 644 3748 716">
    <p class='ocr_par' dir='ltr' id='par_1_21' title="bbox 2149 644 3748 716">
     <span class='ocr_line' id='line_1_21' title="bbox 2149 644 3748 716; baseline -0.001 -15"><span class='ocrx_word' id='word_1_162' title='bbox 2149 646 2506 716; x_wconf 85' lang='lat' dir='ltr'><strong>projiciamur</strong></span> <span class='ocrx_word' id='word_1_163' title='bbox 2533 664 2561 700; x_wconf 85' lang='lat' dir='ltr'><strong>a</strong></span> <span class='ocrx_word' id='word_1_164' title='bbox 2597 658 2648 701; x_wconf 89' lang='lat' dir='ltr'><strong>te</strong></span> <span class='ocrx_word' id='word_1_165' title='bbox 2678 656 2731 700; x_wconf 89' lang='lat' dir='ltr'><strong>et</strong></span> <span class='ocrx_word' id='word_1_166' title='bbox 2757 644 2826 701; x_wconf 85' lang='lat' dir='ltr'><strong>ab</strong></span> <span class='ocrx_word' id='word_1_167' title='bbox 2853 646 3100 701; x_wconf 81' lang='lat' dir='ltr'><strong>Ecclesia</strong></span> <span class='ocrx_word' id='word_1_168' title='bbox 3132 651 3220 699; x_wconf 90' lang='lat' dir='ltr'><strong>tua</strong></span> <span class='ocrx_word' id='word_1_169' title='bbox 3247 649 3301 699; x_wconf 91' lang='lat' dir='ltr'><strong>in</strong></span> <span class='ocrx_word' id='word_1_170' title='bbox 3332 644 3527 699; x_wconf 76' lang='lat' dir='ltr'><strong>[aciem</strong></span> <span class='ocrx_word' id='word_1_171' title='bbox 3549 644 3748 715; x_wconf 84' lang='lat' dir='ltr'><strong>campi,</strong></span> 
     </span>
    </p>
   </div>
   <div class='ocr_carea' id='block_1_22' title="bbox 2147 740 3750 812">
    <p class='ocr_par' dir='ltr' id='par_1_22' title="bbox 2147 740 3750 812">
     <span class='ocr_line' id='line_1_22' title="bbox 2147 740 3750 812; baseline -0.001 -16"><span class='ocrx_word' id='word_1_172' title='bbox 2147 742 2241 796; x_wconf 88' lang='lat' dir='ltr'><strong>sed</strong></span> <span class='ocrx_word' id='word_1_173' title='bbox 2266 742 2435 812; x_wconf 87' lang='lat' dir='ltr'><strong>magis</strong></span> <span class='ocrx_word' id='word_1_174' title='bbox 2463 748 2522 796; x_wconf 88' lang='lat' dir='ltr'><strong>ut</strong></span> <span class='ocrx_word' id='word_1_175' title='bbox 2561 742 2631 795; x_wconf 90' lang='lat' dir='ltr'><strong>ab</strong></span> <span class='ocrx_word' id='word_1_176' title='bbox 2678 742 2951 812; x_wconf 86' lang='lat' dir='ltr'><strong>angustiis</strong></span> <span class='ocrx_word' id='word_1_177' title='bbox 2988 752 3249 796; x_wconf 77' lang='lat' dir='ltr'><strong>sensuum</strong></span> <span class='ocrx_word' id='word_1_178' title='bbox 3294 740 3647 811; x_wconf 87' lang='lat' dir='ltr'><strong>egrediamur</strong></span> <span class='ocrx_word' id='word_1_179' title='bbox 3682 740 3750 794; x_wconf 86' lang='lat' dir='ltr'><strong>ad</strong></span> 
     </span>
    </p>
   </div>
   <div class='ocr_carea' id='block_1_23' title="bbox 2148 832 3750 906">
    <p class='ocr_par' dir='ltr' id='par_1_23' title="bbox 2148 832 3750 906">
     <span class='ocr_line' id='line_1_23' title="bbox 2148 832 3750 906; baseline -0.004 -16"><span class='ocrx_word' id='word_1_180' title='bbox 2148 850 2418 904; x_wconf 67' lang='lat' dir='ltr'><strong>campum.</strong></span> <span class='ocrx_word' id='word_1_181' title='bbox 2455 835 2776 906; x_wconf 59' lang='lat' dir='ltr'><strong>Etprojecta</strong></span> <span class='ocrx_word' id='word_1_182' title='bbox 2831 848 2884 889; x_wconf 83' lang='lat' dir='ltr'><strong>es</strong></span> <span class='ocrx_word' id='word_1_183' title='bbox 2928 836 2982 889; x_wconf 86' lang='lat' dir='ltr'><strong>in</strong></span> <span class='ocrx_word' id='word_1_184' title='bbox 3036 835 3220 905; x_wconf 80' lang='lat' dir='ltr'><strong>faciem</strong></span> <span class='ocrx_word' id='word_1_185' title='bbox 3270 832 3462 904; x_wconf 79' lang='lat' dir='ltr'><strong>campi.</strong></span> <span class='ocrx_word' id='word_1_186' title='bbox 3525 832 3750 899; x_wconf 88' lang='lat' dir='ltr'><strong>Quare?</strong></span> 
     </span>
    </p>
   </div>
   <div class='ocr_carea' id='block_1_24' title="bbox 2154 926 3751 998">
    <p class='ocr_par' dir='ltr' id='par_1_24' title="bbox 2154 926 3751 998">
     <span class='ocr_line' id='line_1_24' title="bbox 2154 926 3751 998; baseline -0.002 -15"><span class='ocrx_word' id='word_1_187' title='bbox 2154 928 2414 995; x_wconf 77' lang='lat' dir='ltr'><strong>Pravitate</strong></span> <span class='ocrx_word' id='word_1_188' title='bbox 2450 930 2638 984; x_wconf 71' lang='lat' dir='ltr'><strong>animo:</strong></span> <span class='ocrx_word' id='word_1_189' title='bbox 2680 937 2785 983; x_wconf 78' lang='lat' dir='ltr'><strong>tua:</strong></span> <span class='ocrx_word' id='word_1_190' title='bbox 2824 930 2879 982; x_wconf 85' lang='lat' dir='ltr'><strong>in</strong></span> <span class='ocrx_word' id='word_1_191' title='bbox 2915 944 3017 998; x_wconf 80' lang='lat' dir='ltr'><strong>qua</strong></span> <span class='ocrx_word' id='word_1_192' title='bbox 3075 928 3157 981; x_wconf 84' lang='lat' dir='ltr'><strong>dic</strong></span> <span class='ocrx_word' id='word_1_193' title='bbox 3205 936 3327 981; x_wconf 87' lang='lat' dir='ltr'><strong>nata</strong></span> <span class='ocrx_word' id='word_1_194' title='bbox 3370 941 3442 980; x_wconf 84' lang='lat' dir='ltr'><strong>cs.</strong></span> <span class='ocrx_word' id='word_1_195' title='bbox 3495 926 3751 980; x_wconf 74' lang='lat' dir='ltr'><strong>Potestne</strong></span> 
     </span>
    </p>
   </div>
   <div class='ocr_carea' id='block_1_25' title="bbox 2146 1020 3750 1097">
    <p class='ocr_par' dir='ltr' id='par_1_25' title="bbox 2146 1020 3750 1097">
     <span class='ocr_line' id='line_1_25' title="bbox 2146 1020 3750 1097; baseline -0.004 -18"><span class='ocrx_word' id='word_1_196' title='bbox 2146 1025 2339 1097; x_wconf 87' lang='lat' dir='ltr'><strong>aliquis</strong></span> <span class='ocrx_word' id='word_1_197' title='bbox 2396 1027 2449 1080; x_wconf 92' lang='lat' dir='ltr'><strong>in</strong></span> <span class='ocrx_word' id='word_1_198' title='bbox 2505 1026 2695 1081; x_wconf 87' lang='lat' dir='ltr'><strong>eadem</strong></span> <span class='ocrx_word' id='word_1_199' title='bbox 2745 1023 2833 1081; x_wconf 91' lang='lat' dir='ltr'><strong>die</strong></span> <span class='ocrx_word' id='word_1_200' title='bbox 2876 1040 2978 1095; x_wconf 86' lang='lat' dir='ltr'><strong>qua</strong></span> <span class='ocrx_word' id='word_1_201' title='bbox 3040 1033 3201 1077; x_wconf 87' lang='lat' dir='ltr'><strong>natus</strong></span> <span class='ocrx_word' id='word_1_202' title='bbox 3251 1029 3334 1077; x_wconf 89' lang='lat' dir='ltr'><strong>est</strong></span> <span class='ocrx_word' id='word_1_203' title='bbox 3391 1021 3592 1076; x_wconf 85' lang='lat' dir='ltr'><strong>habere</strong></span> <span class='ocrx_word' id='word_1_204' title='bbox 3632 1020 3750 1073; x_wconf 91' lang='lat' dir='ltr'><strong>aui-</strong></span> 
     </span>
    </p>
   </div>
   <div class='ocr_carea' id='block_1_26' title="bbox 2145 1117 3747 1189">
    <p class='ocr_par' dir='ltr' id='par_1_26' title="bbox 2145 1117 3747 1189">
     <span class='ocr_line' id='line_1_26' title="bbox 2145 1117 3747 1189; baseline -0.004 -15"><span class='ocrx_word' id='word_1_205' title='bbox 2145 1132 2247 1173; x_wconf 77' lang='lat' dir='ltr'><strong>ma:</strong></span> <span class='ocrx_word' id='word_1_206' title='bbox 2321 1120 2698 1189; x_wconf 81' lang='lat' dir='ltr'><strong>pravitatem?</strong></span> <span class='ocrx_word' id='word_1_207' title='bbox 2777 1118 3047 1173; x_wconf 81' lang='lat' dir='ltr'><strong>Describit</strong></span> <span class='ocrx_word' id='word_1_208' title='bbox 3125 1117 3408 1186; x_wconf 75' lang='lat' dir='ltr'><strong>paSsiones</strong></span> <span class='ocrx_word' id='word_1_209' title='bbox 3473 1123 3747 1176; x_wconf 87' lang='lat' dir='ltr'><strong>nostras,</strong></span> 
     </span>
    </p>
   </div>
   <div class='ocr_carea' id='block_1_27' title="bbox 2144 1206 3749 1279">
    <p class='ocr_par' dir='ltr' id='par_1_27' title="bbox 2144 1206 3749 1279">
     <span class='ocr_line' id='line_1_27' title="bbox 2144 1206 3749 1279; baseline -0.003 -13"><span class='ocrx_word' id='word_1_210' title='bbox 2144 1218 2201 1268; x_wconf 89' lang='lat' dir='ltr'><strong>et</strong></span> <span class='ocrx_word' id='word_1_211' title='bbox 2248 1211 2372 1266; x_wconf 90' lang='lat' dir='ltr'><strong>vitia</strong></span> <span class='ocrx_word' id='word_1_212' title='bbox 2427 1211 2702 1276; x_wconf 87' lang='lat' dir='ltr'><strong>humana,</strong></span> <span class='ocrx_word' id='word_1_213' title='bbox 2755 1216 2812 1265; x_wconf 87' lang='lat' dir='ltr'><strong>et</strong></span> <span class='ocrx_word' id='word_1_214' title='bbox 2863 1210 3051 1264; x_wconf 81' lang='lat' dir='ltr'><strong>solitas</strong></span> <span class='ocrx_word' id='word_1_215' title='bbox 3104 1208 3420 1279; x_wconf 77' lang='lat' dir='ltr'><strong>pravitates.</strong></span> <span class='ocrx_word' id='word_1_216' title='bbox 3470 1206 3749 1261; x_wconf 85' lang='lat' dir='ltr'><strong>Pravitate</strong></span> 
     </span>
    </p>
   </div>
   <div class='ocr_carea' id='block_1_28' title="bbox 2145 1300 3746 1371">
    <p class='ocr_par' dir='ltr' id='par_1_28' title="bbox 2145 1300 3746 1371">
     <span class='ocr_line' id='line_1_28' title="bbox 2145 1300 3746 1371; baseline -0.004 -11"><span class='ocrx_word' id='word_1_217' title='bbox 2145 1306 2291 1361; x_wconf 90' lang='lat' dir='ltr'><strong>enim</strong></span> <span class='ocrx_word' id='word_1_218' title='bbox 2349 1318 2581 1371; x_wconf 73' lang='lat' dir='ltr'><strong>nosua,</strong></span> <span class='ocrx_word' id='word_1_219' title='bbox 2637 1305 2682 1360; x_wconf 87' lang='lat' dir='ltr'><strong>si</strong></span> <span class='ocrx_word' id='word_1_220' title='bbox 2742 1318 2848 1359; x_wconf 88' lang='lat' dir='ltr'><strong>non</strong></span> <span class='ocrx_word' id='word_1_221' title='bbox 2915 1311 3126 1358; x_wconf 81' lang='lat' dir='ltr'><strong>rectum</strong></span> <span class='ocrx_word' id='word_1_222' title='bbox 3188 1300 3353 1357; x_wconf 82' lang='lat' dir='ltr'><strong>fuerit</strong></span> <span class='ocrx_word' id='word_1_223' title='bbox 3416 1312 3551 1364; x_wconf 87' lang='lat' dir='ltr'><strong>cor,</strong></span> <span class='ocrx_word' id='word_1_224' title='bbox 3616 1313 3746 1370; x_wconf 85' lang='lat' dir='ltr'><strong>pro-</strong></span> 
     </span>
    </p>
   </div>
   <div class='ocr_carea' id='block_1_29' title="bbox 2140 1390 3746 1469">
    <p class='ocr_par' dir='ltr' id='par_1_29' title="bbox 2140 1390 3746 1469">
     <span class='ocr_line' id='line_1_29' title="bbox 2140 1390 3746 1469; baseline -0.005 -18"><span class='ocrx_word' id='word_1_225' title='bbox 2140 1398 2365 1469; x_wconf 81' lang='lat' dir='ltr'><strong>]icimur</strong></span> <span class='ocrx_word' id='word_1_226' title='bbox 2438 1397 2491 1452; x_wconf 90' lang='lat' dir='ltr'><strong>in</strong></span> <span class='ocrx_word' id='word_1_227' title='bbox 2574 1412 2823 1466; x_wconf 80' lang='lat' dir='ltr'><strong>campum</strong></span> <span class='ocrx_word' id='word_1_228' title='bbox 2889 1397 2941 1451; x_wconf 93' lang='lat' dir='ltr'><strong>in</strong></span> <span class='ocrx_word' id='word_1_229' title='bbox 3006 1395 3099 1451; x_wconf 90' lang='lat' dir='ltr'><strong>die</strong></span> <span class='ocrx_word' id='word_1_230' title='bbox 3150 1408 3254 1464; x_wconf 89' lang='lat' dir='ltr'><strong>qua</strong></span> <span class='ocrx_word' id='word_1_231' title='bbox 3319 1393 3617 1449; x_wconf 81' lang='lat' dir='ltr'><strong>nascimur.</strong></span> <span class='ocrx_word' id='word_1_232' title='bbox 3688 1390 3746 1446; x_wconf 79' lang='lat' dir='ltr'><strong>Si</strong></span> 
     </span>
    </p>
   </div>
   <div class='ocr_carea' id='block_1_30' title="bbox 2146 1486 3746 1561">
    <p class='ocr_par' dir='ltr' id='par_1_30' title="bbox 2146 1486 3746 1561">
     <span class='ocr_line' id='line_1_30' title="bbox 2146 1486 3746 1561; baseline -0.004 -18"><span class='ocrx_word' id='word_1_233' title='bbox 2146 1498 2267 1560; x_wconf 88' lang='lat' dir='ltr'><strong>post.</strong></span> <span class='ocrx_word' id='word_1_234' title='bbox 2315 1491 2786 1561; x_wconf 80' lang='lat' dir='ltr'><strong>regenerationem</strong></span> <span class='ocrx_word' id='word_1_235' title='bbox 2829 1488 3072 1555; x_wconf 87' lang='lat' dir='ltr'><strong>lavacri,</strong></span> <span class='ocrx_word' id='word_1_236' title='bbox 3143 1486 3188 1540; x_wconf 88' lang='lat' dir='ltr'><strong>si</strong></span> <span class='ocrx_word' id='word_1_237' title='bbox 3253 1492 3378 1555; x_wconf 86' lang='lat' dir='ltr'><strong>post</strong></span> <span class='ocrx_word' id='word_1_238' title='bbox 3428 1498 3746 1539; x_wconf 88' lang='lat' dir='ltr'><strong>sermonem</strong></span> 
     </span>
    </p>
   </div>
   <div class='ocr_carea' id='block_1_31' title="bbox 2145 1575 3748 1651">
    <p class='ocr_par' dir='ltr' id='par_1_31' title="bbox 2145 1575 3748 1651">
     <span class='ocr_line' id='line_1_31' title="bbox 2145 1575 3748 1651; baseline -0.006 -14"><span class='ocrx_word' id='word_1_239' title='bbox 2145 1581 2239 1637; x_wconf 82' lang='lat' dir='ltr'><strong>Dei</strong></span> <span class='ocrx_word' id='word_1_240' title='bbox 2303 1596 2518 1637; x_wconf 87' lang='lat' dir='ltr'><strong>rursum</strong></span> <span class='ocrx_word' id='word_1_241' title='bbox 2594 1580 3005 1651; x_wconf 89' lang='lat' dir='ltr'><strong>peccaverimns</strong></span> <span class='ocrx_word' id='word_1_242' title='bbox 3049 1616 3063 1643; x_wconf 93' lang='lat'><strong>,</strong></span> <span class='ocrx_word' id='word_1_243' title='bbox 3140 1578 3192 1630; x_wconf 91' lang='lat' dir='ltr'><strong>in</strong></span> <span class='ocrx_word' id='word_1_244' title='bbox 3273 1575 3364 1631; x_wconf 90' lang='lat' dir='ltr'><strong>die</strong></span> <span class='ocrx_word' id='word_1_245' title='bbox 3440 1589 3544 1645; x_wconf 88' lang='lat' dir='ltr'><strong>qua</strong></span> <span class='ocrx_word' id='word_1_246' title='bbox 3626 1588 3748 1628; x_wconf 70' lang='lat' dir='ltr'><strong>nas—</strong></span> 
     </span>
    </p>
   </div>
   <div class='ocr_carea' id='block_1_32' title="bbox 2144 1667 3749 1745">
    <p class='ocr_par' dir='ltr' id='par_1_32' title="bbox 2144 1667 3749 1745">
     <span class='ocr_line' id='line_1_32' title="bbox 2144 1667 3749 1745; baseline -0.004 -17"><span class='ocrx_word' id='word_1_247' title='bbox 2144 1676 2355 1742; x_wconf 86' lang='lat' dir='ltr'><strong>cimur,</strong></span> <span class='ocrx_word' id='word_1_248' title='bbox 2411 1674 2749 1745; x_wconf 87' lang='lat' dir='ltr'><strong>projicimur.</strong></span> <span class='ocrx_word' id='word_1_249' title='bbox 2816 1672 2978 1726; x_wconf 81' lang='lat' dir='ltr'><strong>&#39;l‘ales</strong></span> <span class='ocrx_word' id='word_1_250' title='bbox 3037 1670 3345 1741; x_wconf 66' lang='lat' dir='ltr'><strong>saepissime</strong></span> <span class='ocrx_word' id='word_1_251' title='bbox 3399 1667 3749 1739; x_wconf 84' lang='lat' dir='ltr'><strong>reperiuntur</strong></span> 
     </span>
    </p>
   </div>
   <div class='ocr_carea' id='block_1_33' title="bbox 436 1760 3750 1839">
    <p class='ocr_par' dir='ltr' id='par_1_33' title="bbox 436 1760 3750 1839">
     <span class='ocr_line' id='line_1_33' title="bbox 436 1760 3750 1839; baseline -0.002 -17"><span class='ocrx_word' id='word_1_252' title='bbox 436 1776 543 1823; x_wconf 89' lang='lat' dir='ltr'><strong>tus.</strong></span> <span class='ocrx_word' id='word_1_253' title='bbox 572 1768 709 1835; x_wconf 89' lang='lat' dir='ltr'><strong>Quia</strong></span> <span class='ocrx_word' id='word_1_254' title='bbox 739 1780 921 1823; x_wconf 87' lang='lat' dir='ltr'><strong>autem</strong></span> <span class='ocrx_word' id='word_1_255' title='bbox 956 1769 1057 1823; x_wconf 74' lang='lat' dir='ltr'><strong>ista</strong></span> <span class='ocrx_word' id='word_1_256' title='bbox 1104 1768 1409 1823; x_wconf 82' lang='lat' dir='ltr'><strong>Jerusalem</strong></span> <span class='ocrx_word' id='word_1_257' title='bbox 1450 1767 1560 1822; x_wconf 88' lang='lat' dir='ltr'><strong>sint</strong></span> <span class='ocrx_word' id='word_1_258' title='bbox 1600 1768 1827 1821; x_wconf 87' lang='lat' dir='ltr'><strong>crimina</strong></span> <span class='ocrx_word' id='word_1_259' title='bbox 1859 1806 1874 1833; x_wconf 95' lang='lat'><strong>,</strong></span> <span class='ocrx_word' id='word_1_260' title='bbox 1928 1781 2033 1820; x_wconf 81' lang='lat' dir='ltr'><strong>non</strong></span> <span class='ocrx_word' id='word_1_261' title='bbox 2068 1772 2111 1833; x_wconf 73' lang='grc' dir='ltr'><strong>Β</strong></span> <span class='ocrx_word' id='word_1_262' title='bbox 2139 1766 2299 1839; x_wconf 66' lang='grc'><strong>941</strong></span> <span class='ocrx_word' id='word_1_263' title='bbox 2360 1767 2523 1821; x_wconf 90' lang='lat' dir='ltr'><strong>lavati</strong></span> <span class='ocrx_word' id='word_1_264' title='bbox 2574 1767 2790 1821; x_wconf 88' lang='lat' dir='ltr'><strong>lavacro</strong></span> <span class='ocrx_word' id='word_1_265' title='bbox 2847 1763 3102 1819; x_wconf 69' lang='lat' dir='ltr'><strong>secunda:</strong></span> <span class='ocrx_word' id='word_1_266' title='bbox 3148 1760 3581 1832; x_wconf 79' lang='lat' dir='ltr'><strong>regenerationis</strong></span> <span class='ocrx_word' id='word_1_267' title='bbox 3610 1800 3627 1827; x_wconf 94' lang='lat'><strong>,</strong></span> <span class='ocrx_word' id='word_1_268' title='bbox 3693 1768 3750 1816; x_wconf 85' lang='lat' dir='ltr'><strong>et</strong></span> 
     </span>
    </p>
   </div>
   <div class='ocr_carea' id='block_1_34' title="bbox 431 1860 2036 1931">
    <p class='ocr_par' dir='ltr' id='par_1_34' title="bbox 431 1860 2036 1931">
     <span class='ocr_line' id='line_1_34' title="bbox 431 1860 2036 1931; baseline -0.003 -13"><span class='ocrx_word' id='word_1_269' title='bbox 431 1863 748 1918; x_wconf 90' lang='lat' dir='ltr'><strong>circumcidi</strong></span> <span class='ocrx_word' id='word_1_270' title='bbox 770 1878 891 1918; x_wconf 87' lang='lat' dir='ltr'><strong>eam</strong></span> <span class='ocrx_word' id='word_1_271' title='bbox 919 1864 1202 1926; x_wconf 86' lang='lat' dir='ltr'><strong>umbilico,</strong></span> <span class='ocrx_word' id='word_1_272' title='bbox 1228 1874 1279 1918; x_wconf 89' lang='lat' dir='ltr'><strong>et</strong></span> <span class='ocrx_word' id='word_1_273' title='bbox 1304 1865 1419 1916; x_wconf 84' lang='lat' dir='ltr'><strong>sale</strong></span> <span class='ocrx_word' id='word_1_274' title='bbox 1451 1876 1558 1915; x_wconf 92' lang='lat' dir='ltr'><strong>non</strong></span> <span class='ocrx_word' id='word_1_275' title='bbox 1584 1860 1764 1929; x_wconf 89' lang='lat' dir='ltr'><strong>saliri,</strong></span> <span class='ocrx_word' id='word_1_276' title='bbox 1799 1871 1852 1915; x_wconf 90' lang='lat' dir='ltr'><strong>et</strong></span> <span class='ocrx_word' id='word_1_277' title='bbox 1904 1877 2036 1931; x_wconf 79' lang='lat' dir='ltr'><strong>pan—</strong></span> 
     </span>
    </p>
   </div>
   <div class='ocr_carea' id='block_1_35' title="bbox 435 1956 2036 2028">
    <p class='ocr_par' dir='ltr' id='par_1_35' title="bbox 435 1956 2036 2028">
     <span class='ocr_line' id='line_1_35' title="bbox 435 1956 2036 2028; baseline -0.001 -15"><span class='ocrx_word' id='word_1_278' title='bbox 435 1957 523 2013; x_wconf 88' lang='lat' dir='ltr'><strong>nis</strong></span> <span class='ocrx_word' id='word_1_279' title='bbox 545 1973 651 2011; x_wconf 91' lang='lat' dir='ltr'><strong>non</strong></span> <span class='ocrx_word' id='word_1_280' title='bbox 680 1956 903 2023; x_wconf 79' lang='lat' dir='ltr'><strong>involvi,</strong></span> <span class='ocrx_word' id='word_1_281' title='bbox 939 1966 993 2011; x_wconf 84' lang='lat' dir='ltr'><strong>et</strong></span> <span class='ocrx_word' id='word_1_282' title='bbox 1018 1972 1153 2028; x_wconf 85' lang='lat' dir='ltr'><strong>aqua</strong></span> <span class='ocrx_word' id='word_1_283' title='bbox 1190 1972 1294 2012; x_wconf 79' lang='lat' dir='ltr'><strong>nan</strong></span> <span class='ocrx_word' id='word_1_284' title='bbox 1328 1958 1497 2012; x_wconf 89' lang='lat' dir='ltr'><strong>lavari</strong></span> <span class='ocrx_word' id='word_1_285' title='bbox 1524 1959 1579 2012; x_wconf 92' lang='lat' dir='ltr'><strong>in</strong></span> <span class='ocrx_word' id='word_1_286' title='bbox 1627 1958 1882 2023; x_wconf 83' lang='lat' dir='ltr'><strong>salutem,</strong></span> <span class='ocrx_word' id='word_1_287' title='bbox 1920 1972 2036 2012; x_wconf 84' lang='lat' dir='ltr'><strong>ser-</strong></span> 
     </span>
    </p>
   </div>
   <div class='ocr_carea' id='block_1_36' title="bbox 432 2048 2035 2121">
    <p class='ocr_par' dir='ltr' id='par_1_36' title="bbox 432 2048 2035 2121">
     <span class='ocr_line' id='line_1_36' title="bbox 432 2048 2035 2121; baseline -0.001 -19"><span class='ocrx_word' id='word_1_288' title='bbox 432 2063 523 2103; x_wconf 89' lang='lat' dir='ltr'><strong>mo</strong></span> <span class='ocrx_word' id='word_1_289' title='bbox 548 2049 750 2105; x_wconf 82' lang='lat' dir='ltr'><strong>indicat</strong></span> <span class='ocrx_word' id='word_1_290' title='bbox 780 2049 1046 2119; x_wconf 87' lang='lat' dir='ltr'><strong>reliquus,</strong></span> <span class='ocrx_word' id='word_1_291' title='bbox 1072 2051 1162 2121; x_wconf 87' lang='lat' dir='ltr'><strong>qui</strong></span> <span class='ocrx_word' id='word_1_292' title='bbox 1184 2050 1259 2105; x_wconf 89' lang='lat' dir='ltr'><strong>ita</strong></span> <span class='ocrx_word' id='word_1_293' title='bbox 1278 2052 1620 2106; x_wconf 77' lang='lat' dir='ltr'><strong>contexitur:</strong></span> <span class='ocrx_word' id='word_1_294' title='bbox 1651 2048 1831 2120; x_wconf 82' lang='lat' dir='ltr'><strong>Neque</strong></span> <span class='ocrx_word' id='word_1_295' title='bbox 1853 2065 2035 2120; x_wconf 81' lang='lat' dir='ltr'><strong>peper-</strong></span> 
     </span>
    </p>
   </div>
   <div class='ocr_carea' id='block_1_37' title="bbox 429 2143 2035 2215">
    <p class='ocr_par' dir='ltr' id='par_1_37' title="bbox 429 2143 2035 2215">
     <span class='ocr_line' id='line_1_37' title="bbox 429 2143 2035 2215; baseline -0.001 -18"><span class='ocrx_word' id='word_1_296' title='bbox 429 2144 499 2197; x_wconf 77' lang='lat' dir='ltr'><strong>cit</strong></span> <span class='ocrx_word' id='word_1_297' title='bbox 526 2144 581 2197; x_wconf 84' lang='lat' dir='ltr'><strong>in</strong></span> <span class='ocrx_word' id='word_1_298' title='bbox 611 2154 658 2197; x_wconf 82' lang='lat' dir='ltr'><strong>ts</strong></span> <span class='ocrx_word' id='word_1_299' title='bbox 687 2144 871 2197; x_wconf 79' lang='lat' dir='ltr'><strong>oculus</strong></span> <span class='ocrx_word' id='word_1_300' title='bbox 901 2154 1018 2199; x_wconf 88' lang='lat' dir='ltr'><strong>tuus</strong></span> <span class='ocrx_word' id='word_1_301' title='bbox 1039 2185 1053 2210; x_wconf 92' lang='lat'><strong>,</strong></span> <span class='ocrx_word' id='word_1_302' title='bbox 1083 2153 1137 2197; x_wconf 88' lang='lat' dir='ltr'><strong>ut</strong></span> <span class='ocrx_word' id='word_1_303' title='bbox 1176 2147 1373 2215; x_wconf 79' lang='lat' dir='ltr'><strong>faceret</strong></span> <span class='ocrx_word' id='word_1_304' title='bbox 1398 2144 1491 2199; x_wconf 85' lang='lat' dir='ltr'><strong>tibi</strong></span> <span class='ocrx_word' id='word_1_305' title='bbox 1520 2160 1682 2197; x_wconf 83' lang='lat' dir='ltr'><strong>unum</strong></span> <span class='ocrx_word' id='word_1_306' title='bbox 1713 2159 1776 2197; x_wconf 80' lang='lat' dir='ltr'><strong>ea:</strong></span> <span class='ocrx_word' id='word_1_307' title='bbox 1805 2143 2035 2197; x_wconf 84' lang='lat' dir='ltr'><strong>omnibus</strong></span> 
     </span>
    </p>
   </div>
   <div class='ocr_carea' id='block_1_38' title="bbox 430 2235 2038 2307">
    <p class='ocr_par' dir='ltr' id='par_1_38' title="bbox 430 2235 2038 2307">
     <span class='ocr_line' id='line_1_38' title="bbox 430 2235 2038 2307; baseline -0.001 -16"><span class='ocrx_word' id='word_1_308' title='bbox 430 2236 563 2291; x_wconf 83' lang='lat' dir='ltr'><strong>istis.</strong></span> <span class='ocrx_word' id='word_1_309' title='bbox 593 2236 899 2307; x_wconf 79' lang='lat' dir='ltr'><strong>Propterea</strong></span> <span class='ocrx_word' id='word_1_310' title='bbox 924 2238 1063 2292; x_wconf 91' lang='lat' dir='ltr'><strong>nihil</strong></span> <span class='ocrx_word' id='word_1_311' title='bbox 1093 2238 1189 2292; x_wconf 90' lang='lat' dir='ltr'><strong>tibi</strong></span> <span class='ocrx_word' id='word_1_312' title='bbox 1224 2238 1417 2293; x_wconf 89' lang='lat' dir='ltr'><strong>horum</strong></span> <span class='ocrx_word' id='word_1_313' title='bbox 1448 2237 1548 2292; x_wconf 83' lang='lat' dir='ltr'><strong>feci</strong></span> <span class='ocrx_word' id='word_1_314' title='bbox 1568 2279 1583 2304; x_wconf 93' lang='lat'><strong>,</strong></span> <span class='ocrx_word' id='word_1_315' title='bbox 1615 2246 1669 2290; x_wconf 94' lang='lat' dir='ltr'><strong>ut</strong></span> <span class='ocrx_word' id='word_1_316' title='bbox 1700 2246 1915 2307; x_wconf 87' lang='lat' dir='ltr'><strong>paterer</strong></span> <span class='ocrx_word' id='word_1_317' title='bbox 1936 2235 2038 2290; x_wconf 89' lang='lat' dir='ltr'><strong>ali-</strong></span> 
     </span>
    </p>
   </div>
   <div class='ocr_carea' id='block_1_39' title="bbox 432 2329 2040 2401">
    <p class='ocr_par' dir='ltr' id='par_1_39' title="bbox 432 2329 2040 2401">
     <span class='ocr_line' id='line_1_39' title="bbox 432 2329 2040 2401; baseline 0.001 -20"><span class='ocrx_word' id='word_1_318' title='bbox 432 2329 559 2401; x_wconf 83' lang='lat' dir='ltr'><strong>quid</strong></span> <span class='ocrx_word' id='word_1_319' title='bbox 584 2344 751 2399; x_wconf 85' lang='lat' dir='ltr'><strong>super</strong></span> <span class='ocrx_word' id='word_1_320' title='bbox 781 2339 853 2395; x_wconf 90' lang='lat' dir='ltr'><strong>te,</strong></span> <span class='ocrx_word' id='word_1_321' title='bbox 882 2330 1015 2385; x_wconf 84' lang='lat' dir='ltr'><strong>dicit</strong></span> <span class='ocrx_word' id='word_1_322' title='bbox 1043 2331 1327 2387; x_wconf 88' lang='lat' dir='ltr'><strong>Dominus.</strong></span> <span class='ocrx_word' id='word_1_323' title='bbox 1363 2330 1685 2399; x_wconf 85' lang='lat' dir='ltr'><strong>Exemplum</strong></span> <span class='ocrx_word' id='word_1_324' title='bbox 1709 2330 1778 2383; x_wconf 88' lang='lat' dir='ltr'><strong>ab</strong></span> <span class='ocrx_word' id='word_1_325' title='bbox 1810 2329 2040 2385; x_wconf 54' lang='lat' dir='ltr'><strong>homini</strong></span> 
     </span>
    </p>
   </div>
   <div class='ocr_carea' id='block_1_40' title="bbox 430 2423 2035 2494">
    <p class='ocr_par' dir='ltr' id='par_1_40' title="bbox 430 2423 2035 2494">
     <span class='ocr_line' id='line_1_40' title="bbox 430 2423 2035 2494; baseline 0 -16"><span class='ocrx_word' id='word_1_326' title='bbox 430 2423 533 2478; x_wconf 88' lang='lat' dir='ltr'><strong>bus</strong></span> <span class='ocrx_word' id='word_1_327' title='bbox 561 2425 859 2492; x_wconf 87' lang='lat' dir='ltr'><strong>accipiam:</strong></span> <span class='ocrx_word' id='word_1_328' title='bbox 884 2423 1084 2479; x_wconf 89' lang='lat' dir='ltr'><strong>deinde</strong></span> <span class='ocrx_word' id='word_1_329' title='bbox 1109 2425 1155 2478; x_wconf 90' lang='lat' dir='ltr'><strong>si</strong></span> <span class='ocrx_word' id='word_1_330' title='bbox 1184 2424 1423 2494; x_wconf 87' lang='lat' dir='ltr'><strong>Spiritus</strong></span> <span class='ocrx_word' id='word_1_331' title='bbox 1454 2431 1677 2478; x_wconf 85' lang='lat' dir='ltr'><strong>sanctus</strong></span> <span class='ocrx_word' id='word_1_332' title='bbox 1698 2423 1937 2492; x_wconf 88' lang='lat' dir='ltr'><strong>dederit,</strong></span> <span class='ocrx_word' id='word_1_333' title='bbox 1968 2423 2035 2478; x_wconf 89' lang='lat' dir='ltr'><strong>ad</strong></span> 
     </span>
    </p>
   </div>
   <div class='ocr_carea' id='block_1_41' title="bbox 427 2514 2032 2586">
    <p class='ocr_par' dir='ltr' id='par_1_41' title="bbox 427 2514 2032 2586">
     <span class='ocr_line' id='line_1_41' title="bbox 427 2514 2032 2586; baseline -0.001 -16"><span class='ocrx_word' id='word_1_334' title='bbox 427 2514 618 2571; x_wconf 86' lang='lat' dir='ltr'><strong>Jesum</strong></span> <span class='ocrx_word' id='word_1_335' title='bbox 656 2515 936 2571; x_wconf 78' lang='lat' dir='ltr'><strong>Christum</strong></span> <span class='ocrx_word' id='word_1_336' title='bbox 965 2526 1022 2571; x_wconf 87' lang='lat' dir='ltr'><strong>et</strong></span> <span class='ocrx_word' id='word_1_337' title='bbox 1050 2516 1117 2571; x_wconf 89' lang='lat' dir='ltr'><strong>ad</strong></span> <span class='ocrx_word' id='word_1_338' title='bbox 1146 2518 1313 2571; x_wconf 90' lang='lat' dir='ltr'><strong>Deum</strong></span> <span class='ocrx_word' id='word_1_339' title='bbox 1360 2516 1576 2572; x_wconf 81' lang='lat' dir='ltr'><strong>Patrem</strong></span> <span class='ocrx_word' id='word_1_340' title='bbox 1611 2516 2032 2586; x_wconf 86' lang='lat' dir='ltr'><strong>transmigrabo.</strong></span> 
     </span>
    </p>
   </div>
   <div class='ocr_carea' id='block_1_42' title="bbox 428 2602 2049 2680">
    <p class='ocr_par' dir='ltr' id='par_1_42' title="bbox 428 2602 2049 2680">
     <span class='ocr_line' id='line_1_42' title="bbox 428 2602 2049 2680; baseline 0.001 -17"><span class='ocrx_word' id='word_1_341' title='bbox 428 2609 661 2678; x_wconf 79' lang='lat' dir='ltr'><strong>Quando</strong></span> <span class='ocrx_word' id='word_1_342' title='bbox 691 2609 759 2663; x_wconf 86' lang='lat' dir='ltr'><strong>ad</strong></span> <span class='ocrx_word' id='word_1_343' title='bbox 808 2609 1086 2664; x_wconf 80' lang='lat' dir='ltr'><strong>hominem</strong></span> <span class='ocrx_word' id='word_1_344' title='bbox 1124 2611 1321 2680; x_wconf 86' lang='lat' dir='ltr'><strong>loquor</strong></span> <span class='ocrx_word' id='word_1_345' title='bbox 1343 2655 1355 2678; x_wconf 96' lang='lat'><strong>,</strong></span> <span class='ocrx_word' id='word_1_346' title='bbox 1390 2621 1443 2665; x_wconf 88' lang='lat' dir='ltr'><strong>et</strong></span> <span class='ocrx_word' id='word_1_347' title='bbox 1472 2609 1741 2680; x_wconf 83' lang='lat' dir='ltr'><strong>deprecor</strong></span> <span class='ocrx_word' id='word_1_348' title='bbox 1780 2624 1903 2665; x_wconf 91' lang='lat' dir='ltr'><strong>eum</strong></span> <span class='ocrx_word' id='word_1_349' title='bbox 1936 2602 2049 2678; x_wconf 71' lang='lat' dir='ltr'><strong>pro</strong></span> 
     </span>
    </p>
   </div>
   <div class='ocr_carea' id='block_1_43' title="bbox 426 2702 2034 2775">
    <p class='ocr_par' dir='ltr' id='par_1_43' title="bbox 426 2702 2034 2775">
     <span class='ocr_line' id='line_1_43' title="bbox 426 2702 2034 2775; baseline -0.002 -16"><span class='ocrx_word' id='word_1_350' title='bbox 426 2705 609 2775; x_wconf 86' lang='lat' dir='ltr'><strong>aliqua</strong></span> <span class='ocrx_word' id='word_1_351' title='bbox 644 2721 706 2759; x_wconf 91' lang='lat' dir='ltr'><strong>re</strong></span> <span class='ocrx_word' id='word_1_352' title='bbox 732 2746 745 2770; x_wconf 94' lang='lat'><strong>,</strong></span> <span class='ocrx_word' id='word_1_353' title='bbox 784 2715 839 2757; x_wconf 90' lang='lat' dir='ltr'><strong>ut</strong></span> <span class='ocrx_word' id='word_1_354' title='bbox 871 2705 1200 2759; x_wconf 85' lang='lat' dir='ltr'><strong>misereatur</strong></span> <span class='ocrx_word' id='word_1_355' title='bbox 1231 2704 1370 2771; x_wconf 88' lang='lat' dir='ltr'><strong>mei,</strong></span> <span class='ocrx_word' id='word_1_356' title='bbox 1411 2703 1457 2757; x_wconf 88' lang='lat' dir='ltr'><strong>si</strong></span> <span class='ocrx_word' id='word_1_357' title='bbox 1499 2705 1617 2759; x_wconf 89' lang='lat' dir='ltr'><strong>sine</strong></span> <span class='ocrx_word' id='word_1_358' title='bbox 1657 2702 2034 2758; x_wconf 89' lang='lat' dir='ltr'><strong>misericordia</strong></span> 
     </span>
    </p>
   </div>
   <div class='ocr_carea' id='block_1_44' title="bbox 427 2795 2035 2868">
    <p class='ocr_par' dir='ltr' id='par_1_44' title="bbox 427 2795 2035 2868">
     <span class='ocr_line' id='line_1_44' title="bbox 427 2795 2035 2868; baseline -0.002 -15"><span class='ocrx_word' id='word_1_359' title='bbox 427 2808 531 2862; x_wconf 89' lang='lat' dir='ltr'><strong>est,</strong></span> <span class='ocrx_word' id='word_1_360' title='bbox 567 2796 700 2851; x_wconf 86' lang='lat' dir='ltr'><strong>nihil</strong></span> <span class='ocrx_word' id='word_1_361' title='bbox 734 2798 941 2866; x_wconf 84' lang='lat' dir='ltr'><strong>patitur</strong></span> <span class='ocrx_word' id='word_1_362' title='bbox 963 2812 1030 2853; x_wconf 79' lang='lat' dir='ltr'><strong>ex</strong></span> <span class='ocrx_word' id='word_1_363' title='bbox 1059 2796 1164 2863; x_wconf 83' lang='lat' dir='ltr'><strong>his,</strong></span> <span class='ocrx_word' id='word_1_364' title='bbox 1199 2812 1321 2868; x_wconf 66' lang='lat' dir='ltr'><strong>qua:</strong></span> <span class='ocrx_word' id='word_1_365' title='bbox 1341 2812 1371 2851; x_wconf 90' lang='lat' dir='ltr'><strong>a</strong></span> <span class='ocrx_word' id='word_1_366' title='bbox 1401 2811 1489 2851; x_wconf 86' lang='lat' dir='ltr'><strong>me</strong></span> <span class='ocrx_word' id='word_1_367' title='bbox 1509 2795 1797 2851; x_wconf 84' lang='lat' dir='ltr'><strong>dicuntur:</strong></span> <span class='ocrx_word' id='word_1_368' title='bbox 1828 2797 1873 2849; x_wconf 89' lang='lat' dir='ltr'><strong>si</strong></span> <span class='ocrx_word' id='word_1_369' title='bbox 1904 2811 2035 2851; x_wconf 76' lang='lat' dir='ltr'><strong>vero</strong></span> 
     </span>
    </p>
   </div>
   <div class='ocr_carea' id='block_1_45' title="bbox 428 2886 2032 2962">
    <p class='ocr_par' dir='ltr' id='par_1_45' title="bbox 428 2886 2032 2962">
     <span class='ocr_line' id='line_1_45' title="bbox 428 2886 2032 2962; baseline -0.002 -18"><span class='ocrx_word' id='word_1_370' title='bbox 428 2891 578 2945; x_wconf 85' lang='lat' dir='ltr'><strong>molli</strong></span> <span class='ocrx_word' id='word_1_371' title='bbox 599 2901 679 2945; x_wconf 83' lang='lat' dir='ltr'><strong>est</strong></span> <span class='ocrx_word' id='word_1_372' title='bbox 698 2890 899 2957; x_wconf 87' lang='lat' dir='ltr'><strong>animo,</strong></span> <span class='ocrx_word' id='word_1_373' title='bbox 914 2888 1146 2962; x_wconf 65' lang='grc' dir='ltr'><strong>940οι</strong></span> <span class='ocrx_word' id='word_1_374' title='bbox 1161 2889 1294 2944; x_wconf 83' lang='lat' dir='ltr'><strong>nihil</strong></span> <span class='ocrx_word' id='word_1_375' title='bbox 1318 2890 1371 2944; x_wconf 89' lang='lat' dir='ltr'><strong>in</strong></span> <span class='ocrx_word' id='word_1_376' title='bbox 1393 2905 1459 2945; x_wconf 88' lang='lat' dir='ltr'><strong>eo</strong></span> <span class='ocrx_word' id='word_1_377' title='bbox 1483 2888 1643 2959; x_wconf 82' lang='lat' dir='ltr'><strong>rigidi</strong></span> <span class='ocrx_word' id='word_1_378' title='bbox 1658 2887 1839 2944; x_wconf 87' lang='lat' dir='ltr'><strong>cordis</strong></span> <span class='ocrx_word' id='word_1_379' title='bbox 1857 2886 2032 2941; x_wconf 84' lang='lat' dir='ltr'><strong>obdu-</strong></span> 
     </span>
    </p>
   </div>
   <div class='ocr_carea' id='block_1_46' title="bbox 426 2981 2031 3050">
    <p class='ocr_par' dir='ltr' id='par_1_46' title="bbox 426 2981 2031 3050">
     <span class='ocr_line' id='line_1_46' title="bbox 426 2981 2031 3050; baseline -0.004 -11"><span class='ocrx_word' id='word_1_380' title='bbox 426 2984 556 3050; x_wconf 79' lang='lat' dir='ltr'><strong>ruit,</strong></span> <span class='ocrx_word' id='word_1_381' title='bbox 579 2984 728 3038; x_wconf 76' lang='lat' dir='ltr'><strong>audit</strong></span> <span class='ocrx_word' id='word_1_382' title='bbox 751 2999 861 3047; x_wconf 89' lang='lat' dir='ltr'><strong>me,</strong></span> <span class='ocrx_word' id='word_1_383' title='bbox 886 2995 939 3038; x_wconf 89' lang='lat' dir='ltr'><strong>et</strong></span> <span class='ocrx_word' id='word_1_384' title='bbox 959 2986 1252 3038; x_wconf 89' lang='lat' dir='ltr'><strong>miseretur</strong></span> <span class='ocrx_word' id='word_1_385' title='bbox 1265 2984 1392 3049; x_wconf 88' lang='lat' dir='ltr'><strong>mei,</strong></span> <span class='ocrx_word' id='word_1_386' title='bbox 1409 2994 1464 3038; x_wconf 87' lang='lat' dir='ltr'><strong>ct</strong></span> <span class='ocrx_word' id='word_1_387' title='bbox 1486 2982 1809 3036; x_wconf 77' lang='lat' dir='ltr'><strong>molliuntur</strong></span> <span class='ocrx_word' id='word_1_388' title='bbox 1824 2981 2031 3035; x_wconf 82' lang='lat' dir='ltr'><strong>viscera</strong></span> 
     </span>
    </p>
   </div>
   <div class='ocr_carea' id='block_1_47' title="bbox 426 3073 2030 3148">
    <p class='ocr_par' dir='ltr' id='par_1_47' title="bbox 426 3073 2030 3148">
     <span class='ocr_line' id='line_1_47' title="bbox 426 3073 2030 3148; baseline -0.003 -15"><span class='ocrx_word' id='word_1_389' title='bbox 426 3078 548 3148; x_wconf 83' lang='lat' dir='ltr'><strong>ejus</strong></span> <span class='ocrx_word' id='word_1_390' title='bbox 568 3077 633 3132; x_wconf 83' lang='lat' dir='ltr'><strong>ad</strong></span> <span class='ocrx_word' id='word_1_391' title='bbox 665 3092 814 3132; x_wconf 86' lang='lat' dir='ltr'><strong>meas</strong></span> <span class='ocrx_word' id='word_1_392' title='bbox 835 3091 1047 3147; x_wconf 88' lang='lat' dir='ltr'><strong>preces.</strong></span> <span class='ocrx_word' id='word_1_393' title='bbox 1075 3076 1210 3131; x_wconf 84' lang='lat' dir='ltr'><strong>Tale</strong></span> <span class='ocrx_word' id='word_1_394' title='bbox 1231 3075 1367 3131; x_wconf 89' lang='lat' dir='ltr'><strong>mihi</strong></span> <span class='ocrx_word' id='word_1_395' title='bbox 1387 3075 1645 3145; x_wconf 82' lang='lat' dir='ltr'><strong>quiddam</strong></span> <span class='ocrx_word' id='word_1_396' title='bbox 1674 3073 1915 3143; x_wconf 81' lang='lat' dir='ltr'><strong>intellige</strong></span> <span class='ocrx_word' id='word_1_397' title='bbox 1940 3090 2030 3128; x_wconf 87' lang='lat' dir='ltr'><strong>su-</strong></span> 
     </span>
    </p>
   </div>
   <div class='ocr_carea' id='block_1_48' title="bbox 2141 1858 3747 1930">
    <p class='ocr_par' dir='ltr' id='par_1_48' title="bbox 2141 1858 3747 1930">
     <span class='ocr_line' id='line_1_48' title="bbox 2141 1858 3747 1930; baseline -0.004 -14"><span class='ocrx_word' id='word_1_398' title='bbox 2141 1876 2248 1916; x_wconf 92' lang='lat' dir='ltr'><strong>non</strong></span> <span class='ocrx_word' id='word_1_399' title='bbox 2284 1862 2542 1916; x_wconf 84' lang='lat' dir='ltr'><strong>iacientes</strong></span> <span class='ocrx_word' id='word_1_400' title='bbox 2571 1861 2763 1930; x_wconf 80' lang='lat' dir='ltr'><strong>dignos</strong></span> <span class='ocrx_word' id='word_1_401' title='bbox 2791 1859 2997 1913; x_wconf 80' lang='lat' dir='ltr'><strong>fructus</strong></span> <span class='ocrx_word' id='word_1_402' title='bbox 3044 1858 3411 1929; x_wconf 58' lang='lat' dir='ltr'><strong>paenitentiae,</strong></span> <span class='ocrx_word' id='word_1_403' title='bbox 3445 1871 3621 1927; x_wconf 89' lang='lat' dir='ltr'><strong>neque</strong></span> <span class='ocrx_word' id='word_1_404' title='bbox 3648 1872 3747 1910; x_wconf 78' lang='lat' dir='ltr'><strong>ex-</strong></span> 
     </span>
    </p>
   </div>
   <div class='ocr_carea' id='block_1_49' title="bbox 2102 1938 3745 2024">
    <p class='ocr_par' dir='ltr' id='par_1_49' title="bbox 2102 1938 3745 2024">
     <span class='ocr_line' id='line_1_49' title="bbox 2102 1938 3745 2024; baseline -0.002 -17"><span class='ocrx_word' id='word_1_405' title='bbox 2102 1938 2113 1947; x_wconf 77' lang='grc'><strong>’</strong></span> <span class='ocrx_word' id='word_1_406' title='bbox 2140 1952 2433 2009; x_wconf 89' lang='lat' dir='ltr'><strong>hilarantes</strong></span> <span class='ocrx_word' id='word_1_407' title='bbox 2461 1954 2780 2024; x_wconf 82' lang='lat' dir='ltr'><strong>mysterium</strong></span> <span class='ocrx_word' id='word_1_408' title='bbox 2815 1952 3069 2022; x_wconf 80' lang='lat' dir='ltr'><strong>baptismi</strong></span> <span class='ocrx_word' id='word_1_409' title='bbox 3100 1953 3296 2006; x_wconf 89' lang='lat' dir='ltr'><strong>timore</strong></span> <span class='ocrx_word' id='word_1_410' title='bbox 3322 1949 3535 2020; x_wconf 86' lang='lat' dir='ltr'><strong>majore</strong></span> <span class='ocrx_word' id='word_1_411' title='bbox 3561 1948 3631 2005; x_wconf 91' lang='lat' dir='ltr'><strong>ab</strong></span> <span class='ocrx_word' id='word_1_412' title='bbox 3658 1963 3745 2018; x_wconf 89' lang='lat' dir='ltr'><strong>eo,</strong></span> 
     </span>
    </p>
   </div>
   <div class='ocr_carea' id='block_1_50' title="bbox 2139 2046 3747 2119">
    <p class='ocr_par' dir='ltr' id='par_1_50' title="bbox 2139 2046 3747 2119">
     <span class='ocr_line' id='line_1_50' title="bbox 2139 2046 3747 2119; baseline -0.002 -16"><span class='ocrx_word' id='word_1_413' title='bbox 2139 2062 2300 2119; x_wconf 90' lang='lat' dir='ltr'><strong>quem</strong></span> <span class='ocrx_word' id='word_1_414' title='bbox 2325 2048 2451 2103; x_wconf 90' lang='lat' dir='ltr'><strong>dum</strong></span> <span class='ocrx_word' id='word_1_415' title='bbox 2475 2047 2859 2103; x_wconf 86' lang='lat' dir='ltr'><strong>Catechumeni</strong></span> <span class='ocrx_word' id='word_1_416' title='bbox 2885 2060 3088 2113; x_wconf 85' lang='lat' dir='ltr'><strong>essent,</strong></span> <span class='ocrx_word' id='word_1_417' title='bbox 3126 2046 3455 2111; x_wconf 85' lang='lat' dir='ltr'><strong>habuerunt,</strong></span> <span class='ocrx_word' id='word_1_418' title='bbox 3480 2057 3536 2101; x_wconf 91' lang='lat' dir='ltr'><strong>et</strong></span> <span class='ocrx_word' id='word_1_419' title='bbox 3564 2047 3747 2100; x_wconf 83' lang='lat' dir='ltr'><strong>citari-</strong></span> 
     </span>
    </p>
   </div>
   <div class='ocr_carea' id='block_1_51' title="bbox 2140 2140 3749 2211">
    <p class='ocr_par' dir='ltr' id='par_1_51' title="bbox 2140 2140 3749 2211">
     <span class='ocr_line' id='line_1_51' title="bbox 2140 2140 3749 2211; baseline -0.001 -15"><span class='ocrx_word' id='word_1_420' title='bbox 2140 2149 2252 2197; x_wconf 87' lang='lat' dir='ltr'><strong>tate</strong></span> <span class='ocrx_word' id='word_1_421' title='bbox 2276 2142 2527 2211; x_wconf 90' lang='lat' dir='ltr'><strong>ampliori</strong></span> <span class='ocrx_word' id='word_1_422' title='bbox 2557 2142 2625 2197; x_wconf 88' lang='lat' dir='ltr'><strong>ab</strong></span> <span class='ocrx_word' id='word_1_423' title='bbox 2655 2156 2739 2208; x_wconf 89' lang='lat' dir='ltr'><strong>ea,</strong></span> <span class='ocrx_word' id='word_1_424' title='bbox 2783 2156 2945 2211; x_wconf 87' lang='lat' dir='ltr'><strong>quam</strong></span> <span class='ocrx_word' id='word_1_425' title='bbox 2976 2148 3346 2196; x_wconf 74' lang='lat' dir='ltr'><strong>exercuerunt</strong></span> <span class='ocrx_word' id='word_1_426' title='bbox 3377 2140 3505 2195; x_wconf 91' lang='lat' dir='ltr'><strong>dum</strong></span> <span class='ocrx_word' id='word_1_427' title='bbox 3535 2140 3749 2194; x_wconf 83' lang='lat' dir='ltr'><strong>audito-</strong></span> 
     </span>
    </p>
   </div>
   <div class='ocr_carea' id='block_1_52' title="bbox 2142 2235 3746 2305">
    <p class='ocr_par' dir='ltr' id='par_1_52' title="bbox 2142 2235 3746 2305">
     <span class='ocr_line' id='line_1_52' title="bbox 2142 2235 3746 2305; baseline -0.002 -15"><span class='ocrx_word' id='word_1_428' title='bbox 2142 2248 2231 2291; x_wconf 86' lang='lat' dir='ltr'><strong>res</strong></span> <span class='ocrx_word' id='word_1_429' title='bbox 2277 2235 2549 2291; x_wconf 88' lang='lat' dir='ltr'><strong>sermonis</strong></span> <span class='ocrx_word' id='word_1_430' title='bbox 2594 2245 2798 2301; x_wconf 87' lang='lat' dir='ltr'><strong>essent,</strong></span> <span class='ocrx_word' id='word_1_431' title='bbox 2854 2242 2908 2289; x_wconf 90' lang='lat' dir='ltr'><strong>et</strong></span> <span class='ocrx_word' id='word_1_432' title='bbox 2953 2235 3320 2290; x_wconf 84' lang='lat' dir='ltr'><strong>sanetioribus</strong></span> <span class='ocrx_word' id='word_1_433' title='bbox 3349 2235 3540 2305; x_wconf 80' lang='lat' dir='ltr'><strong>gestis,</strong></span> <span class='ocrx_word' id='word_1_434' title='bbox 3584 2246 3746 2302; x_wconf 86' lang='lat' dir='ltr'><strong>quam</strong></span> 
     </span>
    </p>
   </div>
   <div class='ocr_carea' id='block_1_53' title="bbox 2140 2325 3744 2399">
    <p class='ocr_par' dir='ltr' id='par_1_53' title="bbox 2140 2325 3744 2399">
     <span class='ocr_line' id='line_1_53' title="bbox 2140 2325 3744 2399; baseline -0.002 -17"><span class='ocrx_word' id='word_1_435' title='bbox 2140 2336 2267 2382; x_wconf 85' lang='lat' dir='ltr'><strong>ante</strong></span> <span class='ocrx_word' id='word_1_436' title='bbox 2313 2336 2627 2399; x_wconf 87' lang='lat' dir='ltr'><strong>gesserunt.</strong></span> <span class='ocrx_word' id='word_1_437' title='bbox 2665 2327 2923 2397; x_wconf 83' lang='lat' dir='ltr'><strong>Sequitur</strong></span> <span class='ocrx_word' id='word_1_438' title='bbox 2965 2325 3297 2381; x_wconf 84' lang='lat' dir='ltr'><strong>istiusmodi</strong></span> <span class='ocrx_word' id='word_1_439' title='bbox 3349 2325 3598 2381; x_wconf 86' lang='lat' dir='ltr'><strong>homines</strong></span> <span class='ocrx_word' id='word_1_440' title='bbox 3622 2327 3744 2393; x_wconf 88' lang='lat' dir='ltr'><strong>hoc,</strong></span> 
     </span>
    </p>
   </div>
   <div class='ocr_carea' id='block_1_54' title="bbox 2142 2420 3751 2493">
    <p class='ocr_par' dir='ltr' id='par_1_54' title="bbox 2142 2420 3751 2493">
     <span class='ocr_line' id='line_1_54' title="bbox 2142 2420 3751 2493; baseline 0.001 -19"><span class='ocrx_word' id='word_1_441' title='bbox 2142 2423 2287 2493; x_wconf 88' lang='lat' dir='ltr'><strong>quod</strong></span> <span class='ocrx_word' id='word_1_442' title='bbox 2327 2422 2524 2477; x_wconf 86' lang='lat' dir='ltr'><strong>dicitur</strong></span> <span class='ocrx_word' id='word_1_443' title='bbox 2556 2440 2568 2476; x_wconf 91' lang='lat'>:</span> <span class='ocrx_word' id='word_1_444' title='bbox 2604 2420 2849 2493; x_wconf 85' lang='lat' dir='ltr'><strong>Projecta</strong></span> <span class='ocrx_word' id='word_1_445' title='bbox 2894 2438 2945 2476; x_wconf 83' lang='lat' dir='ltr'><strong>cs</strong></span> <span class='ocrx_word' id='word_1_446' title='bbox 2974 2422 3029 2476; x_wconf 81' lang='lat' dir='ltr'><strong>in</strong></span> <span class='ocrx_word' id='word_1_447' title='bbox 3067 2422 3253 2492; x_wconf 78' lang='lat' dir='ltr'><strong>{aciem</strong></span> <span class='ocrx_word' id='word_1_448' title='bbox 3284 2423 3453 2491; x_wconf 81' lang='lat' dir='ltr'><strong>campi</strong></span> <span class='ocrx_word' id='word_1_449' title='bbox 3496 2423 3751 2491; x_wconf 79' lang='lat' dir='ltr'><strong>pratitatc</strong></span> 
     </span>
    </p>
   </div>
   <div class='ocr_carea' id='block_1_55' title="bbox 2141 2515 3745 2586">
    <p class='ocr_par' dir='ltr' id='par_1_55' title="bbox 2141 2515 3745 2586">
     <span class='ocr_line' id='line_1_55' title="bbox 2141 2515 3745 2586; baseline 0.001 -16"><span class='ocrx_word' id='word_1_450' title='bbox 2141 2518 2334 2571; x_wconf 64' lang='lat' dir='ltr'><strong>animt:</strong></span> <span class='ocrx_word' id='word_1_451' title='bbox 2357 2527 2458 2571; x_wconf 75' lang='lat' dir='ltr'><strong>tute</strong></span> <span class='ocrx_word' id='word_1_452' title='bbox 2498 2518 2551 2570; x_wconf 87' lang='lat' dir='ltr'><strong>in</strong></span> <span class='ocrx_word' id='word_1_453' title='bbox 2591 2516 2695 2581; x_wconf 86' lang='lat' dir='ltr'><strong>die,</strong></span> <span class='ocrx_word' id='word_1_454' title='bbox 2724 2532 2828 2586; x_wconf 87' lang='lat' dir='ltr'><strong>qua</strong></span> <span class='ocrx_word' id='word_1_455' title='bbox 2854 2526 2980 2570; x_wconf 86' lang='lat' dir='ltr'><strong>nata</strong></span> <span class='ocrx_word' id='word_1_456' title='bbox 3015 2532 3090 2570; x_wconf 87' lang='lat' dir='ltr'><strong>cs.</strong></span> <span class='ocrx_word' id='word_1_457' title='bbox 3145 2515 3255 2571; x_wconf 80' lang='lat' dir='ltr'><strong>Sed</strong></span> <span class='ocrx_word' id='word_1_458' title='bbox 3286 2515 3409 2571; x_wconf 88' lang='lat' dir='ltr'><strong>vide</strong></span> <span class='ocrx_word' id='word_1_459' title='bbox 3437 2516 3745 2571; x_wconf 78' lang='lat' dir='ltr'><strong>mi:ericur-</strong></span> 
     </span>
    </p>
   </div>
   <div class='ocr_carea' id='block_1_56' title="bbox 2141 2608 3749 2679">
    <p class='ocr_par' dir='ltr' id='par_1_56' title="bbox 2141 2608 3749 2679">
     <span class='ocr_line' id='line_1_56' title="bbox 2141 2608 3749 2679; baseline -0.001 -14"><span class='ocrx_word' id='word_1_460' title='bbox 2141 2608 2287 2665; x_wconf 86' lang='lat' dir='ltr'><strong>diam</strong></span> <span class='ocrx_word' id='word_1_461' title='bbox 2333 2610 2448 2677; x_wconf 91' lang='lat' dir='ltr'><strong>Dei,</strong></span> <span class='ocrx_word' id='word_1_462' title='bbox 2499 2608 2629 2664; x_wconf 86' lang='lat' dir='ltr'><strong>vide</strong></span> <span class='ocrx_word' id='word_1_463' title='bbox 2657 2608 3003 2664; x_wconf 87' lang='lat' dir='ltr'><strong>clementiam</strong></span> <span class='ocrx_word' id='word_1_464' title='bbox 3045 2608 3398 2679; x_wconf 83' lang='lat' dir='ltr'><strong>singularem.</strong></span> <span class='ocrx_word' id='word_1_465' title='bbox 3450 2608 3595 2664; x_wconf 81' lang='lat' dir='ltr'><strong>Licet</strong></span> <span class='ocrx_word' id='word_1_466' title='bbox 3623 2623 3749 2678; x_wconf 90' lang='lat' dir='ltr'><strong>pro-</strong></span> 
     </span>
    </p>
   </div>
   <div class='ocr_carea' id='block_1_57' title="bbox 2138 2701 3742 2774">
    <p class='ocr_par' dir='ltr' id='par_1_57' title="bbox 2138 2701 3742 2774">
     <span class='ocr_line' id='line_1_57' title="bbox 2138 2701 3742 2774; baseline -0.002 -16"><span class='ocrx_word' id='word_1_467' title='bbox 2138 2705 2281 2774; x_wconf 88' lang='lat' dir='ltr'><strong>jecta</strong></span> <span class='ocrx_word' id='word_1_468' title='bbox 2336 2706 2411 2758; x_wconf 89' lang='lat' dir='ltr'><strong>sit</strong></span> <span class='ocrx_word' id='word_1_469' title='bbox 2456 2702 2757 2759; x_wconf 82' lang='lat' dir='ltr'><strong>Jerusalem</strong></span> <span class='ocrx_word' id='word_1_470' title='bbox 2810 2705 2861 2757; x_wconf 90' lang='lat' dir='ltr'><strong>iu</strong></span> <span class='ocrx_word' id='word_1_471' title='bbox 2890 2701 3082 2758; x_wconf 81' lang='lat' dir='ltr'><strong>faciem</strong></span> <span class='ocrx_word' id='word_1_472' title='bbox 3114 2703 3329 2772; x_wconf 84' lang='lat' dir='ltr'><strong>campi,</strong></span> <span class='ocrx_word' id='word_1_473' title='bbox 3379 2716 3487 2755; x_wconf 86' lang='lat' dir='ltr'><strong>non</strong></span> <span class='ocrx_word' id='word_1_474' title='bbox 3520 2704 3590 2756; x_wconf 90' lang='lat' dir='ltr'><strong>ita</strong></span> <span class='ocrx_word' id='word_1_475' title='bbox 3623 2715 3742 2757; x_wconf 89' lang='lat' dir='ltr'><strong>eam</strong></span> 
     </span>
    </p>
   </div>
   <div class='ocr_carea' id='block_1_58' title="bbox 2141 2796 3744 2869">
    <p class='ocr_par' dir='ltr' id='par_1_58' title="bbox 2141 2796 3744 2869">
     <span class='ocr_line' id='line_1_58' title="bbox 2141 2796 3744 2869; baseline -0.002 -16"><span class='ocrx_word' id='word_1_476' title='bbox 2141 2798 2396 2868; x_wconf 88' lang='lat' dir='ltr'><strong>despicit,</strong></span> <span class='ocrx_word' id='word_1_477' title='bbox 2430 2807 2485 2852; x_wconf 90' lang='lat' dir='ltr'><strong>ut</strong></span> <span class='ocrx_word' id='word_1_478' title='bbox 2516 2799 2757 2869; x_wconf 76' lang='lat' dir='ltr'><strong>proiecta</strong></span> <span class='ocrx_word' id='word_1_479' title='bbox 2790 2799 2859 2852; x_wconf 91' lang='lat' dir='ltr'><strong>sit</strong></span> <span class='ocrx_word' id='word_1_480' title='bbox 2889 2813 3145 2867; x_wconf 85' lang='lat' dir='ltr'><strong>setnper;</strong></span> <span class='ocrx_word' id='word_1_481' title='bbox 3199 2811 3307 2851; x_wconf 89' lang='lat' dir='ltr'><strong>non</strong></span> <span class='ocrx_word' id='word_1_482' title='bbox 3362 2796 3433 2851; x_wconf 88' lang='lat' dir='ltr'><strong>ita</strong></span> <span class='ocrx_word' id='word_1_483' title='bbox 3489 2796 3744 2866; x_wconf 86' lang='lat' dir='ltr'><strong>pravitati</strong></span> 
     </span>
    </p>
   </div>
   <div class='ocr_carea' id='block_1_59' title="bbox 2138 2889 3741 2961">
    <p class='ocr_par' dir='ltr' id='par_1_59' title="bbox 2138 2889 3741 2961">
     <span class='ocr_line' id='line_1_59' title="bbox 2138 2889 3741 2961; baseline -0.002 -14"><span class='ocrx_word' id='word_1_484' title='bbox 2138 2905 2255 2947; x_wconf 71' lang='lat' dir='ltr'><strong>sua:</strong></span> <span class='ocrx_word' id='word_1_485' title='bbox 2287 2892 2568 2961; x_wconf 86' lang='lat' dir='ltr'><strong>relinquit,</strong></span> <span class='ocrx_word' id='word_1_486' title='bbox 2601 2900 2659 2946; x_wconf 90' lang='lat' dir='ltr'><strong>ut</strong></span> <span class='ocrx_word' id='word_1_487' title='bbox 2690 2892 2741 2944; x_wconf 93' lang='lat' dir='ltr'><strong>in</strong></span> <span class='ocrx_word' id='word_1_488' title='bbox 2776 2900 2950 2945; x_wconf 85' lang='lat' dir='ltr'><strong>totum</strong></span> <span class='ocrx_word' id='word_1_489' title='bbox 2980 2891 3102 2960; x_wconf 88' lang='lat' dir='ltr'><strong>ejus</strong></span> <span class='ocrx_word' id='word_1_490' title='bbox 3130 2889 3515 2954; x_wconf 86' lang='lat' dir='ltr'><strong>obliviscatur,</strong></span> <span class='ocrx_word' id='word_1_491' title='bbox 3550 2899 3609 2943; x_wconf 93' lang='lat' dir='ltr'><strong>ut</strong></span> <span class='ocrx_word' id='word_1_492' title='bbox 3633 2903 3741 2945; x_wconf 90' lang='lat' dir='ltr'><strong>non</strong></span> 
     </span>
    </p>
   </div>
   <div class='ocr_carea' id='block_1_60' title="bbox 2140 2981 3743 3054">
    <p class='ocr_par' dir='ltr' id='par_1_60' title="bbox 2140 2981 3743 3054">
     <span class='ocr_line' id='line_1_60' title="bbox 2140 2981 3743 3054; baseline -0.002 -16"><span class='ocrx_word' id='word_1_493' title='bbox 2140 2984 2280 3038; x_wconf 86' lang='lat' dir='ltr'><strong>ultra</strong></span> <span class='ocrx_word' id='word_1_494' title='bbox 2331 2985 2507 3039; x_wconf 84' lang='lat' dir='ltr'><strong>elevet</strong></span> <span class='ocrx_word' id='word_1_495' title='bbox 2556 2983 2845 3052; x_wconf 88' lang='lat' dir='ltr'><strong>iacentem.</strong></span> <span class='ocrx_word' id='word_1_496' title='bbox 2889 2982 3125 3039; x_wconf 86' lang='lat' dir='ltr'><strong>Attende</strong></span> <span class='ocrx_word' id='word_1_497' title='bbox 3153 2981 3285 3054; x_wconf 84' lang='lat' dir='ltr'><strong>quid</strong></span> <span class='ocrx_word' id='word_1_498' title='bbox 3333 2981 3629 3053; x_wconf 78' lang='lat' dir='ltr'><strong>sequitur:</strong></span> <span class='ocrx_word' id='word_1_499' title='bbox 3676 2981 3743 3035; x_wconf 79' lang='lat' dir='ltr'><strong>Et</strong></span> 
     </span>
    </p>
   </div>
   <div class='ocr_carea' id='block_1_61' title="bbox 2142 3075 3743 3149">
    <p class='ocr_par' dir='ltr' id='par_1_61' title="bbox 2142 3075 3743 3149">
     <span class='ocr_line' id='line_1_61' title="bbox 2142 3075 3743 3149; baseline -0.002 -17"><span class='ocrx_word' id='word_1_500' title='bbox 2142 3080 2357 3133; x_wconf 79' lang='lat' dir='ltr'><strong>transisi</strong></span> <span class='ocrx_word' id='word_1_501' title='bbox 2399 3095 2488 3149; x_wconf 84' lang='lat' dir='ltr'><strong>per</strong></span> <span class='ocrx_word' id='word_1_502' title='bbox 2516 3087 2585 3132; x_wconf 79' lang='lat' dir='ltr'><strong>te.</strong></span> <span class='ocrx_word' id='word_1_503' title='bbox 2632 3078 2883 3148; x_wconf 78' lang='lat' dir='ltr'><strong>Prejeeta</strong></span> <span class='ocrx_word' id='word_1_504' title='bbox 2910 3092 2989 3146; x_wconf 87' lang='lat' dir='ltr'><strong>es,</strong></span> <span class='ocrx_word' id='word_1_505' title='bbox 3019 3092 3121 3147; x_wconf 85' lang='lat' dir='ltr'><strong>ego</strong></span> <span class='ocrx_word' id='word_1_506' title='bbox 3162 3085 3343 3131; x_wconf 90' lang='lat' dir='ltr'><strong>tamen</strong></span> <span class='ocrx_word' id='word_1_507' title='bbox 3373 3091 3591 3131; x_wconf 87' lang='lat' dir='ltr'><strong>rursum</strong></span> <span class='ocrx_word' id='word_1_508' title='bbox 3620 3075 3743 3130; x_wconf 85' lang='lat' dir='ltr'><strong>veni</strong></span> 
     </span>
    </p>
   </div>
   <div class='ocr_carea' id='block_1_62' title="bbox 423 3166 3739 3243">
    <p class='ocr_par' dir='ltr' id='par_1_62' title="bbox 423 3166 3739 3243">
     <span class='ocr_line' id='line_1_62' title="bbox 423 3166 3739 3243; baseline -0.002 -16"><span class='ocrx_word' id='word_1_509' title='bbox 423 3187 520 3243; x_wconf 83' lang='lat' dir='ltr'><strong>per</strong></span> <span class='ocrx_word' id='word_1_510' title='bbox 549 3172 907 3227; x_wconf 82' lang='lat' dir='ltr'><strong>Salvatorem.</strong></span> <span class='ocrx_word' id='word_1_511' title='bbox 944 3170 1234 3226; x_wconf 83' lang='lat' dir='ltr'><strong>Descendit</strong></span> <span class='ocrx_word' id='word_1_512' title='bbox 1264 3170 1317 3224; x_wconf 91' lang='lat' dir='ltr'><strong>in</strong></span> <span class='ocrx_word' id='word_1_513' title='bbox 1348 3177 1526 3223; x_wconf 83' lang='lat' dir='ltr'><strong>terras</strong></span> <span class='ocrx_word' id='word_1_514' title='bbox 1554 3167 1821 3222; x_wconf 83' lang='lat' dir='ltr'><strong>miserans</strong></span> <span class='ocrx_word' id='word_1_515' title='bbox 1843 3166 2033 3219; x_wconf 85' lang='lat' dir='ltr'><strong>hnma-</strong></span> <span class='ocrx_word' id='word_1_516' title='bbox 2062 3168 2108 3234; x_wconf 63' lang='grc' dir='ltr'><strong>(ζ</strong></span> <span class='ocrx_word' id='word_1_517' title='bbox 2141 3172 2206 3227; x_wconf 78' lang='lat' dir='ltr'><strong>ad</strong></span> <span class='ocrx_word' id='word_1_518' title='bbox 2242 3183 2293 3227; x_wconf 78' lang='lat' dir='ltr'><strong>te</strong></span> <span class='ocrx_word' id='word_1_519' title='bbox 2324 3190 2336 3227; x_wconf 75' lang='grc' dir='ltr'><strong>ε</strong></span> <span class='ocrx_word' id='word_1_520' title='bbox 2383 3172 2624 3227; x_wconf 73' lang='lat' dir='ltr'><strong>visitatio</strong></span> <span class='ocrx_word' id='word_1_521' title='bbox 2670 3186 2792 3227; x_wconf 72' lang='lat' dir='ltr'><strong>mea</strong></span> <span class='ocrx_word' id='word_1_522' title='bbox 2822 3187 2930 3226; x_wconf 82' lang='lat' dir='ltr'><strong>non</strong></span> <span class='ocrx_word' id='word_1_523' title='bbox 2983 3171 3080 3226; x_wconf 84' lang='lat' dir='ltr'><strong>tibi</strong></span> <span class='ocrx_word' id='word_1_524' title='bbox 3123 3170 3295 3227; x_wconf 78' lang='lat' dir='ltr'><strong>defuit</strong></span> <span class='ocrx_word' id='word_1_525' title='bbox 3336 3178 3459 3241; x_wconf 76' lang='lat' dir='ltr'><strong>post</strong></span> <span class='ocrx_word' id='word_1_526' title='bbox 3505 3168 3739 3225; x_wconf 81' lang='lat' dir='ltr'><strong>ruinam.</strong></span> 
     </span>
    </p>
   </div>
   <div class='ocr_carea' id='block_1_63' title="bbox 335 3266 2025 3337">
    <p class='ocr_par' dir='ltr' id='par_1_63' title="bbox 335 3266 2025 3337">
     <span class='ocr_line' id='line_1_63' title="bbox 335 3266 2025 3337; baseline -0.003 -16"><span class='ocrx_word' id='word_1_527' title='bbox 335 3290 342 3299; x_wconf 89' lang='lat'><strong>-</strong></span> <span class='ocrx_word' id='word_1_528' title='bbox 427 3283 555 3321; x_wconf 84' lang='lat' dir='ltr'><strong>num</strong></span> <span class='ocrx_word' id='word_1_529' title='bbox 567 3281 762 3337; x_wconf 85' lang='lat' dir='ltr'><strong>genus,</strong></span> <span class='ocrx_word' id='word_1_530' title='bbox 778 3266 1062 3334; x_wconf 86' lang='lat' dir='ltr'><strong>passiones</strong></span> <span class='ocrx_word' id='word_1_531' title='bbox 1076 3278 1370 3335; x_wconf 86' lang='lat' dir='ltr'><strong>perpessus</strong></span> <span class='ocrx_word' id='word_1_532' title='bbox 1384 3272 1468 3319; x_wconf 87' lang='lat' dir='ltr'><strong>est</strong></span> <span class='ocrx_word' id='word_1_533' title='bbox 1483 3270 1713 3329; x_wconf 89' lang='lat' dir='ltr'><strong>nostras,</strong></span> <span class='ocrx_word' id='word_1_534' title='bbox 1733 3271 2025 3332; x_wconf 86' lang='lat' dir='ltr'><strong>antequam</strong></span> 
     </span>
    </p>
   </div>
   <div class='ocr_carea' id='block_1_64' title="bbox 425 3353 2029 3429">
    <p class='ocr_par' dir='ltr' id='par_1_64' title="bbox 425 3353 2029 3429">
     <span class='ocr_line' id='line_1_64' title="bbox 425 3353 2029 3429; baseline -0.004 -14"><span class='ocrx_word' id='word_1_535' title='bbox 425 3374 651 3415; x_wconf 76' lang='lat' dir='ltr'><strong>crucem</strong></span> <span class='ocrx_word' id='word_1_536' title='bbox 691 3367 999 3429; x_wconf 86' lang='lat' dir='ltr'><strong>pateretur,</strong></span> <span class='ocrx_word' id='word_1_537' title='bbox 1049 3366 1105 3412; x_wconf 86' lang='lat' dir='ltr'><strong>et</strong></span> <span class='ocrx_word' id='word_1_538' title='bbox 1145 3370 1368 3411; x_wconf 90' lang='lat' dir='ltr'><strong>carnem</strong></span> <span class='ocrx_word' id='word_1_539' title='bbox 1416 3364 1659 3411; x_wconf 86' lang='lat' dir='ltr'><strong>nostram</strong></span> <span class='ocrx_word' id='word_1_540' title='bbox 1711 3353 2029 3425; x_wconf 83' lang='lat' dir='ltr'><strong>dignaretur</strong></span> 
     </span>
    </p>
   </div>
   <div class='ocr_carea' id='block_1_65' title="bbox 422 3447 2028 3518">
    <p class='ocr_par' dir='ltr' id='par_1_65' title="bbox 422 3447 2028 3518">
     <span class='ocr_line' id='line_1_65' title="bbox 422 3447 2028 3518; baseline -0.005 -8"><span class='ocrx_word' id='word_1_541' title='bbox 422 3468 728 3510; x_wconf 79' lang='lat' dir='ltr'><strong>assumere.</strong></span> <span class='ocrx_word' id='word_1_542' title='bbox 755 3452 811 3509; x_wconf 88' lang='lat' dir='ltr'><strong>Si</strong></span> <span class='ocrx_word' id='word_1_543' title='bbox 842 3452 988 3507; x_wconf 76' lang='lat' dir='ltr'><strong>enim</strong></span> <span class='ocrx_word' id='word_1_544' title='bbox 1023 3466 1131 3505; x_wconf 87' lang='lat' dir='ltr'><strong>non</strong></span> <span class='ocrx_word' id='word_1_545' title='bbox 1165 3449 1359 3503; x_wconf 86' lang='lat' dir='ltr'><strong>inisset</strong></span> <span class='ocrx_word' id='word_1_546' title='bbox 1386 3463 1605 3518; x_wconf 86' lang='lat' dir='ltr'><strong>passus,</strong></span> <span class='ocrx_word' id='word_1_547' title='bbox 1636 3464 1744 3502; x_wconf 92' lang='lat' dir='ltr'><strong>non</strong></span> <span class='ocrx_word' id='word_1_548' title='bbox 1786 3447 2028 3502; x_wconf 85' lang='lat' dir='ltr'><strong>venisset</strong></span> 
     </span>
    </p>
   </div>
   <div class='ocr_carea' id='block_1_66' title="bbox 420 3543 2019 3612">
    <p class='ocr_par' dir='ltr' id='par_1_66' title="bbox 420 3543 2019 3612">
     <span class='ocr_line' id='line_1_66' title="bbox 420 3543 2019 3612; baseline -0.005 -9"><span class='ocrx_word' id='word_1_549' title='bbox 420 3547 479 3603; x_wconf 85' lang='lat' dir='ltr'><strong>in</strong></span> <span class='ocrx_word' id='word_1_550' title='bbox 497 3547 969 3603; x_wconf 82' lang='lat' dir='ltr'><strong>conversationem</strong></span> <span class='ocrx_word' id='word_1_551' title='bbox 993 3543 1402 3600; x_wconf 65' lang='lat' dir='ltr'><strong>humanasvitm.</strong></span> <span class='ocrx_word' id='word_1_552' title='bbox 1431 3543 1673 3598; x_wconf 83' lang='lat' dir='ltr'><strong>Primum</strong></span> <span class='ocrx_word' id='word_1_553' title='bbox 1695 3556 1887 3612; x_wconf 87' lang='lat' dir='ltr'><strong>passus</strong></span> <span class='ocrx_word' id='word_1_554' title='bbox 1913 3548 2019 3609; x_wconf 88' lang='lat' dir='ltr'><strong>est,</strong></span> 
     </span>
    </p>
   </div>
   <div class='ocr_carea' id='block_1_67' title="bbox 421 3635 2026 3705">
    <p class='ocr_par' dir='ltr' id='par_1_67' title="bbox 421 3635 2026 3705">
     <span class='ocr_line' id='line_1_67' title="bbox 421 3635 2026 3705; baseline -0.006 -8"><span class='ocrx_word' id='word_1_555' title='bbox 421 3642 618 3697; x_wconf 85' lang='lat' dir='ltr'><strong>deinde</strong></span> <span class='ocrx_word' id='word_1_556' title='bbox 644 3639 952 3705; x_wconf 87' lang='lat' dir='ltr'><strong>descendit,</strong></span> <span class='ocrx_word' id='word_1_557' title='bbox 970 3650 1025 3693; x_wconf 89' lang='lat' dir='ltr'><strong>et</strong></span> <span class='ocrx_word' id='word_1_558' title='bbox 1042 3638 1194 3693; x_wconf 86' lang='lat' dir='ltr'><strong>visus</strong></span> <span class='ocrx_word' id='word_1_559' title='bbox 1216 3646 1317 3692; x_wconf 90' lang='lat' dir='ltr'><strong>est.</strong></span> <span class='ocrx_word' id='word_1_560' title='bbox 1334 3636 1467 3704; x_wconf 71' lang='lat' dir='ltr'><strong>Quae</strong></span> <span class='ocrx_word' id='word_1_561' title='bbox 1488 3646 1573 3692; x_wconf 80' lang='lat' dir='ltr'><strong>est</strong></span> <span class='ocrx_word' id='word_1_562' title='bbox 1596 3635 1725 3701; x_wconf 80' lang='lat' dir='ltr'><strong>ista,</strong></span> <span class='ocrx_word' id='word_1_563' title='bbox 1741 3650 1901 3705; x_wconf 85' lang='lat' dir='ltr'><strong>quam</strong></span> <span class='ocrx_word' id='word_1_564' title='bbox 1928 3649 2026 3705; x_wconf 89' lang='lat' dir='ltr'><strong>pro</strong></span> 
     </span>
    </p>
   </div>
   <div class='ocr_carea' id='block_1_68' title="bbox 424 3726 2026 3803">
    <p class='ocr_par' dir='ltr' id='par_1_68' title="bbox 424 3726 2026 3803">
     <span class='ocr_line' id='line_1_68' title="bbox 424 3726 2026 3803; baseline -0.007 -13"><span class='ocrx_word' id='word_1_565' title='bbox 424 3735 583 3790; x_wconf 85' lang='lat' dir='ltr'><strong>nobis</strong></span> <span class='ocrx_word' id='word_1_566' title='bbox 606 3748 799 3803; x_wconf 87' lang='lat' dir='ltr'><strong>passus</strong></span> <span class='ocrx_word' id='word_1_567' title='bbox 830 3742 937 3800; x_wconf 80' lang='lat' dir='ltr'><strong>est,</strong></span> <span class='ocrx_word' id='word_1_568' title='bbox 966 3729 1189 3801; x_wconf 84' lang='lat' dir='ltr'><strong>passio?</strong></span> <span class='ocrx_word' id='word_1_569' title='bbox 1216 3727 1473 3784; x_wconf 87' lang='lat' dir='ltr'><strong>Charitas</strong></span> <span class='ocrx_word' id='word_1_570' title='bbox 1502 3738 1584 3783; x_wconf 84' lang='lat' dir='ltr'><strong>est</strong></span> <span class='ocrx_word' id='word_1_571' title='bbox 1616 3728 1819 3797; x_wconf 87' lang='lat' dir='ltr'><strong>passio.</strong></span> <span class='ocrx_word' id='word_1_572' title='bbox 1860 3726 2026 3781; x_wconf 88' lang='lat' dir='ltr'><strong>Pater</strong></span> 
     </span>
    </p>
   </div>
   <div class='ocr_carea' id='block_1_69' title="bbox 421 3822 2027 3899">
    <p class='ocr_par' dir='ltr' id='par_1_69' title="bbox 421 3822 2027 3899">
     <span class='ocr_line' id='line_1_69' title="bbox 421 3822 2027 3899; baseline -0.004 -18"><span class='ocrx_word' id='word_1_573' title='bbox 421 3834 643 3899; x_wconf 87' lang='lat' dir='ltr'><strong>quoque</strong></span> <span class='ocrx_word' id='word_1_574' title='bbox 676 3826 815 3897; x_wconf 85' lang='lat' dir='ltr'><strong>ipse,</strong></span> <span class='ocrx_word' id='word_1_575' title='bbox 848 3836 904 3881; x_wconf 90' lang='lat' dir='ltr'><strong>et</strong></span> <span class='ocrx_word' id='word_1_576' title='bbox 937 3826 1080 3880; x_wconf 91' lang='lat' dir='ltr'><strong>Deus</strong></span> <span class='ocrx_word' id='word_1_577' title='bbox 1133 3822 1506 3879; x_wconf 80' lang='lat' dir='ltr'><strong>universitatis</strong></span> <span class='ocrx_word' id='word_1_578' title='bbox 1528 3864 1541 3889; x_wconf 94' lang='lat'><strong>,</strong></span> <span class='ocrx_word' id='word_1_579' title='bbox 1591 3822 1918 3893; x_wconf 86' lang='lat' dir='ltr'><strong>longanimis</strong></span> <span class='ocrx_word' id='word_1_580' title='bbox 1970 3829 2027 3876; x_wconf 87' lang='lat' dir='ltr'><strong>et</strong></span> 
     </span>
    </p>
   </div>
   <div class='ocr_carea' id='block_1_70' title="bbox 418 3916 2023 3988">
    <p class='ocr_par' dir='ltr' id='par_1_70' title="bbox 418 3916 2023 3988">
     <span class='ocr_line' id='line_1_70' title="bbox 418 3916 2023 3988; baseline -0.004 -11"><span class='ocrx_word' id='word_1_581' title='bbox 418 3922 648 3977; x_wconf 79' lang='lat' dir='ltr'><strong>multum</strong></span> <span class='ocrx_word' id='word_1_582' title='bbox 674 3920 988 3975; x_wconf 79' lang='lat' dir='ltr'><strong>misericors</strong></span> <span class='ocrx_word' id='word_1_583' title='bbox 1020 3927 1075 3974; x_wconf 83' lang='lat' dir='ltr'><strong>et</strong></span> <span class='ocrx_word' id='word_1_584' title='bbox 1095 3920 1406 3984; x_wconf 81' lang='lat' dir='ltr'><strong>miserator,</strong></span> <span class='ocrx_word' id='word_1_585' title='bbox 1446 3931 1629 3972; x_wconf 88' lang='lat' dir='ltr'><strong>nonne</strong></span> <span class='ocrx_word' id='word_1_586' title='bbox 1663 3916 2023 3988; x_wconf 81' lang='lat' dir='ltr'><strong>quodammo—</strong></span> 
     </span>
    </p>
   </div>
   <div class='ocr_carea' id='block_1_71' title="bbox 420 4010 2023 4083">
    <p class='ocr_par' dir='ltr' id='par_1_71' title="bbox 420 4010 2023 4083">
     <span class='ocr_line' id='line_1_71' title="bbox 420 4010 2023 4083; baseline -0.002 -13"><span class='ocrx_word' id='word_1_587' title='bbox 420 4014 494 4070; x_wconf 88' lang='lat' dir='ltr'><strong>do</strong></span> <span class='ocrx_word' id='word_1_588' title='bbox 522 4014 722 4083; x_wconf 84' lang='lat' dir='ltr'><strong>patitur</strong></span> <span class='ocrx_word' id='word_1_589' title='bbox 754 4013 822 4066; x_wconf 68' lang='grc' dir='ltr'><strong>αἳ</strong></span> <span class='ocrx_word' id='word_1_590' title='bbox 871 4018 957 4067; x_wconf 75' lang='lat' dir='ltr'><strong>Ms</strong></span> <span class='ocrx_word' id='word_1_591' title='bbox 993 4013 1213 4082; x_wconf 77' lang='lat' dir='ltr'><strong>ignoras</strong></span> <span class='ocrx_word' id='word_1_592' title='bbox 1240 4011 1366 4081; x_wconf 89' lang='lat' dir='ltr'><strong>quia</strong></span> <span class='ocrx_word' id='word_1_593' title='bbox 1392 4010 1613 4081; x_wconf 88' lang='lat' dir='ltr'><strong>quando</strong></span> <span class='ocrx_word' id='word_1_594' title='bbox 1638 4013 1869 4065; x_wconf 89' lang='lat' dir='ltr'><strong>humana</strong></span> <span class='ocrx_word' id='word_1_595' title='bbox 1913 4010 2023 4067; x_wconf 85' lang='lat' dir='ltr'><strong>dis-</strong></span> 
     </span>
    </p>
   </div>
   <div class='ocr_carea' id='block_1_72' title="bbox 419 4102 2022 4179">
    <p class='ocr_par' dir='ltr' id='par_1_72' title="bbox 419 4102 2022 4179">
     <span class='ocr_line' id='line_1_72' title="bbox 419 4102 2022 4179; baseline -0.002 -18"><span class='ocrx_word' id='word_1_596' title='bbox 419 4117 636 4179; x_wconf 74' lang='lat' dir='ltr'><strong>pensat,</strong></span> <span class='ocrx_word' id='word_1_597' title='bbox 662 4106 977 4176; x_wconf 83' lang='lat' dir='ltr'><strong>passionem</strong></span> <span class='ocrx_word' id='word_1_598' title='bbox 1023 4104 1225 4175; x_wconf 89' lang='lat' dir='ltr'><strong>patitur</strong></span> <span class='ocrx_word' id='word_1_599' title='bbox 1270 4102 1615 4158; x_wconf 76' lang='lat' dir='ltr'><strong>humanam?</strong></span> <span class='ocrx_word' id='word_1_600' title='bbox 1669 4105 2022 4173; x_wconf 83' lang='lat' dir='ltr'><strong>Supportavit</strong></span> 
     </span>
    </p>
   </div>
   <div class='ocr_carea' id='block_1_73' title="bbox 420 4194 2023 4266">
    <p class='ocr_par' dir='ltr' id='par_1_73' title="bbox 420 4194 2023 4266">
     <span class='ocr_line' id='line_1_73' title="bbox 420 4194 2023 4266; baseline -0.003 -11"><span class='ocrx_word' id='word_1_601' title='bbox 420 4202 571 4256; x_wconf 72' lang='lat' dir='ltr'><strong>enim</strong></span> <span class='ocrx_word' id='word_1_602' title='bbox 600 4214 781 4255; x_wconf 77' lang='lat' dir='ltr'><strong>mores</strong></span> <span class='ocrx_word' id='word_1_603' title='bbox 814 4208 935 4254; x_wconf 84' lang='lat' dir='ltr'><strong>tuos</strong></span> <span class='ocrx_word' id='word_1_604' title='bbox 970 4198 1235 4254; x_wconf 78' lang='lat' dir='ltr'><strong>Dominus</strong></span> <span class='ocrx_word' id='word_1_605' title='bbox 1273 4196 1418 4253; x_wconf 87' lang='lat' dir='ltr'><strong>Deus</strong></span> <span class='ocrx_word' id='word_1_606' title='bbox 1466 4204 1613 4263; x_wconf 87' lang='lat' dir='ltr'><strong>tuus,</strong></span> <span class='ocrx_word' id='word_1_607' title='bbox 1659 4194 1933 4266; x_wconf 89' lang='lat' dir='ltr'><strong>quomodo</strong></span> <span class='ocrx_word' id='word_1_608' title='bbox 1976 4195 2023 4251; x_wconf 90' lang='lat' dir='ltr'><strong>si</strong></span> 
     </span>
    </p>
   </div>
   <div class='ocr_carea' id='block_1_74' title="bbox 418 4287 2024 4362">
    <p class='ocr_par' dir='ltr' id='par_1_74' title="bbox 418 4287 2024 4362">
     <span class='ocr_line' id='line_1_74' title="bbox 418 4287 2024 4362; baseline -0.002 -15"><span class='ocrx_word' id='word_1_609' title='bbox 418 4292 541 4362; x_wconf 86' lang='lat' dir='ltr'><strong>quis</strong></span> <span class='ocrx_word' id='word_1_610' title='bbox 569 4300 856 4362; x_wconf 79' lang='lat' dir='ltr'><strong>supportet</strong></span> <span class='ocrx_word' id='word_1_611' title='bbox 878 4290 1041 4346; x_wconf 79' lang='lat' dir='ltr'><strong>homo</strong></span> <span class='ocrx_word' id='word_1_612' title='bbox 1072 4288 1247 4344; x_wconf 81' lang='lat' dir='ltr'><strong>tilium</strong></span> <span class='ocrx_word' id='word_1_613' title='bbox 1269 4302 1449 4343; x_wconf 86' lang='lat' dir='ltr'><strong>suum.</strong></span> <span class='ocrx_word' id='word_1_614' title='bbox 1478 4287 1651 4359; x_wconf 87' lang='lat' dir='ltr'><strong>Igitur</strong></span> <span class='ocrx_word' id='word_1_615' title='bbox 1678 4303 1861 4343; x_wconf 89' lang='lat' dir='ltr'><strong>mores</strong></span> <span class='ocrx_word' id='word_1_616' title='bbox 1898 4304 2024 4344; x_wconf 90' lang='lat' dir='ltr'><strong>nos-</strong></span> 
     </span>
    </p>
   </div>
   <div class='ocr_carea' id='block_1_75' title="bbox 421 4382 2024 4456">
    <p class='ocr_par' dir='ltr' id='par_1_75' title="bbox 421 4382 2024 4456">
     <span class='ocr_line' id='line_1_75' title="bbox 421 4382 2024 4456; baseline -0.002 -15"><span class='ocrx_word' id='word_1_617' title='bbox 421 4397 543 4442; x_wconf 83' lang='lat' dir='ltr'><strong>tros</strong></span> <span class='ocrx_word' id='word_1_618' title='bbox 565 4394 851 4456; x_wconf 83' lang='lat' dir='ltr'><strong>supportat</strong></span> <span class='ocrx_word' id='word_1_619' title='bbox 881 4385 1043 4451; x_wconf 85' lang='lat' dir='ltr'><strong>Deus,</strong></span> <span class='ocrx_word' id='word_1_620' title='bbox 1077 4382 1224 4438; x_wconf 81' lang='lat' dir='ltr'><strong>sicut</strong></span> <span class='ocrx_word' id='word_1_621' title='bbox 1273 4386 1558 4452; x_wconf 81' lang='lat' dir='ltr'><strong>passiones</strong></span> <span class='ocrx_word' id='word_1_622' title='bbox 1590 4390 1805 4437; x_wconf 86' lang='lat' dir='ltr'><strong>nostras</strong></span> <span class='ocrx_word' id='word_1_623' title='bbox 1846 4389 2024 4452; x_wconf 89' lang='lat' dir='ltr'><strong>portat</strong></span> 
     </span>
    </p>
   </div>
   <div class='ocr_carea' id='block_1_76' title="bbox 418 4474 2026 4548">
    <p class='ocr_par' dir='ltr' id='par_1_76' title="bbox 418 4474 2026 4548">
     <span class='ocr_line' id='line_1_76' title="bbox 418 4474 2026 4548; baseline -0.002 -14"><span class='ocrx_word' id='word_1_624' title='bbox 418 4478 592 4535; x_wconf 84' lang='lat' dir='ltr'><strong>Filius</strong></span> <span class='ocrx_word' id='word_1_625' title='bbox 620 4478 738 4535; x_wconf 85' lang='lat' dir='ltr'><strong>Dei.</strong></span> <span class='ocrx_word' id='word_1_626' title='bbox 768 4477 891 4548; x_wconf 83' lang='lat' dir='ltr'><strong>ipse</strong></span> <span class='ocrx_word' id='word_1_627' title='bbox 923 4477 1085 4533; x_wconf 84' lang='lat' dir='ltr'><strong>Pater</strong></span> <span class='ocrx_word' id='word_1_628' title='bbox 1113 4491 1222 4531; x_wconf 80' lang='lat' dir='ltr'><strong>non</strong></span> <span class='ocrx_word' id='word_1_629' title='bbox 1244 4486 1329 4531; x_wconf 86' lang='lat' dir='ltr'><strong>est</strong></span> <span class='ocrx_word' id='word_1_630' title='bbox 1367 4474 1750 4544; x_wconf 59' lang='lat' dir='ltr'><strong>inpassibilis.</strong></span> <span class='ocrx_word' id='word_1_631' title='bbox 1781 4476 1837 4530; x_wconf 86' lang='lat' dir='ltr'><strong>Si</strong></span> <span class='ocrx_word' id='word_1_632' title='bbox 1864 4490 2026 4546; x_wconf 86' lang='lat' dir='ltr'><strong>roge-</strong></span> 
     </span>
    </p>
   </div>
   <div class='ocr_carea' id='block_1_77' title="bbox 2131 3266 3739 3340">
    <p class='ocr_par' dir='ltr' id='par_1_77' title="bbox 2131 3266 3739 3340">
     <span class='ocr_line' id='line_1_77' title="bbox 2131 3266 3739 3340; baseline -0.001 -18"><span class='ocrx_word' id='word_1_633' title='bbox 2131 3268 2204 3322; x_wconf 86' lang='lat' dir='ltr'><strong>Et</strong></span> <span class='ocrx_word' id='word_1_634' title='bbox 2244 3270 2350 3323; x_wconf 81' lang='lat' dir='ltr'><strong>ridi</strong></span> <span class='ocrx_word' id='word_1_635' title='bbox 2380 3279 2429 3324; x_wconf 87' lang='lat' dir='ltr'><strong>te</strong></span> <span class='ocrx_word' id='word_1_636' title='bbox 2458 3283 2789 3340; x_wconf 82' lang='lat' dir='ltr'><strong>conspersum</strong></span> <span class='ocrx_word' id='word_1_637' title='bbox 2820 3269 2874 3321; x_wconf 86' lang='lat' dir='ltr'><strong>in</strong></span> <span class='ocrx_word' id='word_1_638' title='bbox 2906 3268 3157 3340; x_wconf 75' lang='lat' dir='ltr'><strong>sanguine</strong></span> <span class='ocrx_word' id='word_1_639' title='bbox 3187 3276 3296 3321; x_wconf 84' lang='lat' dir='ltr'><strong>tuo.</strong></span> <span class='ocrx_word' id='word_1_640' title='bbox 3341 3266 3507 3334; x_wconf 83' lang='lat' dir='ltr'><strong>Quasi</strong></span> <span class='ocrx_word' id='word_1_641' title='bbox 3547 3266 3689 3320; x_wconf 82' lang='lat' dir='ltr'><strong>dicat</strong></span> <span class='ocrx_word' id='word_1_642' title='bbox 3725 3282 3739 3321; x_wconf 91' lang='lat'><strong>:</strong></span> 
     </span>
    </p>
   </div>
   <div class='ocr_carea' id='block_1_78' title="bbox 2130 3359 3740 3429">
    <p class='ocr_par' dir='ltr' id='par_1_78' title="bbox 2130 3359 3740 3429">
     <span class='ocr_line' id='line_1_78' title="bbox 2130 3359 3740 3429; baseline -0.004 -13"><span class='ocrx_word' id='word_1_643' title='bbox 2130 3361 2243 3416; x_wconf 88' lang='lat' dir='ltr'><strong>vidi</strong></span> <span class='ocrx_word' id='word_1_644' title='bbox 2273 3371 2324 3417; x_wconf 91' lang='lat' dir='ltr'><strong>te</strong></span> <span class='ocrx_word' id='word_1_645' title='bbox 2351 3376 2501 3416; x_wconf 89' lang='lat' dir='ltr'><strong>ream</strong></span> <span class='ocrx_word' id='word_1_646' title='bbox 2526 3360 2970 3426; x_wconf 88' lang='lat' dir='ltr'><strong>ltomicidiorum,</strong></span> <span class='ocrx_word' id='word_1_647' title='bbox 3003 3374 3149 3413; x_wconf 89' lang='lat' dir='ltr'><strong>ream</strong></span> <span class='ocrx_word' id='word_1_648' title='bbox 3188 3359 3469 3429; x_wconf 85' lang='lat' dir='ltr'><strong>sanguinis</strong></span> <span class='ocrx_word' id='word_1_649' title='bbox 3503 3368 3557 3413; x_wconf 89' lang='lat' dir='ltr'><strong>et</strong></span> <span class='ocrx_word' id='word_1_650' title='bbox 3590 3372 3740 3412; x_wconf 87' lang='lat' dir='ltr'><strong>mur-</strong></span> 
     </span>
    </p>
   </div>
   <div class='ocr_carea' id='block_1_79' title="bbox 2131 3450 3740 3526">
    <p class='ocr_par' dir='ltr' id='par_1_79' title="bbox 2131 3450 3740 3526">
     <span class='ocr_line' id='line_1_79' title="bbox 2131 3450 3740 3526; baseline -0.003 -16"><span class='ocrx_word' id='word_1_651' title='bbox 2131 3457 2316 3511; x_wconf 89' lang='lat' dir='ltr'><strong>talium</strong></span> <span class='ocrx_word' id='word_1_652' title='bbox 2349 3467 2717 3526; x_wconf 88' lang='lat' dir='ltr'><strong>peccatorum.</strong></span> <span class='ocrx_word' id='word_1_653' title='bbox 2749 3452 2816 3507; x_wconf 84' lang='lat' dir='ltr'><strong>Et</strong></span> <span class='ocrx_word' id='word_1_654' title='bbox 2847 3454 2958 3508; x_wconf 71' lang='lat' dir='ltr'><strong>dixi</strong></span> <span class='ocrx_word' id='word_1_655' title='bbox 2985 3453 3118 3507; x_wconf 76' lang='lat' dir='ltr'><strong>tibi:</strong></span> <span class='ocrx_word' id='word_1_656' title='bbox 3150 3450 3230 3507; x_wconf 86' lang='lat' dir='ltr'><strong>De</strong></span> <span class='ocrx_word' id='word_1_657' title='bbox 3252 3454 3503 3525; x_wconf 79' lang='lat' dir='ltr'><strong>sanguine</strong></span> <span class='ocrx_word' id='word_1_658' title='bbox 3526 3463 3613 3506; x_wconf 87' lang='lat' dir='ltr'><strong>tuo</strong></span> <span class='ocrx_word' id='word_1_659' title='bbox 3635 3454 3740 3506; x_wconf 77' lang='lat' dir='ltr'><strong>vita</strong></span> 
     </span>
    </p>
   </div>
   <div class='ocr_carea' id='block_1_80' title="bbox 2130 3545 3733 3618">
    <p class='ocr_par' dir='ltr' id='par_1_80' title="bbox 2130 3545 3733 3618">
     <span class='ocr_line' id='line_1_80' title="bbox 2130 3545 3733 3618; baseline -0.002 -15"><span class='ocrx_word' id='word_1_660' title='bbox 2130 3547 2440 3612; x_wconf 83' lang='lat' dir='ltr'><strong>adimplere.</strong></span> <span class='ocrx_word' id='word_1_661' title='bbox 2492 3547 2633 3618; x_wconf 86' lang='lat' dir='ltr'><strong>Suge</strong></span> <span class='ocrx_word' id='word_1_662' title='bbox 2662 3547 2727 3600; x_wconf 82' lang='lat' dir='ltr'><strong>de</strong></span> <span class='ocrx_word' id='word_1_663' title='bbox 2749 3546 3003 3618; x_wconf 83' lang='lat' dir='ltr'><strong>sanguine</strong></span> <span class='ocrx_word' id='word_1_664' title='bbox 3029 3555 3147 3615; x_wconf 79' lang='lat' dir='ltr'><strong>tuo,</strong></span> <span class='ocrx_word' id='word_1_665' title='bbox 3196 3555 3242 3599; x_wconf 87' lang='lat' dir='ltr'><strong>ct</strong></span> <span class='ocrx_word' id='word_1_666' title='bbox 3279 3545 3569 3616; x_wconf 71' lang='lat' dir='ltr'><strong>adimplere</strong></span> <span class='ocrx_word' id='word_1_667' title='bbox 3608 3545 3733 3600; x_wconf 75' lang='lat' dir='ltr'><strong>vita.</strong></span> 
     </span>
    </p>
   </div>
   <div class='ocr_carea' id='block_1_81' title="bbox 2133 3638 3735 3714">
    <p class='ocr_par' dir='ltr' id='par_1_81' title="bbox 2133 3638 3735 3714">
     <span class='ocr_line' id='line_1_81' title="bbox 2133 3638 3735 3714; baseline -0.004 -15"><span class='ocrx_word' id='word_1_668' title='bbox 2133 3642 2281 3699; x_wconf 83' lang='lat' dir='ltr'><strong>Sicut</strong></span> <span class='ocrx_word' id='word_1_669' title='bbox 2308 3642 2488 3696; x_wconf 83' lang='lat' dir='ltr'><strong>hortus</strong></span> <span class='ocrx_word' id='word_1_670' title='bbox 2508 3643 2622 3714; x_wconf 83' lang='lat' dir='ltr'><strong>agri</strong></span> <span class='ocrx_word' id='word_1_671' title='bbox 2653 3640 2774 3694; x_wconf 82' lang='lat' dir='ltr'><strong>dedi</strong></span> <span class='ocrx_word' id='word_1_672' title='bbox 2802 3651 2868 3696; x_wconf 84' lang='lat' dir='ltr'><strong>te.</strong></span> <span class='ocrx_word' id='word_1_673' title='bbox 2897 3639 3149 3696; x_wconf 79' lang='lat' dir='ltr'><strong>Misertus</strong></span> <span class='ocrx_word' id='word_1_674' title='bbox 3177 3654 3296 3693; x_wconf 86' lang='lat' dir='ltr'><strong>sum</strong></span> <span class='ocrx_word' id='word_1_675' title='bbox 3326 3638 3424 3705; x_wconf 87' lang='lat' dir='ltr'><strong>tui,</strong></span> <span class='ocrx_word' id='word_1_676' title='bbox 3450 3650 3735 3709; x_wconf 86' lang='lat' dir='ltr'><strong>postquam</strong></span> 
     </span>
    </p>
   </div>
   <div class='ocr_carea' id='block_1_82' title="bbox 2131 3733 3737 3808">
    <p class='ocr_par' dir='ltr' id='par_1_82' title="bbox 2131 3733 3737 3808">
     <span class='ocr_line' id='line_1_82' title="bbox 2131 3733 3737 3808; baseline -0.004 -17"><span class='ocrx_word' id='word_1_677' title='bbox 2131 3737 2375 3808; x_wconf 76' lang='lat' dir='ltr'><strong>projects</strong></span> <span class='ocrx_word' id='word_1_678' title='bbox 2404 3752 2465 3791; x_wconf 89' lang='lat' dir='ltr'><strong>es</strong></span> <span class='ocrx_word' id='word_1_679' title='bbox 2499 3754 2511 3790; x_wconf 87' lang='lat'><strong>:</strong></span> <span class='ocrx_word' id='word_1_680' title='bbox 2559 3735 2669 3789; x_wconf 88' lang='lat' dir='ltr'><strong>vidi</strong></span> <span class='ocrx_word' id='word_1_681' title='bbox 2703 3743 2756 3790; x_wconf 89' lang='lat' dir='ltr'><strong>te</strong></span> <span class='ocrx_word' id='word_1_682' title='bbox 2793 3733 3059 3805; x_wconf 87' lang='lat' dir='ltr'><strong>sanguine</strong></span> <span class='ocrx_word' id='word_1_683' title='bbox 3100 3734 3449 3804; x_wconf 81' lang='lat' dir='ltr'><strong>peccatisque</strong></span> <span class='ocrx_word' id='word_1_684' title='bbox 3483 3746 3737 3801; x_wconf 84' lang='lat' dir='ltr'><strong>consper-</strong></span> 
     </span>
    </p>
   </div>
   <div class='ocr_carea' id='block_1_83' title="bbox 2129 3824 3731 3897">
    <p class='ocr_par' dir='ltr' id='par_1_83' title="bbox 2129 3824 3731 3897">
     <span class='ocr_line' id='line_1_83' title="bbox 2129 3824 3731 3897; baseline -0.004 -13"><span class='ocrx_word' id='word_1_685' title='bbox 2129 3844 2246 3884; x_wconf 87' lang='lat' dir='ltr'><strong>sam</strong></span> <span class='ocrx_word' id='word_1_686' title='bbox 2291 3847 2303 3882; x_wconf 89' lang='lat'><strong>:</strong></span> <span class='ocrx_word' id='word_1_687' title='bbox 2352 3827 2513 3884; x_wconf 76' lang='lat' dir='ltr'><strong>eﬂ‘eci</strong></span> <span class='ocrx_word' id='word_1_688' title='bbox 2540 3836 2596 3884; x_wconf 89' lang='lat' dir='ltr'><strong>te</strong></span> <span class='ocrx_word' id='word_1_689' title='bbox 2622 3829 2763 3882; x_wconf 87' lang='lat' dir='ltr'><strong>sicut</strong></span> <span class='ocrx_word' id='word_1_690' title='bbox 2794 3827 2986 3883; x_wconf 90' lang='lat' dir='ltr'><strong>hortus</strong></span> <span class='ocrx_word' id='word_1_691' title='bbox 3012 3835 3096 3882; x_wconf 89' lang='lat' dir='ltr'><strong>est</strong></span> <span class='ocrx_word' id='word_1_692' title='bbox 3118 3827 3257 3897; x_wconf 85' lang='lat' dir='ltr'><strong>agri,</strong></span> <span class='ocrx_word' id='word_1_693' title='bbox 3290 3837 3344 3881; x_wconf 90' lang='lat' dir='ltr'><strong>et</strong></span> <span class='ocrx_word' id='word_1_694' title='bbox 3377 3824 3731 3895; x_wconf 88' lang='lat' dir='ltr'><strong>multiplicata</strong></span> 
     </span>
    </p>
   </div>
   <div class='ocr_carea' id='block_1_84' title="bbox 2129 3919 3733 3988">
    <p class='ocr_par' dir='ltr' id='par_1_84' title="bbox 2129 3919 3733 3988">
     <span class='ocr_line' id='line_1_84' title="bbox 2129 3919 3733 3988; baseline -0.002 -12"><span class='ocrx_word' id='word_1_695' title='bbox 2129 3936 2212 3977; x_wconf 87' lang='lat' dir='ltr'><strong>es.</strong></span> <span class='ocrx_word' id='word_1_696' title='bbox 2261 3921 2398 3988; x_wconf 88' lang='lat' dir='ltr'><strong>Quia</strong></span> <span class='ocrx_word' id='word_1_697' title='bbox 2424 3919 2491 3974; x_wconf 90' lang='lat' dir='ltr'><strong>ad</strong></span> <span class='ocrx_word' id='word_1_698' title='bbox 2544 3927 2598 3975; x_wconf 87' lang='lat' dir='ltr'><strong>te</strong></span> <span class='ocrx_word' id='word_1_699' title='bbox 2641 3920 2762 3974; x_wconf 89' lang='lat' dir='ltr'><strong>veni</strong></span> <span class='ocrx_word' id='word_1_700' title='bbox 2804 3931 2852 3973; x_wconf 91' lang='lat' dir='ltr'><strong>et</strong></span> <span class='ocrx_word' id='word_1_701' title='bbox 2886 3919 3099 3974; x_wconf 86' lang='lat' dir='ltr'><strong>visitavi</strong></span> <span class='ocrx_word' id='word_1_702' title='bbox 3130 3926 3182 3973; x_wconf 90' lang='lat' dir='ltr'><strong>te</strong></span> <span class='ocrx_word' id='word_1_703' title='bbox 3211 3919 3545 3988; x_wconf 85' lang='lat' dir='ltr'><strong>projectam,</strong></span> <span class='ocrx_word' id='word_1_704' title='bbox 3572 3930 3733 3972; x_wconf 85' lang='lat' dir='ltr'><strong>causa</strong></span> 
     </span>
    </p>
   </div>
   <div class='ocr_carea' id='block_1_85' title="bbox 2129 4008 3736 4082">
    <p class='ocr_par' dir='ltr' id='par_1_85' title="bbox 2129 4008 3736 4082">
     <span class='ocr_line' id='line_1_85' title="bbox 2129 4008 3736 4082; baseline -0.002 -16"><span class='ocrx_word' id='word_1_705' title='bbox 2129 4014 2227 4069; x_wconf 88' lang='lat' dir='ltr'><strong>tibi</strong></span> <span class='ocrx_word' id='word_1_706' title='bbox 2275 4011 2451 4067; x_wconf 84' lang='lat' dir='ltr'><strong>factus</strong></span> <span class='ocrx_word' id='word_1_707' title='bbox 2482 4027 2629 4077; x_wconf 88' lang='lat' dir='ltr'><strong>sum,</strong></span> <span class='ocrx_word' id='word_1_708' title='bbox 2663 4021 2723 4067; x_wconf 90' lang='lat' dir='ltr'><strong>ut</strong></span> <span class='ocrx_word' id='word_1_709' title='bbox 2753 4010 3219 4082; x_wconf 87' lang='lat' dir='ltr'><strong>ntultiplicareris.</strong></span> <span class='ocrx_word' id='word_1_710' title='bbox 3274 4008 3343 4063; x_wconf 85' lang='lat' dir='ltr'><strong>Et</strong></span> <span class='ocrx_word' id='word_1_711' title='bbox 3391 4009 3736 4081; x_wconf 80' lang='lat' dir='ltr'><strong>multiplicata</strong></span> 
     </span>
    </p>
   </div>
   <div class='ocr_carea' id='block_1_86' title="bbox 2128 4100 3736 4175">
    <p class='ocr_par' dir='ltr' id='par_1_86' title="bbox 2128 4100 3736 4175">
     <span class='ocr_line' id='line_1_86' title="bbox 2128 4100 3736 4175; baseline -0.004 -15"><span class='ocrx_word' id='word_1_712' title='bbox 2128 4121 2200 4174; x_wconf 88' lang='lat' dir='ltr'><strong>cs,</strong></span> <span class='ocrx_word' id='word_1_713' title='bbox 2231 4115 2277 4159; x_wconf 87' lang='lat' dir='ltr'><strong>et</strong></span> <span class='ocrx_word' id='word_1_714' title='bbox 2298 4104 2655 4175; x_wconf 75' lang='lat' dir='ltr'><strong>magniﬁcam.</strong></span> <span class='ocrx_word' id='word_1_715' title='bbox 2683 4104 2815 4158; x_wconf 89' lang='lat' dir='ltr'><strong>Dedi</strong></span> <span class='ocrx_word' id='word_1_716' title='bbox 2849 4104 2975 4159; x_wconf 90' lang='lat' dir='ltr'><strong>tein</strong></span> <span class='ocrx_word' id='word_1_717' title='bbox 3010 4100 3417 4157; x_wconf 89' lang='lat' dir='ltr'><strong>multitudinem</strong></span> <span class='ocrx_word' id='word_1_718' title='bbox 3446 4111 3502 4155; x_wconf 93' lang='lat' dir='ltr'><strong>ct</strong></span> <span class='ocrx_word' id='word_1_719' title='bbox 3528 4100 3736 4170; x_wconf 88' lang='lat' dir='ltr'><strong>magni-</strong></span> 
     </span>
    </p>
   </div>
   <div class='ocr_carea' id='block_1_87' title="bbox 2131 4192 3735 4265">
    <p class='ocr_par' dir='ltr' id='par_1_87' title="bbox 2131 4192 3735 4265">
     <span class='ocr_line' id='line_1_87' title="bbox 2131 4192 3735 4265; baseline -0.006 -11"><span class='ocrx_word' id='word_1_720' title='bbox 2131 4198 2394 4265; x_wconf 87' lang='lat' dir='ltr'><strong>tudinem,</strong></span> <span class='ocrx_word' id='word_1_721' title='bbox 2428 4195 2478 4250; x_wconf 91' lang='lat' dir='ltr'><strong>id</strong></span> <span class='ocrx_word' id='word_1_722' title='bbox 2509 4207 2613 4260; x_wconf 90' lang='lat' dir='ltr'><strong>cst,</strong></span> <span class='ocrx_word' id='word_1_723' title='bbox 2644 4210 2895 4251; x_wconf 89' lang='lat' dir='ltr'><strong>crescere</strong></span> <span class='ocrx_word' id='word_1_724' title='bbox 2918 4204 2969 4251; x_wconf 88' lang='lat' dir='ltr'><strong>te</strong></span> <span class='ocrx_word' id='word_1_725' title='bbox 2990 4194 3120 4261; x_wconf 79' lang='lat' dir='ltr'><strong>feci,</strong></span> <span class='ocrx_word' id='word_1_726' title='bbox 3146 4200 3203 4249; x_wconf 92' lang='lat' dir='ltr'><strong>et</strong></span> <span class='ocrx_word' id='word_1_727' title='bbox 3230 4192 3604 4263; x_wconf 88' lang='lat' dir='ltr'><strong>multiplicari.</strong></span> <span class='ocrx_word' id='word_1_728' title='bbox 3630 4192 3735 4247; x_wconf 85' lang='lat' dir='ltr'><strong>Per</strong></span> 
     </span>
    </p>
   </div>
   <div class='ocr_carea' id='block_1_88' title="bbox 2130 4286 3735 4360">
    <p class='ocr_par' dir='ltr' id='par_1_88' title="bbox 2130 4286 3735 4360">
     <span class='ocr_line' id='line_1_88' title="bbox 2130 4286 3735 4360; baseline -0.005 -13"><span class='ocrx_word' id='word_1_729' title='bbox 2130 4291 2185 4347; x_wconf 91' lang='lat' dir='ltr'><strong>id</strong></span> <span class='ocrx_word' id='word_1_730' title='bbox 2218 4291 2387 4355; x_wconf 88' lang='lat' dir='ltr'><strong>enim,</strong></span> <span class='ocrx_word' id='word_1_731' title='bbox 2426 4289 2569 4360; x_wconf 90' lang='lat' dir='ltr'><strong>quod</strong></span> <span class='ocrx_word' id='word_1_732' title='bbox 2610 4290 2930 4353; x_wconf 87' lang='lat' dir='ltr'><strong>crescimus,</strong></span> <span class='ocrx_word' id='word_1_733' title='bbox 2978 4297 3034 4344; x_wconf 90' lang='lat' dir='ltr'><strong>et</strong></span> <span class='ocrx_word' id='word_1_734' title='bbox 3063 4289 3510 4360; x_wconf 78' lang='lat' dir='ltr'><strong>multiplicemur.</strong></span> <span class='ocrx_word' id='word_1_735' title='bbox 3560 4286 3626 4341; x_wconf 81' lang='lat' dir='ltr'><strong>Et</strong></span> <span class='ocrx_word' id='word_1_736' title='bbox 3652 4289 3735 4340; x_wconf 81' lang='lat' dir='ltr'><strong>itt-</strong></span> 
     </span>
    </p>
   </div>
   <div class='ocr_carea' id='block_1_89' title="bbox 2130 4378 3734 4448">
    <p class='ocr_par' dir='ltr' id='par_1_89' title="bbox 2130 4378 3734 4448">
     <span class='ocr_line' id='line_1_89' title="bbox 2130 4378 3734 4448; baseline -0.004 -10"><span class='ocrx_word' id='word_1_737' title='bbox 2130 4384 2277 4438; x_wconf 81' lang='lat' dir='ltr'><strong>trasti</strong></span> <span class='ocrx_word' id='word_1_738' title='bbox 2306 4384 2359 4436; x_wconf 88' lang='lat' dir='ltr'><strong>in</strong></span> <span class='ocrx_word' id='word_1_739' title='bbox 2399 4383 2630 4436; x_wconf 80' lang='lat' dir='ltr'><strong>civitates</strong></span> <span class='ocrx_word' id='word_1_740' title='bbox 2658 4382 2946 4436; x_wconf 82' lang='lat' dir='ltr'><strong>civitatum.</strong></span> <span class='ocrx_word' id='word_1_741' title='bbox 2996 4381 3236 4437; x_wconf 77' lang='lat' dir='ltr'><strong>Rursum</strong></span> <span class='ocrx_word' id='word_1_742' title='bbox 3267 4393 3481 4437; x_wconf 78' lang='lat' dir='ltr'><strong>errores</strong></span> <span class='ocrx_word' id='word_1_743' title='bbox 3510 4378 3734 4448; x_wconf 71' lang='lat' dir='ltr'><strong>etponit</strong></span> 
     </span>
    </p>
   </div>
   <div class='ocr_carea' id='block_1_90' title="bbox 2129 4473 3729 4541">
    <p class='ocr_par' dir='ltr' id='par_1_90' title="bbox 2129 4473 3729 4541">
     <span class='ocr_line' id='line_1_90' title="bbox 2129 4473 3729 4541; baseline -0.004 -7"><span class='ocrx_word' id='word_1_744' title='bbox 2129 4477 2436 4534; x_wconf 86' lang='lat' dir='ltr'><strong>Jerusalem</strong></span> <span class='ocrx_word' id='word_1_745' title='bbox 2466 4477 2792 4533; x_wconf 90' lang='lat' dir='ltr'><strong>introeuntis</strong></span> <span class='ocrx_word' id='word_1_746' title='bbox 2835 4478 2889 4533; x_wconf 91' lang='lat' dir='ltr'><strong>in</strong></span> <span class='ocrx_word' id='word_1_747' title='bbox 2931 4477 3182 4533; x_wconf 85' lang='lat' dir='ltr'><strong>civitates</strong></span> <span class='ocrx_word' id='word_1_748' title='bbox 3228 4477 3534 4532; x_wconf 87' lang='lat' dir='ltr'><strong>civitatum.</strong></span> <span class='ocrx_word' id='word_1_749' title='bbox 3579 4473 3729 4541; x_wconf 83' lang='lat' dir='ltr'><strong>Quo-</strong></span> 
     </span>
    </p>
   </div>
   <div class='ocr_carea' id='block_1_91' title="bbox 418 4569 3725 4643">
    <p class='ocr_par' dir='ltr' id='par_1_91' title="bbox 418 4569 3725 4643">
     <span class='ocr_line' id='line_1_91' title="bbox 418 4569 3725 4643; baseline -0.002 -14"><span class='ocrx_word' id='word_1_750' title='bbox 418 4575 861 4641; x_wconf 75' lang='lat' dir='ltr'><strong>tur,miserctur,</strong></span> <span class='ocrx_word' id='word_1_751' title='bbox 888 4582 944 4629; x_wconf 88' lang='lat' dir='ltr'><strong>et</strong></span> <span class='ocrx_word' id='word_1_752' title='bbox 965 4571 1251 4639; x_wconf 84' lang='lat' dir='ltr'><strong>eondolet,</strong></span> <span class='ocrx_word' id='word_1_753' title='bbox 1276 4572 1477 4641; x_wconf 78' lang='lat' dir='ltr'><strong>patitur</strong></span> <span class='ocrx_word' id='word_1_754' title='bbox 1497 4570 1705 4641; x_wconf 69' lang='lat' dir='ltr'><strong>aliquid</strong></span> <span class='ocrx_word' id='word_1_755' title='bbox 1730 4570 2019 4627; x_wconf 83' lang='lat' dir='ltr'><strong>cbaritatis</strong></span> <span class='ocrx_word' id='word_1_756' title='bbox 2050 4569 2099 4630; x_wconf 89' lang='lat' dir='ltr'><strong>D</strong></span> <span class='ocrx_word' id='word_1_757' title='bbox 2127 4573 2295 4630; x_wconf 85' lang='lat' dir='ltr'><strong>modo</strong></span> <span class='ocrx_word' id='word_1_758' title='bbox 2319 4584 2501 4628; x_wconf 89' lang='lat' dir='ltr'><strong>autem</strong></span> <span class='ocrx_word' id='word_1_759' title='bbox 2531 4575 2774 4643; x_wconf 86' lang='lat' dir='ltr'><strong>ingressa</strong></span> <span class='ocrx_word' id='word_1_760' title='bbox 2808 4574 2878 4627; x_wconf 89' lang='lat' dir='ltr'><strong>sit</strong></span> <span class='ocrx_word' id='word_1_761' title='bbox 2904 4573 3203 4629; x_wconf 86' lang='lat' dir='ltr'><strong>criminose</strong></span> <span class='ocrx_word' id='word_1_762' title='bbox 3233 4573 3288 4627; x_wconf 91' lang='lat' dir='ltr'><strong>in</strong></span> <span class='ocrx_word' id='word_1_763' title='bbox 3316 4572 3568 4627; x_wconf 84' lang='lat' dir='ltr'><strong>civitates</strong></span> <span class='ocrx_word' id='word_1_764' title='bbox 3592 4570 3725 4625; x_wconf 85' lang='lat' dir='ltr'><strong>civi-</strong></span> 
     </span>
    </p>
   </div>
   <div class='ocr_carea' id='block_1_92' title="bbox 415 4668 2020 4741">
    <p class='ocr_par' dir='ltr' id='par_1_92' title="bbox 415 4668 2020 4741">
     <span class='ocr_line' id='line_1_92' title="bbox 415 4668 2020 4741; baseline -0.001 -14"><span class='ocrx_word' id='word_1_765' title='bbox 415 4680 470 4727; x_wconf 91' lang='lat' dir='ltr'><strong>et</strong></span> <span class='ocrx_word' id='word_1_766' title='bbox 502 4672 556 4725; x_wconf 86' lang='lat' dir='ltr'><strong>iit</strong></span> <span class='ocrx_word' id='word_1_767' title='bbox 577 4670 631 4725; x_wconf 92' lang='lat' dir='ltr'><strong>in</strong></span> <span class='ocrx_word' id='word_1_768' title='bbox 668 4670 773 4739; x_wconf 84' lang='lat' dir='ltr'><strong>eis,</strong></span> <span class='ocrx_word' id='word_1_769' title='bbox 806 4670 861 4723; x_wconf 78' lang='lat' dir='ltr'><strong>in</strong></span> <span class='ocrx_word' id='word_1_770' title='bbox 893 4670 1093 4739; x_wconf 79' lang='lat' dir='ltr'><strong>quibus</strong></span> <span class='ocrx_word' id='word_1_771' title='bbox 1131 4669 1285 4739; x_wconf 76' lang='lat' dir='ltr'><strong>juxta</strong></span> <span class='ocrx_word' id='word_1_772' title='bbox 1332 4668 1763 4741; x_wconf 64' lang='lat' dir='ltr'><strong>magnitudinem</strong></span> <span class='ocrx_word' id='word_1_773' title='bbox 1809 4678 2020 4726; x_wconf 67' lang='lat' dir='ltr'><strong>natura:</strong></span> 
     </span>
    </p>
   </div>
   <div class='ocr_carea' id='block_1_93' title="bbox 414 4764 2020 4836">
    <p class='ocr_par' dir='ltr' id='par_1_93' title="bbox 414 4764 2020 4836">
     <span class='ocr_line' id='line_1_93' title="bbox 414 4764 2020 4836; baseline -0.001 -14"><span class='ocrx_word' id='word_1_774' title='bbox 414 4781 528 4822; x_wconf 79' lang='lat' dir='ltr'><strong>suae</strong></span> <span class='ocrx_word' id='word_1_775' title='bbox 558 4781 669 4821; x_wconf 87' lang='lat' dir='ltr'><strong>non</strong></span> <span class='ocrx_word' id='word_1_776' title='bbox 701 4772 878 4836; x_wconf 67' lang='lat' dir='ltr'><strong>potem</strong></span> <span class='ocrx_word' id='word_1_777' title='bbox 908 4778 1051 4832; x_wconf 78' lang='lat' dir='ltr'><strong>esse,</strong></span> <span class='ocrx_word' id='word_1_778' title='bbox 1087 4772 1144 4819; x_wconf 84' lang='lat' dir='ltr'><strong>et</strong></span> <span class='ocrx_word' id='word_1_779' title='bbox 1171 4773 1400 4834; x_wconf 78' lang='lat' dir='ltr'><strong>propter</strong></span> <span class='ocrx_word' id='word_1_780' title='bbox 1430 4778 1531 4819; x_wconf 90' lang='lat' dir='ltr'><strong>nos</strong></span> <span class='ocrx_word' id='word_1_781' title='bbox 1579 4764 1847 4820; x_wconf 87' lang='lat' dir='ltr'><strong>humanas</strong></span> <span class='ocrx_word' id='word_1_782' title='bbox 1898 4780 2020 4829; x_wconf 81' lang='lat' dir='ltr'><strong>sus-</strong></span> 
     </span>
    </p>
   </div>
   <div class='ocr_carea' id='block_1_94' title="bbox 413 4854 2019 4931">
    <p class='ocr_par' dir='ltr' id='par_1_94' title="bbox 413 4854 2019 4931">
     <span class='ocr_line' id='line_1_94' title="bbox 413 4854 2019 4931; baseline -0.001 -16"><span class='ocrx_word' id='word_1_783' title='bbox 413 4859 551 4915; x_wconf 69' lang='lat' dir='ltr'><strong>tinet</strong></span> <span class='ocrx_word' id='word_1_784' title='bbox 576 4857 886 4931; x_wconf 69' lang='lat' dir='ltr'><strong>passiones.</strong></span> <span class='ocrx_word' id='word_1_785' title='bbox 913 4854 1039 4911; x_wconf 79' lang='lat' dir='ltr'><strong>Non</strong></span> <span class='ocrx_word' id='word_1_786' title='bbox 1065 4858 1293 4928; x_wconf 73' lang='lat' dir='ltr'><strong>pepercit</strong></span> <span class='ocrx_word' id='word_1_787' title='bbox 1319 4857 1503 4912; x_wconf 58' lang='lat' dir='ltr'><strong>acutius</strong></span> <span class='ocrx_word' id='word_1_788' title='bbox 1525 4867 1666 4924; x_wconf 70' lang='lat' dir='ltr'><strong>tusis,</strong></span> <span class='ocrx_word' id='word_1_789' title='bbox 1714 4857 1911 4928; x_wconf 85' lang='lat' dir='ltr'><strong>inquit,</strong></span> <span class='ocrx_word' id='word_1_790' title='bbox 1964 4864 2019 4914; x_wconf 83' lang='lat' dir='ltr'><strong>in</strong></span> 
     </span>
    </p>
   </div>
   <div class='ocr_carea' id='block_1_95' title="bbox 392 5017 2024 5090">
    <p class='ocr_par' dir='ltr' id='par_1_95' title="bbox 392 5017 2024 5090">
     <span class='ocr_line' id='line_1_95' title="bbox 392 5017 2024 5090; baseline -0.002 -11"><span class='ocrx_word' id='word_1_791' title='bbox 392 5044 400 5052; x_wconf 66' lang='grc' dir='ltr'><strong>ο</strong></span> <span class='ocrx_word' id='word_1_792' title='bbox 487 5032 515 5060; x_wconf 77' lang='grc' dir='ltr'><strong>ιι</strong></span> <span class='ocrx_word' id='word_1_793' title='bbox 564 5023 679 5078; x_wconf 87' lang='lat' dir='ltr'><strong>liuc</strong></span> <span class='ocrx_word' id='word_1_794' title='bbox 722 5020 1184 5077; x_wconf 36' lang='lat' dir='ltr'><strong>referenda/sunt</strong></span> <span class='ocrx_word' id='word_1_795' title='bbox 1226 5034 1349 5090; x_wconf 73' lang='lat' dir='ltr'><strong>quae</strong></span> <span class='ocrx_word' id='word_1_796' title='bbox 1394 5020 1488 5075; x_wconf 90' lang='lat' dir='ltr'><strong>lib.</strong></span> <span class='ocrx_word' id='word_1_797' title='bbox 1531 5034 1571 5074; x_wconf 88' lang='grc' dir='ltr'><strong>ιι</strong></span> <span class='ocrx_word' id='word_1_798' title='bbox 1619 5018 1698 5090; x_wconf 15' lang='lat' dir='ltr'><strong>de,</strong></span> <span class='ocrx_word' id='word_1_799' title='bbox 1730 5017 2024 5085; x_wconf 82' lang='lat' dir='ltr'><strong>Principiis</strong></span> 
     </span>
    </p>
   </div>
   <div class='ocr_carea' id='block_1_96' title="bbox 416 5088 2021 5164">
    <p class='ocr_par' dir='ltr' id='par_1_96' title="bbox 416 5088 2021 5164">
     <span class='ocr_line' id='line_1_96' title="bbox 416 5088 2021 5164; baseline -0.002 -15"><span class='ocrx_word' id='word_1_800' title='bbox 416 5096 579 5150; x_wconf 81' lang='lat' dir='ltr'><strong>habet</strong></span> <span class='ocrx_word' id='word_1_801' title='bbox 610 5109 734 5164; x_wconf 87' lang='lat' dir='ltr'><strong>cap.</strong></span> <span class='ocrx_word' id='word_1_802' title='bbox 768 5095 837 5149; x_wconf 56' lang='grc' dir='ltr'><strong>ἀι</strong></span> <span class='ocrx_word' id='word_1_803' title='bbox 874 5093 959 5148; x_wconf 71' lang='grc' dir='ltr'>ιὸἱ</span> <span class='ocrx_word' id='word_1_804' title='bbox 989 5108 1119 5145; x_wconf 84' lang='lat' dir='ltr'><strong>vero</strong></span> <span class='ocrx_word' id='word_1_805' title='bbox 1153 5088 1375 5161; x_wconf 80' lang='lat' dir='ltr'><strong>propter</strong></span> <span class='ocrx_word' id='word_1_806' title='bbox 1402 5091 1489 5164; x_wconf 79' lang='lat' dir='ltr'><strong>illa</strong></span> <span class='ocrx_word' id='word_1_807' title='bbox 1522 5106 1639 5160; x_wconf 74' lang='lat' dir='ltr'><strong>qua:</strong></span> <span class='ocrx_word' id='word_1_808' title='bbox 1668 5088 1923 5164; x_wconf 83' lang='lat' dir='ltr'><strong>dicuntur</strong></span> <span class='ocrx_word' id='word_1_809' title='bbox 1968 5092 2021 5146; x_wconf 91' lang='lat' dir='ltr'><strong>in</strong></span> 
     </span>
    </p>
   </div>
   <div class='ocr_carea' id='block_1_97' title="bbox 410 5161 2020 5233">
    <p class='ocr_par' dir='ltr' id='par_1_97' title="bbox 410 5161 2020 5233">
     <span class='ocr_line' id='line_1_97' title="bbox 410 5161 2020 5233; baseline -0.004 -12"><span class='ocrx_word' id='word_1_810' title='bbox 410 5169 581 5222; x_wconf 84' lang='lat' dir='ltr'><strong>veteri</strong></span> <span class='ocrx_word' id='word_1_811' title='bbox 614 5161 993 5229; x_wconf 77' lang='lat' dir='ltr'><strong>Testamento,</strong></span> <span class='ocrx_word' id='word_1_812' title='bbox 1014 5163 1157 5233; x_wconf 85' lang='lat' dir='ltr'><strong>quod</strong></span> <span class='ocrx_word' id='word_1_813' title='bbox 1186 5164 1440 5219; x_wconf 82' lang='lat' dir='ltr'><strong>irascitur</strong></span> <span class='ocrx_word' id='word_1_814' title='bbox 1467 5162 1634 5227; x_wconf 85' lang='lat' dir='ltr'><strong>Deus,</strong></span> <span class='ocrx_word' id='word_1_815' title='bbox 1657 5161 1740 5233; x_wconf 83' lang='lat' dir='ltr'><strong>vel</strong></span> <span class='ocrx_word' id='word_1_816' title='bbox 1771 5164 2020 5229; x_wconf 77' lang='lat' dir='ltr'><strong>pceuitet,</strong></span> 
     </span>
    </p>
   </div>
   <div class='ocr_carea' id='block_1_98' title="bbox 415 5232 2020 5308">
    <p class='ocr_par' dir='ltr' id='par_1_98' title="bbox 415 5232 2020 5308">
     <span class='ocr_line' id='line_1_98' title="bbox 415 5232 2020 5308; baseline -0.004 -15"><span class='ocrx_word' id='word_1_817' title='bbox 415 5240 503 5293; x_wconf 81' lang='lat' dir='ltr'><strong>vei</strong></span> <span class='ocrx_word' id='word_1_818' title='bbox 537 5240 714 5308; x_wconf 77' lang='lat' dir='ltr'><strong>siqua</strong></span> <span class='ocrx_word' id='word_1_819' title='bbox 745 5238 850 5291; x_wconf 86' lang='lat' dir='ltr'><strong>alia</strong></span> <span class='ocrx_word' id='word_1_820' title='bbox 882 5232 1103 5291; x_wconf 68' lang='lat' dir='ltr'><strong>humani</strong></span> <span class='ocrx_word' id='word_1_821' title='bbox 1163 5234 1394 5308; x_wconf 72' lang='lat' dir='ltr'><strong>ail‘ectus</strong></span> <span class='ocrx_word' id='word_1_822' title='bbox 1416 5234 1647 5308; x_wconf 49' lang='lat' dir='ltr'><strong>passis</strong></span> <span class='ocrx_word' id='word_1_823' title='bbox 1678 5232 2020 5308; x_wconf 73' lang='lat' dir='ltr'><strong>designatur,</strong></span> 
     </span>
    </p>
   </div>
   <div class='ocr_carea' id='block_1_99' title="bbox 414 5304 2017 5373">
    <p class='ocr_par' dir='ltr' id='par_1_99' title="bbox 414 5304 2017 5373">
     <span class='ocr_line' id='line_1_99' title="bbox 414 5304 2017 5373; baseline -0.003 -10"><span class='ocrx_word' id='word_1_824' title='bbox 414 5304 700 5365; x_wconf 73' lang='lat' dir='ltr'><strong>materiam</strong></span> <span class='ocrx_word' id='word_1_825' title='bbox 734 5311 838 5364; x_wconf 90' lang='lat' dir='ltr'><strong>sibi</strong></span> <span class='ocrx_word' id='word_1_826' title='bbox 866 5310 931 5362; x_wconf 89' lang='lat' dir='ltr'><strong>ad</strong></span> <span class='ocrx_word' id='word_1_827' title='bbox 985 5307 1343 5361; x_wconf 80' lang='lat' dir='ltr'><strong>confutandos</strong></span> <span class='ocrx_word' id='word_1_828' title='bbox 1391 5320 1488 5359; x_wconf 91' lang='lat' dir='ltr'><strong>nos</strong></span> <span class='ocrx_word' id='word_1_829' title='bbox 1522 5304 1752 5373; x_wconf 63' lang='lat' dir='ltr'><strong>praeberi</strong></span> <span class='ocrx_word' id='word_1_830' title='bbox 1786 5313 2017 5373; x_wconf 85' lang='lat' dir='ltr'><strong>putant,</strong></span> 
     </span>
    </p>
   </div>
   <div class='ocr_carea' id='block_1_100' title="bbox 414 5377 2020 5449">
    <p class='ocr_par' dir='ltr' id='par_1_100' title="bbox 414 5377 2020 5449">
     <span class='ocr_line' id='line_1_100' title="bbox 414 5377 2020 5449; baseline -0.001 -16"><span class='ocrx_word' id='word_1_831' title='bbox 414 5380 757 5435; x_wconf 81' lang='lat' dir='ltr'><strong>afﬁrmantes</strong></span> <span class='ocrx_word' id='word_1_832' title='bbox 783 5382 999 5449; x_wconf 84' lang='lat' dir='ltr'><strong>penitus</strong></span> <span class='ocrx_word' id='word_1_833' title='bbox 1027 5378 1432 5449; x_wconf 26' lang='lat' dir='ltr'><strong>impiissibilem-</strong></span> <span class='ocrx_word' id='word_1_834' title='bbox 1456 5377 1625 5449; x_wconf 70' lang='lat' dir='ltr'><strong>Deum</strong></span> <span class='ocrx_word' id='word_1_835' title='bbox 1651 5415 1667 5442; x_wconf 89' lang='lat'><strong>,</strong></span> <span class='ocrx_word' id='word_1_836' title='bbox 1717 5386 1883 5449; x_wconf 70' lang='lat' dir='ltr'><strong>atque</strong></span> <span class='ocrx_word' id='word_1_837' title='bbox 1902 5446 1914 5449; x_wconf 84' lang='lat'><em>_</em></span> <span class='ocrx_word' id='word_1_838' title='bbox 1932 5380 2020 5432; x_wconf 80' lang='lat' dir='ltr'><strong>his</strong></span> 
     </span>
    </p>
   </div>
   <div class='ocr_carea' id='block_1_101' title="bbox 412 5446 2017 5512">
    <p class='ocr_par' dir='ltr' id='par_1_101' title="bbox 412 5446 2017 5512">
     <span class='ocr_line' id='line_1_101' title="bbox 412 5446 2017 5512; baseline -0.004 -4"><span class='ocrx_word' id='word_1_839' title='bbox 412 5453 666 5508; x_wconf 81' lang='lat' dir='ltr'><strong>omnibus</strong></span> <span class='ocrx_word' id='word_1_840' title='bbox 691 5446 967 5506; x_wconf 83' lang='lat' dir='ltr'><strong>carentem</strong></span> <span class='ocrx_word' id='word_1_841' title='bbox 983 5446 1269 5505; x_wconf 71' lang='lat' dir='ltr'><strong>aﬂeetibus</strong></span> <span class='ocrx_word' id='word_1_842' title='bbox 1294 5446 1586 5512; x_wconf 69' lang='lat' dir='ltr'><strong>sentiendi,</strong></span> <span class='ocrx_word' id='word_1_843' title='bbox 1614 5446 2017 5501; x_wconf 80' lang='lat' dir='ltr'><strong>ostendendum</strong></span> 
     </span>
    </p>
   </div>
   <div class='ocr_carea' id='block_1_102' title="bbox 406 5518 2011 5593">
    <p class='ocr_par' dir='ltr' id='par_1_102' title="bbox 406 5518 2011 5593">
     <span class='ocr_line' id='line_1_102' title="bbox 406 5518 2011 5593; baseline -0.005 -14"><span class='ocrx_word' id='word_1_844' title='bbox 406 5533 492 5579; x_wconf 80' lang='lat' dir='ltr'><strong>est</strong></span> <span class='ocrx_word' id='word_1_845' title='bbox 516 5526 598 5579; x_wconf 79' lang='lat' dir='ltr'><strong>eis</strong></span> <span class='ocrx_word' id='word_1_846' title='bbox 622 5527 789 5578; x_wconf 67' lang='lat' dir='ltr'><strong>etiam</strong></span> <span class='ocrx_word' id='word_1_847' title='bbox 815 5526 867 5578; x_wconf 92' lang='lat' dir='ltr'><strong>in</strong></span> <span class='ocrx_word' id='word_1_848' title='bbox 900 5523 1236 5593; x_wconf 76' lang='lat' dir='ltr'><strong>evangei&#39;tcis</strong></span> <span class='ocrx_word' id='word_1_849' title='bbox 1260 5520 1535 5593; x_wconf 77' lang='lat' dir='ltr'><strong>parabolis</strong></span> <span class='ocrx_word' id='word_1_850' title='bbox 1549 5519 1750 5593; x_wconf 73' lang='lat' dir='ltr'><strong>haberi</strong></span> <span class='ocrx_word' id='word_1_851' title='bbox 1784 5518 2011 5584; x_wconf 85' lang='lat' dir='ltr'><strong>similia,</strong></span> 
     </span>
    </p>
   </div>
   <div class='ocr_carea' id='block_1_103' title="bbox 410 5590 2010 5660">
    <p class='ocr_par' dir='ltr' id='par_1_103' title="bbox 410 5590 2010 5660">
     <span class='ocr_line' id='line_1_103' title="bbox 410 5590 2010 5660; baseline -0.004 -9"><span class='ocrx_word' id='word_1_852' title='bbox 410 5602 567 5651; x_wconf 66' lang='lat' dir='ltr'><strong>etc.»</strong></span> <span class='ocrx_word' id='word_1_853' title='bbox 624 5595 715 5651; x_wconf 78' lang='lat' dir='ltr'><strong>Sic</strong></span> <span class='ocrx_word' id='word_1_854' title='bbox 765 5607 818 5651; x_wconf 87' lang='lat' dir='ltr'><strong>et</strong></span> <span class='ocrx_word' id='word_1_855' title='bbox 873 5595 925 5648; x_wconf 90' lang='lat' dir='ltr'><strong>iu</strong></span> <span class='ocrx_word' id='word_1_856' title='bbox 983 5590 1357 5648; x_wconf 29' lang='lat' dir='ltr'><strong>tjo‘mmentar.</strong></span> <span class='ocrx_word' id='word_1_857' title='bbox 1408 5592 1461 5644; x_wconf 91' lang='lat' dir='ltr'><strong>in</strong></span> <span class='ocrx_word' id='word_1_858' title='bbox 1520 5590 1830 5644; x_wconf 74' lang='lat' dir='ltr'><strong>Mattlnrum</strong></span> <span class='ocrx_word' id='word_1_859' title='bbox 1888 5604 2010 5660; x_wconf 87' lang='lat' dir='ltr'><strong>cap.</strong></span> 
     </span>
    </p>
   </div>
   <div class='ocr_carea' id='block_1_104' title="bbox 410 5661 2017 5734">
    <p class='ocr_par' dir='ltr' id='par_1_104' title="bbox 410 5661 2017 5734">
     <span class='ocr_line' id='line_1_104' title="bbox 410 5661 2017 5734; baseline -0.003 -13"><span class='ocrx_word' id='word_1_860' title='bbox 410 5682 555 5721; x_wconf 77' lang='lat' dir='ltr'><strong>ml:</strong></span> <span class='ocrx_word' id='word_1_861' title='bbox 590 5684 611 5718; x_wconf 73' lang='grc' dir='ltr'><strong>ε</strong></span> <span class='ocrx_word' id='word_1_862' title='bbox 638 5667 805 5722; x_wconf 78' lang='lat' dir='ltr'><strong>Nobis</strong></span> <span class='ocrx_word' id='word_1_863' title='bbox 831 5667 1069 5721; x_wconf 69' lang='lat' dir='ltr'><strong>maxima</strong></span> <span class='ocrx_word' id='word_1_864' title='bbox 1093 5664 1471 5734; x_wconf 73' lang='lat' dir='ltr'><strong>exemplorum</strong></span> <span class='ocrx_word' id='word_1_865' title='bbox 1494 5663 1649 5733; x_wconf 77' lang='lat' dir='ltr'><strong>copia</strong></span> <span class='ocrx_word' id='word_1_866' title='bbox 1674 5677 1740 5717; x_wconf 76' lang='lat' dir='ltr'><strong>ex</strong></span> <span class='ocrx_word' id='word_1_867' title='bbox 1764 5661 2017 5734; x_wconf 82' lang='lat' dir='ltr'><strong>Evange-</strong></span> 
     </span>
    </p>
   </div>
   <div class='ocr_carea' id='block_1_105' title="bbox 410 5732 2014 5809">
    <p class='ocr_par' dir='ltr' id='par_1_105' title="bbox 410 5732 2014 5809">
     <span class='ocr_line' id='line_1_105' title="bbox 410 5732 2014 5809; baseline -0.003 -16"><span class='ocrx_word' id='word_1_868' title='bbox 410 5737 502 5793; x_wconf 84' lang='lat' dir='ltr'><strong>liis</strong></span> <span class='ocrx_word' id='word_1_869' title='bbox 520 5740 787 5809; x_wconf 70' lang='lat' dir='ltr'><strong>suppetit,</strong></span> <span class='ocrx_word' id='word_1_870' title='bbox 815 5740 868 5793; x_wconf 77' lang='lat' dir='ltr'><strong>ist</strong></span> <span class='ocrx_word' id='word_1_871' title='bbox 891 5738 1091 5809; x_wconf 64' lang='lat' dir='ltr'><strong>mribus</strong></span> <span class='ocrx_word' id='word_1_872' title='bbox 1113 5732 1271 5809; x_wconf 61' lang='lat' dir='ltr'><strong>juxta</strong></span> <span class='ocrx_word' id='word_1_873' title='bbox 1301 5732 1589 5807; x_wconf 67' lang='lat' dir='ltr'><strong>parabolas</strong></span> <span class='ocrx_word' id='word_1_874' title='bbox 1612 5734 1877 5809; x_wconf 74' lang='lat' dir='ltr'><strong>quasdam</strong></span> <span class='ocrx_word' id='word_1_875' title='bbox 1910 5732 2014 5789; x_wconf 79' lang='lat' dir='ltr'><strong>ho-</strong></span> 
     </span>
    </p>
   </div>
   <div class='ocr_carea' id='block_1_106' title="bbox 411 5805 2010 5878">
    <p class='ocr_par' dir='ltr' id='par_1_106' title="bbox 411 5805 2010 5878">
     <span class='ocr_line' id='line_1_106' title="bbox 411 5805 2010 5878; baseline -0.004 -13"><span class='ocrx_word' id='word_1_876' title='bbox 411 5810 551 5865; x_wconf 78' lang='lat' dir='ltr'><strong>mini</strong></span> <span class='ocrx_word' id='word_1_877' title='bbox 952 5818 1061 5865; x_wconf 76' lang='lat' dir='ltr'><strong>est.</strong></span> <span class='ocrx_word' id='word_1_878' title='bbox 1090 5805 1173 5864; x_wconf 67' lang='lat' dir='ltr'><strong>Ad</strong></span> <span class='ocrx_word' id='word_1_879' title='bbox 1215 5805 1405 5863; x_wconf 70' lang='lat' dir='ltr'><strong>earum</strong></span> <span class='ocrx_word' id='word_1_880' title='bbox 1446 5819 1579 5878; x_wconf 71' lang='lat' dir='ltr'><strong>ergo</strong></span> <span class='ocrx_word' id='word_1_881' title='bbox 1628 5805 2010 5878; x_wconf 81' lang='lat' dir='ltr'><strong>parabeiarum</strong></span> 
     </span>
    </p>
   </div>
   <div class='ocr_carea' id='block_1_107' title="bbox 2131 4663 3731 4738">
    <p class='ocr_par' dir='ltr' id='par_1_107' title="bbox 2131 4663 3731 4738">
     <span class='ocr_line' id='line_1_107' title="bbox 2131 4663 3731 4738; baseline -0.004 -14"><span class='ocrx_word' id='word_1_882' title='bbox 2131 4678 2327 4736; x_wconf 84' lang='lat' dir='ltr'><strong>talum,</strong></span> <span class='ocrx_word' id='word_1_883' title='bbox 2375 4667 2809 4724; x_wconf 79' lang='lat' dir='ltr'><strong>consideremus.</strong></span> <span class='ocrx_word' id='word_1_884' title='bbox 2860 4667 2920 4724; x_wconf 80' lang='lat' dir='ltr'><strong>Si</strong></span> <span class='ocrx_word' id='word_1_885' title='bbox 2965 4682 3060 4738; x_wconf 83' lang='lat' dir='ltr'><strong>per</strong></span> <span class='ocrx_word' id='word_1_886' title='bbox 3106 4666 3346 4738; x_wconf 86' lang='lat' dir='ltr'><strong>singulas</strong></span> <span class='ocrx_word' id='word_1_887' title='bbox 3376 4666 3643 4732; x_wconf 87' lang='lat' dir='ltr'><strong>civitates,</strong></span> <span class='ocrx_word' id='word_1_888' title='bbox 3678 4663 3731 4719; x_wconf 91' lang='lat' dir='ltr'><strong>in</strong></span> 
     </span>
    </p>
   </div>
   <div class='ocr_carea' id='block_1_108' title="bbox 2128 4760 3728 4835">
    <p class='ocr_par' dir='ltr' id='par_1_108' title="bbox 2128 4760 3728 4835">
     <span class='ocr_line' id='line_1_108' title="bbox 2128 4760 3728 4835; baseline -0.003 -16"><span class='ocrx_word' id='word_1_889' title='bbox 2128 4764 2328 4835; x_wconf 87' lang='lat' dir='ltr'><strong>quibus</strong></span> <span class='ocrx_word' id='word_1_890' title='bbox 2358 4764 2595 4819; x_wconf 66' lang='lat' dir='ltr'><strong>ltmreses</strong></span> <span class='ocrx_word' id='word_1_891' title='bbox 2627 4772 2755 4818; x_wconf 87' lang='lat' dir='ltr'><strong>sunt</strong></span> <span class='ocrx_word' id='word_1_892' title='bbox 2802 4772 2859 4819; x_wconf 92' lang='lat' dir='ltr'><strong>et</strong></span> <span class='ocrx_word' id='word_1_893' title='bbox 2893 4763 3155 4819; x_wconf 70' lang='lat' dir='ltr'><strong>doctrina:</strong></span> <span class='ocrx_word' id='word_1_894' title='bbox 3203 4762 3397 4817; x_wconf 84' lang='lat' dir='ltr'><strong>alienae</strong></span> <span class='ocrx_word' id='word_1_895' title='bbox 3424 4777 3454 4815; x_wconf 88' lang='lat' dir='ltr'><strong>a</strong></span> <span class='ocrx_word' id='word_1_896' title='bbox 3486 4761 3616 4825; x_wconf 90' lang='lat' dir='ltr'><strong>Deo,</strong></span> <span class='ocrx_word' id='word_1_897' title='bbox 3645 4760 3728 4814; x_wconf 91' lang='lat' dir='ltr'><strong>in-</strong></span> 
     </span>
    </p>
   </div>
   <div class='ocr_carea' id='block_1_109' title="bbox 2127 4852 3733 4930">
    <p class='ocr_par' dir='ltr' id='par_1_109' title="bbox 2127 4852 3733 4930">
     <span class='ocr_line' id='line_1_109' title="bbox 2127 4852 3733 4930; baseline -0.004 -16"><span class='ocrx_word' id='word_1_898' title='bbox 2127 4857 2411 4930; x_wconf 86' lang='lat' dir='ltr'><strong>grediatur</strong></span> <span class='ocrx_word' id='word_1_899' title='bbox 2439 4856 2706 4928; x_wconf 85' lang='lat' dir='ltr'><strong>quispiam</strong></span> <span class='ocrx_word' id='word_1_900' title='bbox 2734 4856 3142 4914; x_wconf 86' lang='lat' dir='ltr'><strong>ecclesiasticus</strong></span> <span class='ocrx_word' id='word_1_901' title='bbox 3164 4898 3181 4925; x_wconf 91' lang='lat'><strong>,</strong></span> <span class='ocrx_word' id='word_1_902' title='bbox 3221 4864 3277 4911; x_wconf 89' lang='lat' dir='ltr'><strong>et</strong></span> <span class='ocrx_word' id='word_1_903' title='bbox 3323 4855 3596 4925; x_wconf 82' lang='lat' dir='ltr'><strong>particeps</strong></span> <span class='ocrx_word' id='word_1_904' title='bbox 3636 4852 3733 4908; x_wconf 87' lang='lat' dir='ltr'><strong>ﬁat</strong></span> 
     </span>
    </p>
   </div>
   <div class='ocr_carea' id='block_1_110' title="bbox 2132 5016 3725 5087">
    <p class='ocr_par' dir='ltr' id='par_1_110' title="bbox 2132 5016 3725 5087">
     <span class='ocr_line' id='line_1_110' title="bbox 2132 5016 3725 5087; baseline -0.002 -14"><span class='ocrx_word' id='word_1_905' title='bbox 2132 5017 2530 5083; x_wconf 81' lang='lat' dir='ltr'><strong>defensionem,</strong></span> <span class='ocrx_word' id='word_1_906' title='bbox 2555 5032 2676 5084; x_wconf 70' lang='lat' dir='ltr'><strong>qua:</strong></span> <span class='ocrx_word' id='word_1_907' title='bbox 2697 5018 2867 5074; x_wconf 87' lang='lat' dir='ltr'><strong>verbo</strong></span> <span class='ocrx_word' id='word_1_908' title='bbox 2900 5028 3057 5074; x_wconf 85' lang='lat' dir='ltr'><strong>tenus</strong></span> <span class='ocrx_word' id='word_1_909' title='bbox 3078 5019 3246 5075; x_wconf 88' lang='lat' dir='ltr'><strong>Deum</strong></span> <span class='ocrx_word' id='word_1_910' title='bbox 3266 5016 3472 5087; x_wconf 83' lang='lat' dir='ltr'><strong>Christi</strong></span> <span class='ocrx_word' id='word_1_911' title='bbox 3507 5016 3725 5073; x_wconf 83' lang='lat' dir='ltr'><strong>Patrem</strong></span> 
     </span>
    </p>
   </div>
   <div class='ocr_carea' id='block_1_111' title="bbox 2131 5088 3728 5146">
    <p class='ocr_par' dir='ltr' id='par_1_111' title="bbox 2131 5088 3728 5146">
     <span class='ocr_line' id='line_1_111' title="bbox 2131 5088 3728 5146; baseline -0.001 -2"><span class='ocrx_word' id='word_1_912' title='bbox 2131 5090 2387 5144; x_wconf 76' lang='lat' dir='ltr'><strong>humana:</strong></span> <span class='ocrx_word' id='word_1_913' title='bbox 2416 5088 2747 5143; x_wconf 90' lang='lat' dir='ltr'><strong>conditionis</strong></span> <span class='ocrx_word' id='word_1_914' title='bbox 2786 5088 3065 5146; x_wconf 70' lang='lat' dir='ltr'><strong>affectibus</strong></span> <span class='ocrx_word' id='word_1_915' title='bbox 3111 5091 3409 5145; x_wconf 78' lang='lat' dir='ltr'><strong>obnoxium</strong></span> <span class='ocrx_word' id='word_1_916' title='bbox 3457 5105 3581 5146; x_wconf 88' lang='lat' dir='ltr'><strong>esse</strong></span> <span class='ocrx_word' id='word_1_917' title='bbox 3619 5095 3728 5143; x_wconf 84' lang='lat' dir='ltr'><strong>sta-</strong></span> 
     </span>
    </p>
   </div>
   <div class='ocr_carea' id='block_1_112' title="bbox 2129 5160 3728 5231">
    <p class='ocr_par' dir='ltr' id='par_1_112' title="bbox 2129 5160 3728 5231">
     <span class='ocr_line' id='line_1_112' title="bbox 2129 5160 3728 5231; baseline -0.002 -16"><span class='ocrx_word' id='word_1_918' title='bbox 2129 5170 2312 5225; x_wconf 91' lang='lat' dir='ltr'><strong>tuunt,</strong></span> <span class='ocrx_word' id='word_1_919' title='bbox 2337 5160 2403 5213; x_wconf 84' lang='lat' dir='ltr'><strong>iis</strong></span> <span class='ocrx_word' id='word_1_920' title='bbox 2433 5170 2667 5226; x_wconf 90' lang='lat' dir='ltr'><strong>utemur,</strong></span> <span class='ocrx_word' id='word_1_921' title='bbox 2689 5176 2809 5228; x_wconf 74' lang='lat' dir='ltr'><strong>qua:</strong></span> <span class='ocrx_word' id='word_1_922' title='bbox 2832 5160 3000 5217; x_wconf 90' lang='lat' dir='ltr'><strong>Deum</strong></span> <span class='ocrx_word' id='word_1_923' title='bbox 3032 5162 3306 5216; x_wconf 89' lang='lat' dir='ltr'><strong>hominem</strong></span> <span class='ocrx_word' id='word_1_924' title='bbox 3337 5161 3636 5231; x_wconf 84' lang='lat' dir='ltr'><strong>appellant,</strong></span> <span class='ocrx_word' id='word_1_925' title='bbox 3673 5169 3728 5214; x_wconf 91' lang='lat' dir='ltr'><strong>et</strong></span> 
     </span>
    </p>
   </div>
   <div class='ocr_carea' id='block_1_113' title="bbox 2129 5231 3727 5302">
    <p class='ocr_par' dir='ltr' id='par_1_113' title="bbox 2129 5231 3727 5302">
     <span class='ocr_line' id='line_1_113' title="bbox 2129 5231 3727 5302; baseline -0.003 -15"><span class='ocrx_word' id='word_1_926' title='bbox 2129 5234 2447 5299; x_wconf 67' lang='lat' dir='ltr'><strong>haereticos,</strong></span> <span class='ocrx_word' id='word_1_927' title='bbox 2466 5234 2557 5301; x_wconf 91' lang='lat' dir='ltr'><strong>qui</strong></span> <span class='ocrx_word' id='word_1_928' title='bbox 2580 5233 2723 5302; x_wconf 90' lang='lat' dir='ltr'><strong>quod</strong></span> <span class='ocrx_word' id='word_1_929' title='bbox 2773 5235 3090 5290; x_wconf 86' lang='lat' dir='ltr'><strong>consimiles</strong></span> <span class='ocrx_word' id='word_1_930' title='bbox 3136 5234 3339 5289; x_wconf 86' lang='lat' dir='ltr'><strong>veteris</strong></span> <span class='ocrx_word' id='word_1_931' title='bbox 3385 5231 3727 5289; x_wconf 84' lang='lat' dir='ltr'><strong>Testamenti</strong></span> 
     </span>
    </p>
   </div>
   <div class='ocr_carea' id='block_1_114' title="bbox 2130 5303 3728 5374">
    <p class='ocr_par' dir='ltr' id='par_1_114' title="bbox 2130 5303 3728 5374">
     <span class='ocr_line' id='line_1_114' title="bbox 2130 5303 3728 5374; baseline -0.001 -15"><span class='ocrx_word' id='word_1_932' title='bbox 2130 5304 2287 5359; x_wconf 86' lang='lat' dir='ltr'><strong>locos</strong></span> <span class='ocrx_word' id='word_1_933' title='bbox 2318 5321 2421 5356; x_wconf 89' lang='lat' dir='ltr'><strong>non</strong></span> <span class='ocrx_word' id='word_1_934' title='bbox 2455 5303 2968 5371; x_wconf 86' lang='lat' dir='ltr'><strong>animadverterint,</strong></span> <span class='ocrx_word' id='word_1_935' title='bbox 3015 5308 3068 5361; x_wconf 92' lang='lat' dir='ltr'><strong>in</strong></span> <span class='ocrx_word' id='word_1_936' title='bbox 3098 5306 3190 5359; x_wconf 91' lang='lat' dir='ltr'><strong>Dei</strong></span> <span class='ocrx_word' id='word_1_937' title='bbox 3228 5307 3361 5374; x_wconf 85' lang='lat' dir='ltr'><strong>legis</strong></span> <span class='ocrx_word' id='word_1_938' title='bbox 3384 5320 3447 5361; x_wconf 91' lang='lat' dir='ltr'><strong>ac</strong></span> <span class='ocrx_word' id='word_1_939' title='bbox 3490 5304 3728 5373; x_wconf 88' lang='lat' dir='ltr'><strong>prophe-</strong></span> 
     </span>
    </p>
   </div>
   <div class='ocr_carea' id='block_1_115' title="bbox 2131 5375 3724 5442">
    <p class='ocr_par' dir='ltr' id='par_1_115' title="bbox 2131 5375 3724 5442">
     <span class='ocr_line' id='line_1_115' title="bbox 2131 5375 3724 5442; baseline -0.002 -12"><span class='ocrx_word' id='word_1_940' title='bbox 2131 5384 2332 5442; x_wconf 89' lang='lat' dir='ltr'><strong>tarum,</strong></span> <span class='ocrx_word' id='word_1_941' title='bbox 2357 5385 2409 5429; x_wconf 91' lang='lat' dir='ltr'><strong>et</strong></span> <span class='ocrx_word' id='word_1_942' title='bbox 2436 5375 2622 5429; x_wconf 89' lang='lat' dir='ltr'><strong>mundi</strong></span> <span class='ocrx_word' id='word_1_943' title='bbox 2661 5377 2962 5432; x_wconf 89' lang='lat' dir='ltr'><strong>conditoris</strong></span> <span class='ocrx_word' id='word_1_944' title='bbox 3002 5376 3364 5432; x_wconf 68' lang='lat' dir='ltr'><strong>otl‘ensionern</strong></span> <span class='ocrx_word' id='word_1_945' title='bbox 3407 5379 3724 5437; x_wconf 90' lang='lat' dir='ltr'><strong>incurrunt,</strong></span> 
     </span>
    </p>
   </div>
   <div class='ocr_carea' id='block_1_116' title="bbox 2129 5447 3726 5519">
    <p class='ocr_par' dir='ltr' id='par_1_116' title="bbox 2129 5447 3726 5519">
     <span class='ocr_line' id='line_1_116' title="bbox 2129 5447 3726 5519; baseline 0.002 -19"><span class='ocrx_word' id='word_1_946' title='bbox 2129 5448 2205 5519; x_wconf 82' lang='lat' dir='ltr'><strong>ita</strong></span> <span class='ocrx_word' id='word_1_947' title='bbox 2239 5448 2698 5516; x_wconf 81' lang='lat' dir='ltr'><strong>compcllabintus</strong></span> <span class='ocrx_word' id='word_1_948' title='bbox 2740 5466 2753 5502; x_wconf 90' lang='lat'><strong>:</strong></span> <span class='ocrx_word' id='word_1_949' title='bbox 2801 5449 2858 5503; x_wconf 84' lang='lat' dir='ltr'><strong>Si</strong></span> <span class='ocrx_word' id='word_1_950' title='bbox 2903 5451 3055 5517; x_wconf 85' lang='lat' dir='ltr'><strong>juxta</strong></span> <span class='ocrx_word' id='word_1_951' title='bbox 3106 5448 3385 5518; x_wconf 84' lang='lat' dir='ltr'><strong>Evangelii</strong></span> <span class='ocrx_word' id='word_1_952' title='bbox 3434 5447 3726 5519; x_wconf 80' lang='lat' dir='ltr'><strong>parabolas</strong></span> 
     </span>
    </p>
   </div>
   <div class='ocr_carea' id='block_1_117' title="bbox 2126 5516 3723 5592">
    <p class='ocr_par' dir='ltr' id='par_1_117' title="bbox 2126 5516 3723 5592">
     <span class='ocr_line' id='line_1_117' title="bbox 2126 5516 3723 5592; baseline -0.002 -20"><span class='ocrx_word' id='word_1_953' title='bbox 2126 5516 2743 5592; x_wconf 20' lang='lat' dir='ltr'><strong>hominiﬂcomparatur</strong></span> <span class='ocrx_word' id='word_1_954' title='bbox 2798 5516 2967 5586; x_wconf 87' lang='lat' dir='ltr'><strong>Deus,</strong></span> <span class='ocrx_word' id='word_1_955' title='bbox 2997 5534 3168 5592; x_wconf 89' lang='lat' dir='ltr'><strong>quare</strong></span> <span class='ocrx_word' id='word_1_956' title='bbox 3202 5516 3607 5592; x_wconf 72' lang='lat' dir='ltr'><strong>consequenter</strong></span> <span class='ocrx_word' id='word_1_957' title='bbox 3639 5516 3723 5572; x_wconf 84' lang='lat' dir='ltr'><strong>his</strong></span> 
     </span>
    </p>
   </div>
   <div class='ocr_carea' id='block_1_118' title="bbox 2124 5591 3720 5661">
    <p class='ocr_par' dir='ltr' id='par_1_118' title="bbox 2124 5591 3720 5661">
     <span class='ocr_line' id='line_1_118' title="bbox 2124 5591 3720 5661; baseline -0.001 -17"><span class='ocrx_word' id='word_1_958' title='bbox 2124 5591 2431 5660; x_wconf 83' lang='lat' dir='ltr'><strong>parabolis,</strong></span> <span class='ocrx_word' id='word_1_959' title='bbox 2458 5593 2776 5661; x_wconf 87' lang='lat' dir='ltr'><strong>parabolam</strong></span> <span class='ocrx_word' id='word_1_960' title='bbox 2799 5591 3162 5661; x_wconf 83' lang='lat' dir='ltr'><strong>quoqueesse</strong></span> <span class='ocrx_word' id='word_1_961' title='bbox 3185 5593 3342 5659; x_wconf 81' lang='lat' dir='ltr'><strong>iram,</strong></span> <span class='ocrx_word' id='word_1_962' title='bbox 3371 5603 3426 5648; x_wconf 92' lang='lat' dir='ltr'><strong>et</strong></span> <span class='ocrx_word' id='word_1_963' title='bbox 3454 5591 3720 5655; x_wconf 82' lang='lat' dir='ltr'><strong>furorem,</strong></span> 
     </span>
    </p>
   </div>
   <div class='ocr_carea' id='block_1_119' title="bbox 2124 5664 3719 5731">
    <p class='ocr_par' dir='ltr' id='par_1_119' title="bbox 2124 5664 3719 5731">
     <span class='ocr_line' id='line_1_119' title="bbox 2124 5664 3719 5731; baseline -0.002 -15"><span class='ocrx_word' id='word_1_964' title='bbox 2124 5670 2183 5716; x_wconf 85' lang='lat' dir='ltr'><strong>et</strong></span> <span class='ocrx_word' id='word_1_965' title='bbox 2200 5664 2601 5731; x_wconf 76' lang='lat' dir='ltr'><strong>ptenitentiam,</strong></span> <span class='ocrx_word' id='word_1_966' title='bbox 2633 5672 2687 5718; x_wconf 91' lang='lat' dir='ltr'><strong>et</strong></span> <span class='ocrx_word' id='word_1_967' title='bbox 2706 5665 3053 5720; x_wconf 87' lang='lat' dir='ltr'><strong>aversionem</strong></span> <span class='ocrx_word' id='word_1_968' title='bbox 3078 5664 3278 5729; x_wconf 87' lang='lat' dir='ltr'><strong>vultus,</strong></span> <span class='ocrx_word' id='word_1_969' title='bbox 3307 5673 3364 5718; x_wconf 88' lang='lat' dir='ltr'><strong>et</strong></span> <span class='ocrx_word' id='word_1_970' title='bbox 3391 5664 3719 5726; x_wconf 86' lang='lat' dir='ltr'><strong>sessionem,</strong></span> 
     </span>
    </p>
   </div>
   <div class='ocr_carea' id='block_1_120' title="bbox 2124 5734 3608 5800">
    <p class='ocr_par' dir='ltr' id='par_1_120' title="bbox 2124 5734 3608 5800">
     <span class='ocr_line' id='line_1_120' title="bbox 2124 5734 3608 5800; baseline -0.002 -11"><span class='ocrx_word' id='word_1_971' title='bbox 2124 5740 2181 5790; x_wconf 91' lang='lat' dir='ltr'><strong>et</strong></span> <span class='ocrx_word' id='word_1_972' title='bbox 2201 5736 2517 5800; x_wconf 87' lang='lat' dir='ltr'><strong>stationem,</strong></span> <span class='ocrx_word' id='word_1_973' title='bbox 2550 5746 2604 5791; x_wconf 92' lang='lat' dir='ltr'><strong>ct</strong></span> <span class='ocrx_word' id='word_1_974' title='bbox 2625 5734 3052 5793; x_wconf 85' lang='lat' dir='ltr'><strong>ambulationem</strong></span> <span class='ocrx_word' id='word_1_975' title='bbox 3082 5737 3175 5793; x_wconf 90' lang='lat' dir='ltr'><strong>Dei</strong></span> <span class='ocrx_word' id='word_1_976' title='bbox 3224 5752 3332 5792; x_wconf 88' lang='lat' dir='ltr'><strong>non</strong></span> <span class='ocrx_word' id='word_1_977' title='bbox 3364 5735 3568 5792; x_wconf 82' lang='lat' dir='ltr'><strong>vultis?</strong></span> <span class='ocrx_word' id='word_1_978' title='bbox 3589 5753 3608 5786; x_wconf 76' lang='grc' dir='ltr'><strong>ιι</strong></span> 
     </span>
    </p>
   </div>
  </div>
