4128 6346
490 245 598 305 745

1748 242 1807 305 S.
1851 238 2129 306 EUSEBII
2168 238 2552 304 HIERONYMI

3690 243 3813 305 7M

487 364 946 437 pulchritudinem
979 363 1121 435 ejus,
1168 361 1353 419 laudat
1400 358 1677 434 speciem,
1699 366 1960 435 praedicat
1984 364 2088 420 for»
2121 369 2166 428 Α
2197 379 2335 431 rem,
2390 373 2445 419 ct
2470 364 2782 419 libertatem
2810 377 2842 419 a
2876 362 3106 420 Domino
3143 366 3569 433 promeruerunt
3600 366 3617 415 :'
3643 360 3715 416 ita
3740 367 3812 416 et

487 473 652 514 mam.
687 457 751 511 Et
780 457 978 511 directa
1000 474 1053 511 es
1080 458 1133 510 in
1166 473 1399 530 regnum.
1430 458 1677 526 Quantus
1704 459 2005 529 profectus,
2036 467 2096 513 ut

486 552 649 608 etiam
692 550 757 605 ad
790 566 1015 622 regnum
1059 550 1325 622 dirigatur
1353 551 1366 606 ι
1403 550 1471 604 Et
1501 553 1622 606 exiit
1654 569 1839 606 nomen
1870 561 2011 607 tuum
2042 554 2094 604 in

491 648 745 718 gentibus.
779 646 905 702 Haac
931 659 1054 717 apta
1082 656 1210 702 sunt
1233 649 1280 703 ei
1302 692 1315 715 ,
1362 649 1451 719 qui
1484 658 1768 719 postquam
1802 649 1939 705 liber
1969 663 2093 704 esse

489 738 656 809 etrapit
680 753 710 793 a
741 738 969 805 mundo,
1016 738 1072 795 in
1100 742 1521 797 converSatione
1552 742 1844 811 proﬁciens
1870 742 1938 798 ad
1969 742 2096 797 bea-

487 838 599 886 tam
626 831 813 897 vitam,
848 847 1044 887 nomen
1077 848 1294 904 quoque
1320 832 1620 904 gloriosum
1648 834 1699 887 in
1728 834 1930 889 saeculo
1960 849 2091 889 cou-

490 936 709 982 secutus
735 936 838 982 est.
884 925 991 983 Sed
1021 930 1205 997 procul
1236 929 1380 983 absit
1420 928 1471 984 id
1512 929 1656 998 quod
1690 930 1935 999 sequitur
1968 946 1980 982 :
2026 929 2092 984 ad

487 1019 595 1076 hoc
654 1022 801 1076 enim
850 1021 1113 1091 scriptum
1173 1030 1297 1085 est,
1348 1031 1403 1076 ut
1452 1022 1683 1077 incutiat
1744 1022 2095 1079 audientibus

492 1123 719 1169 metum.
768 1112 901 1168 Post
930 1113 1413 1185 pulchritudinem,
1459 1123 1579 1184 post
1607 1129 1803 1169 nomen
1840 1130 2094 1186 magnum

489 1206 796 1264 Jerusalem
826 1208 1023 1263 misera
1055 1207 1374 1264 fornicatur.
1408 1207 1535 1263 ideo
1563 1224 1625 1263 ne
1646 1208 1880 1278 glorieris
1903 1209 1955 1263 in
1981 1225 2097 1262 cra-

487 1300 726 1365 stinum;
759 1317 861 1354 non
888 1300 1026 1354 enim
1049 1301 1172 1367 scis,
1204 1299 1330 1367 quid
1365 1300 1535 1369 pariat
1563 1299 1841 1355 adveniens
1870 1300 2000 1354 dies.
2031 1300 2099 1355 Et

487 1394 669 1449 alibi:
715 1389 953 1462 Fratres,
984 1393 1185 1447 etiamsi
1227 1403 1619 1465 prwoccupatus
1661 1393 1816 1463 fuerit
1858 1396 2009 1447 homo
2042 1393 2097 1445 in

488 1484 665 1557 aliqua
692 1494 923 1551 peccato,
957 1500 1043 1537 vos
1074 1493 1129 1537 ut
1158 1486 1420 1555 spiritales
1443 1486 1688 1539 sustinete
1718 1485 2012 1539 istiusmodi
2044 1484 2098 1536 in

487 1581 678 1653 spiritu
704 1579 1119 1634 mansuetudinis
1147 1579 1164 1648 (
1188 1577 1364 1634 Galat.
1401 1576 1498 1650 γι).
1534 1579 1600 1632 Et
1630 1592 1844 1632 rursum
1874 1596 1886 1630 :
1919 1577 2099 1632 Consi-

487 1672 673 1728 derans
703 1684 751 1727 te
772 1674 963 1742 ipsum,
993 1687 1055 1724 ne
1085 1681 1133 1724 et
1162 1681 1218 1724 tu
1251 1670 1481 1725 tenteris.
1509 1668 1578 1723 Et
1600 1671 1721 1724 exiit
1743 1686 1927 1724 nomen
1953 1678 2098 1723 tuum

2196 474 2296 513 nos
2325 458 2610 514 audientes
2629 500 2643 523 ,
2674 460 2725 512 in
2750 459 2948 529 quibus
2970 458 3152 530 culpet
3178 458 3318 514 Deus
3343 457 3806 523 siveJerusalem,

2196 555 2315 609 sive
2365 555 2675 610 universam
2706 553 2949 609 Judaeum
2970 595 2986 622 ,
3017 555 3134 609 sive
3191 569 3353 609 unam
3381 552 3682 625 quamlibet
3730 564 3815 605 ex

2198 647 2442 702 tribubus
2469 648 2784 717 specialiter
2814 648 3223 717 delinquentem
3247 690 3262 715 ,
3296 663 3404 702 non
3436 662 3625 717 parum
3654 642 3815 699 utili-

2197 740 2321 794 tatis
2354 741 2650 811 accipimus
2669 782 2684 806 ,
2712 755 2779 794 ne
2800 748 2857 796 et
2881 742 2930 794 in
2953 743 3069 795 haec
3090 754 3410 795 corruamus
3431 780 3447 806 ,
3483 741 3535 793 in
3558 754 3677 810 qua:
3698 753 3812 793 ca:-

2196 834 2302 889 teri
2328 844 2676 892 corruerunt.
2713 835 2808 891 Est
2836 844 3018 890 autem
3052 835 3380 906 principium
3407 832 3686 889 hodierna:
3726 832 3814 888 le—

2196 929 2413 992 ctionis,
2446 930 2573 999 quia
2630 939 2810 984 veSIes
2851 944 2879 981 a
2912 929 3024 984 Deo
3054 926 3325 998 acceperit
3381 925 3716 990 Jerusalem,
3748 933 3813 981 et

2196 1018 2387 1075 fecerit
2407 1036 2472 1074 ex
2504 1020 2585 1074 his
2624 1020 2726 1075 sibi
2757 1020 2943 1075 sutilia
2974 1019 3224 1090 quaedam
3250 1018 3576 1081 simulacra,
3611 1026 3668 1071 et
3694 1018 3812 1070 for-

2198 1113 2377 1168 nicata
2400 1115 2470 1168 sit
2498 1129 2662 1184 super
2688 1114 2788 1169 eis.
2826 1115 2902 1169 De
2946 1115 3140 1183 quibus
3184 1114 3342 1184 juxta
3380 1110 3811 1183 possibilitatem

2200 1222 2375 1264 meam
2421 1208 2478 1262 in
2510 1209 2677 1278 priori
2711 1222 2969 1263 sermone
2997 1209 3255 1275 disserui,
3291 1196 3503 1263 docens
3524 1207 3680 1270 istos,
3711 1206 3811 1276 qui

2200 1300 2514 1370 Scripturas
2545 1301 2831 1368 lacerant,
2864 1309 2920 1357 et
2947 1318 2976 1355 a
3008 1300 3189 1357 verbis
3244 1300 3411 1356 verba
3459 1301 3813 1370 disrumpunt

2200 1403 2530 1449 consuentes
2544 1408 2630 1460 ea,
2647 1394 3093 1449 etcommentitia
3114 1394 3364 1465 dogmata
3389 1402 3805 1464 componentes,

2200 1485 2407 1541 servire
2461 1487 2642 1553 idolis,
2670 1503 2792 1557 qua:
2814 1503 3004 1542 earum
3033 1487 3277 1543 vestibus
3328 1486 3644 1542 induerunt.
3680 1485 3810 1541 Non

2200 1578 2252 1630 in
2276 1578 2665 1634 tabernaculum
2694 1596 2863 1634 meum
2891 1580 3111 1635 intrabis
3136 1622 3151 1647 ,
3185 1581 3313 1652 foris
3333 1596 3417 1648 es,
3451 1589 3498 1635 et
3530 1580 3657 1652 {oris
3687 1595 3805 1633 ma-

2201 1670 2361 1725 nebis.
2409 1672 2521 1728 Scit
2567 1672 2869 1743 Scriptura,
2918 1684 3139 1729 sanctos
3171 1675 3342 1740 intus,
3385 1685 3698 1745 peccatores
3723 1672 3807 1729 fo-

486 1767 542 1820 in
568 1766 804 1837 gentibus
832 1766 885 1819 in
916 1766 1086 1832 specie
1117 1774 1227 1831 tua,
1268 1764 1515 1835 quoniam
1540 1774 1957 1818 consummatum
1988 1772 2096 1817 erat
2127 1764 2178 1825 B
2204 1764 2279 1819 ris
2310 1781 2450 1821 esse.
2485 1766 2653 1837 Igitur
2695 1768 3026 1833 Jerusalem,
3059 1768 3189 1839 quia
3221 1769 3345 1823 talia
3375 1768 3539 1841 946
3581 1779 3808 1840 peccata

486 1860 541 1913 in
583 1859 766 1914 decore
809 1858 1019 1931 speciei,
1047 1874 1203 1929 quam
1231 1857 1471 1911 constitui
1518 1857 1667 1924 inte,
1723 1857 1846 1909 dicit
1892 1854 2097 1909 Adonai

486 1952 765 2010 Dominus.
802 1951 871 2007 Et
899 1952 1097 2022 conﬁsa
1132 1969 1183 2006 es
1214 1953 1270 2006 in
1303 1952 1486 2007 decore
1512 1960 1621 2006 tuo.
1670 1952 1858 2021 Magna
1893 1951 2091 2020 sapuit,

488 2057 545 2103 et
575 2047 905 2119 conscientia
935 2045 1351 2116 pulchritudinis
1378 2061 1490 2100 sua:
1528 2053 1709 2099 erecta
1738 2053 1821 2099 est
1847 2044 2096 2113 speciosa

484 2140 815 2198 Jerusalem.
874 2139 943 2193 Et
988 2141 1110 2210 quin
1154 2139 1261 2193 alta
1288 2138 1488 2207 sapuit,
1524 2152 1623 2192 nec
1663 2152 1722 2191 se
1772 2136 2093 2204 humiliavit,

488 2248 591 2288 nec
635 2230 963 2304 glorificavit
1010 2232 1202 2300 Deum,
1233 2230 1358 2284 audi
1395 2229 1524 2300 quid
1567 2228 1783 2283 dicatur
1810 2227 1877 2283 ad
1923 2243 2045 2283 eam
2081 2246 2092 2282 :

488 2325 653 2399 945
685 2325 751 2380 Ει
784 2326 1038 2395 fornicata
1068 2342 1118 2379 es
1146 2325 1199 2377 in
1230 2324 1435 2378 nomine
1464 2332 1573 2389 tuo,
1600 2333 1645 2376 et
1675 2321 1909 2390 elfudistl
1934 2321 2099 2392 forni-

489 2422 745 2475 cationem
793 2430 938 2475 tuam
966 2421 1021 2475 in
1049 2419 1190 2473 omni
1220 2420 1465 2473 transitu.
1515 2417 1655 2485 Quid
1684 2427 1767 2473 est.
1797 2418 1919 2482 hoc,
1950 2416 2095 2487 quod

489 2516 595 2581 ait,
630 2514 880 2570 Eﬂ'udisti
928 2513 1341 2569 fornicationem
1376 2522 1520 2565 tuam
1554 2512 1608 2565 in
1639 2511 1786 2565 omni
1822 2509 2096 2564 transitu?

492 2608 696 2665 Circuit
745 2609 955 2664 animas
1003 2616 1218 2661 nostras
1246 2605 1510 2661 fortitudo
1540 2607 1837 2672 contraria,
1870 2613 1925 2658 et
1948 2603 2096 2657 varie

495 2706 856 2773 perlustrans,
890 2700 1089 2771 quaerit
1126 2700 1327 2765 locum,
1359 2713 1458 2768 per
1483 2713 1644 2765 quem
1675 2696 1849 2767 possit
1894 2696 2095 2750 irrum-

492 2812 644 2869 pere.
698 2796 782 2851 lra
810 2810 909 2851 suo
936 2795 1155 2849 nomine
1186 2792 1304 2848 vult
1345 2791 1600 2848 fornicari
1632 2806 1847 2846 mecum
1900 2790 2095 2859 :juxta

491 2891 781 2961 conjuncta
814 2890 1058 2943 moribus
1084 2886 1222 2942 meis
1253 2901 1353 2941 suo
1383 2886 1603 2940 nomine
1634 2884 1872 2951 tristitia,
1906 2892 1961 2939 et
1984 2881 2097 2936 vult

490 2999 580 3041 me
601 2983 780 3040 facere
812 2993 1129 3039 mmrentem
1162 2997 1175 3035 :
1206 2996 1302 3036 sua
1334 2988 1489 3051 parte
1510 2977 1738 3033 avaritia
1762 2977 1926 3033 infert
1952 2976 2098 3031 desi-

489 3080 702 3138 derium
731 3080 846 3134 auri
878 3087 932 3134 et
957 3077 1192 3149 argenti,
1220 3085 1275 3132 et
1297 3088 1762 3147 quorumcumque
1789 3072 2044 3127 similium
2077 3088 2091 3125 :

2201 1858 2499 1926 commisit,
2553 1869 2611 1914 ut
2656 1875 2764 1915 non
2795 1871 3069 1917 mereatur
3096 1861 3305 1917 intrare
3348 1862 3808 1933 repromissimies

2203 1948 2334 2017 Dei,
2368 1962 2424 2005 et
2449 1950 2658 2006 dicatur
2690 1952 2757 2007 ad
2782 1968 2901 2008 eam
2928 1971 2943 2009 :
2990 1952 3059 2008 Et
3090 1971 3193 2009 non
3219 1954 3441 2009 intrabis
3465 1971 3483 2008 :
3514 1970 3809 2012 caveamus

2202 2058 2271 2097 ne
2302 2043 2439 2099 forte
2460 2058 2516 2100 et
2541 2046 2700 2101 nobis
2726 2046 2941 2102 dicatur
2963 2089 2977 2115 ,
3011 2057 3061 2103 et
3090 2065 3193 2102 non
3219 2049 3458 2103 intrabis.
3491 2048 3671 2119 Neque
3692 2049 3805 2120 ﬁet.

2201 2138 2317 2193 Non
2351 2149 2437 2195 est
2464 2142 2797 2213 completum
2824 2146 2949 2207 hoc,
2976 2143 3122 2207 quod
3142 2143 3343 2199 dicitur
3370 2163 3381 2197 :
3416 2161 3579 2215 neque
3600 2146 3727 2213 fiet,
3756 2153 3811 2200 et

2202 2235 2328 2291 ideo
2359 2236 2797 2291 subaudiendum
2827 2238 3166 2305 extrinsecus,
3205 2248 3263 2292 ut
3290 2253 3485 2292 sensus
3510 2239 3684 2308 possit
3712 2254 3805 2293 ex-

2202 2327 2363 2398 pleri.
2398 2327 2478 2382 Ea
2500 2344 2622 2399 qua:
2663 2329 2758 2383 tibi
2786 2330 3119 2400 repromissa
3158 2337 3285 2384 sunt
3311 2330 3477 2395 bona,
3528 2341 3583 2385 et
3608 2345 3803 2401 accep-

2202 2429 2321 2474 tura
2369 2435 2521 2484 eras,
2575 2436 2681 2475 non
2718 2422 2865 2475 lient.
2920 2421 3177 2492 Sequitur
3217 2422 3368 2477 aliud
3400 2422 3656 2478 delictum
3691 2441 3704 2476 :
3741 2422 3804 2477 Et

2200 2515 2446 2584 accepisti
2467 2532 2590 2570 uasa
2618 2514 3015 2587 gloriﬁcationis
3053 2524 3157 2572 tua:
3196 2518 3259 2570 de
3284 2527 3500 2590 argento
3523 2526 3629 2583 tuo,
3669 2527 3717 2572 et
3742 2516 3803 2571 de

2199 2626 2328 2664 auro
2358 2618 2470 2677 tuo,
2504 2627 2566 2665 ea:
2609 2610 2793 2680 quibus
2825 2610 2942 2665 dedi
2970 2610 3084 2676 tibi,
3117 2619 3166 2664 et
3207 2610 3379 2679 fecisti
3426 2609 3516 2664 tibi
3553 2610 3803 2681 imagines

2199 2706 2539 2759 masculinas.
2597 2705 2906 2761 Secundum
2939 2720 3284 2760 communem
3336 2720 3558 2761 sensum
3589 2705 3670 2760 sic
3721 2705 3803 2760 in-

2202 2801 2368 2870 telligi
2395 2808 2574 2869 potest
2599 2817 2611 2851 :
2639 2799 2782 2855 Vasa
2808 2798 3247 2871 glorificutionis,
3276 2798 3346 2854 de
3370 2799 3566 2868 quibus
3588 2797 3802 2871 Moyses

2202 2893 2420 2962 scripsit
2439 2894 2494 2946 in
2514 2891 2788 2961 Numeris,
2820 2892 3118 2957 thuribula,
3146 2890 3377 2963 phialas.
3408 2891 3799 2947 candelabrum

2199 3001 2446 3052 aureum,
2479 3002 2661 3041 arcam
2690 2988 2759 3041 ab
2782 2986 2930 3041 intus
2950 2996 3006 3042 et
3039 3002 3071 3041 a
3099 2988 3231 3041 loris
3255 2987 3571 3041 deauratani
3607 2985 3796 3057 (Num.

2202 3095 2296 3134 vni
2316 3084 2354 3147 ),
2384 3089 2440 3135 et
2466 3089 2665 3135 emtera
2710 3081 2927 3149 cepiSti,
2955 3090 3010 3136 et
3036 3079 3283 3136 conﬂasti
3312 3096 3400 3148 ea,
3434 3091 3489 3136 et
3517 3080 3691 3136 fecisti
3719 3079 3800 3136 ef-

493 3174 539 3230 si
565 3189 653 3230 me
672 3188 781 3229 ιιοη
808 3172 1141 3238 custtidiero,
1171 3181 1225 3225 et
1251 3170 1501 3224 clausero
1530 3168 1728 3223 ostium
1760 3182 1963 3233 meum,
1995 3166 2089 3221 sed
2118 3165 2162 3227 C
2197 3173 2349 3244 ligies
2365 3174 2714 3243 masculinas,
2740 3184 2794 3229 et
2816 3172 3161 3244 fornicataes
3184 3174 3238 3227 in
3263 3173 3365 3228 eis.
3389 3173 3699 3228 Secundum
3721 3171 3802 3226 al-

496 3282 793 3339 suscepero
821 3281 1037 3321 omnem
1070 3266 1378 3319 orationem
1424 3262 1652 3331 inimici,
1695 3261 1888 3316 dicitur
1909 3259 2039 3314 mihi
2074 3279 2087 3313 ;

492 3361 744 3430 E/fudisti
776 3361 1169 3432 fornicationem
1189 3369 1330 3412 tuam
1353 3358 1408 3409 in
1434 3358 1575 3409 omni
1599 3355 1841 3422 transitu,
1873 3362 1920 3407 et
1947 3369 2089 3407 acce-

489 3458 613 3528 pisti
638 3465 795 3512 vestes
824 3465 962 3516 tuas,
991 3464 1038 3507 et
1067 3452 1228 3523 fecisti
1255 3451 1345 3504 tibi
1372 3447 1515 3503 idola
1534 3448 1734 3503 sutilia.
1763 3448 1839 3502 De
1867 3446 1954 3501 his
1971 3446 2089 3515 qui-

493 3552 595 3606 bus
628 3559 682 3605 te
710 3547 920 3613 ornavi,
954 3546 1146 3616 quibus
1173 3541 1338 3616 94.6
1369 3543 1593 3614 pulchra
1623 3546 1761 3597 facta
1792 3556 1872 3609 es,
1916 3540 2090 3597 fecisti

492 3642 591 3699 tibi
642 3642 788 3698 idola
833 3639 1038 3697 sutilia.
1074 3637 1209 3693 Volo
1258 3637 1433 3692 adhuc
1471 3651 1762 3706 exponere,
1817 3651 1937 3706 quae
1965 3641 2090 3688 sunt

490 3737 639 3795 idola
667 3737 875 3804 sutilia,
925 3750 1043 3806 quae
1091 3731 1308 3803 quidem
1350 3730 1417 3786 de
1446 3729 1688 3785 vestibus
1732 3736 2087 3783 consuerunt.

496 3830 684 3887 Vestes
714 3829 913 3884 divina:
941 3826 1235 3897 Scriptura:
1266 3834 1414 3890 sunt.
1461 3832 1517 3878 et
1554 3836 1772 3889 sensus,
1806 3823 1897 3890 qui
1927 3831 2009 3875 est
2035 3821 2089 3875 in

492 3927 591 3984 eis.
645 3923 1045 3982 Consciderunt
1089 3924 1187 3976 has
1236 3929 1415 3976 vestes
1455 3918 1700 3973 haeretici
1726 3959 1740 3984 ,
1772 3930 1826 3973 et
1854 3930 2086 3971 consue—

491 4030 642 4087 runt,
675 4019 876 4075 dictum
907 4017 1073 4083 dicto,
1106 4014 1271 4071 verba
1296 4014 1478 4070 verbis
1507 4012 1820 4084 iungentes,
1852 4010 1947 4066 sed
1977 4026 2086 4065 non

490 4132 616 4174 cum
645 4123 949 4186 opportuna
968 4113 1216 4184 junctura
1244 4119 1504 4181 aptaque,
1534 4116 1589 4164 et
1611 4116 1957 4172 consuentes,
1988 4106 2089 4160 im-

492 4212 579 4284 pia
606 4210 709 4267 sibi
739 4210 1027 4264 simulacra
1057 4205 1326 4268 fecerunt,
1374 4203 1573 4273 quibus
1602 4201 1895 4257 illexerunt.
1922 4214 2087 4271 quos-

487 4305 612 4362 dam
639 4304 883 4369 credere,
916 4311 971 4357 et
998 4297 1308 4355 consentire
1347 4295 1415 4352 ad
1456 4297 1659 4350 cultum
1687 4310 1896 4362 eorum,
1939 4303 1990 4349 et
2021 4292 2086 4347 (i-

489 4411 633 4456 ctam
676 4399 954 4467 suscipere
983 4392 1345 4464 discipliuam.
1392 4390 1538 4445 Deus
1587 4403 1719 4445 vero
1749 4403 1943 4443 omnes
1986 4403 2084 4441 nos

488 4496 558 4553 ab
596 4498 681 4550 bis
714 4506 767 4551 et
797 4492 919 4548 aliis
964 4489 1264 4546 simulacris
1318 4486 1531 4553 liberet,
1567 4493 1625 4540 ut
1670 4483 2083 4554 magnilicemur

2194 3269 2452 3340 legoriam
2505 3285 2638 3325 vero
2670 3271 2741 3324 ita
2792 3268 3218 3339 explanabitur:
3255 3268 3393 3324 Vasa
3423 3283 3590 3323 aurea
3629 3277 3685 3323 et
3712 3282 3799 3322 ar-

2194 3375 2408 3433 gentea,
2439 3362 2493 3418 id
2538 3372 2644 3431 est,
2681 3363 2984 3429 thuribula,
3038 3361 3247 3432 phialas
3276 3372 3331 3418 et
3360 3371 3559 3416 caetera
3616 3361 3797 3416 istius‘

2193 3457 2342 3512 modi
2369 3457 2631 3512 habemus
2660 3456 2715 3511 in
2738 3457 2906 3512 sacris
2930 3456 3157 3524 litteris;
3185 3454 3402 3525 quando
3424 3470 3556 3525 ergo
3579 3464 3800 3526 torque-

2195 3566 2315 3606 mus
2343 3565 2539 3606 sensus
2583 3549 2881 3620 Scriptura:
2914 3551 2968 3604 in
3014 3550 3245 3604 alterum
3296 3563 3542 3616 sensum,
3589 3550 3684 3618 qui
3715 3554 3801 3603 est

2191 3644 2504 3700 contrarius
2548 3644 2769 3699 veritati
2796 3685 2811 3711 ,
2848 3645 3017 3699 verba
3046 3642 3230 3697 divina
3260 3641 3594 3709 conﬂamus,
3625 3650 3682 3697 et
3708 3654 3798 3697 res

2194 3738 2289 3793 Dei
2329 3738 2385 3793 in
2412 3738 2544 3793 alias
2572 3748 2847 3794 mutamus
2871 3736 3105 3809 efﬁgies.
3136 3736 3269 3804 Qua:
3314 3736 3574 3792 facientes
3604 3735 3798 3790 incidi-

2192 3847 2314 3888 mus
2344 3832 2397 3887 in
2428 3842 2729 3901 peccatum,
2753 3831 2898 3903 quod
2923 3845 3068 3886 nunc
3094 3831 3445 3886 commiserat
3463 3830 3790 3885 Jerusalem.

2193 3927 2331 3982 Va’sa
2372 3927 2790 3998 glorilicationis
2836 3936 3039 3985 nostra:
3078 3936 3209 3981 sunt
3246 3926 3333 3981 lex
3385 3934 3440 3981 et
3481 3926 3791 3994 prophetae;

2189 4039 2359 4096 super
2386 4023 2470 4079 his
2486 4024 2849 4091 exsultamus,
2872 4023 2926 4077 in
2948 4021 3033 4076 his
3052 4019 3356 4077 efferimur.
3381 4020 3529 4086 Quos
3552 4034 3675 4074 cum
3697 4019 3797 4073 ali-

2191 4128 2273 4174 ter
2303 4120 2626 4188 exponimus
2653 4116 2839 4190 947,
2890 4132 3051 4187 quam
3100 4131 3160 4171 se
3189 4115 3390 4170 veritas
3422 4113 3610 4180 habet,
3663 4128 3795 4168 con-

2190 4213 2453 4270 vertimus
2481 4228 2607 4269 vasa
2635 4212 3054 4285 glorificationis
3103 4222 3308 4266 nostra:
3333 4210 3402 4265 de
3446 4216 3675 4279 argento
3703 4220 3791 4262 ra.

2189 4308 2460 4374 tiouabili,
2480 4318 2534 4364 et
2560 4308 2627 4363 de
2651 4322 2786 4362 auro
2802 4306 3073 4375 sensibili,
3097 4305 3243 4375 quod
3268 4305 3428 4360 nobis
3446 4302 3599 4358 dedit
3616 4301 3787 4367 Deus;

2186 4412 2241 4457 et
2271 4401 2497 4457 facimus
2520 4401 2676 4456 nobis
2696 4400 2961 4471 imagines
2991 4399 3352 4461 masculinas,
3378 4404 3432 4451 et
3453 4394 3791 4451 fornicamur

2188 4496 2243 4550 in
2274 4497 2375 4551 eis.
2399 4494 2657 4565 Sequitur
2688 4513 2701 4551 :
2735 4495 2993 4565 Accepisti
3023 4494 3323 4547 vestimenta
3341 4490 3484 4546 varia
3510 4499 3555 4543 et
3584 4488 3791 4560 operui-

487 4589 545 4646 in
569 4590 784 4644 Christo
812 4587 964 4653 Jesu,
992 4586 1078 4642 cui
1103 4594 1188 4641 est
1216 4582 1386 4655 gloria
1414 4591 1469 4637 et
1497 4580 1783 4651 imperium
1802 4579 1858 4635 in
1882 4578 2083 4636 saecula

2194 4592 2255 4646 sti
2291 4590 2408 4646 illa.
2444 4564 2603 4646 varia
2634 4590 2805 4646 vestis
2832 4564 2919 4645 est
2947 4605 2961 4645 :
2993 4598 3049 4645 et
3097 4588 3229 4644 hinc
3260 4601 3400 4642 unus
3444 4585 3513 4641 de
3543 4582 3791 4653 Scriptu-

488 4682 831 4739 saeculorum.
862 4678 1060 4735 Amen.

958 4767 1244 4827 HOMILIA
1271 4765 1589 4822 SEPTIMA.

489 4893 567 4951 De
594 4910 663 4953 eo
684 4892 828 4966 quod
869 4889 1108 4966 dicitur;
1137 4888 1361 4966 Sumen:
1398 4884 1461 4938 de
1500 4882 1809 4938 vestimentis
1834 4884 1978 4966 lueis
2007 4885 2086 4965 fe-

482 4970 670 5043 Bcisti
701 4954 791 5021 ξίῡὲ
822 4965 1021 5043 εφσξιεα
1058 4961 1178 5043 hinc
1205 4954 1324 5012 inde
1351 4966 1565 5011 consuto
1594 4970 1801 5026 usque:
1824 4954 1893 5008 Et
1924 4971 1987 5009 ne
2011 4955 2086 5008 sic

557 5042 747 5097 satiata
778 5055 829 5092 es
851 5035 1023 5109 (Cap.
1051 5031 1200 5103 xvi).

552 5158 717 5233 95.5
740 5154 1031 5223 Catalogus
1058 5156 1401 5221 peccatorum
1422 5145 1748 5209 Jerusalem,
1790 5154 2084 5216 utcumque

480 5253 648 5312 fuerit
661 5250 991 5313 intellectus,
1006 5242 1583 5300 mdilleataudientem.
1598 5239 1886 5308 Quomodo
1904 5241 2079 5307 enim,

481 5350 529 5405 si
553 5349 606 5403 in
630 5347 793 5402 domo
820 5356 921 5400 sua
946 5343 1256 5412 quempiam
1278 5337 1348 5393 de
1376 5336 1578 5391 familia
1617 5336 1881 5391 Dominus
1908 5336 2082 5391 corri-

481 5446 619 5517 piat,
641 5451 702 5499 et
737 5449 957 5513 peccata
987 5435 1105 5507 ejus
1155 5440 1420 5504 exponat,
1454 5432 1594 5487 alius
1620 5434 1710 5502 qui
1760 5446 1932 5502 nuper
1960 5446 2079 5487 em-

480 5549 606 5613 ptus
636 5550 717 5595 est
746 5549 958 5603 servus,
992 5531 1183 5588 videns
1215 5528 1383 5599 patris
1411 5526 1633 5582 familiae
1690 5525 2031 5595 disciplinam
2058 5569 2073 5594 ,

478 5651 601 5708 qua:
628 5632 848 5703 culpet,
879 5642 1067 5699 quaeve
1116 5622 1391 5682 collaudet
1412 5666 1427 5693 ,
1461 5622 1750 5677 instruitur
1768 5620 1836 5676 ad
1861 5634 1967 5675 non
2000 5620 2079 5675 fa-

479 5728 670 5787 cienda
722 5742 786 5784 ea
817 5740 941 5797 quae
970 5721 1186 5795 priores
1215 5718 1398 5775 fecere
1444 5716 1696 5774 conservi
1720 5759 1733 5781 ,
1764 5722 1821 5773 et
1875 5714 1943 5771 ad
1973 5716 2077 5773 hoc

478 5822 630 5882 omni
660 5821 848 5880 labore
874 5815 1119 5885 feelinat,
1149 5820 1210 5870 ut
1230 5827 1294 5870 ea
1320 5812 1507 5880 faciat,
1529 5828 1625 5884 per
1642 5827 1763 5884 quae
1790 5812 1881 5869 alii
1904 5811 2075 5869 hono-

2186 4684 2263 4740 ris
2294 4685 2465 4748 locus,
2505 4700 2612 4754 quo
2636 4683 2932 4751 induimur,
2965 4690 3310 4738 assumentes
3337 4679 3551 4737 viscera
3575 4677 3789 4733 miseri-

2186 4778 2423 4845 cordiae,
2466 4777 2819 4849 benignitatis
2847 4818 2862 4841 ,
2914 4774 3269 4838 humilitatis,
3304 4769 3743 4828 mansuetudinis
3765 4810 3779 4835 ,

2186 4871 2631 4942 longanimitatis,
2664 4870 2732 4925 ad
2755 4868 3125 4925 sufferendum
3159 4866 3413 4922 invicem.
3443 4864 3554 4920 Has
3603 4862 3787 4917 varias

2187 4975 2391 5032 vestes,
2420 4972 2477 5020 et
2506 4964 2763 5033 pulchros
2790 4963 3045 5029 amictus,
3075 4976 3211 5033 quos
3247 4960 3405 5016 nobis
3453 4959 3682 5025 largitus
3703 4964 3789 5012 est

2192 5060 2357 5126 Deus,
2383 5060 2429 5114 si
2458 5060 2779 5123 laceramus,
2808 5069 2975 5127 atque
3005 5053 3439 5121 conscindimus,
3472 5062 3527 5107 et
3553 5052 3788 5107 circum-

2188 5154 2382 5209 damus
2418 5152 2571 5207 falsae
2623 5152 2893 5207 doctrina:
2931 5150 2998 5204 ad
3048 5149 3428 5221 deceptionem
3481 5146 3783 5210 hominumn,

2187 5263 2297 5302 non
2325 5245 2546 5301 dubium
2565 5255 2672 5312 est,
2688 5247 2820 5317 quin
2838 5244 3005 5299 variis
3022 5244 3267 5300 vestibus
3288 5242 3595 5313 cperiamus
3616 5239 3781 5294 idola.

2186 5340 2460 5411 lutclliges
2481 5349 2663 5394 autem
2701 5339 2804 5394 hoc
2824 5338 2970 5409 quod
3001 5338 3223 5406 dicitur,
3257 5336 3303 5390 si
3336 5336 3507 5405 ipsam
3533 5348 3646 5388 rem
3671 5348 3785 5387 ma-

2188 5435 2435 5491 nileStius
2458 5435 2852 5491 describamus.
2883 5431 3016 5488 Vide
3064 5431 3197 5486 mihi
3232 5430 3464 5501 aliquem
3494 5425 3786 5483 Marcioni-

2184 5539 2347 5597 stam,
2372 5530 2486 5585 sive
2516 5530 2844 5600 discipulum
2876 5524 3170 5589 Valentini,
3204 5533 3298 5579 aut
3321 5534 3470 5580 certe
3490 5520 3784 5592 cujuslibet

2182 5623 2407 5680 haeresis
2444 5621 2818 5686 defensorem,
2871 5628 2925 5675 et
2954 5617 3266 5684 considera,
3311 5615 3587 5688 quomodo
3636 5612 3780 5669 idola

2181 5735 2299 5787 sua,
2334 5718 2387 5775 id
2418 5728 2523 5789 est,
2557 5718 2812 5789 figmenta
2840 5729 2962 5786 qum
2992 5714 3108 5784 ipse
3136 5712 3467 5784 composuit,
3521 5722 3780 5765 mansue-

2180 5814 2371 5872 tudine
2416 5823 2470 5869 et
2510 5811 2760 5868 castitate
2797 5809 3028 5877 vestiat,
3060 5818 3117 5863 ut
3149 5807 3201 5864 in
3247 5821 3406 5863 aures
3442 5802 3775 5861 audientium
