4128 6346
353 216 463 274 745

897 203 1812 281 TRANSLArto‘ttoutLtAnuu
1851 206 2181 272 onteENts
2218 210 2287 268 lN
2326 183 2790 273 EZECHIELEM'.
2835 213 3000 274 non.
3041 213 3156 272 vn.

3547 217 3652 274 746

357 329 571 386 facilius
592 344 660 387 ex
690 331 814 388 vitae
843 332 1086 390 bonitate
1113 344 1338 390 ornatus
1363 347 1548 390 sermo
1577 331 1856 400 subrepat.
1888 326 1955 382 Et
1980 330 2037 390 Α
2060 328 2357 397 quaerimus
2388 328 2544 384 nobis
2571 331 2890 402 culpabiles,
2923 332 2989 387 ad
3018 330 3378 389 aemulandum
3402 375 3417 401 ,
3451 340 3509 387 ut
3531 348 3653 389 cum

352 438 478 480 cum
521 423 626 480 hoc
658 423 871 490 fecerit,
905 425 1152 499 intellige
1192 442 1314 483 eum
1341 411 1702 495 assumpsisse
1743 430 1949 476 vestem

350 518 558 573 variam
590 535 822 587 morum,
865 531 922 578 et
945 521 1378 578 conversationis
1423 522 1669 592 optimas,
1711 526 1765 572 et
1793 516 1951 572 idolis

351 613 679 684 subjecisse,
707 631 829 686 quae
880 615 998 686 ipse
1029 607 1358 673 construxit.
1394 618 1471 670 Ac
1512 615 1664 684 juxta
1693 611 1798 682 mei
1829 610 1951 681 qui-

354 706 480 764 dem
533 710 702 764 auimi
757 725 976 766 sensum
1019 712 1190 767 multo
1220 711 1510 768 nocentior
1537 717 1621 764 est
1666 706 1955 763 haereticus

355 801 514 856 bona:
554 802 700 869 vitae,
728 812 784 858 et
809 795 935 874 plus
957 805 1008 859 iu
1037 805 1286 861 doctrina
1315 819 1416 859 sua
1431 802 1595 857 habet
1615 798 1956 856 auctoritatis

355 909 445 956 eo,
473 896 570 966 qui
593 897 899 954 doctrinam
927 897 1351 955 conversatione
1394 896 1648 953 maculet.
1681 894 1782 962 Qui
1811 892 1955 948 enim

358 989 483 1043 vita:
513 989 765 1060 pessimae
785 974 900 1060 est,
933 1008 1038 1047 non
1063 993 1219 1048 facile
1251 991 1498 1046 homines
1535 989 1601 1044 ad
1638 988 1830 1043 falsum
1863 986 1958 1040 do-

364 1098 486 1152 gma
519 1083 801 1152 sollicitat,
825 1099 924 1140 nec
947 1093 1127 1162 potest
1156 1101 1252 1155 per
1273 1088 1519 1140 umbram
1541 1081 1845 1138 sanctitatis
1867 1097 1960 1136 au-

366 1173 629 1230 dientium
661 1174 916 1248 decipere
948 1176 1374 1246 simplicitatem.
1412 1177 1517 1246 Qui
1545 1191 1677 1232 vero
1707 1188 1962 1230 sermone

369 1284 660 1338 pervcrsus
687 1280 792 1336 est,
818 1280 873 1325 et
903 1269 1208 1340 disciplinis
1237 1270 1395 1326 saluti
1422 1267 1752 1332 contrarius,
1785 1279 1964 1320 mores

365 1371 546 1416 autem
579 1363 912 1438 compositos
933 1373 988 1418 et
1005 1370 1231 1438 ornatos
1259 1362 1444 1429 habet,
1477 1359 1770 1438 nihilfaeit
1793 1357 1960 1425 aliud,

365 1454 472 1510 nisi
513 1436 713 1526 accipit
763 1455 1081 1517 indumenta
1128 1436 1280 1511 varia
1307 1455 1538 1510 instituti
1586 1437 1713 1509 beni
1743 1462 1799 1508 et
1829 1465 1964 1506 con-

363 1549 694 1606 versationis
723 1552 922 1621 quieta:
941 1591 956 1615 ,
985 1559 1041 1614 et
1069 1549 1372 1625 circumdat
1411 1563 1474 1604 ea
1521 1547 1680 1602 idolis
1728 1546 1842 1601 suis
1867 1587 1880 1611 ,
1911 1553 1969 1599 ut

365 1644 539 1713 magis
564 1643 802 1714 decipiat
821 1644 1132 1700 audientes.
1165 1644 1374 1699 Idcirco
1401 1642 1642 1698 sollicite
1681 1654 1968 1698 caveamus

2055 420 2306 478 dicamus
2355 441 2365 478 τ
2410 423 2505 480 Ille
2551 425 2751 496 docet,
2793 431 2854 481 et'
2885 427 2970 482 his
2999 443 3120 499 quae
3151 427 3345 493 docet,
3382 427 3510 481 facit
3537 429 3655 498 ipse

2055 516 2350 583 contraria,
2398 517 2687 574 adversum
2748 532 3080 590 praeceptum
3136 521 3354 576 Domini
3405 519 3654 588 facimus,

2047 612 2146 681 qui
2196 611 2476 667 mandavit
2525 612 2804 670 doctrinas
2856 615 3238 686 magistrorum
3289 615 3461 686 magis
3527 631 3660 671 eon-

2058 705 2292 760 siderari
2330 705 2762 776 debere,.quam
2804 709 2965 764 vitas.
3015 707 3141 764 Haec
3183 709 3417 764 dicimus
3454 708 3524 764 de
3568 724 3657 776 eo,

2056 801 2198 872 quod
2236 801 2498 871 scriptum
2545 811 2630 856 est
2662 821 2675 858 :
2702 793 2968 874 Accepisti
3008 813 3193 857 vestem
3245 814 3385 857 luam
3431 806 3655 856 uersico-

2057 897 2260 964 lorem,
2319 905 2368 950 et
2417 897 2667 968 aperuisti
2722 896 2852 965 illa,
2898 898 2946 952 id
3000 905 3086 953 est
3131 913 3256 952 vasa
3303 897 3658 968 glorificatio-

2062 991 2170 1057 nis,
2223 1007 2345 1062 qua:
2386 991 2438 1046 iu
2482 992 2622 1047 idola
2665 993 3040 1062 commutasti.
3083 993 3337 1062 Sequitur
3365 1009 3377 1047 :
3409 991 3573 1064 949
3596 992 3664 1046 Et

2021 1083 2235 1139 'oleum
2275 1100 2475 1152 meum,
2535 1095 2582 1139 et
2610 1086 2872 1142 incensum
2928 1102 3099 1140 meum
3151 1086 3369 1153 posuisti
3420 1097 3539 1140 ante
3587 1089 3666 1156 [a-

2064 1180 2190 1232 ciem
2237 1193 2412 1232 eorum
2464 1177 2648 1251 (Apoc.
2712 1179 2852 1250 vm).
2913 1179 3194 1248 Scriptura
3241 1179 3496 1244 docente,
3529 1178 3668 1232 didi-

2065 1270 2272 1338 cimus,
2321 1270 2448 1340 quia
2497 1279 2812 1326 sanctorum
2866 1272 3045 1326 oratio
3099 1272 3170 1326 sit
3227 1270 3533 1326 incensum.
3582 1269 3674 1324 Ait

2068 1366 2212 1421 enim
2267 1361 2597 1420 :Incensum
2646 1376 2822 1421 autem
2869 1367 3130 1420 orationes
3177 1377 3475 1419 sanctorum
3527 1373 3666 1418 sunt.

2068 1461 2124 1518 Si
2154 1477 2284 1532 ergo
2337 1462 2570 1518 instituti
2613 1464 2680 1517 ad
2736 1465 3045 1518 orationem
3085 1479 3208 1519 cum
3241 1463 3392 1518 illam
3424 1463 3547 1542 Deo
3578 1462 3673 1518 de--

2067 1556 2295 1612 beamus
2324 1555 2543 1639 offerre,
2573 1555 2626 1611 id
2652 1564 2758 1622 est,
2790 1557 2902 1611 Deo
2945 1556 3110 1626 Legis
3154 1569 3207 1611 et
3249 1557 3668 1627 Prophetarum,

2073 1648 2189 1704 Deo
2220 1649 2514 1715 Abraham,
2549 1650 2661 1703 Deo
2694 1649 2862 1716 Isaac,
2899 1649 3010 1704 Deo
3039 1649 3230 1717 lacob,
3272 1660 3326 1706 et
3362 1650 3506 1704 Patri
3547 1651 3677 1705 Jcsu

368 1737 656 1795 hazreticos
675 1779 690 1805 ,
723 1739 813 1810 qui
837 1738 1275 1794 conversationis
1295 1738 1514 1807 Optima:
1537 1743 1663 1790 sunt
1686 1779 1700 1804 ,
1735 1749 1963 1806 quorum

2078 1743 2272 1798 Christi
2299 1742 2604 1811 offerimus,
2638 1761 2758 1815 quae
2783 1745 2884 1816 ipsi
2910 1745 3296 1812 contiuximus,
3327 1749 3594 1802 intautum
3621 1757 3678 1801 ut

365 1827 515 1886 forte
551 1831 714 1885 vitam
743 1848 848 1886 non
893 1841 1001 1886 tam
1053 1832 1197 1892 Deus
1223 1847 1385 1899 quam
1415 1828 1964 1885 diabolusinstruxit.

365 1919 499 1978 Nam
525 1923 799 1994 quomodo
825 1925 1086 1994 quasdam
1120 1925 1411 1980 illecebras
1439 1938 1692 1979 escarum
1723 1937 1966 1992 aucupes

365 2005 705 2089 proponunt,
733 2029 794 2073 ttt
819 2017 1034 2074 facilius
1061 2034 1191 2074 aves
1221 2017 1438 2088 capiant
1465 2033 1560 2088 per
1588 2016 1961 2072 oblectamen-

368 2122 482 2168 tum
525 2114 692 2184 gular,
725 2113 804 2169 sic
831 2114 930 2183 (ut
967 2113 1227 2169 audacius
1257 2113 1472 2183 dicam)
1500 2123 1585 2168 est
1608 2108 1858 2182 quaedam
1877 2124 1968 2165 ca-

366 2209 528 2266 stitas
555 2209 782 2274 diaboli,
815 2209 870 2264 id
908 2218 992 2264 est
1015 2248 1031 2274 ,
1079 2207 1328 2277 decipula
1363 2206 1612 2261 humanae
1644 2206 1876 2271 animat,
1914 2214 1970 2258 ut

367 2316 468 2375 per
488 2305 646 2360 istius
670 2303 813 2358 modi
836 2303 1170 2367 castitatem,
1197 2311 1251 2357 et
1277 2301 1749 2357 mansuetudinem
1770 2341 1785 2366 ,
1809 2309 1862 2354 et
1879 2299 1975 2368 ju-’

366 2398 602 2479 stiti-am,
635 2397 811 2468 possit
839 2396 1054 2452 facilius
1080 2411 1298 2466 capere,
1333 2404 1387 2451 et
1428 2395 1578 2449 falsis
1630 2391 1972 2449 sermonibus

366 2491 614 2548 irretire.
664 2492 903 2548 Diversis
941 2491 1196 2548 diabolus
1226 2498 1429 2562 pugnat
1453 2489 1622 2562 948
1649 2487 1884 2553 insidiis,
1915 2495 1974 2542 ut

367 2586 633 2642 miserum
663 2585 857 2657 perdat
894 2584 1197 2652 hominem,
1244 2595 1298 2641 et
1330 2586 1526 2640 bonam
1579 2583 1737 2637 malis
1785 2579 1977 2638 tribuit

367 2673 537 2734 vitam
567 2680 634 2734 ad
662 2678 1021 2748 decipiendos
1053 2679 1327 2744 videntes,
1360 2688 1416 2734 et
1441 2677 1640 2732 malam
1670 2675 1828 2731 bonis
1853 2673 1978 2728 inu-

368 2772 446 2829 rit
468 2771 880 2828 conscientiam.
907 2769 1035 2828 Mihi
1053 2773 1059 2778 ’
1077 2772 1203 2842 ipsi,
1233 2773 1323 2842 qui
1355 2771 1407 2825 in
1441 2770 1684 2825 Ecclesia
1710 2765 1974 2837 prtrdico,

369 2865 598 2936 laqueos
619 2881 765 2936 saepe
789 2866 984 2932 tendit,
1011 2877 1072 2921 ut
1098 2875 1266 2920 totam
1291 2863 1592 2920 Ecclesium
1615 2878 1680 2918 ex
1704 2876 1824 2916 mea
1847 2875 1979 2915 con-

370 2961 689 3014 versatione
720 2959 1036 3014 eonl'undat.
1096 2960 1161 3013 Et
1207 2958 1328 3012 ideo
1351 2957 1474 3027 plus
1500 2956 1552 3011 hi
1581 2997 1594 3020 ,
1624 2957 1712 3025 qui
1743 2961 1870 3009 sunt
1921 2953 1972 3006 iu

372 3051 580 3120 medio,
609 3061 1002 3124 oppugnantur
1021 3051 1353 3118 abiuimico,
1383 3061 1443 3106 ut
1462 3065 1558 3120 per
1583 3050 1792 3105 ruinam
1819 3047 1976 3101 unius

373 3119 788 3215 hominesqua;
817 3145 979 3200 celari
1015 3160 1120 3200 non
1152 3154 1350 3216 potest,
1377 3119 1630 3199 omnibus
1663 3140 1977 3197 scandalum
2007 3119 2053 3184 Ο

375 3239 493 3310 ﬁat,
508 3252 561 3312 et
580 3240 911 3310 impediatur
934 3241 1071 3296 tides
1086 3257 1181 3311 per
1192 3239 1663 3296 conversationem
1689 3237 1979 3308 pessimam

376 3333 725 3390 clericorum.
773 3335 986 3400 Omnia,
1021 3343 1078 3389 ut
1121 3333 1377 3402 diximus,
1401 3331 1652 3388 diabolus
1687 3336 1980 3399 operatur,

377 3433 435 3482 et
453 3441 513 3482 ea
542 3442 664 3497 qua:
687 3427 938 3482 videntur
977 3441 1100 3482 esse
1142 3427 1306 3493 bona,
1339 3441 1440 3482 nec
1483 3434 1630 3490 sunt,
1663 3431 1718 3480 et
1743 3438 1806 3479 ea
1861 3438 1980 3492 qua:

379 3538 478 3594 per
504 3533 752 3578 naturam
783 3538 937 3578 suam
987 3522 1129 3578 mala
1168 3521 1530 3585 sunt,‘omnia
1563 3519 1848 3574 adversum
1883 3517 1982 3572 hu-

381 3630 600 3672 matiam
625 3624 1033 3673 commentatur
1054 3615 1315 3670 animam.
1345 3613 1502 3670 Unde
1529 3612 1622 3682 qui
1660 3625 1850 3680 curam
1889 3613 1982 3664 ha-

381 3708 478 3766 bet
503 3713 630 3766 vitaa
656 3726 792 3780 suae,
824 3727 1002 3782 neque
1034 3708 1452 3766 mansuetudine
1482 3707 1863 3763 haereticorum
1893 3720 1981 3761 ca-

382 3803 548 3876 pitur,
573 3804 642 3859 ad
663 3804 1113 3860 consentiendum
1133 3803 1396 3859 doctrina:
1408 3817 1621 3870 eorum,
1649 3816 1823 3872 neque
1847 3800 1983 3882 meis

383 3899 627 3970 delictis,
657 3903 750 3971 qui
773 3901 963 3957 videor
1006 3901 1062 3956 in
1097 3901 1342 3956 Ecclesia
1369 3899 1686 3969 praedicare,
1718 3894 1984 3952 scandali-

383 3995 629 4061 zabitur;
661 3996 753 4051 sed
805 3999 982 4068 ipsum
1013 3995 1209 4066 dogma
1265 3994 1646 4062 considerans,
1677 4003 1732 4048 et
1776 3999 1985 4063 pertra-

383 4101 538 4145 Ctans
569 4089 832 4146 Ecclesia:
854 4091 1039 4156 fidem,
1072 4106 1102 4144 a
1131 4105 1218 4146 me
1245 4090 1464 4160 quidem
1490 4087 1854 4152 aversabitur,
1887 4084 1985 4139 do-

383 4181 615 4238 ctrinam
643 4199 774 4240 vero
797 4185 1082 4253 suspiciet,
1098 4183 1394 4240 secundum
1412 4192 1742 4254 praeceptum
1771 4179 1980 4235 Domini

384 4278 477 4344 qui
509 4278 587 4331 ait
620 4293 633 4330 :
669 4276 838 4349 Super
865 4277 1168 4332 cathedram
1213 4275 1386 4348 Moysi
1415 4277 1658 4330 sederunt
1709 4273 1909 4330 Set-ibin
1937 4282 1984 4327 et

387 4368 674 4426 Pharisaéi.
709 4370 898 4443 Omnia
938 4387 1272 4444 quaecumque
1315 4370 1458 4424 uobis
1499 4371 1699 4440 dicunt,
1731 4368 1908 4424 audite
1937 4377 1984 4422 et

388 4459 552 4536 facite"
577 4482 596 4520 :
612 4467 768 4537 juxta
799 4482 956 4535 apem
986 4476 1158 4521 autent
1200 4465 1416 4520 illorum
1443 4449 1618 4518 nolite
1661 4469 1832 4535 facere
1854 4479 1873 4517 :
1901 4463 1955 4516 di
1967 4493 1984 4504 -

2069 1837 2350 1892 incensunt
2385 1838 2480 1892 Dei
2516 1853 2887 1909 proponamus
2932 1839 3120 1906 idolis,
3167 1840 3400 1895 facimus
3432 1841 3482 1895 id
3529 1841 3673 1910 qttod

2070 1930 2378 1986 dicitur'iu
2443 1931 2701 2001 prtesenti
2747 1949 2761 1985 :
2819 1930 3005 1986 Oleum
3059 1949 3254 2000 meum,
3306 1943 3353 1986 et
3405 1935 3675 1987 incensum

2070 2038 2242 2077 meum
2274 2023 2493 2092 posuisti
2523 2034 2642 2077 ante
2669 2024 2856 2094 faciem
2881 2039 3079 2078 eorum.
3110 2023 3311 2079 Verum
3346 2024 3450 2079 iste
3477 2025 3545 2078 de
3581 2025 3668 2078 in-

2071 2131 2238 2184 censo
2269 2118 2339 2170 sit
2370 2116 2703 2171 intellectus.
2737 2117 2876 2184 Quid
2915 2117 3370 2187 respondebimus
3409 2117 3476 2171 de
3517 2116 3680 2172 oleo?

2072 2210 2262 2290 Oleum
2293 2219 2395 2277 est,
2425 2225 2534 2281 quo
2563 2212 2649 2266 vir
2676 2222 2898 2265 sanctus
2941 2213 3182 2284 ungitur,
3229 2213 3410 2266 oleum
3449 2211 3678 2278 Christi,

2073 2306 2256 2362 oleum
2275 2315 2476 2362 sanctae
2503 2306 2790 2362 doctrinae.
2807 2307 2941 2360 Cum
2967 2321 3100 2376 ergo
3120 2308 3328 2376 accepit
3353 2305 3554 2384 aliqqis
3577 2304 3682 2358 hoc

2071 2400 2274 2464 oleum,
2304 2413 2412 2469 quo
2435 2399 2655 2469 ungitur
2684 2409 2925 2463 sanctus,
2961 2398 3010 2452 id
3043 2408 3128 2454 est
3161 2399 3499 2467 Scripturam
3549 2412 3678 2452 sau-

2075 2499 2214 2546 ctam
2250 2489 2634 2556 instituentem
2665 2491 2938 2560 quomodo
2973 2497 3228 2562 oporteat
3257 2469 3561 2557 baptizari:
3615 2486 3680 2541 In

2076 2586 2280 2641 nomine
2306 2584 2511 2652 Patris,
2536 2595 2583 2638 et
2611 2583 2761 2650 Filii,
2799 2595 2846 2639 et
2872 2584 3105 2653 Spiritus
3139 2583 3306 2638 sancti
3349 2600 3367 2636 :
3398 2592 3453 2638 et
3508 2597 3680 2653 pauca

2077 2689 2420 2737 commutans
2476 2679 2695 2735 unxerit
2741 2681 3088 2750 quempiam,
3148 2687 3204 2734 et
3265 2677 3676 2749 quodammodo

2078 2775 2277 2831 dixerit
2314 2791 2327 2829 :
2361 2773 2478 2829 Jam
2515 2789 2619 2827 non
2657 2788 2716 2828 es
2747 2771 3209 2838 catechumeuus,
3241 2779 3565 2827 conseeutus
3613 2785 3674 2826 es

2079 2869 2352 2924 lavacrum
2377 2866 2632 2924 secundae
2659 2866 3030 2936 generationis
3060 2884 3072 2920 :
3105 2846 3227 2920 talis
3276 2867 3438 2918 homo
3478 2863 3681 2931 accipit

2078 2964 2259 3020 oleum
2292 2963 2410 3026 Dei,
2443 2973 2498 3017 et
2528 2962 2838 3025 incensum,
2871 2969 2925 3014 et
2957 2960 3111 3029 ponit
3152 2957 3279 3013 illud
3323 2968 3450 3012 ante
3494 2958 3682 3012 laciem

2080 3055 2368 3110 idolorum.
2404 3051 2474 3107 Et
2506 3071 2664 3125 partes
2711 3070 2867 3118 meos,
2911 3070 3042 3124 quos
3080 3052 3201 3105 dedi
3238 3051 3350 3116 tibi,
3393 3050 3590 3113 simila,
3629 3060 3679 3104 et

2084 3151 2260 3222 melle,
2304 3158 2350 3204 et
2398 3149 2511 3203 oleo
2556 3149 2720 3203 cibavi
2768 3159 2835 3202 te.
2895 3148 3034 3202 Ecce
3076 3159 3248 3218 panes
3290 3146 3458 3199 nostri
3508 3135 3682 3198 simila

2084 3243 2439 3300 mundissima
2473 3243 2525 3296 in
2554 3241 2868 3310 Scripturis,
2910 3251 2966 3297 et
2995 3241 3158 3295 mella
3191 3255 3349 3309 aputu
3385 3237 3688 3301 Pronhela-

2083 3357 2227 3415 rum.
2260 3340 2362 3396 Ista
2395 3330 2576 3394 Omnia
2607 3340 2760 3394 dedit
2793 3339 2950 3393 nobis
2983 3338 3150 3400 Deus,
3181 3347 3235 3392 et
3267 3335 3473 3391 cibavit
3499 3350 3596 3389 nos
3616 3335 3685 3390 de

2084 3434 2318 3504 panibus
2363 3433 2788 3504 Prophetarum,
2831 3440 2890 3488 et
2934 3431 3001 3486 de
3049 3431 3225 3486 simila
3281 3430 3462 3500 Legis,
3524 3429 3686 3484 melle

2086 3526 2389 3598 Evangelii,
2425 3543 2456 3582 e
2481 3527 2678 3596 quibus
2709 3525 2875 3581 cibati
2909 3527 3163 3595 ponimus
3191 3519 3382 3580 eadem
3418 3525 3531 3594 ipsa
3572 3522 3687 3578 ido-

2085 3621 2172 3678 lis.
2204 3620 2336 3676 Cum
2366 3622 2508 3676 enim
2541 3635 2607 3676 ex
2641 3619 2909 3691 dogmatis
2941 3619 3092 3674 falsis
3123 3618 3374 3674 volentes
3409 3633 3712 3673 assumere-

2085 3713 2484 3780 defeusionem,
2518 3713 2842 3779 dixerimus,
2887 3713 3154 3782 scriptum
3186 3720 3270 3767 est
3308 3711 3359 3765 in
3398 3709 3687 3780 propheta,

2089 3790 2319 3866 testatur
2345 3809 2584 3881 Moyses,
2617 3807 2863 3879 loquitur
2898 3805 3216 3877 Apostolus,
3261 3804 3388 3874 quid
3430 3803 3573 3858 aliud
3613 3802 3689 3858 fa-

2088 3903 2287 3968 cimus,
2336 3917 2496 3972 quam
2529 3901 2865 3970 accipientes
2903 3915 3070 3970 panes
3110 3898 3382 3963 veritatis,
3429 3895 3688 3967 preponi-

2085 4009 2206 4070 mus
2255 4009 2352 4050 eos
2396 3993 2726 4056 simulacris,
2770 4008 2892 4062 qua:
2943 3992 3049 4062 ipsi
3101 3975 3412 4046 ﬁnximus?‘
3452 3989 3687 4045 Marcion

2087 4089 2216 4146 fecit
2263 4087 2489 4153 idolum.
2538 4099 2591 4143 et
2633 4087 2918 4158 proposuit
2956 4087 3004 4142 ei
3048 4103 3216 4156 panes
3257 4084 3686 4156 Scripturarum.

2090 4181 2430 4249 Valentinus,
2464 4181 2730 4236 Basilides
2757 4181 3056 4250 creterique
3081 4178 3328 4234 ltmretici
3355 4181 3599 4234 fecerunt
3621 4179 3694 4233 si-

2088 4275 2310 4331 militer.
2350 4275 2416 4329 Et
2447 4275 2662 4344 posuisti
2694 4275 2786 4328 illa
2817 4283 2932 4327 ante
2969 4273 3151 4341 [aciem
3177 4271 3364 4327 eorum
3398 4273 3450 4325 in
3483 4272 3690 4336 odorem

2087 4369 2380 4424 suavitatis.
2417 4367 2755 4422 Naturaliter
2810 4364 3116 4421 suavissimi
3147 4365 3333 4419 odoris
3373 4378 3500 4418 sunt
3546 4364 3688 4428 hate,

2090 4479 2209 4533 qua:
2241 4462 2396 4515 nobis
2427 4459 2653 4528 largitus
2679 4465 2766 4512 est
2794 4457 2954 4511 Deus.
2986 4457 3155 4522 Quem
3205 4455 3428 4510 odorem
3469 4457 3684 4510 suavis-

391 4561 748 4633 cantquippe,
779 4571 948 4616 etnon
980 4559 1427 4633 faciunt(Matth.
1461 4557 1652 4626 χχιιι).
1676 4558 1784 4613 lue
1806 4552 1987 4612 Sermo
2013 4527 2067 4588 Β
2091 4559 2288 4610 simum
2330 4561 2456 4608 ante
2502 4527 2644 4606 idola
2686 4552 2854 4620 ponit,
2897 4548 2988 4619 qui
3026 4549 3314 4615 adversum
3361 4560 3687 4619 potestatem

293 4682 298 4690 -
391 4652 466 4709 de
485 4667 576 4708 me
596 4664 702 4720 est,
725 4656 816 4722 qui
849 4654 985 4707 bona
1013 4653 1206 4720 doceo,
1239 4662 1294 4707 et
1314 4652 1582 4707 contraria
1611 4665 1760 4721 gero,
1789 4659 1842 4704 et
1866 4663 1984 4702 sum

390 4745 594 4799 sedens
619 4760 784 4812 super
813 4744 1130 4799 cathedram
1163 4743 1335 4815 Moysi
1364 4742 1517 4814 quasi
1541 4742 1728 4797 Scriba
1767 4750 1822 4796 et
1849 4740 1986 4794 Pha-

389 4836 605 4894 risaaus.
660 4837 1018 4909 Prin-ceptum,
1051 4838 1144 4891 tibi
1193 4850 1297 4904 est,
1329 4852 1360 4892 ο
1389 4835 1587 4907 pepule
1611 4877 1624 4899 ,
1654 4834 1702 4890 si
1726 4849 1837 4889 non
1887 4834 1984 4886 ha—
2021 4864 2024 4868 -

387 4929 578 4986 hueris
593 4931 990 4986 accusationem
1015 4929 1279 4985 doctrinae
1313 4930 1564 4998 pessima:
1601 4938 1656 4986 et
1682 4927 1986 4982 alienorum

391 5023 462 5079 ab
491 5025 732 5079 Ecclesia
764 5024 1102 5094 dogmatum,
1135 5022 1492 5093 conspexeris
1511 5035 1643 5076 vero
1665 5035 1840 5074 meam
1873 5017 1989 5072 eul-

391 5117 627 5188 pabilem
657 5120 823 5174 vitam
851 5162 867 5189 ,
895 5127 1058 5189 atque
1089 5131 1335 5189 peccata,
1371 5128 1428 5173 ιιι
1472 5131 1580 5171 non
1613 5115 1814 5170 habeas
1839 5114 1995 5184 juxta

393 5210 626 5267 dicentis
657 5212 828 5266 vitam
879 5220 1026 5267 tuam
1074 5209 1387 5277 instituere,
1421 5209 1518 5265 sed
1548 5224 1613 5264 ea
1663 5207 1844 5263 facere
1876 5219 1998 5274 qua:

397 5289 612 5372 loquor.
631 5302 850 5358 Nullum
868 5303 1232 5368 imitemur,_et
1245 5305 1292 5359 si
1307 5303 1557 5360 volumus
1583 5288 1781 5356 imitari
1809 5317 1998 5372 quem-

397 5399 566 5469 piam,
596 5398 914 5472 propositus
958 5407 1044 5454 est
1095 5400 1252 5456 nobis
1298 5398 1366 5454 ad
1397 5397 1716 5454 imitandum
1749 5397 1997 5453 Christus

399 5490 578 5549 Jesus.
605 5494 871 5563 Descripti
909 5504 1038 5550 sunt
1065 5504 1220 5550 actus
1246 5493 1642 5564 apostolorum,
1675 5501 1729 5548 et
1759 5491 1996 5562 prephe-

401 5594 582 5643 tarum
616 5595 771 5658 gesta
817 5587 886 5643 de
911 5587 1089 5644 sacris
1118 5587 1487 5644 voluminibus
1512 5586 1856 5658 agnoscimus
1887 5602 1900 5638 :
1935 5584 1999 5639 il-

404 5682 498 5741 lud
517 5685 800 5755 exemplar
819 5681 1035 5748 ﬁrmum
1058 5693 1179 5754 est,
1205 5684 1342 5739 illud
1375 5683 1711 5756 propositum
1737 5679 1995 5747 solidum,

403 5779 546 5852 quod
589 5779 680 5851 qui
717 5779 875 5853 sequi
913 5780 1066 5851 cupit:
1093 5824 1106 5848 ,
1141 5794 1365 5837 securus
1399 5777 1700 5852 ingreditur
1735 5795 1747 5833 :
1782 5777 1828 5834 si
1869 5791 2000 5834 vero

932 5877 1215 5937 ΡΑτιιοι..
1263 5873 1471 5936 XXV.

2091 4647 2497 4716 Scripturarum
2527 4655 2619 4698 aut
2645 4645 2809 4714 gerit,
2841 4653 2932 4696 aut
2960 4643 3231 4714 intelligit.
3273 4641 3340 4696 Et
3374 4645 3566 4715 factum
3593 4655 3709 4711 est,‘

2092 4741 2217 4796 dicit
2248 4741 2466 4794 Adonai'
2485 4737 2765 4804 Dominus,
2801 4746 2848 4791 et
2877 4736 3121 4807 accepisti.
3147 4737 3286 4807 ﬁlios
3315 4748 3452 4803 tuos,
3489 4751 3532 4791 et
3554 4739 3693 4807 ﬁlias

2086 4844 2232 4901 mas,
2261 4851 2386 4905 quas
2413 4832 2659 4906 genuisti,
2691 4841 2738 4885 et
2770 4831 3049 4886 immolasti
3090 4830 3209 4885 illos
3251 4835 3302 4885 in
3342 4832 3691 4900 consumptio-

2093 4947 2228 4983 nem.
2262 4928 2393 4983 Cum
2423 4927 2672 4998 genuerit
2702 4925 2972 4996 peccatrix
3005 4925 3313 4980 Jerusalem
3357 4925 3498 4979 filios
3541 4933 3594 4978 et
3622 4924 3688 4977 li-

2095 5024 2216 5089 lias,
2249 5024 2372 5078 ﬁnis
2401 5037 2611 5084 eorum,
2641 5017 2736 5090 qui
2770 5029 3087 5086 nascuntur,
3129 5019 3334 5075 oecisio
3364 5031 3466 5074 est.
3508 5018 3694 5088 Neque

2097 5117 2243 5173 enim
2295 5115 2444 5170 salus
2503 5114 2668 5186 950
2717 5113 2838 5166 linis
2894 5121 2978 5168 est
3037 5111 3420 5182 pessimorum.
3488 5111 3696 5165 Idcirco

2095 5214 2357 5280 scriptum
2384 5219 2466 5264 est
2493 5227 2506 5263 :
2536 5207 2832 5262 lmmolasti
2853 5223 2937 5262 eos
2957 5208 3010 5260 in
3031 5207 3494 5274 consumptionem.
3531 5203 3700 5271 Quam

2100 5304 2306 5360 modica
2340 5303 2594 5375 fornicata
2649 5308 2762 5356 est:
2800 5299 3102 5369 interfecisti
3141 5309 3290 5352 natos
3332 5314 3489 5361 meos,
3531 5307 3590 5351 ει
3615 5298 3703 5350 de-

2099 5399 2221 5453 disti
2251 5413 2355 5452 eos.
2391 5395 2617 5465 Proprie
2656 5393 2774 5449 ait:
2813 5393 3070 5464 Accepisti
3114 5391 3252 5461 ﬁlios
3289 5401 3448 5460 tuos:
3487 5391 3696 5460 signiti-

2100 5503 2398 5562 canterque
2425 5487 2635 5544 addidit
2663 5506 2676 5542 ι
2714 5488 2963 5543 Occidisti
2991 5495 3140 5541 natos
3175 5503 3336 5540 meos.
3365 5485 3702 5554 Quicumque

2101 5589 2246 5646 enim
2297 5592 2596 5642 nascuntur
2647 5584 2699 5639 in
2751 5581 3132 5638 haeretiCorum
3181 5580 3480 5645 doctrinis,
3528 5588 3583 5635 et
3633 5579 3704 5636 ibi
3760 5561 3765 5566 ’

2102 5683 2226 5738 fidei
2258 5697 2372 5736 sua:
2396 5678 2664 5752 principia
2694 5686 3066 5747 sumpserunt,
3095 5674 3151 5730 iti
3183 5675 3280 5729 lilii
3308 5685 3426 5730 sunt
3469 5673 3708 5729 fornica-

2103 5777 2197 5833 rize
2224 5783 2282 5832 et
2309 5770 2634 5844 peccatricis
2660 5769 2986 5826 Jerusalem.
3017 5767 3119 5837 Qui
3148 5776 3329 5824 autem
3360 5777 3518 5823 natus
3539 5774 3618 5822 est
3653 5765 3706 5820 in

3185 5862 3262 5922 2h
