4100 6336
493 279 594 334 ’747

1741 269 1798 326 ὃ.
1845 263 2118 324 EUSEBII
2157 261 2533 322 HIERONYMI

3695 271 3800 328 ἨΒ

481 393 756 462 Ecclesia,
805 401 862 450 et
907 393 1170 462 deceptus
1209 395 1400 460 postea
1443 388 1606 444 fuerit
1643 387 1900 444 hmretica
1939 383 2384 456 falsi-Agentes
2411 397 2604 442 carnes
2635 384 2870 442 habeant
2913 387 2990 460 (et
3034 387 3250 460 quidem
3301 385 3536 444 honeste
3587 353 3802 443 videtur

483 497 614 554 tate,
645 489 748 544 iste
778 501 900 542 cum
933 485 1108 540 Filius
1134 483 1230 540 Dei
1260 483 1352 550 sit,
1383 483 1759 554 apprehensus
1789 489 1874 538 est
1902 495 1930 534 a
1961 495 2092 550 pec-

479 581 686 638 catrice
731 577 1058 644 Jerusalem,
1107 587 1162 634 et
1211 575 1424 648 positus
1477 575 1698 630 victim
1747 573 1906 628 idolis
1949 571 2088 642 ejus.

483 675 602 730 Hoc
631 691 796 746 supra
819 689 1018 730 onmem
1043 672 1446 744 fornicationem
1475 679 1638 736 tuam,
1671 677 1718 722 et
1753 667 2094 722 abominatio-

481 783 572 824 nes
603 776 740 822 tuas.
771 765 938 822 Filios
971 763 1240 822 Ecclesiae
1267 763 1542 832 accipere,
1577 759 1862 816 immolare
1907 755 2090 826 idolis,

475 861 582 918 hoc
609 875 774 930 supra
807 875 970 916 omne
1007 867 1292 930 peceatum
1335 867 1488 914 tuum
1537 863 1639 912 est.
1687 855 1754 910 Et
1797 871 1902 910 non
1947 853 2092 924 fuisti

481 973 678 1012 ntemor
702 955 804 1012 diei
835 955 1078 1026 infantiae
1121 963 1224 1008 tute
1267 969 1380 1006 cum
1417 967 1532 1006 eras
1571 951 1734 1016 nuda,
1779 960 1828 1004 et
1869 949 2092 1020 turpiter

477 1065 656 1120 agens.
701 1047 970 1106 Prtefatus
1011 1055 1098 1102 est
1127 1047 1200 1102 de
1247 1043 1496 1100 nuditate
1537 1053 1592 1098 et
1629 1041 1966 1114 turpitudine
2001 1039 2094 1112 ,ιθ-

475 1141 739 1196 rusalem.
769 1139 1022 1210 Oportuit
1047 1153 1180 1209 ergo
1207 1139 1258 1192 in
1287 1137 1582 1206 iniquitate
1611 1135 1930 1192 meminisse
1955 1127 2102 1204 quo"=

475 1233 644 1286 modo
675 1247 880 1302 pennas
911 1245 1068 1286 meas
1099 1227 1452 1300 expanderim
1483 1243 1648 1298 super
1671 1235 1748 1294 te,
1771 1235 1826 1282 et
1847 1240 2092 1294 assump-

473 1325 642 1380 serim
671 1331 724 1378 te
747 1323 818 1378 de
845 1323 1112 1394 sanguine
1145 1333 1264 1386 tuo,
1297 1332 1352 1378 et
1377 1321 1602 1378 laverim
1633 1331 1708 1376 te.
1733 1319 1814 1376 Tu
1839 1333 1970 1374 vero
1991 1317 2090 1372 lto-

473 1431 597 1476 rum
629 1417 876 1472 omnium
911 1415 1084 1470 oblita
1119 1415 1284 1494 fuisti.
1321 1415 1468 1482 Haec,
1501 1429 1624 1484 quae
1647 1411 1948 1470 condecent
1991 1429 2092 1466 nu-

483 1507 632 1574 dam,
665 1521 718 1564 et
749 1507 982 1580 turpiter
1003 1517 1278 1578 agentem,
1305 1507 1730 1562 etcommixtam
1757 1505 1810 1560 in
1829 1505 2092 1578 sanguine

479 1615 608 1656 suo.
641 1599 710 1656 Et
741 1601 942 1670 factum
971 1611 1046 1656 est
1075 1609 1187 1672 post
1216 1617 1389 1654 omnes
1419 1599 1642 1654 malitias
1675 1609 1790 1656 tuas
1813 1617 1832 1654 :
1867 1597 1978 1664 γω,
2017 1613 2092 1652 eis

481 1691 596 1760 tibi,
625 1693 746 1746 dicit
771 1691 978 1746 Adonei
1019 1691 1294 1746 Dominus.
1339 1691 1406 1746 Et
1433 1691 1718 1766 .a’diﬁcaati
1755 1691 1844 1746 tibi
1881 1691 2092 1746 domum

477 1785 840 1856 meretriciam,
871 1795 920 1840 et
949 1785 1118 1856 fecisti
1145 1786 1236 1842 tibi
1259 1787 1638 1858 expositionem
1659 1787 1714 1840 in
1735 1787 1874 1840 omni
1893 1787 2086 1858 platea.

477 1875 538 1934 Si
581 1877 898 1932 consideres
947 1879 1186 1934 animum
1231 1879 1538 1948 expositam
1577 1879 1920 1934 amatoribus
1955 1879 2092 1946 suis,

381 2007 390 2020 .
477 1969 692 2028 videbis
716 1969 1000 2042 quomodo
1031 1969 1192 2026 faciat
1219 1971 1440 2026 domum
1473 1971 1870 2038 meretriciam,
1901 1981 1956 2026 et
1979 1985 2096 2028 sus-

479 2067 648 2136 cipiat
677 2077 892 2130 omnes,
931 2081 1070 2136 quos
1111 2065 1470 2136 praediximus
1507 2075 1804 2122 amatores.
1849 2065 2098 2134 Intelligo

481 2173 614 2214 vero
643 2157 790 2228 quod
823 2159 1078 2222 dicimus.
1115 2175 1180 2214 ex
1212 2157 1594 2230 sequentibus,
1627 2157 1680 2214 id
1711 2167 1816 2226 est,
1850 2163 1942 2230 qui
1971 2169 2098 2214 sunt

478 2259 756 2310 amatores
797 2249 1128 2306 Jerusalem.
1175 2249 1376 2308 Anima
1427 2251 1662 2306 humana
1699 2251 1932 2306 multum
1973 2265 2096 2320 spe-

479 2346 630 2404 ciosa
661 2355 770 2412 est,
803 2355 858 2400 et
889 2345 1200 2400 mirabilem
1231 2345 1394 2400 habet
1425 2344 1916 2416 pulchritudinem.
1945 2345 2096 2400 Arti-

475 2439 570 2494 fex
613 2439 820 2508 quippe
861 2439 981 2508 ejus
1023 2453 1146 2492 cum
1189 2453 1310 2494 eam
1359 2439 1592 2508 primum
1643 2437 1936 2500 conderet,
1987 2439 2096 2494 ait:

483 2528 772 2584 Faciamus
803 2529 1066 2586 hominem
1095 2529 1164 2584 ad
1191 2529 1468 2603 imaginem
1501 2539 1546 2584 et
1567 2529 1970 2584 similitudinem
2011 2547 2100 2584 no-

377 2635 424 2708 ’_
483 2637 646 2679 stram
677 2625 832 2694 (Gen.
867 2624 930 2694 ι).
973 2623 1112 2690 Quid
1145 2621 1248 2680 hac
1289 2621 1702 2694 pulchritudine
1747 2633 1804 2680 et
1845 2623 2100 2680 similitu-

481 2717 613 2772 dine
661 2717 988 2788 pulchrius?
1037 2716 1270 2784 Quidam
1321 2731 1454 2786 ergo
1499 2715 1756 2782 adulteri,
1801 2727 1852 2772 et
1893 2717 2100 2774 sordidi

481 2818 780 2876 amatores,
801 2809 1004 2864 decore
1032 2809 1148 2880 ejus
1167 2809 1366 2876 illecti,
1381 2808 1696 2864 desiderant
1711 2823 1830 2864 eam
1854 2825 2100 2866 corrum-

485 2917 618 2973 pere
661 2911 718 2958 ct
765 2903 1026 2958 fornicari
1071 2917 1238 2972 super
1287 2917 1428 2958 eam.
1471 2901 1838 2972 Quamobrem
1879 2905 2102 2974 sapiens

479 2997 562 3050 vir
597 2997 794 3052 Paulus
823 2997 952 3072 dicit
985 2995 1206 3050 :Timeo
1253 3013 1452 3064 autent,
1503 3013 1566 3050 ne
1608 2999 1743 3068 forte
1787 3007 1840 3050 ut
1887 3015 2102 3068 serpens

480 3089 682 3160 decepit
711 3089 870 3142 Euam
895 3089 952 3144 in
982 3087 1214 3158 nequitia
1245 3106 1360 3156 sua,
1389 3089 1462 3144 sic
1493 3103 1894 3162 corrumpmztur
1919 3107 2098 3148 sensus

487 3183 646 3238 uestri
677 3181 746 3250 (ll
771 3179 894 3238 Cor.
929 3183 1026 3254 ιι).
1061 3181 1270 3238 Sensus
1299 3183 1472 3238 nostri
1507 3183 1560 3238 in
1593 3179 1950 3240 fornicatione
1977 3201 2098 3242 car-

479 3273 592 3328 nali
625 3285 1059 3344 corrumpuntur
1085 3293 1096 3328 :
1129 3275 1184 3330 in
1211 3275 1558 3346 spiritalibtts
1585 3291 1718 3332 vero
1743 3279 1952 3347 stupris
1971 3293 2098 3334 sen-

477 3383 572 3422 sus
601 3368 996 3438 corrumpitur,
1031 3375 1086 3422 et
1115 3367 1234 3438 ipsa
1269 3369 1454 3422 anima
1491 3367 1834 3424 vulneratur.
1869 3367 1936 3424 Et
1976 3387 2100 3426 con-

493 3461 762 3516 taminasti
789 3462 1010 3530 speciem
1039 3470 1206 3516 tuam.
1241 3460 1478 3516 Etiamsi
1507 3477 1612 3516 non
1647 3463 1810 3518 homo
1831 3463 1884 3518 in
1907 3479 2100 3534 pecca-

489 3555 560 3608 tis
583 3555 836 3609 maximis
861 3555 1216 3620 constitutus,
1233 3565 1412 3610 tamen
1439 3555 1562 3623 quia
1587 3555 1776 3626 ingens
1797 3563 1880 3612 est
1901 3557 2102 3614 unitate

489 3645 868 3716 pulchritudo,
915 3647 1190 3702 minorum
1243 3661 1470 3716 quoque
1517 3646 1782 3704 societate
1829 3657 2100 3718 turpatur.

501 3739 736 3808 Respice
765 3739 998 3796 virtutes
1023 3739 1242 3800 animm,
1271 3737 1432 3810 951
1465 3753 1587 3808 quae
1615 3739 1664 3794 ei
1695 3739 1872 3794 insitae
1905 3741 2016 3796 siut
2069 3757 2100 3796 a

497 3830 634 3896 Deo,
666 3831 792 3886 vide
825 3829 1286 3900 pulchritudinem
1317 3829 1458 3900 ejus,
1489 3829 1890 3900 inventionem,
1923 3833 2106 3902 dispo-

501 3925 780 3990 sitionem,
799 3923 1190 3989 elocutionem,
1211 3925 1560 3990 meritoriam,
1583 3925 2106 3994 pronuntiationem,

497 4017 654 4086 cujus
685 4017 754 4070 sit
783 4015 1006 4086 ingenii,
1051 4017 1332 4086 qttomodo
1377 4017 1608 4084 primum
1651 4017 1942 4088 intelligat,
1981 4019 2106 4076 inde

501 4109 784 4164 intellecta
839 4107 1138 4178 dijudicet,
1165 4117 1222 4162 ut
1247 4109 1502 4166 incitetur
1523 4109 1589 4166 ad
1613 4125 1832 4180 sensus,
1859 4123 1916 4166 ut
1937 4113 2108 4168 menti

503 4219 668 4262 sensa
699 4203 1034 4268 con'tmmlet,
1067 4217 1206 4274 quos
1235 4205 1400 4260 habet
1433 4206 1694 4274 impetus,
1723 4223 1862 4276 quos
1899 4209 2106 4280 cogita-

501 4308 590 4354 tus
619 4297 692 4352 de
735 4299 868 4354 Deo.
919 4297 1047 4352 Haec
1095 4297 1384 4366 possidens
1435 4315 1646 4370 magnae
1693 4303 2112 4370 pulchritudinis

515 4405 622 4458 est,
661 4392 754 4446 sed
789 4393 1170 4446 lu'rreticorum
1205 4391 1390 4460 sectis,
1437 4403 1492 4448 et
1533 4405 1790 4452 extranea
1835 4399 2112 4468 religionis

2191 475 2444 546 pudenda
2471 493 2684 548 eorum,
2721 479 3002 536 immolato
3031 481 3316 548 vocabulo,
3347 481 3714 552 signiﬁcasse.
3749 483 3800 536 id

2195 573 2506 640 estmagnis
2525 573 2834 644 carnibus),
2865 573 2958 630 sed
2995 573 3116 646 quia
3143 575 3324 630 carnei
3347 577 3660 632 intellectus
3685 591 3800 630 ma-

2193 681 2422 736 gnarum
2455 683 2552 722 nos
2583 667 2834 724 carnium
2865 667 3110 726 faciant:
3141 683 3194 726 ut
3219 673 3532 727 econtrario
3555 681 3642 728 est.
3659 687 3806 742 qure-

2195 759 2318 814 dam
2345 773 2474 832 caro
2501 761 2788 828 deliclcns,
2817 761 2886 818 de
2933 777 3038 832 qua
3085 761 3322 818 dicitur:
3373 763 3644 830 Quomodo
3685 781 3804 818 caro

2195 867 2308 933 mea
2329 853 2382 906 in
2409 861 2548 908 terra
2567 853 2794 924 deserta,
2824 861 2870 911 et
2899 857 3056 922 invia,
3087 867 3134 911 et
3155 857 3427 925 inaquosa,
3454 857 3528 912 sic
3551 857 3606 910 in
3627 865 3806 912 saneto

2193 947 2418 1017 apparui
2447 947 2558 1000 tibi.
2597 947 2924 1004 Fornicatur
2955 949 3118 1020 igitur
3145 945 3450 1004 Jerusalem
3475 965 3642 1018 snper
3669 949 3808 1006 [ilius

2195 1037 2434 1109 Egypti,
2463 1039 2712 1096 confines
2753 1055 2910 1108 suos,
2959 1053 3014 1098 et
3057 1057 3378 1112 magnarum
3423 1041 3694 1098 carnium.
3743 1041 3810 1098 Et

2195 1133 2570 1203 multipliciter,
2619 1135 2812 1204 inquit,
2847 1137 3105 1206 fornicata
3151 1153 3205 1192 es
3239 1135 3310 1190 ad
3359 1153 3472 1208 me,
3497 1153 3812 1208 exasperan-

2195 1227 2342 1282 dum.
2377 1229 2574 1284 Multas
2605 1231 2822 1299 species
2851 1227 3234 1285 fornicationis
3261 1229 3576 1284 commisisti
3615 1229 3684 1282 ad
3723 1245 3810 1286 me

2194 1323 2603 1380 concitandum.
2641 1325 2792 1392 Quod
2821 1325 2868 1378 si
2893 1325 3171 1380 extendere
3201 1341 3410 1380 manum
3439 1342 3600 1380 meum
3639 1327 3692 1378 in
3734 1335 3806 1392 te,

2193 1419 2432 1486 auferam
2463 1417 2692 1488 legitima
2721 1427 2832 1486 tua,
2871 1431 2918 1473 et
2957 1419 3160 1473 tradam
3201 1427 3250 1474 te
3291 1419 3346 1474 in
3389 1421 3588 1474 animas
3629 1437 3808 1474 eorum

2193 1511 2282 1580 qui
2328 1523 2376 1566 te
2417 1511 2634 1566 oderunt
2661 1555 2675 1580 ,
2704 1511 2842 1582 ﬁlios
2872 1513 3308 1588 alienigenarum.
3359 1513 3521 1570 Vides
3569 1515 3695 1586 quia
3755 1515 3808 1570 in

2193 1605 2404 1656 animas
2435 1601 2862 1674 alienigenarum
2899 1603 3152 1672 traditur,
3181 1619 3304 1676 qua:
3331 1603 3548 1676 indigna
3591 1607 3664 1660 sit
3713 1621 3810 1662 usu

2123 1737 2172 1800 Β
2199 1693 2358 1766 Legis
2389 1703 2441 1750 et
2465 1709 2784 1750 sermonum
2817 1695 2932 1750 Dei.
2971 1695 3072 1764 Qui
3095 1707 3144 1752 te
3165 1695 3480 1751 diverterunt
3501 1697 3564 1751 de
3587 1697 3670 1752 uia
3693 1707 3806 1762 tua,

2195 1789 2354 1858 impie
2375 1789 2542 1861 egisti,
2575 1797 2624 1844 et
2651 1789 2910 1860 fornicata
2933 1801 2988 1844 es
3017 1807 3172 1862 super
3193 1791 3332 1862 ﬁlios
3357 1791 3538 1846 Assur.
3563 1781 3808 1846 Primum

2197 1897 2363 1952 super
2389 1881 2532 1938 ﬁlios
2555 1881 2796 1954 Egypti,
2825 1869 3022 1938 deinde
3063 1897 3230 1953 sopor
3269 1883 3406 1938 filios
3471 1881 3664 1939 Assur.
3719 1883 3814 1940 Ha:

2195 1975 2410 2046 species
2443 1985 2792 2046 peccatorum
2825 1983 2972 2030 sunt.
3005 1973 3140 2032 Nam
3171 1983 3224 2032 et
3259 1991 3384 2032 cum
3427 1977 3678 2046 captivos
3721 1992 3812 2032 ac-

2199 2077 2466 2136 ceperunt
2491 2067 2701 2138 Assyrii
2733 2067 2874 2122 filios
2903 2066 3090 2132 Israel,
3126 2079 3370 2123 sanctum
3401 2077 3486 2124 est
3509 2067 3728 2140 quidem
3759 2067 3811 2124 id

2195 2161 2338 2232 quod
2367 2161 2648 2230 Scriptura
2691 2161 2878 2224 refert,
2909 2161 3170 2230 scriptum
3221 2167 3320 2216 est.
3356 2165 3538 2216 autem
3587 2169 3814 2232 propter

2199 2255 2546 2327 frequentem
2575 2267 2820 2314 nostram
2848 2259 3218 2330 captivitatem
3251 2273 3372 2328 quae
3405 2273 3432 2312 a
3468 2257 3812 2328 spiritalibus

2197 2349 2364 2422 952
2393 2349 2630 2424 Assyriis
2661 2359 3046 2422 perpetretur:
3077 2351 3146 2406 de
3181 2351 3378 2418 quibus
3411 2351 3702 2422 Apostolus
3735 2351 3816 2404 di-

2201 2445 2310 2498 cit:
2343 2443 2466 2498 Non
2497 2453 2570 2498 est
2601 2445 2752 2500 nobis
2792 2455 3048 2498 certamen
3093 2443 3340 2499 adrersus
3373 2461 3580 2499 carnem
3611 2453 3658 2498 et
3683 2461 3810 2498 san-

2199 2541 2424 2610 guinem,
2459 2541 2548 2594 sed
2587 2539 2864 2594 adversum
2899 2537 3158 2610 spiritalia
3197 2539 3456 2610 nequitiae.
3501 2537 3570 2592 Et
3609 2553 3700 2592 nec
3741 2539 3816 2592 sic

2197 2635 2388 2687 satiata
2427 2649 2478 2688 es
2515 2643 2562 2687 et
2603 2635 2860 2706 fornicata
2899 2649 2971 2696 es,
3015 2643 3060 2686 et
3101 2647 3204 2686 non
3245 2629 3530 2686 satiaberis.
3585 2623 3816 2698 Quando

2200 2726 2322 2796 quis
2353 2739 2458 2780 non
2485 2725 2740 2794 impletur
2767 2725 3092 2795 delinquens
3123 2741 3134 2778 :
3169 2723 3264 2780 sed
3297 2737 3514 2794 semper
3541 2721 3816 2792 prioribus

2201 2817 2436 2888 peccatis
2463 2833 2600 2874 nova
2635 2829 2854 2888 peccata
2903 2817 3202 2887 cOnjuitgit,
3253 2815 3516 2886 colligens
3567 2825 3626 2870 ut
3681 2815 3816 2872 fune

2201 2913 2387 2984 longo,
2435 2921 2490 2968 et
2527 2913 2668 2968 sicut
2713 2913 2832 2967 loro
2869 2911 2986 2980 jugi
3045 2911 3234 2966 vitula:
3287 2909 3622 2980 iniquitates,
3665 2923 3820 2964 num-

2203 3021 2364 3076 quam
2393 3021 2452 3062 se
2487 3007 2550 3060 ad
2583 3007 2804 3062 meliora
2837 3015 3188 3072 convertens,
3225 3017 3398 3072 neque
3441 3001 3818 3073 pmnitentiam

2125 3123 2178 3192 α
2201 3115 2370 3172 agens
2397 3113 2562 3170 super
2587 3099 2742 3154 ntalis
2769 3101 2902 3166 suis,
2933 3097 3134 3152 dicitur
3163 3095 3230 3152 ad
3269 3111 3395 3152 eum
3427 3113 3442 3150 :
3473 3097 3540 3150 Et
3569 3111 3674 3150 non
3729 3111 3820 3150 sa-

2203 3195 2446 3260 tiaberis,
2509 3195 2578 3248 Et
2629 3191 2994 3264 multiplicnsti
3037 3197 3338 3246 testamenta
3389 3199 3478 3244 tua
3513 3189 3582 3244 ad
3625 3199 3824 3243 terram

2200 3287 2490 3343 Chaunum.
2523 3285 2752 3354 Quando
2785 3287 2924 3340 Deus
2955 3283 3022 3338 ad
3053 3299 3152 3338 nos
3195 3281 3328 3338 facit
3367 3287 3718 3350 testamenta,
3769 3289 3824 3335 ct

2201 3397 2302 3436 nos
2327 3381 2698 3437 consentimus
2727 3379 2800 3442 ei,
2839 3379 2978 3434 benti
3011 3391 3196 3432 smnus
3223 3395 3236 3431 :
3267 3375 3484 3448 quando
3529 3389 3662 3430 vero
3711 3371 3826 3430 for-

2203 3471 2448 3526 nicamur
2475 3471 2540 3526 ad
2571 3469 2834 3542 spiritaiia
2863 3469 3120 3540 neq-uitus
3147 3465 3309 3538 (Eph.
3361 3465 3457 3538 rt),
3519 3477 3650 3520 tunc
3691 3479 3824 3520 con-

2203 3565 2464 3620 vertimus
2489 3563 2586 3620 Dei
2619 3571 2940 3618 testamenta
2965 3563 3032 3616 ad
3085 3569 3288 3616 terram
3335 3559 3638 3624 Cbanaam,
3695 3573 3826 3628 pac-

2211 3669 2321 3712 tum
2353 3655 2462 3728 (AI.
2497 3657 2722 3726 factum)
2757 3655 3046 3710 statuimus
3077 3669 3204 3708 cum
3229 3669 3313 3708 ea.
3339 3653 3456 3708 Hoc
3479 3661 3660 3708 autem
3685 3651 3822 3709 mihi

2205 3751 2454 3822 intelligo
2499 3761 2552 3805 et
2605 3751 2662 3804 in
2709 3747 3004 3817 Chaldaeis,
3055 3755 3108 3802 et
3155 3747 3208 3802 in
3263 3745 3478 3802 ueteris
3527 3743 3814 3816 gentibus,

2207 3841 2428 3914 quando
2501 3843 2554 3898 in
2587 3861 2592 3866 ·
2631 3841 2872 3910 quolibet
2927 3841 3110 3906 aliquo
3169 3845 3396 3908 [torento
3459 3837 3820 3909 reprehendi-

2207 3953 2350 3992 mur.
2413 3935 2484 3990 Et
2535 3943 2838 3988 testamenta
2893 3935 2962 3988 ad
3017 3931 3312 4000 Chaldaeos,
3365 3939 3412 3986 et
3469 3947 3560 3984 nec
3601 3930 3678 3983 sic
3735 3947 3824 3984 sa-

2207 4031 2338 4086 tiata
2367 4049 2438 4086 es.
2475 4031 2606 4086 Post
2633 4029 2940 4100 catal'ognrn
2971 4037 3336 4100 peccatorum,
3363 4026 3429 4082 ad
3455 4025 3822 4096 [meretricem

2211 4125 2448 4192 loquitur
2474 4123 2796 4178 Jerusalem.
2833 4121 2970 4188 Quid
2997 4125 3314 4176 constituam
3339 4121 3392 4172 in
3421 4127 3489 4182 te,
3523 4119 3646 4172 diti?
3679 4121 3828 4172 Ado-

2211 4217 2298 4270 nai
2327 4213 2608 4284 Dominus,
2643 4231 2764 4268 cum
2789 4215 2956 4286 facias
2980 4223 3036 4268 tu
3063 4203 3172 4268 liter
3201 4213 3380 4268 omnia
3405 4225 3562 4283 opera
3587 4213 3828 4266 mlieris

2211 4311 2506 4382 fornicarite
2543 4311 2814 4382 procacis?
2843 4309 3220 4366 Ascendlmus
3261 4307 3536 4378 paulisper
3575 4305 3820 4376 eloquio,

2211 4405 2338 4476 quia
2369 4419 2480 4459 non
2505 4417 2722 4474 semper
2751 4401 2890 4458 utile
2929 4413 3014 4456 est
3053 4401 3124 4456 de
3155 4399 3606 4456 fornicationibus
3645 4399 3818 4468 loqui,

503 4487 848 4544 institutione
900 4485 1290 4554 corrumpitur.
1355 4485 1424 4538 Et
1467 4487 1784 4543 transierunt
1827 4507 1978 4544 crura
2021 4501 2110 4546 tua
2137 4527 2192 4590 Β
2217 4507 2274 4553 et
2299 4497 2490 4568 procul
2519 4497 2682 4564 absit,
2717 4505 2776 4550 ut
2803 4495 3000 4566 aliquis
3029 4495 3088 4550 in
3115 4493 3364 4550 Ecclesia
3383 4493 3474 4558 sit,
3501 4491 3592 4562 qui
3619 4491 3826 4546 dehor-

501 4598 594 4652 per
625 4597 824 4642 omnem
865 4579 1164 4642 transitum,
1211 4587 1262 4632 et
1305 4573 1666 4652 tnultipliCasti
1711 4585 2110 4654 fornicationem

509 4680 675 4726 tuam.
711 4671 810 4724 Est
835 4667 944 4742 [AL
971 4667 1046 4740 et]
1071 4669 1360 4726 fornicatio
1383 4689 1408 4722 a
1437 4670 1798 4732 fornicatione
1817 4677 2108 4734 differens:

510 4775 566 4822 et
619 4765 894 4836 quomodo
925 4763 978 4816 in
1009 4757 1376 4828 fornicatione
1415 4767 1596 4844 carnis
1636 4777 1722 4822 est
1759 4769 1960 4840 aliquis
2003 4789 2112 4828 non

506 4861 686 4916 nimia.-
717 4857 1112 4922 fornicationis,
1145 4869 1196 4912 et
1233 4867 1410 4912 tznnen
1451 4859 1812 4920 fornicatione
1849 4866 2106 4936 pollutus,

507 4955 648 5010 alius
679 4969 810 5008 vero
849 4951 1214 5020 multiplicans
1257 4951 1672 5031 fornicationem
1715 4975 1910 5014 suam:
1943 4963 2024 5018 sic
2057 4971 2114 5018 et

483 5049 566 5108 'in
609 5063 672 5102 ea
723 5045 1108 5114 fornicatione,
1157 5061 1274 5114 qum
1313 5047 1548 5104 animum
1591 5067 1746 5108 suam
1781 5069 2114 5128 sensumque

505 5143 892 5206 commaculet,
931 5139 1072 5194 alius
1119 5139 1466 5196 multitudine
1505 5143 1882 5202 fornicationis
1921 5151 2110 5206 obrui-

504 5245 612 5302 tur,
645 5235 786 5291 alius
817 5249 952 5288 vero
983 5249 1091 5288 non
1121 5241 1226 5287 tam
1261 5249 1290 5286 a
1321 5233 1682 5295 fornicatidne
1717 5251 1800 5298 est
1827 5245 2106 5302 seductus.

503 5329 714 5386 Idcirco
741 5343 846 5400 qua
879 5343 1136 5382 mensura
1163 5329 1336 5382 mensi
1369 5327 1634 5386 fuerimus
1662 5337 1982 5392 remetiatur
2009 5353 2110 5396 no-

405 5443 420 5458 .
501 5421 604 5476 ωε,
635 5421 702 5474 Et
731 5423 990 5490 fornicata
1009 5437 1062 5474 es
1093 5421 1146 5474 in.
1173 5421 1314 5488 ﬁlios
1347 5421 1566 5494 .Egypti
1591 5427 1820 5496 conﬁnes
1847 5439 1982 5486 tuos.
2019 5433 2114 5488 Fi-

499 5513 560 5568 lii
597 5513 816 5584 Ailgypti
852 5513 1146 5568 contraria:
1179 5511 1528 5570 fortitudines
1567 5527 1718 5574 sunt.
1759 5519 1870 5578 Nec
1915 5525 2108 5580 mirmn

501 5613 584 5658 est
633 5605 680 5660 si
727 5605 974 5660 confines
1021 5603 1194 5658 nostri
1243 5601 1486 5676 ΕΒΗ)ιῆ
1525 5609 1816 5668 dicantur:
1865 5617 2116 5674 confines

509 5693 728 5766 {Egypti
775 5707 828 5750 et
871 5693 1178 5752 Jerusalem
1221 5695 1274 5750 in
1339 5711 1434 5752 sua
1475 5699 1704 5758 civitate
1745 5715 1874 5760 sunt
1915 5711 2108 5782 positi",

511 5787 760 5874 quisunt
789 5789 998 5858 magnis
1027 5785 1308 5844 carnibus.
1349 5787 1466 5846 Non
1492 5791 1618 5864 quia
1647 5795 1736 5854 isti
1759 5795 1996 5872 Egyptii
2022 5803 2108 5862 in-

2219 4589 2430 4644 tatoriis
2461 4605 2492 4644 a
2521 4587 2884 4644 fornicatione
2919 4587 3158 4658 indigeat
3191 4585 3562 4641 sermonibus.
3599 4585 3736 4640 Nam
3775 4585 3826 4640 si

2215 4681 2338 4752 quis
2365 4697 2590 4738 necesse
2619 4681 2816 4736 habeat
2841 4680 3036 4736 audire
3059 4697 3078 4734 τ
3099 4679 3220 4733 Non
3246 4677 3588 4750 fornicuberis
3613 4677 3820 4748 (Ea-od.

2215 4779 2341 4845 ιι),
2365 4773 2462 4828 sed
2487 4773 2618 4828 illud
2647 4773 2740 4828 :Si
2759 4773 2878 4843 quis
2905 4771 3154 4844 templum
3179 4769 3280 4826 Dei
3301 4771 3587 4836 uiolauerit,
3619 4771 3826 4840 disper-

2219 4869 2300 4922 det
2329 4869 2480 4922 illum
2509 4867 2648 4922 Deus
2675 4867 2718 4938 (ι
2749 4865 2874 4920 Cor.
2901 4867 2984 4936 nt)
3013 4882 3024 4918 :
3057 4865 3160 4920 iste
3185 4863 3380 4918 similis
3409 4873 3496 4919 est
3535 4863 3642 4926 his,
3685 4873 3826 4932 quos

2217 4961 2510 5032 Apostolus
2535 4961 2704 5016 dicit:
2745 4957 2900 5014 Iusto
2943 4959 3056 5012 Lea:
3093 4973 3198 5012 ποθι
3241 4965 3316 5011 est
3351 4957 3542 5024 posita,
3587 4957 3678 5012 sed
3715 4955 3828 5010 ini-

2219 5057 2356 5128 quis,
2397 5065 2446 5110 et
2485 5071 2592 5110 non
2631 5055 2874 5118 subditis,
2911 5053 3108 5122 impiis,
3155 5061 3204 5106 et
3250 5051 3624 5122 peccatoribus.
3675 5049 3828 5116 ρηο-

2221 5147 2382 5202 modo
2411 5161 2542 5218 ergo
2567 5147 2720 5214 justo
2751 5147 2862 5200 Lex
2895 5159 3002 5202 no
3035 5153 3120 5200 est
3147 5145 3344 5214 posita,
3383 5157 3573 5198 verum
3617 5141 3828 5212 iniquis

2219 5249 2274 5296 et
2303 5255 2412 5294 non
2439 5239 2710 5294 subditis:
2739 5239 2816 5294 sic
2847 5237 3098 5292 doctrina
3137 5251 3200 5292 ea
3239 5249 3358 5306 qua
3393 5251 3432 5289 ι
3463 5235 3832 5290 Ionica-tione

2217 5345 2404 5416 intonet
2425 5335 2812 5400 recedendum,
2835 5343 2990 5390 casto
3007 5349 3116 5390 non
3143 5341 3228 5390 est
3253 5331 3446 5404 posita»,
3473 5331 3574 5388 sed
3591 5331 3818 5403 iniquis,

2215 5441 2272 5486 et
2309 5429 2754 5497 fornicatorihus,
2791 5439 2846 5484 et
2889 5425 3356 5484 inobedicntibus.
3395 5423 3514 5482 Non
3559 5425 3828 5481 Iubmus

2213 5525 2396 5596 itaque
2425 5525 2820 5590 necessarium,
2851 5535 2908 5578 ut
2937 5523 3216 5578 discamus
3243 5535 3274 5573 a
3301 5519 3670 5576 fornicatione
3705 5517 3824 5574 dis-

2209 5619 2428 5688 cedere,
2465 5635 2654 5676 rerum
2695 5619 2764 5674 ad
2795 5616 3121 5690 perfectiora
3157 5613 3440 5671 undarum
3471 5627 3504 5670 ιι
3537 5613 3826 5684 principiis

2207 5715 2598 5770 elementorum
2625 5713 2828 5769 Christi
2847 5711 3024 5784 (Rom.
3043 5709 3188 5782 xui).
3213 5709 3428 5770 Etenim
3445 5707 3826 5764 mutitaren-

2211 5809 2302 5880 tis,
2331 5809 2430 5880 ait,
2463 5805 2716 5879 magi-hi
2737 5819 2860 5864 esse
2889 5811 3118 5878 propter
3145 5811 3388 5873 tempus,
3415 5813 3632 5857 mum
3667 5797 3820 5854 indi-
