4128 6346
354 220 467 279 719

901 219 1342 281 TRANSLATIO
1380 216 1821 280 uoutmuuu
1858 170 1961 279 om

2067 215 2183 280 lNiS
2223 218 2295 280 IN
2334 224 2793 288 EZECHIELEM.
2838 229 3002 290 HOM.
3046 233 3184 291 VIII.

3552 238 3663 300 730~

354 337 520 405 getis,
553 322 731 411 ωψσε
771 334 1078 392 doceamini
1118 352 1241 407 qua:
1284 337 1396 391 sint
1441 337 1712 392 elementa
1750 336 1957 391 exordii
1987 335 2037 396 Α
2065 336 2319 393 diximus.
2363 338 2621 411 Sequitur
2654 362 2665 395 :
2714 344 2936 409 Quando
2959 346 3184 416 lupanar
3206 353 3351 401 tuum
3380 348 3653 417 (ediﬁcasti

356 445 671 483 sermonum
706 430 823 495 Dei,
856 440 910 484 et
937 431 1057 485 iacti
1082 422 1238 495 'estis,
1275 429 1467 499 quibus
1494 430 1634 484 lacte
1681 443 1816 499 opus
1864 429 1953 492 sit,

361 539 471 577 non
502 522 679 577 solido
708 522 833 578 cibo
860 523 879 595 (
905 522 1036 577 Heb.
1070 522 1156 581 vi.
1202 523 1393 576 Omnis
1436 536 1637 588 sermo,
1685 522 1774 589 qui
1815 535 1953 590 prato

355 618 527 687 cepit,
550 616 673 671 Non
694 616 1073 684 fornicaberis,
1101 632 1206 671 non
1233 615 1587 681 adulterabis,
1618 629 1723 669 non
1743 613 1956 668 iurabe-

357 710 459 775 ris,
491 725 597 763 non
629 710 801 764 solida
832 724 953 763 esca
984 718 1084 775 est,
1120 708 1219 765 sed
1255 709 1405 777 quasi
1449 708 1531 763 lac
1569 707 1841 779 praebetur
1880 707 1956 760 in.

356 802 621 858 fantibus.
692 802 1033 859 Athietarom
1098 803 1252 858 cibus
1312 811 1396 858 est
1456 801 1526 857 de
1598 800 1956 871 omnipotenti

357 898 496 965 Deo,
548 897 617 952 de
665 900 937 969 mysteriis
986 900 1123 968 cjus,
1174 913 1294 969 quae
1345 906 1488 953 tecta
1528 906 1756 963 sunt,ct
1787 896 1961 951 laten-

360 999 442 1046 ter
467 990 631 1062 953
664 991 719 1044 in
749 992 1042 1059 Scripturls
1068 990 1365 1061 signiﬁcata
1398 991 1624 1045 sentire.
1661 990 1793 1045 Vide
1818 1004 1955 1060 quo.

358 1086 523 1141 modo
544 1085 612 1140 ad
637 1086 949 1141 Corinthios
973 1080 1425 1156 Paulus‘loquitur
1447 1102 1459 1138 :
1484 1084 1643 1139 Lacte
1658 1100 1744 1139 vos
1761 1084 1954 1158 potavi,

360 1195 464 1233 non
490 1180 600 1234 cibo
622 1224 635 1247 ,
667 1171 886 1234 necdum
916 1182 1055 1235 enim
1096 1181 1367 1250 poteratis,
1398 1182 1487 1236 sed
1516 1196 1676 1252 neque
1705 1184 1958 1251 nunc'pm

360 1274 540 1345 ιεδιίε(
567 1275 579 1326 |
615 1272 733 1327 Cor.
768 1275 880 1344 ιιι).
912 1275 976 1328 lit
1001 1275 1129 1344 quia
1159 1276 1300 1329 lacte
1324 1274 1501 1328 adhuc
1532 1274 1871 1343 indigebant,
1905 1283 1959 1326 et

360 1366 580 1420 discunt
625 1348 744 1435 qua:
802 1364 1017 1421 discere
1076 1364 1285 1435 parvuli
1333 1364 1514 1419 solent
1558 1382 1568 1417 :
1609 1362 1814 1417 Bonum
1882 1368 1958 1416 est

361 1457 555 1512 homini
600 1457 871 1513 mulierem
920 1476 1021 1512 non
1054 1468 1280 1530 tangere,
1322 1466 1534 1528 prapter
1565 1456 1958 1526 fornicationem

360 1560 528 1605 autem
551 1551 592 1622 (ι
619 1552 737 1606 Cor.
756 1552 875 1623 vn),
897 1561 953 1607 et
973 1563 1193 1607 caetera.
1214 1551 1558 1619 Rursumque
1580 1549 1954 1613 instituuntur,

361 1659 427 1699 ne
472 1644 814 1699 immolatitia
856 1644 1166 1700 coniedant.
1206 1646 1310 1700 Ista
1356 1645 1535 1700 omnis
1580 1644 1822 1698 doctrina
1868 1644 1954 1696 Iac

2061 429 2116 483 in
2146 431 2315 501 capite
2361 436 2525 487 omnis
2563 437 2689 501 uice,
2723 446 2769 490 et
2813 438 2985 492 basem
3031 448 3175 495 tuam
3211 441 3380 509 fecisti
3424 442 3475 495 in
3511 445 3650 496 omni

2064 521 2235 593 platea
2258 567 2271 591 ,
2324 537 2371 580 et
2398 544 2507 582 non
2527 545 2578 581 es
2611 532 2751 601 facta
2778 539 2833 585 ut
2870 534 3113 587 meretrix
3152 549 3471 605 congregans
3514 553 3650 591 mer-

2064 617 2233 671 cedes.
2271 619 2489 685 Mulier,
2520 639 2635 693 qate
2678 624 2960 679 mwchatur
2988 628 3169 681 similis
3206 628 3327 691 tibi,
3371 631 3530 684 ariro
3555 648 3648 685 suo

2062 713 2257 784 occepit
2304 716 2589 783 mercedes,
2627 727 2673 770 et
2723 728 2775 771 tu
2810 718 3001 775 dedisti
3043 721 3305 775 mercedes
3353 738 3370 775 :
3412 724 3649 778 omnibus

2062 807 2379 860 amatoribus
2405 810 2510 863 suis
2530 809 2669 863 dedit
2701 812 2988 878 mercedes,
3022 821 3070 866 et
3100 824 3153 866 tu
3182 815 3366 868 dedisti
3396 817 3649 873 ntercedes

2064 899 2300 955 omnibus
2330 904 2649 958 amatoribus
2678 907 2798 973 tuis,
2834 913 2881 957 et
2903 907 3188 960 honorabas
3212 924 3317 972 eos,
3344 920 3397 962 ut
3421 912 3655 966 venirent

2063 992 2131 1044 ad
2161 1001 2211 1047 te
2274 995 2325 1047 in
2395 997 2611 1051 circuitu
2644 1015 2675 1052 α
2705 1000 3043 1068 fornicatione
3075 1012 3186 1054 tua.
3244 1002 3307 1054 Et
3340 1001 3500 1058 homo
3550 1005 3646 1060 he-

2064 1085 2264 1144 minem
2291 1090 2627 1148 senstituere
2657 1102 2866 1163 potest,
2899 1095 3077 1159 malus
3104 1096 3156 1149 in
3186 1094 3356 1162 malo,
3389 1098 3567 1153 bonus
3593 1101 3645 1154 in

2064 1182 2230 1237 bono.
2268 1184 2615 1259 Corrumpunt
2646 1190 2782 1243 enim
2812 1202 2982 1243 mores
3010 1191 3168 1245 bonos
3205 1192 3653 1261 confabulationes

2063 1276 2314 1353 pessimis.
2356 1276 2466 1333 Nec
2510 1268 2745 1359 dubium
2788 1283 2915 1351 quin
2960 1283 3234 1353 loquentis
3272 1284 3440 1357 954
3477 1298 3656 1340 sermo

2062 1369 2363 1426 auditorem
2407 1373 2472 1427 nd
2521 1374 2705 1443 pejora
2748 1376 3033 1445 sollicitet,
3077 1392 3198 1432 eum
3238 1377 3532 1433 haereticus
3564 1380 3645 1433 lo-

2062 1474 2233 1526 quens
2265 1465 2561 1520 constituat
2598 1468 2899 1522 auditorem
2944 1483 3101 1523 suum
3150 1471 3201 1524 in
3239 1470 3495 1526 hmretica
3528 1486 3654 1541 pra-

2064 1554 2250 1609 vitate.
2271 1556 2335 1610 Et
2359 1565 2413 1610 ut
2435 1555 2501 1611 ad
2524 1557 2752 1614 meliora
2774 1562 3075 1628 veniamus,
3100 1561 3145 1618 si
3172 1570 3349 1632 potest
3374 1563 3654 1633 prodesse,

2063 1647 2152 1716 qui
2196 1647 2459 1717 loquitur,
2493 1659 2547 1704 et
2586 1652 2694 1705 vita
2730 1651 2851 1721 ejus
2885 1667 3011 1707 cum
3055 1668 3312 1709 sermone
3343 1657 3653 1723 cottsentit‘,

360 1740 709 1810 parvulorum
756 1749 842 1796 est
866 1782 880 1807 ,
935 1750 990 1795 et
1032 1740 1211 1795 adhuc
1266 1739 1553 1794 infantium
1609 1741 1661 1793 in
1712 1738 1950 1793 Christo.
1985 1726 2033 1798 Β
2065 1739 2117 1793 in
2148 1739 2307 1797 bonis
2329 1741 2614 1796 constituit
2648 1742 2954 1799 auditorem
2988 1760 3170 1800 suum.
3197 1745 3309 1799 Nos
3331 1748 3421 1817 qui
3450 1748 3655 1801 minimi

358 1833 646 1900 Quotnodo
679 1849 809 1886 vero
835 1833 1089 1903 Ephesiis
1114 1834 1392 1899 scribitur,
1425 1833 1659 1887 solidum
1685 1832 1788 1887 illis
1820 1848 1957 1901 pree-

357 1925 445 1980 bet
468 1925 671 1981 cibum.
704 1925 819 1980 Non
843 1925 1058 1979 auditur
1079 1928 1277 1995 quippe
1303 1926 1353 1980 in
1382 1926 1598 1993 Epheso
1630 1923 1916 1979 fornicatio
1937 1965 1951 1989 ,

358 2034 462 2076 non
495 2023 719 2076 auditur
747 2024 805 2075 in
840 2021 1057 2091 Epheso
1084 2020 1421 2087 idololatria,
1453 2030 1507 2075 et
1535 2035 1662 2075 esus
1701 2019 1953 2075 immola-

359 2122 589 2171 tionum.
621 2117 699 2171 Ex
731 2118 932 2187 quibus
952 2116 1214 2171 docemur
1275 2115 1404 2186 quid
1436 2116 1505 2170 sit
1537 2114 1743 2169 solidus
1763 2116 1917 2169 cibus
1940 2156 1953 2178 ,

359 2223 409 2266 et
439 2210 581 2279 quod
611 2209 933 2264 rationabile
964 2219 1018 2263 et
1049 2212 1168 2262 sine
1199 2206 1325 2262 dolo
1353 2208 1435 2261 lac
1467 2224 1478 2261 :
1512 2206 1734 2261 moralis
1764 2207 1912 2259 locus
1938 2248 1953 2270 ,

353 2303 497 2374 quod
535 2303 608 2355 sit
640 2302 848 2356 solidus
877 2302 1031 2356 cibus
1062 2300 1324 2371 mysticus
1368 2300 1696 2355 intellectus.
1731 2298 1955 2353 Beatum

355 2406 440 2451 est
480 2397 663 2467 igitur,
708 2403 769 2451 ut
802 2394 1126 2450 festinemus
1155 2393 1221 2448 ad
1262 2408 1358 2458 ea,
1390 2408 1508 2462 qua:
1550 2390 1953 2461 imperfectiora

340 2500 483 2565 sunt
520 2487 790 2559 principia
842 2495 1208 2541 transeuntes.
1256 2486 1320 2538 Et
1357 2484 1504 2554 quod
1545 2483 1768 2538 moralis
1806 2483 1957 2537 locus

353 2581 438 2636 lac
479 2582 586 2645 sit,
622 2581 917 2650 Apostolus
960 2580 1158 2643 deret,
1202 2596 1325 2632 cum
1354 2582 1464 2649 jam
1494 2578 1670 2648 aliqua
1701 2577 1771 2632 de
1818 2578 1958 2635 lacte

353 2675 580 2753 dixisset
606 2674 808 2729 addens
840 2691 853 2726 :
892 2662 1011 2727 Nan
1039 2689 1246 2728 rursum
1266 2674 1524 2745 jacientes
1557 2671 1955 2741 fundamentum

356 2769 665 2841 paenitentia:
686 2768 748 2822 ab
766 2769 1002 2839 operibus
1030 2769 1244 2821 mortuis
1261 2766 1449 2834 (Hebr.
1469 2764 1566 2835 γι).
1594 2764 1753 2819 Tales
1767 2780 1958 2819 omnes

306 2854 309 2855 ⁷
357 2874 489 2919 sunt
510 2862 603 2931 qui
635 2861 818 2915 adhuc
841 2862 979 2915 lacte
1007 2867 1260 2930 putantur
1292 2876 1302 2910 :
1331 2856 1603 2926 perfectus
1627 2864 1811 2910 autem
1834 2856 1959 2910 aliis

359 2955 571 3025 indiget
599 2953 928 3022 disciplinis.
986 2952 1114 3006 Ha-c
1155 2952 1207 3006 in
1239 2949 1416 3004 medio
1455 2948 1600 3004 dicta
1644 2948 1789 3013 sint,
1831 2948 1957 3016 quia

360 3063 621 3104 sermone
652 3046 1079 3102 conscenderunt
1101 3084 1117 3112 ,
1149 3042 1314 3115 954
1344 3058 1411 3097 ne
1439 3042 1507 3097 ab
1534 3041 1757 3096 alterius
1784 3056 1953 3110 expo-

358 3144 563 3197 sitione
590 3139 969 3195 fornicationis
999 3140 1181 3193 statim
1225 3138 1384 3193 aliam
1420 3136 1837 3190 fornicationem
1878 3134 1959 3187 in—
1987 3120 2034 3185 Ο

359 3251 671 3303 currerem,
699 3250 857 3305 quam
885 3248 1029 3288 nunc
1055 3231 1382 3302 explanabo.
1415 3229 1625 3285 Dicitur
1652 3229 1854 3298 quippe
1890 3227 1959 3281 ad

360 3330 670 3387 Ierusalem
703 3346 716 3382 :
752 3326 819 3380 Et
849 3327 1104 3398 fornicata
1138 3342 1190 3378 es
1219 3322 1491 3395 tripliciter
1516 3323 1571 3376 in
1596 3320 1807 3391 filiabus
1835 3321 1953 3374 tuis.

364 3422 506 3490 Quid
533 3431 620 3477 est
664 3420 808 3490 quod
837 3418 913 3474 ait
934 3460 949 3485 ,
978 3418 1122 3490 quod
1158 3416 1445 3486 tripliciter
1476 3413 1740 3471 fornicata
1781 3422 1865 3468 est
1906 3411 1958 3466 in

362 3518 581 3574 ﬁliabus
619 3515 735 3571 suis
775 3512 1121 3570 Jerusalem?
1155 3512 1245 3566 Dei
1290 3509 1593 3579 indigemus
1623 3506 1860 3571 auxilio,
1906 3513 1962 3558 ut

364 3613 487 3683 ipse
540 3612 703 3667 nobis
754 3608 1145 3665 obscuritatem
1190 3604 1348 3660 istius
1394 3602 1498 3656 loci
1553 3600 1841 3656 edisserat.
1892 3597 1963 3652 Et

362 3704 640 3777 quomodo
662 3704 839 3760 Moses
869 3701 1126 3757 audiebat
1149 3700 1351 3764 Deum,
1385 3707 1441 3754 et
1460 3694 1658 3751 deinde
1685 3709 1747 3748 ca
1779 3708 1901 3764 qum
1931 3707 1961 3747 a

367 3800 482 3855 Deo
513 3799 791 3864 audierat,
826 3795 1134 3866 proferebat
1165 3792 1230 3847 ad
1252 3790 1517 3861 populum
1548 3788 1667 3843 :sic
1695 3803 1793 3845 nos
1816 3787 1960 3842 indi-

366 3906 558 3961 gemus
584 3889 793 3961 Spiritu
826 3896 1013 3943 sancto
1038 3887 1291 3955 loquente
1320 3884 1370 3937 in
1400 3881 1555 3939 nobis
1587 3881 1875 3952 mysteria,
1906 3889 1975 3961 ut,

366 3983 712 4040 orationibus
750 3982 952 4037 nostris
983 3980 1318 4049 Scriptorum
1349 3974 1621 4046 possimus
1654 3972 1876 4039 audire,
1909 3980 1963 4027 et.

302 4068 307 4073 ’
370 4096 590 4136 rursum
622 4076 767 4148 quod
799 4075 1126 4140 audivimus,
1158 4071 1374 4143 p0pulis
1406 4070 1675 4124 intimare.
1710 4066 1848 4134 Quid
1881 4076 1964 4121 est

368 4189 502 4241 ergo
529 4191 543 4226 :
576 4170 871 4241 Tripliciter
898 4170 1172 4250 fornicata
1204 4183 1276 4223 es.
1296 4166 1349 4217 in
1381 4161 1589 4232 ﬁliabus
1620 4162 1758 4214 tuis?
1792 4160 1846 4214 Si
1878 4160 1963 4213 iu-

372 4267 583 4335 telligas
610 4261 1023 4319 fornicationem
1054 4259 1256 4322 carnis,
1289 4267 1342 4311 et
1364 4256 1585 4322 animai,
1624 4263 1682 4309 et
1703 4253 1953 4323 spiritus,

366 4369 427 4415 et
453 4362 641 4414 videas
667 4358 901 4427 aliquem
945 4352 1201 4409 fornicari
1240 4355 1290 4407 in
1336 4351 1418 4407 his
1441 4350 1715 4417 omnibus,
1753 4348 1962 4403 videbis

372 4454 658 4524 tripliciter
676 4451 1032 4507 l‘oruicantetn
1061 4446 1382 4503 Jerusalem.
1401 4444 1502 4512 Qui
1529 4460 1658 4499 vero
1679 4442 1964 4511 tripliciter

2060 1846 2250 1887 sumus
2281 1833 2383 1889 loci
2410 1874 2426 1902 ,
2463 1836 2505 1889 si
2540 1834 2874 1891 audierimus
2899 1839 3122 1893 verbum
3152 1838 3220 1893 de
3245 1839 3497 1895 castitate
3520 1854 3655 1909 prato

2059 1925 2291 1994 cipiens,
2321 1928 2578 1982 constitui
2610 1942 2771 1997 super
2802 1944 2897 1984 eos
2926 1942 3210 1985 conemur.
3265 1930 3320 1986 Si
3351 1923 3449 2002 ipsi
3482 1932 3654 2001 loqui-

2062 2033 2182 2072 mur
2211 2019 2279 2073 do
2308 2019 2591 2089 pudicitia,
2626 2030 2679 2075 et
2706 2022 3027 2093 nosmetipsi
3057 2022 3337 2078 auditores
3367 2024 3657 2080 statuimus

2062 2110 2115 2165 in
2148 2112 2426 2181 pudicitia.
2452 2111 2512 2168 Si
2541 2111 2839 2183 dejustitia
2871 2114 3256 2183 praedicamus,
3286 2116 3353 2170 ad
3383 2116 3651 2185 justitiam

2059 2205 2407 2274 impellimus.
2446 2206 2500 2262 Si
2539 2206 2609 2262 de
2644 2207 2774 2274 fide,
2809 2207 2967 2262 fidem
2999 2208 3340 2264 insinuomus
3369 2251 3381 2275 ,
3406 2218 3466 2263 ut
3492 2211 3655 2280 digne

2060 2301 2333 2371 majestati
2363 2302 2561 2357 divinus
2583 2302 2911 2358 obediamus
2937 2302 2991 2356 in
3024 2304 3275 2358 Domino.
3308 2304 3365 2359 Si
3391 2319 3522 2373 ergo
3554 2320 3657 2359 nos

2062 2397 2316 2451 homines
2354 2413 2478 2453 cum
2510 2397 2680 2452 simus
2714 2397 2839 2451 ntali
2862 2437 2876 2462 ,
2911 2397 3150 2451 solemus
3190 2397 3526 2453 constituere
3563 2412 3658 2452 cor

2061 2488 2358 2554 audientis,
2392 2488 2508 2545 sive
2537 2489 2588 2543 in
2622 2489 2802 2556 bonis,
2836 2488 2881 2542 si
2912 2488 3040 2543 boni
3072 2504 3283 2556 sumus,
3311 2489 3426 2543 sive
3457 2490 3509 2543 in
3544 2506 3659 2545 ma-

2060 2583 2148 2649 lis,
2183 2585 2229 2640 si
2274 2582 2417 2638 malc
2440 2582 2687 2653 agimus:
2719 2590 2947 2652 putasne
2974 2582 3119 2653 quod
3156 2584 3295 2637 Deus
3321 2598 3430 2637 non
3458 2583 3660 2639 habeat
3720 2616 3721 2619 η

2061 2684 2380 2746 potestatem
2409 2678 2716 2746 quempiam
2748 2676 2801 2730 in
2827 2676 3143 2731 melioribus
3167 2676 3539 2737 constituere?
3568 2687 3660 2731 aut

2060 2784 2211 2827 certe
2240 2771 2629 2841 derelinquens
2653 2770 2819 2842 955
2851 2785 3001 2834 eum,
3028 2769 3147 2825 fieri
3176 2770 3223 2824 ei
3244 2770 3480 2837 occasio,
3510 2780 3569 2825 ut
3600 2773 3653 2825 in

2022 2888 2045 2901 υ
2062 2868 2317 2939 pessimis
2340 2867 2744 2922 constituatur?
2770 2864 2996 2919 Multum
3021 2865 3203 2934 utique
3229 2863 3382 2933 juxta
3410 2880 3651 2933 prmsens

2060 2960 2335 3030 eloquium
2383 2956 2629 3028 peccavit
2674 2959 2871 3011 misera
2904 2955 3227 3021 Jerusalem,
3273 2970 3433 3026 quam
3469 2957 3656 3025 saepis-

2063 3054 2200 3108 sime
2227 3052 2399 3107 voluit
2438 3052 2581 3107 Deus
2616 3065 2710 3121 per
2741 3050 3040 3119 prophetas
3071 3064 3201 3104 suos
3235 3052 3285 3103 in
3328 3050 3651 3105 melioribus

2064 3146 2400 3201 constituere
2434 3163 2445 3198 :
2479 3142 2575 3197 sed
2607 3142 2734 3211 quia
2777 3141 2946 3195 noluit
2973 3139 3205 3195 consilia
3233 3139 3445 3204 audire,
3480 3140 3655 3196 noluit

2066 3241 2161 3295 Dei
2196 3238 2441 3307 recipere
2474 3243 2768 3306 praecepta,
2800 3233 3013 3288 dubitat
3042 3233 3203 3301 Deus,
3233 3242 3290 3288 et
3318 3247 3377 3288 se
3402 3233 3531 3287 dicit
3565 3248 3660 3287 ne-

2064 3334 2208 3388 scire
2233 3330 2364 3402 quid
2406 3327 2701 3384 faciat.’ln
2741 3343 2842 3397 quo
2872 3327 3185 3381 constituam
3218 3343 3306 3379 cor
3333 3334 3497 3393 tuum,
3534 3329 3659 3381 dicit

2065 3425 2271 3480 Adonai
2304 3422 2597 3477 Dominus?
2624 3420 2769 3487 Quid
2801 3419 3035 3474 faciam?
3066 3420 3116 3473 in
3150 3435 3256 3489 quo
3283 3420 3660 3475 constituam?

2065 3517 2250 3573 Multis
2296 3527 2645 3587 peccatorum
2689 3512 2929 3567 vinculis
2960 3511 3287 3583 ‘stringoris,
3330 3511 3527 3567 delicta
3571 3522 3660 3568 tua

2065 3609 2358 3682 prohibent
2390 3608 2554 3663 vitam
2585 3616 2754 3673 tuam,
2786 3614 2896 3660 uta
2921 3605 3057 3660 meis
3083 3605 3430 3665 sermonibus
3459 3608 3663 3661 consti-

2065 3704 2259 3759 tuat-is.
2294 3703 2406 3773 Ego
2450 3705 2568 3771 ipse
2618 3701 2934 3770 frequenter
2960 3700 3300 3756 constituere
3339 3700 3522 3767 volui,
3572 3702 3646 3754 lo.

2064 3811 2240 3870 quens
2283 3798 2376 3852 tibi
2407 3810 2502 3867 per
2532 3803 2750 3850 sanctos
2792 3807 2967 3861 meos,
3017 3800 3070 3848 et
3102 3807 3210 3847 non
3242 3792 3464 3863 audisti.
3502 3792 3655 3848 Nunc

2068 3896 2262 3966 ignoro
2289 3892 2418 3963 quid
2456 3890 2670 3956 iaciam,
2709 3899 2761 3944 et
2793 3889 2914 3944 dico
2947 3888 3039 3945 tibi
3076 3907 3087 3942 :
3116 3888 3184 3943 In
3212 3905 3315 3959 quo
3342 3891 3656 3947 constituam

2066 4004 2157 4042 cor
2188 3997 2361 4051 tuum,
2406 3984 2528 4038 dicit
2556 3983 2761 4037 Adonai
2792 3981 3079 4047 Dominus,
3111 3996 3230 4034 cum
3259 3988 3316 4035 tu
3342 3982 3511 4051 facias
3548 3981 3661 4038 [uec

2071 4084 2250 4138 omnia
2300 4096 2456 4152 opera
2510 4079 2741 4132 mulieris
2782 4076 3067 4130 meretricis
3109 4084 3159 4128 et
3198 4077 3473 4146 procacis?
3502 4077 3660 4146 Saepe

2070 4175 2329 4239 diximus,
2362 4172 2488 4242 quia
2517 4169 2863 4224 fortitudines
2888 4168 3186 4223 contrariae
3212 4179 3394 4223 sitiant
3421 4169 3665 4239 pulchri-

2070 4265 2287 4320 tudines
2333 4265 2529 4318 animus
2562 4261 2835 4327 humanae,
2868 4268 2926 4315 et
2964 4258 3184 4337 quando
3225 4260 3454 4329 suscipit
3484 4262 3663 4316 anima

2074 4360 2306 4424 humana
2354 4357 2560 4413 semina
2615 4363 2916 4409 amatorum
2965 4367 3210 4418 suorum,
3258 4352 3667 4420 quodammodo

2071 4452 2370 4507 fornicetur
2422 4464 2547 4504 cum
2585 4448 2665 4502 eis
2699 4463 2710 4499 :
2741 4446 2835 4501 sed
2869 4444 2995 4515 quia
3042 4452 3096 4498 et
3135 4444 3188 4497 in
3234 4444 3511 4499 communi
3556 4448 3661 4503 vita

372 4519 555 4601 castus
587 4553 692 4609 est,
712 4542 892 4598 isteab
910 4540 1168 4610 Apos-tolo
1201 4532 1640 4593 mereturaudire
1663 4553 1672 4588 :
1696 4533 1839 4589 Deus
1864 4550 1960 4587 au-

2075 4554 2201 4601 sunt
2235 4532 2428 4612 aliqum
2471 4534 2812 4602 meretrices,
2839 4553 2961 4607 quae
2986 4536 3327 4592 fornicamur
3356 4554 3479 4593 cum
3513 4556 3673 4596 vere-

373 4640 633 4709 tempocis
660 4635 941 4705 sanctificet
970 4650 1061 4687 nos
1097 4648 1185 4703 per
1210 4633 1413 4697 omnia,
1450 4641 1504 4684 ut
1533 4630 1728 4699 integer
1753 4630 1967 4699 spiritus

374 4746 567 4801 noster,
588 4745 636 4788 et
658 4735 857 4797 anima,
876 4742 921 4785 et
951 4747 1135 4802 corpus
1161 4730 1271 4784 sine
1298 4728 1508 4800 querela
1537 4727 1592 4780 in
1616 4726 1841 4779 adrentu
1860 4722 1969 4778 Do-

374 4828 500 4882 mini
525 4825 828 4881 nouriJesu
850 4822 1282 4879 Christiservetur
1311 4821 1377 4893 (ll
1410 4819 1541 4873 Tim.
1577 4819 1699 4886 ult.)
1723 4862 1737 4886 ,
1769 4817 1855 4871 cui
1885 4826 1970 4872 est

370 4920 625 4990 gloriaet
666 4917 954 4987 imperium
998 4916 1051 4968 in
1091 4920 1283 4971 saecula
1315 4912 1665 4967 sweulorum.
1702 4910 1899 4966 Amen.

861 5008 1146 5065 IIOMILIA
1182 5005 1480 5062 OCTAVA.

380 5085 458 5140 De
512 5100 576 5139 eo
617 5084 761 5153 quod
808 5082 1069 5153 scripturn
1099 5090 1183 5135 est
1218 5097 1230 5131 :
1274 5078 1339 5131 In
1392 5095 1494 5153 quo
1534 5079 1847 5153 constituant
1881 5092 1968 5128 cor

450 5165 614 5221 tuum,
636 5150 713 5207 ait
752 5150 1002 5207 Dominus
1034 5150 1173 5205 Deus
1196 5194 1209 5213 ,
1246 5167 1361 5203 cum
1390 5150 1555 5219 facias
1582 5160 1632 5202 tu
1662 5151 1768 5203 lucc
1796 5154 1971 5221 omnia

452 5219 610 5295 opera
640 5227 926 5280 meretricis
953 5224 1183 5295 procacis
1206 5224 1429 5295 iusque
1461 5224 1527 5275 ad
1553 5222 1686 5276 illud
1718 5238 1730 5274 :
1767 5219 1971 5274 Dedisti

452 5294 711 5353 mercedes
737 5298 978 5352 cantibus
1001 5294 1317 5349 amatoribus
1349 5296 1470 5346 tuis.

448 5392 615 5465 953
635 5392 768 5460 Quae
787 5393 1025 5461 primum
1051 5391 1188 5444 lecta
1221 5398 1346 5442 sunt
1368 5428 1382 5454 ,
1407 5386 1757 5457 exposuimus
1788 5384 1972 5450 hodie,

383 5472 667 5543 enotamus
716 5486 1004 5541 exordium
1036 5486 1105 5539 ab
1144 5499 1233 5549 eo,
1270 5483 1415 5553 quod
1454 5484 1718 5550 scriptum
1750 5493 1831 5536 est
1867 5499 1879 5535 :
1914 5478 1981 5533 In

378 5598 487 5654 quo
512 5584 829 5637 constituam
860 5596 949 5634 cor
977 5589 1143 5649 tanta,
1168 5578 1293 5631 dicit
1318 5578 1523 5631 Adonei
1551 5575 1805 5631 Dominus
1824 5618 1838 5643 ,
1863 5591 1981 5629 cum

387 5680 555 5749 facitis
601 5686 655 5731 tu
692 5678 804 5733 nec
844 5676 1027 5730 omnia
1074 5689 1231 5744 opera
1274 5673 1557 5727 meretricis
1600 5670 1881 5742 procacis?
1916 5669 1983 5723 Et

396 5773 654 5845 fonticuta
682 5784 733 5826 es
756 5770 1039 5842 tripticiter
1068 5770 1118 5821 in
1148 5767 1353 5837 filiabus
1377 5767 1478 5821 tuis
1511 5783 1527 5819 :
1556 5766 1846 5835 ﬂuensque
1872 5764 1980 5835 jam

1241 5884 1269 5905 κ

2076 4638 2276 4696 cundia
2301 4638 2475 4691 latere
2505 4634 2789 4704 cupientes
2822 4649 2832 4685 :
2865 4632 2983 4686 aliae
3020 4646 3172 4696 vero,
3206 4648 3324 4701 qua:
3356 4650 3459 4687 non
3493 4637 3667 4691 solum

2080 4732 2286 4803 pudore
2314 4728 2509 4784 delicta
2552 4742 2657 4781 non
2688 4726 2894 4789 velant,
2919 4723 3014 4778 sed
3041 4737 3164 4779 cum
3196 4725 3345 4781 omni
3373 4740 3431 4780 se
3473 4742 3663 4796 proca.

2078 4829 2242 4883 citate
2276 4822 2646 4893 prostituunl':
2670 4821 2791 4874 ideo
2820 4819 3114 4887 assumpsit
3136 4820 3447 4887 exemplum
3479 4821 3673 4876 animae

2081 4919 2384 4977 meretricis
2416 4918 2467 4969 in
2514 4914 2819 4985 peccatrice
2864 4912 2964 4965 ista
3001 4911 3329 4977 Jerusalem,
3360 4922 3412 4966 et
3439 4913 3514 4966 ait
3552 4928 3671 4967 eain

2079 5015 2311 5070 similem
2338 5014 2537 5066 factum
2569 5008 2818 5063 mulieris
2846 5004 3412 5074 fornicariu'procacis
3433 5006 3483 5059 in
3508 5005 3677 5061 forni-

2076 5110 2289 5165 catione
2321 5122 2437 5159 sua.
2474 5104 2631 5172 Sa-pe
2677 5120 2701 5153 ει
2730 5099 2892 5155 nobis
2922 5097 3053 5151 talia
3094 5098 3533 5152 committuntur.
3566 5099 3668 5166 Qui

2077 5202 2223 5256 enim
2250 5214 2276 5251 ιι
2304 5198 2568 5265 religione
2591 5208 2696 5247 non
2724 5191 2936 5262 penitus
2970 5198 3320 5243 recesserunt
3344 5233 3357 5255 ,
3386 5188 3674 5265 vincuntur

2082 5308 2213 5349 vero
2244 5308 2273 5347 a
2308 5297 2551 5360 peccato,
2582 5299 2635 5342 et
2672 5293 2964 5356 peccantes
3000 5282 3172 5335 latere
3199 5280 3547 5349 desiderant,
3597 5263 3668 5337 ἐι-

2085 5386 2235 5443 milia
2282 5382 2487 5438 faciunt
2528 5376 2801 5433 meretrici
2835 5374 3205 5431 erubescenti.
3240 5371 3340 5440 Qui
3374 5388 3503 5426 vero
3544 5374 3675 5428 reli-

2088 5482 2303 5551 gionem
2336 5476 2547 5547 penitus
2577 5479 2899 5527 aversantur
2931 5468 3226 5537 intantum,
3272 5475 3328 5518 ut
3359 5479 3465 5519 non
3490 5478 3681 5521 curent

2088 5577 2154 5628 de
2184 5571 2465 5641 episcopo,
2500 5567 2569 5622 de
2602 5560 2960 5635 presbyteris,
2998 5562 3066 5613 de
3106 5558 3371 5624 diaconus,-
3396 5558 3471 5617 de
3498 5558 3686 5613 (ram-

2088 5669 2213 5729 bus,
2240 5665 2341 5719 sed
2372 5678 2493 5718 cum
2526 5658 2672 5715 omni
2705 5653 3038 5726 procacitate
3065 5651 3438 5721 delinquunt,-
3463 5652 3672 5707 similes

2088 5764 2229 5816 liunt
2256 5755 2531 5813 meretrici
2560 5768 2683 5807 cum
2711 5739 2901 5803 fiducia
2930 5744 3253 5815 prostituta).
3281 5743 3537 5811 Querilur
3565 5761 3694 5817 ergo
