4100 6336
502 250 601 308 751

1754 238 1815 300 S.
1857 233 2134 299 EUSEBII
2168 233 2547 299 HIERONYMI

3695 249 3805 308 75!

505 368 563 422 in
592 360 843 435 praesenti
866 360 988 418 loco
1009 359 1078 417 de
1103 358 1405 432 peccatrice
1430 357 1733 415 Jerusalem
1765 357 1929 422 Deus,
1971 358 2094 427 quia
2121 356 2174 414 Α
2199 356 2607 429 decerpettlium
2620 360 2689 417 de
2703 359 3003 433 Scripturis
3023 364 3187 421 verba
3210 360 3634 435 paucissima.Et
3656 364 3800 435 idco,

512 464 643 519 facit
669 476 833 533 opera
858 460 1104 516 mulieris
1132 458 1442 515 meretricis
1466 455 1867 523 inverecundae,
1893 464 1946 511 et
1976 455 2106 510 dicit

517 559 586 615 ad
619 572 738 613 eam
784 575 797 610 :
830 555 896 609 Et
936 555 1195 626 fornicata
1220 571 1274 609 es
1316 553 1589 625 tripliciter
1628 553 1681 605 in
1719 549 1925 620 ﬁliabus
1976 551 2099 603 tuis.

520 652 891 722 Exposuimus
922 648 1046 713 hoc,
1076 647 1292 717 quando
1321 646 1476 701 nobis
1510 646 1713 699 dictum
1743 655 1828 698 est
1859 662 1874 699 :
1906 643 2104 711 ZEdi/i-

512 746 640 799 casti
673 745 895 815 lupanar
925 750 1069 795 tuum
1098 742 1152 794 in
1182 740 1351 812 capite
1372 738 1537 792 omnis
1566 740 1682 803 vite,
1706 746 1753 791 et
1773 738 1939 790 basem
1961 746 2103 789 tuam

517 838 683 908 fecisti
704 838 761 890 in
791 836 931 890 omni
961 835 1153 906 platea.
1192 833 1450 888 Volumus
1478 843 1657 886 autem
1688 844 1743 886 et
1771 846 1912 885 nunc
1936 830 2104 883 inter-

514 930 724 1001 pretari
757 929 884 1000 quid
924 931 995 983 sit
1020 926 1291 983 aedificare
1320 927 1545 995 lupanar
1569 967 1583 990 ,
1616 940 1719 979 non
1765 922 2018 977 similiter
2049 923 2101 977 in

509 1024 662 1081 omni
698 1024 810 1091 via,
845 1021 939 1077 sed
973 1023 1027 1076 in
1054 1022 1230 1090 capite
1252 1019 1431 1075 omnis
1460 1019 1583 1083 vim,
1620 1033 1691 1071 ne
1716 1016 1996 1071 suffecisse
2024 1015 2105 1070 vi-

509 1120 710 1176 deatur
751 1118 1050 1173 aedificasse
1078 1117 1307 1184 lupanar
1337 1115 1389 1169 in
1421 1112 1597 1181 capite
1625 1114 1803 1167 omnis
1837 1117 1972 1179 vite,
2005 1111 2101 1167 sed

507 1216 736 1285 insuper
763 1223 815 1268 et
839 1212 1023 1267 basem
1053 1226 1206 1265 suam
1242 1208 1488 1279 posuisse
1516 1208 1568 1263 in
1589 1207 1738 1263 omni
1764 1208 1958 1276 platea.
1986 1206 2102 1260 Duo

506 1325 643 1381 ergo
672 1307 959 1379 generalia
996 1313 1215 1376 peccata
1249 1302 1518 1373 peccavit,
1547 1317 1668 1357 cum
1700 1299 1983 1355 aedificavit
2012 1299 2098 1353 lu-

507 1418 682 1474 panar
708 1416 864 1457 suum
900 1400 950 1453 in
979 1399 1156 1467 capite
1182 1397 1363 1451 omnis
1392 1395 1560 1467 956
1586 1395 1708 1456 viae,
1738 1404 1791 1448 et
1821 1409 1943 1448 cum
1975 1391 2103 1446 fecit

506 1496 717 1559 basem,
762 1501 818 1547 et
858 1490 1141 1545 constituit
1177 1504 1295 1543 eam
1337 1490 1389 1541 in
1424 1489 1569 1541 omni
1618 1486 1793 1555 platea
1839 1484 2100 1539 meretrix

510 1587 845 1645 Jerusalem.
871 1584 1001 1652 Quae
1031 1592 1157 1638 Sunt
1184 1597 1313 1654 ergo
1337 1583 1453 1637 ista:
1480 1581 1622 1636 vite?
1652 1581 1800 1636 State
1826 1582 1879 1633 in
1904 1581 2019 1644 viis,
2049 1589 2098 1633 et

503 1663 817 1753 interrogate
846 1680 1052 1733 semitas
1092 1675 1303 1730 Domini
1341 1684 1558 1731 wternas
1577 1716 1592 1741 ,
1624 1684 1669 1728 et
1700 1675 1866 1727 videte
1893 1688 2006 1743 quae
2029 1673 2095 1725 sit

2208 454 2308 507 mel
2336 454 2557 511 distillat
2590 456 2651 510 de
2693 456 2842 511 labiis
2890 457 3130 512 mulieris
3181 460 3468 513 meretricis
3502 456 3799 530 (Promv).

2214 546 2269 601 ln
2298 549 2476 618 capite
2504 565 2633 618 ergo
2661 550 2838 605 omnis
2877 551 2979 606 via:
3003 552 3235 608 aediﬁcat
3262 540 3509 624 lupanar.
3540 554 3693 619 Esto,
3719 553 3802 608 in-

2217 639 2493 695 tellectum
2518 642 2588 697 sit
2607 643 2858 709 lupanar,
2878 644 3303 715 interpretemur
3322 658 3378 701 et
3408 649 3615 711 basem,
3634 661 3797 716 quam

2211 735 2263 789 in
2311 737 2566 790 omnibus
2594 738 2787 806 plateis
2818 740 3001 809 posuit
3030 742 3285 796 meretrix
3312 742 3801 797 .Iernsalem.Scri-

2211 838 2360 899 ptum
2389 847 2420 886 e
2454 840 2476 885 t
2505 832 2556 885 in
2581 832 2687 887 alio
2711 832 2853 904 loco,
2883 836 3159 907 quomodo
3184 837 3235 890 in
3280 835 3474 903 plateis
3506 834 3802 889 manifeste

2205 926 2432 979 advocm
2463 935 2863 996 praetereuntes
2888 929 3180 983 meretrix:
3206 930 3353 983 varie
3377 928 3580 999 quippe
3609 937 3804 998 pecca-

2207 1029 2318 1074 tum
2350 1036 2448 1073 nos
2472 1021 2537 1074 ad
2580 1037 2640 1077 se
2683 1025 2899 1078 trahere
2945 1024 3189 1085 festinat.
3218 1025 3334 1079 sive
3381 1039 3477 1093 per
3520 1023 3799 1091 haeresim,

2206 1111 2321 1167 sive
2354 1129 2449 1181 per
2481 1115 2738 1183 gentilem
2782 1116 3280 1171 conversationem.
3313 1115 3384 1170 Et
3422 1130 3519 1186 per
3548 1114 3801 1171 haeresim

2206 1206 2451 1275 quidem,
2483 1209 2704 1277 quando
2751 1208 2985 1264 mdilicat
3035 1209 3267 1282 lupanar
3297 1210 3352 1264 in
3393 1220 3573 1280 capite
3622 1208 3803 1264 omnis

2203 1299 2336 1367 vim;
2389 1316 2487 1371 per
2512 1304 2772 1372 gentilem
2819 1312 2999 1359 autem
3039 1305 3532 1369 conversationem,
3581 1304 3803 1375 quando

2202 1391 2387 1448 basem
2423 1396 2573 1462 ponit
2617 1396 2671 1449 in
2713 1396 2965 1452 omnibus
3006 1397 3218 1466 plateis.
3250 1396 3383 1450 Lata
3427 1406 3502 1450 est
3551 1400 3720 1463 enim,
3752 1404 3804 1450 et

2202 1496 2385 1557 patens
2406 1488 2510 1555 via,
2536 1504 2651 1558 quae
2670 1489 2812 1542 ducit
2834 1490 2902 1541 ad
2930 1489 3274 1561 perditionem
3299 1488 3479 1562 (Matt.
3511 1492 3628 1559 vn).
3658 1490 3797 1546 Cum

2201 1593 2330 1649 ergo
2358 1596 2477 1650 qua:
2507 1580 2662 1645 dicit,
2696 1590 2752 1636 et
2782 1582 2835 1635 in
2863 1582 3060 1651 quibus
3089 1581 3379 1637 audientes
3406 1582 3685 1638 instruere
3705 1598 3801 1637 co-

2202 1686 2384 1737 natur,
2411 1671 2479 1727 de
2509 1673 2809 1743 Seripturis
2836 1676 3057 1739 asserit,
3084 1674 3319 1729 aediﬁcant
3350 1675 3580 1744 lupanar
3612 1676 3663 1729 in
3694 1690 3794 1730 ea-

502 1774 590 1826 uia
619 1772 786 1834 bona,
814 1779 861 1823 et
889 1768 1148 1823 ambulate
1177 1770 1228 1821 in
1274 1785 1356 1824 ea.
1398 1768 1578 1822 Multa:
1608 1775 1736 1820 sunt
1766 1767 1865 1819 viae
1896 1765 2096 1834 sempi-
2124 1756 2172 1816 Β
2206 1766 2315 1836 pite
2341 1766 2519 1821 omnis
2545 1767 2669 1821 viae.
2692 1766 2825 1821 Cum
2850 1783 2984 1823 vero
3008 1768 3230 1823 moralis
3253 1766 3408 1829 locus
3432 1767 3592 1822 luerit
3616 1767 3800 1823 disso-

508 1873 705 1931 ternte,
754 1862 802 1917 si
850 1863 1104 1918 retinetis
1141 1875 1259 1914 eam
1303 1858 1729 1930 expositionem,
1776 1873 1934 1928 quam
1978 1856 2090 1912 fre-

499 1964 733 2028 quenter
776 1952 1023 2009 exhibui.
1070 1952 1234 2008 Scitis
1278 1964 1331 2007 et
1374 1944 1613 2023 Maysem
1656 1952 1797 2005 viam
1836 1964 1977 2017 esse,
2039 1958 2092 2002 et

501 2048 746 2119 singulos
800 2045 1206 2117 prophetarum.
1264 2044 1330 2098 Et
1382 2042 1657 2114 quomodo
1723 2044 1908 2097 multae
1964 2051 2094 2096 sunt

499 2142 832 2215 margaritas,
890 2156 1026 2213 quas
1081 2154 1310 2195 necesse
1347 2150 1429 2193 eet
1476 2137 1762 2209 possidere
1808 2122 1931 2191 eum
1998 2134 2090 2206 qui

502 2249 769 2296 venturus
800 2247 884 2294 est
909 2239 975 2292 ad
1008 2253 1169 2291 unam
1203 2222 1651 2305 pretiosissimam
1684 2233 2031 2303 margaritam
2072 2249 2087 2283 :

501 2335 583 2391 sic
625 2341 843 2404 oportet
871 2331 1079 2399 ingredi
1125 2330 1326 2386 multas
1363 2330 1478 2383 vias
1516 2327 1670 2393 Mosi,
1704 2337 1759 2382 et
1799 2326 2093 2397 propheta-

499 2443 620 2483 rum
662 2426 903 2482 omnium
934 2440 1089 2492 eum,
1124 2423 1213 2493 qui
1246 2432 1507 2478 venturus
1548 2429 1632 2475 est
1663 2420 1728 2474 ad
1761 2419 2038 2474 dicentem
2075 2436 2089 2473 :

501 2521 617 2591 Ego
645 2537 759 2575 sum
790 2521 891 2574 via.
925 2518 1031 2577 Sed
1053 2518 1184 2573 dicit
1211 2516 1343 2571 mihi
1367 2516 1565 2585 aliquis
1595 2533 1606 2567 :
1635 2513 1771 2582 Quid
1796 2514 1860 2567 ad
1896 2528 2094 2583 prapo-

498 2616 667 2673 situm
720 2615 981 2686 pertinet,
1028 2611 1170 2680 quod
1221 2611 1436 2665 locutus
1464 2610 1570 2664 es?
1604 2608 1702 2664 Cui
1756 2608 1834 2663 sic
1861 2624 2091 2677 reSpon-

502 2710 647 2765 debo
695 2725 709 2762 :
760 2707 1068 2775 .Ediﬁcarit
1114 2706 1169 2758 in
1214 2704 1353 2758 omni
1420 2704 1502 2756 via
1544 2700 1832 2757 Jerusalem
1872 2702 2092 2773 lupanar

501 2818 674 2859 suum.
702 2800 759 2857 Si
800 2799 1238 2856 consideraveris
1268 2799 1557 2853 haereticos
1584 2812 1776 2853 omnes
1812 2796 2023 2850 alienos
2060 2810 2092 2849 a

502 2896 763 2957 veritate,
792 2893 1127 2948 aedificantes
1153 2892 1374 2946 domum
1400 2907 1464 2945 ex
1498 2890 1582 2943 his
1608 2889 1970 2953 sermonibus,
2000 2886 2092 2959 qui

501 2992 556 3047 in
589 2991 738 3046 Mose
764 2990 1043 3058 leguntur,
1076 3005 1142 3042 ex
1171 2986 1275 3053 his,
1304 3001 1441 3056 quos
1472 2986 1526 3040 in
1558 2985 1715 3052 Isaia,
1748 2993 1805 3037 et
1829 2982 2109 3049 Jeremia,

503 3094 558 3141 et
616 3083 896 3155 prophetis
946 3080 1171 3150 reliquis
1215 3081 1561 3144 invenerunt,
1615 3077 1872 3146 intelligis
1921 3091 2093 3130 novas

2197 1858 2725 1923 lutus,etluxuriosa
2754 1859 3097 1929 praecipiens,
3126 1859 3395 1914 lascivum
3426 1857 3621 1914 fecerit
3645 1858 3798 1914 audi-

2199 1950 2527 2020 torem,qnid
2546 1950 2689 2013 aliud
2707 1950 2854 2015 fecit,
2869 1968 3028 2022 quam
3052 1952 3235 2007 basem
3256 1952 3434 2021 posuit
3455 1951 3507 2007 in
3525 1953 3668 2006 omni
3688 1950 3802 2005 via?

2197 2041 2321 2097 Non
2338 2044 2564 2114 estfacta
2584 2052 2637 2098 ut
2667 2046 2931 2112 meretrix,
2961 2060 3282 2115 congregans
3300 2043 3573 2101 mercedes.
3611 2044 3802 2100 Videa-

2196 2152 2315 2192 mus
2334 2138 2673 2216 meretricem
2692 2139 2968 2195 mercedes
2984 2150 3424 2210 congregautem,
3442 2141 3668 2196 etaliam
3688 2157 3802 2197 rur-

2195 2248 2288 2290 sus
2306 2249 2413 2287 non
2429 2244 2875 2304 congregantem.
2901 2233 2975 2289 De
2992 2235 3091 2289 hac
3107 2235 3254 2289 enim
3283 2235 3543 2305 quaeritur
3561 2236 3715 2306 quasi
3731 2236 3804 2293 de

2194 2326 2482 2382 meretrice
2498 2343 2604 2381 non
2620 2334 2988 2397 congreganle
3002 2328 3300 2383 mercedes.
3316 2326 3449 2383 Cum
3471 2328 3653 2383 videro
3675 2344 3803 2385 esse

2196 2427 2563 2486 meretricem,
2586 2438 2706 2491 quae
2738 2438 2844 2477 non
2866 2431 3160 2494 congreget
3200 2424 3503 2499 mercedes,
3535 2434 3589 2479 et
3615 2425 3804 2496 legero

2194 2518 2261 2573 ad
2305 2520 2460 2573 istam
2487 2518 2711 2579 dictum,
2742 2520 2865 2588 quia
2906 2520 3046 2573 facta
3077 2519 3149 2574 sit
3178 2518 3508 2575 utmeretrix
3527 2535 3633 2575 non
3665 2536 3802 2575 con-

2193 2628 2427 2684 gregans
2456 2612 2757 2682 mercedes,
2790 2613 2962 2668 dicam
2986 2616 3302 2686 congregari
3350 2615 3651 2678 mercedes,
3676 2631 3804 2672 esse

2194 2707 2471 2779 peccando
2502 2707 2720 2762 divitem
2756 2706 3186 2778 fieri,peccando
3214 2709 3446 2780 gloriam
3484 2709 3535 2763 in
3568 2707 3803 2764 saecula-

2198 2800 2350 2855 ribus
2387 2816 2730 2871 comparare,
2754 2803 3033 2871 peccando
3053 2800 3283 2857 feliciter
3311 2802 3364 2857 in
3384 2801 3584 2857 mundo
3611 2817 3798 2871 agere.

2198 2891 2430 2963 Quando
2475 2908 2571 2964 per
2603 2903 2909 2963 peccatum,
2938 2901 2997 2947 ut
3022 2892 3158 2960 dixi,
3193 2894 3294 2947 ista
3333 2903 3651 2959 nascuntur,
3682 2894 3801 2949 for-

2199 2989 2317 3043 nica
2332 3001 2419 3043 tur
2444 2989 2649 3053 anima,
2682 2997 2737 3043 et
2766 2998 3063 3058 congregat
3101 2987 3384 3043 mercedes
3412 2986 3801 3043 fornicationis

2198 3096 2331 3148 sum,
2365 3081 2617 3151 gloriam,
2654 3080 2871 3135 divitias
2916 3089 2974 3135 et
3011 3079 3222 3151 reliqua
3266 3095 3388 3149 quae
3439 3081 3492 3134 in
3536 3079 3803 3149 perditio-

504 3178 785 3234 dctstrinas
818 3164 1229 3230 fornicationem
1257 3188 1380 3228 esse
1408 3172 1738 3238 Jerusalem,
1778 3186 1899 3240 qua:
1928 3170 2099 3225 a‘dili-
2124 3157 2171 3221 (ἶ
2205 3191 2329 3230 nem
2361 3176 2557 3229 animm
2586 3191 2698 3229 sua!
2730 3173 3101 3245 conquisivit:
3134 3173 3352 3244 quando
3388 3188 3520 3228 vero
3562 3172 3806 3229 fornica—

502 3278 593 3326 cat
634 3272 863 3340 lupanar
888 3283 1047 3324 suum
1097 3270 1148 3320 in
1176 3267 1322 3321 omni
1356 3265 1463 3331 via,
1496 3264 1592 3319 sed
1627 3266 1678 3318 itt
1709 3264 1884 3332 capite
1919 3264 2099 3317 omnis

516 3364 641 3418 vite.
684 3362 740 3419 Si
770 3363 913 3417 ettim
946 3370 1255 3431 praeventus
1287 3360 1406 3429 quis
1436 3357 1599 3412 fuerit
1625 3367 1748 3428 post
1782 3357 2099 3427 principium

513 3457 685 3523 Mosi,
718 3457 1001 3512 exordium
1033 3456 1441 3523 prophetarum,
1474 3453 1540 3507 ad
1583 3452 1908 3521 profundum
1949 3451 2099 3522 ejus,

505 3559 561 3606 et
604 3550 889 3606 scientiam
925 3548 1164 3604 omnium
1198 3547 1517 3618 pervenire,
1549 3546 1681 3600 nihil
1714 3555 1893 3612 potest
1926 3547 2102 3600 facere

512 3644 613 3701 ista
646 3644 907 3699 meretrix
930 3642 1205 3697 :edilicans
1231 3643 1458 3711 lupanar
1485 3642 1536 3693 in
1561 3640 1737 3709 capite
1760 3642 1937 3693 omnis
1955 3639 2053 3693 vize
2083 3656 2097 3693 :

506 3757 631 3797 eum
656 3738 883 3811 quaerit,
915 3737 1005 3806 qui
1038 3737 1271 3805 primum
1304 3735 1604 3807 Ecclesiam
1649 3732 1973 3802 ingreditur,
2008 3729 2099 3801 qui

510 3832 634 3887 fidei
667 3830 937 3886 elementa
960 3827 1208 3898 suscipit,
1236 3825 1328 3897 qui
1358 3824 1512 3879 rudis
1538 3832 1623 3879 est
1644 3824 1696 3878 in
1721 3823 2101 3890 sacramentis,

512 3941 660 3988 eum,
685 3924 777 3994 qui
807 3924 859 3977 in
886 3922 1112 3977 exordio
1144 3920 1266 3976 fidei
1299 3920 1627 3975 constitutus
1652 3927 1756 3983 est,
1785 3918 1900 3972 vult
1931 3919 2103 3971 intro-

516 4022 719 4076 ducere
771 4019 826 4073 in
884 4018 1113 4087 lupanar
1166 4031 1362 4081 suum,
1428 4012 1704 4068 :edilicans
1763 4011 2102 4066 meretricem

525 4113 770 4166 domum.
802 4109 871 4164 Et
900 4109 1024 4179 quia
1059 4110 1368 4177 frequenter
1396 4106 1686 4161 fornicatio
1726 4106 1778 4159 in
1812 4105 2106 4176 Scripturis

516 4204 848 4269 nominatur,
887 4217 1161 4272 exponere
1195 4202 1317 4255 volo
1363 4199 1632 4255 sermonis
1664 4200 1821 4253 istius
1857 4215 2098 4256 causam.

517 4297 917 4364 Ecclesiastit-i,
960 4297 1049 4365 qui
1076 4296 1129 4349 in
1149 4294 1393 4369 Ecclesia
1442 4303 1569 4350 sunt
1616 4293 1892 4364 magistri,
1926 4309 2109 4350 mores

515 4402 749 4464 purgant
778 4405 881 4448 tam
913 4407 1043 4448 suos
1073 4404 1232 4459 quam
1259 4404 1505 4452 suorum,
1531 4399 1584 4444 et
1610 4403 1675 4444 ex
1700 4388 1803 4443 hac
1827 4389 2105 4457 diligentia

514 4487 812 4543 zedilicavit
857 4485 1078 4539 domum
1126 4483 1220 4538 Dei
1267 4482 1593 4550 Ecclesiam,
1641 4490 1697 4536 et
1735 4496 1871 4552 Opus
1916 4498 2103 4538 eorum

515 4580 805 4637 mdiﬂcatio
853 4581 946 4635 Dei
985 4590 1086 4634 est.
1149 4578 1405 4633 llmretici
1463 4576 1733 4634 :rdilicant
1778 4579 2003 4647 lupanar
2051 4579 2101 4631 in
2129 4556 2184 4618 D

517 4674 664 4726 omni
697 4673 779 4726 via
838 4689 851 4725 :
882 4683 941 4726 ut
974 4672 1405 4750 putaOmagister
1453 4670 1521 4725 de
1552 4669 1765 4723 ofﬁcina
1798 4670 2100 4736 Valentini,

517 4768 781 4832 magister
807 4763 875 4818 de
897 4774 1039 4819 coetu
1073 4763 1214 4817 Basil
1240 4764 1347 4825 dis,
1380 4765 1633 4833 magister
1663 4763 1731 4818 de
1755 4762 2105 4818 tabernaculo

538 4857 807 4915 larcionis
856 4865 915 4913 et
993 4866 1318 4912 czrterorum
1372 4855 1777 4923 haereticorum,
1840 4856 2111 4912 aedificant

516 4953 795 5009 meretrici
828 4946 1074 5007 domum.
1104 4938 1470 5020 Congregatio
1495 4950 1639 5005 enim
1666 4950 1903 5003 omnimn
1948 4950 2102 5003 inali-

518 5064 749 5120 gnnrttm
787 5048 1019 5116 lupanar
1046 5057 1149 5100 eet.
1181 5044 1287 5100 Sed
1311 5044 1439 5115 quid
1473 5044 1601 5099 dicit
1626 5043 1946 5111 Scriptura?
1974 5042 2105 5110 Fili,

519 5162 581 5199 ne
610 5144 847 5199 intendas
869 5143 923 5197 in
952 5145 1145 5195 malam
1176 5143 1481 5206 mulierem;
1510 5142 1608 5194 mel
1639 5143 1776 5195 enim
1804 5142 2025 5196 distillat
2047 5142 2110 5195 de

519 5239 673 5294 labiis
724 5238 952 5293 mulieris
990 5236 1273 5290 meretricis
1327 5234 1508 5303 (Prov.
1542 5235 1620 5306 v).
1667 5234 1825 5289 Unde
1891 5236 1939 5290 ei
2000 5234 2108 5290 mel

514 5333 779 5389 distillat?
811 5331 1045 5386 Distillat
1073 5330 1217 5384 enim
1246 5329 1350 5382 mel
1381 5328 1451 5382 de
1479 5327 1636 5381 labiis
1660 5329 1904 5382 mulieris
1932 5344 2110 5384 mere—

508 5416 687 5482 tricis.
740 5426 983 5496 lngressa
1026 5431 1111 5478 est
1160 5423 1226 5477 ad
1275 5422 1456 5477 Mosen
1483 5466 1497 5489 ,
1548 5420 1613 5474 ad
1654 5420 1874 5485 Isaiam,
1914 5422 1978 5475 ad
2016 5422 2106 5477 Je-

512 5522 774 5580 I‘emiam,
823 5528 876 5571 et
911 5517 979 5571 de
1032 5516 1331 5584 Scripturis
1372 5530 1561 5568 eorum
1601 5512 1703 5567 sibi
1750 5514 1904 5568 mella
1938 5514 2105 5570 colle-

515 5614 615 5685 git.
643 5611 805 5683 957
838 5610 984 5663 Vade
1014 5609 1079 5661 ad
1132 5607 1425 5662 haereticos
1456 5606 1740 5675 loquentes
1767 5624 1778 5660 :
1814 5607 1942 5663 Haec
1970 5608 2106 5664 dicit

517 5703 718 5769 Moses,
740 5703 854 5757 haec
894 5700 1083 5765 Isaias,
1103 5699 1218 5754 hinc
1241 5698 1531 5766 Jeremias,
1564 5707 1619 5753 et
1642 5698 1849 5754 videbis
1875 5716 2101 5769 quomo-

517 5794 589 5853 do
615 5793 685 5849 de
727 5794 881 5849 labiis
913 5808 1105 5850 eorum
1139 5808 1244 5848 non
1278 5792 1447 5848 ﬂuant
1477 5791 1661 5858 mella,
1695 5791 1790 5847 sed
1836 5790 2104 5853 distillent

2207 3279 2315 3336 tur,
2348 3280 2402 3325 et
2434 3286 2540 3323 non
2572 3270 2683 3340 agit
2721 3284 2982 3340 prospere
3014 3270 3070 3325 in
3101 3268 3454 3324 saecularibus
3484 3268 3665 3336 rebus,
3700 3268 3804 3324 sed

2208 3379 2304 3434 per
2346 3363 2469 3430 hoc,
2503 3366 2647 3432 quod
2702 3368 2966 3435 peccavit,
2999 3367 3161 3422 etiam
3217 3365 3510 3423 infeliciter
3558 3368 3696 3421 vivit
3744 3365 3804 3423 in

2206 3460 2432 3527 saeculo,
2463 3446 2917 3531 958meretrix
2949 3471 3033 3517 est
3064 3478 3170 3517 non
3209 3477 3553 3533 congregans
3593 3477 3805 3519 merce-

2206 3554 2326 3618 des,
2357 3562 2411 3608 et
2434 3554 2705 3609 contraria
2732 3554 3028 3624 faciens,id
3051 3566 3155 3624 est,
3189 3556 3807 3612 fornicariis‘mercedes

2207 3649 2350 3703 ultro
2382 3648 2648 3704 tribuens.
2683 3647 2753 3702 Et
2781 3659 2834 3701 tu
2865 3649 3053 3705 dedisti
3096 3652 3352 3705 mercedes
3382 3650 3615 3704 omnibus
3642 3666 3796 3718 ama-

2210 3743 2406 3797 toribus
2437 3744 2558 3797 tuis.
2589 3743 3005 3813 Nonnumquam
3053 3745 3233 3799 anima
3266 3744 3465 3800 divites
3493 3743 3617 3799 facit
3646 3757 3804 3797 ama-

2210 3846 2356 3892 tores
2393 3852 2543 3903 suos,
2572 3840 2821 3893 laetantes
2849 3838 2902 3893 in
2932 3854 3020 3903 eo,
3055 3839 3198 3909 quod
3244 3840 3560 3909 acceperint
3588 3853 3805 3895 merce-

2208 3929 2305 3986 des
2331 3929 2399 3984 ab
2429 3946 2513 3985 ea.
2548 3931 2653 3987 Sed
2693 3931 2826 3987 dicit
2872 3932 3005 3987 mihi
3047 3932 3303 3989 auditor:
3338 3933 3673 3989 Manifestius
3695 3948 3797 3988 ex-

2208 4037 2350 4093 pone
2394 4024 2666 4093 quomodo
2689 4024 2988 4082 fornieetur
3008 4028 3211 4089 anima,
3243 4027 3523 4082 mercedes
3548 4026 3800 4081 tribuens

2208 4115 2278 4171 de
2309 4119 2472 4171 rebus
2503 4119 2600 4171 viri
2630 4120 2732 4174 sui.
2767 4119 2854 4175 Sic
2883 4121 3027 4174 enim
3062 4120 3137 4173 ait
3168 4129 3223 4175 et
3258 4120 3310 4175 in
3344 4120 3623 4190 praesenti,
3654 4128 3713 4176 et
3749 4121 3804 4175 in

2210 4209 2331 4264 aliis
2386 4209 2703 4281 frequenter
2733 4211 2865 4267 locis
2903 4228 3085 4267 sermo
3113 4212 3351 4279 divinus,
3380 4214 3506 4283 quia
3564 4214 3802 4270 sustule-

2214 4304 2286 4355 rit
2317 4317 2404 4368 ea,
2428 4318 2550 4371 qua:
2578 4314 2706 4375 sunt
2733 4305 2857 4370 viri,
2882 4312 2939 4361 et
2963 4304 3179 4362 dederit
3206 4306 3462 4362 meretrix
3486 4305 3800 4362 Jerusalem

2215 4396 2547 4451 amatoribus
2580 4396 2714 4452 suis.
2747 4396 2887 4464 Quid
2932 4406 3017 4453 est
3048 4399 3170 4465 hoc,
3197 4398 3341 4468 quod
3381 4397 3609 4469 largitus
3640 4408 3724 4455 est
3754 4398 3803 4454 ei

2212 4488 2297 4542 vir
2324 4502 2476 4555 suus,
2500 4505 2621 4559 quae
2654 4501 2836 4559 postea
2862 4490 3000 4545 facta
3036 4489 3303 4557 adultera,
3336 4505 3500 4545 omne
3528 4490 3673 4561 quod
3706 4505 3797 4545 ac-

2210 4581 2377 4650 cepit,
2414 4582 2580 4637 donat
2608 4583 2938 4639 amatoribus
2969 4582 3115 4639 suis?
3148 4583 3240 4639 Vir
3265 4584 3456 4638 animm
3486 4598 3673 4640 sermo
3705 4580 3825 4638 Dei'

2212 4685 2317 4739 est,
2348 4689 2580 4745 sponsus
2624 4687 2835 4731 amator
2864 4691 3050 4739 verus,
3079 4678 3170 4747 qui
3202 4676 3354 4731 dedit
3380 4677 3429 4732 ei
3463 4676 3799 4741 eaStitatem,

2210 4767 2362 4821 dedit
2404 4766 2700 4836 jttalilialn,
2735 4768 2882 4822 dedit
2927 4776 3124 4823 caetera
3179 4767 3342 4823 bona.
3395 4766 3629 4835 Quando
3672 4781 3802 4839 ergo

2208 4858 2443 4914 voluerit
2479 4858 2660 4914 anima
2692 4860 2846 4931 sequi
2880 4860 3228 4916 fortitudines
3253 4862 3589 4929 contrarias,
3620 4862 3673 4916 id
3722 4870 3804 4917 est

2174 4954 2292 5023 Δ(ιιι
2334 4953 2548 5022 planius
2595 4952 2798 5024 dicam)
2826 4953 3015 5009 decem
3047 4956 3204 5008 annis
3254 4953 3451 5023 pudice
3492 4955 3689 5009 vivens
3735 4953 3801 5010 ad

2212 5056 2521 5101 extremum
2568 5046 2729 5102 fuerit
2775 5045 3073 5115 fornicata,
3124 5048 3324 5118 accipit
3371 5048 3511 5102 bona
3554 5048 3655 5102 viri
3695 5047 3799 5115 sui,

2213 5158 2333 5210 quae
2372 5143 2540 5198 multo
2569 5153 2813 5212 tempore
2852 5157 2975 5197 cum
3032 5141 3217 5197 labore
3268 5142 3580 5211 quaesierat,
3611 5150 3670 5197 et
3712 5140 3805 5199 dat

2213 5248 2275 5288 ea
2307 5234 2644 5292 amatoribus
2674 5235 2807 5289 suis.
2841 5232 2939 5303 Qui
2992 5232 3326 5307 sanguinarii
3377 5243 3654 5291 amatores
3711 5252 3803 5292 ra-

2214 5326 2367 5395 piunt
2394 5326 2459 5379 ad
2487 5341 2547 5381 se
2580 5327 2808 5382 virtutes
2842 5327 3056 5382 miserae
3085 5328 3302 5394 attimte,
3329 5336 3385 5381 et
3410 5327 3674 5382 incedunt
3692 5330 3806 5395 jac-

2213 5417 2433 5472 tabundi
2455 5433 2620 5489 super
2646 5418 2850 5485 divitiis
2870 5419 3010 5488 ejus,
3044 5426 3099 5474 et
3132 5418 3321 5473 dicunt
3347 5437 3359 5471 :
3385 5418 3680 5485 Abstuliei
3702 5420 3802 5475 de-

2208 5510 2492 5565 cennalem
2524 5511 2852 5576 castitatem,
2882 5511 3054 5580 eripui
3102 5510 3171 5566 ab
3209 5526 3270 5566 ea
3315 5498 3676 5581 quinquennii
3717 5514 3802 5583 ju-

2207 5608 2433 5671 stitiam,
2472 5605 2739 5659 vindicavi
2772 5604 2903 5660 mihi
2929 5604 3271 5660 fortitudines
3298 5603 3416 5676 ejus
3444 5622 3456 5659 :
3482 5606 3686 5664 oblitus
3709 5616 3792 5663 est

2208 5704 2448 5759 omnium
2482 5702 2749 5757 bonorum
2771 5699 2891 5770 ejus
2936 5702 3096 5768 Deus,
3129 5716 3252 5771 quae
3296 5698 3593 5772 aliquando
3648 5700 3794 5767 fecit,

2209 5799 2463 5871 quoniam
2488 5796 2883 5868 comprehensa
2914 5805 3001 5853 est
3027 5796 3081 5851 in
3120 5804 3367 5865 peccato,
3398 5803 3455 5850 et
3482 5793 3690 5852 oblitus
3720 5809 3778 5851 es
