  <div class='ocr_page' id='page_1' title='image "/cluster/home/n/w/nwhite01/storage/ocr_20150623/25/hvd.32044015471394/384.png"; bbox 0 0 4128 6346; ppageno 0'>
   <div class='ocr_carea' id='block_1_1' title="bbox 380 293 487 350">
    <p class='ocr_par' dir='ltr' id='par_1_1' title="bbox 380 293 487 350">
     <span class='ocr_line' id='line_1_1' title="bbox 380 293 487 350; baseline 0.009 -2"><span class='ocrx_word' id='word_1_1' title='bbox 380 293 487 350; x_wconf 77' lang='lat'><strong>753</strong></span> 
     </span>
    </p>
   </div>
   <div class='ocr_carea' id='block_1_2' title="bbox 885 269 3154 359">
    <p class='ocr_par' dir='ltr' id='par_1_2' title="bbox 885 269 3154 359">
     <span class='ocr_line' id='line_1_2' title="bbox 885 269 3154 359; baseline 0 -9"><span class='ocrx_word' id='word_1_2' title='bbox 885 292 1356 359; x_wconf 61' lang='lat' dir='ltr'><strong>ETBANSLATIO</strong></span> <span class='ocrx_word' id='word_1_3' title='bbox 1394 293 1830 352; x_wconf 82' lang='lat' dir='ltr'><strong>HOMILIARUM</strong></span> <span class='ocrx_word' id='word_1_4' title='bbox 1873 269 2199 351; x_wconf 71' lang='lat' dir='ltr'><strong>ORIGENIS</strong></span> <span class='ocrx_word' id='word_1_5' title='bbox 2237 294 2304 350; x_wconf 81' lang='grc' dir='ltr'><strong>ΙΝ</strong></span> <span class='ocrx_word' id='word_1_6' title='bbox 2343 295 2808 353; x_wconf 82' lang='lat' dir='ltr'><strong>EZECHIELEM.</strong></span> <span class='ocrx_word' id='word_1_7' title='bbox 2851 297 3018 353; x_wconf 75' lang='grc' dir='ltr'><strong>ΗΟΜ.</strong></span> <span class='ocrx_word' id='word_1_8' title='bbox 3063 297 3154 354; x_wconf 80' lang='lat' dir='ltr'><strong>IX.</strong></span> 
     </span>
    </p>
   </div>
   <div class='ocr_carea' id='block_1_3' title="bbox 3557 298 3661 354">
    <p class='ocr_par' dir='ltr' id='par_1_3' title="bbox 3557 298 3661 354">
     <span class='ocr_line' id='line_1_3' title="bbox 3557 298 3661 354; baseline 0.019 -2"><span class='ocrx_word' id='word_1_9' title='bbox 3557 298 3661 354; x_wconf 66' lang='grc'><strong>754</strong></span> 
     </span>
    </p>
   </div>
   <div class='ocr_carea' id='block_1_4' title="bbox 291 407 3660 492">
    <p class='ocr_par' dir='ltr' id='par_1_4' title="bbox 291 407 3660 492">
     <span class='ocr_line' id='line_1_4' title="bbox 291 407 3660 492; baseline 0.003 -31"><span class='ocrx_word' id='word_1_10' title='bbox 291 455 299 460; x_wconf 74' lang='grc'>,</span> <span class='ocrx_word' id='word_1_11' title='bbox 370 407 515 478; x_wconf 82' lang='lat' dir='ltr'><strong>ejus,</strong></span> <span class='ocrx_word' id='word_1_12' title='bbox 548 407 677 479; x_wconf 96' lang='lat' dir='ltr'><strong>quia</strong></span> <span class='ocrx_word' id='word_1_13' title='bbox 709 408 958 464; x_wconf 87' lang='lat' dir='ltr'><strong>confessa</strong></span> <span class='ocrx_word' id='word_1_14' title='bbox 997 417 1080 464; x_wconf 90' lang='lat' dir='ltr'><strong>est</strong></span> <span class='ocrx_word' id='word_1_15' title='bbox 1110 409 1266 464; x_wconf 92' lang='lat' dir='ltr'><strong>nobis</strong></span> <span class='ocrx_word' id='word_1_16' title='bbox 1304 409 1486 466; x_wconf 77' lang='lat' dir='ltr'><strong>amica.</strong></span> <span class='ocrx_word' id='word_1_17' title='bbox 1517 419 1702 467; x_wconf 87' lang='lat' dir='ltr'><strong>nostra</strong></span> <span class='ocrx_word' id='word_1_18' title='bbox 1732 420 1962 480; x_wconf 79' lang='lat' dir='ltr'><strong>secreta,</strong></span> <span class='ocrx_word' id='word_1_19' title='bbox 1995 413 2046 472; x_wconf 84' lang='lat' dir='ltr'><strong>A</strong></span> <span class='ocrx_word' id='word_1_20' title='bbox 2071 414 2511 478; x_wconf 77' lang='lat' dir='ltr'><strong>circumscribat;</strong></span> <span class='ocrx_word' id='word_1_21' title='bbox 2535 416 2630 470; x_wconf 87' lang='lat' dir='ltr'><strong>sed</strong></span> <span class='ocrx_word' id='word_1_22' title='bbox 2661 417 2804 472; x_wconf 91' lang='lat' dir='ltr'><strong>etde</strong></span> <span class='ocrx_word' id='word_1_23' title='bbox 2839 417 2994 472; x_wconf 89' lang='lat' dir='ltr'><strong>nobis</strong></span> <span class='ocrx_word' id='word_1_24' title='bbox 3021 417 3129 474; x_wconf 92' lang='lat' dir='ltr'><strong>dici</strong></span> <span class='ocrx_word' id='word_1_25' title='bbox 3159 417 3371 490; x_wconf 77' lang='lat' dir='ltr'><strong>possit:</strong></span> <span class='ocrx_word' id='word_1_26' title='bbox 3401 416 3516 492; x_wconf 86' lang='lat' dir='ltr'><strong>Ego</strong></span> <span class='ocrx_word' id='word_1_27' title='bbox 3540 420 3660 490; x_wconf 87' lang='lat' dir='ltr'><strong>qui-</strong></span> 
     </span>
    </p>
   </div>
   <div class='ocr_carea' id='block_1_5' title="bbox 369 501 2011 582">
    <p class='ocr_par' dir='ltr' id='par_1_5' title="bbox 369 501 2011 582">
     <span class='ocr_line' id='line_1_5' title="bbox 369 501 2011 582; baseline 0.001 -26"><span class='ocrx_word' id='word_1_28' title='bbox 369 517 493 582; x_wconf 79' lang='lat' dir='ltr'><strong>qua:</strong></span> <span class='ocrx_word' id='word_1_29' title='bbox 516 501 790 570; x_wconf 88' lang='lat' dir='ltr'><strong>audierat,</strong></span> <span class='ocrx_word' id='word_1_30' title='bbox 823 511 879 557; x_wconf 90' lang='lat' dir='ltr'><strong>ct</strong></span> <span class='ocrx_word' id='word_1_31' title='bbox 909 503 1132 558; x_wconf 90' lang='lat' dir='ltr'><strong>tradidit</strong></span> <span class='ocrx_word' id='word_1_32' title='bbox 1164 505 1352 558; x_wconf 88' lang='lat' dir='ltr'><strong>omnia</strong></span> <span class='ocrx_word' id='word_1_33' title='bbox 1387 502 1527 558; x_wconf 89' lang='lat' dir='ltr'><strong>bona</strong></span> <span class='ocrx_word' id='word_1_34' title='bbox 1571 503 1727 558; x_wconf 90' lang='lat' dir='ltr'><strong>nobis</strong></span> <span class='ocrx_word' id='word_1_35' title='bbox 1754 515 1966 558; x_wconf 88' lang='lat' dir='ltr'><strong>amato-</strong></span> <span class='ocrx_word' id='word_1_36' title='bbox 1998 513 2011 521; x_wconf 88' lang='grc'>·</span> 
     </span>
    </p>
   </div>
   <div class='ocr_carea' id='block_1_6' title="bbox 357 594 1970 662">
    <p class='ocr_par' dir='ltr' id='par_1_6' title="bbox 357 594 1970 662">
     <span class='ocr_line' id='line_1_6' title="bbox 357 594 1970 662; baseline 0 -11"><span class='ocrx_word' id='word_1_37' title='bbox 357 594 524 652; x_wconf 87' lang='lat' dir='ltr'><strong>&#39;ribus</strong></span> <span class='ocrx_word' id='word_1_38' title='bbox 563 594 698 650; x_wconf 88' lang='lat' dir='ltr'><strong>suis.</strong></span> <span class='ocrx_word' id='word_1_39' title='bbox 730 594 863 662; x_wconf 66' lang='lat' dir='ltr'><strong>Quae</strong></span> <span class='ocrx_word' id='word_1_40' title='bbox 892 595 1166 650; x_wconf 88' lang='lat' dir='ltr'><strong>discentes</strong></span> <span class='ocrx_word' id='word_1_41' title='bbox 1214 595 1362 650; x_wconf 91' lang='lat' dir='ltr'><strong>omni</strong></span> <span class='ocrx_word' id='word_1_42' title='bbox 1406 595 1651 650; x_wconf 89' lang='lat' dir='ltr'><strong>custodia</strong></span> <span class='ocrx_word' id='word_1_43' title='bbox 1682 610 1970 651; x_wconf 86' lang='lat' dir='ltr'><strong>servemus</strong></span> 
     </span>
    </p>
   </div>
   <div class='ocr_carea' id='block_1_7' title="bbox 368 679 1971 764">
    <p class='ocr_par' dir='ltr' id='par_1_7' title="bbox 368 679 1971 764">
     <span class='ocr_line' id='line_1_7' title="bbox 368 679 1971 764; baseline -0.001 -19"><span class='ocrx_word' id='word_1_44' title='bbox 368 704 468 745; x_wconf 87' lang='lat' dir='ltr'><strong>cor</strong></span> <span class='ocrx_word' id='word_1_45' title='bbox 500 697 778 757; x_wconf 90' lang='lat' dir='ltr'><strong>nostrum,</strong></span> <span class='ocrx_word' id='word_1_46' title='bbox 811 700 867 745; x_wconf 90' lang='lat' dir='ltr'><strong>et</strong></span> <span class='ocrx_word' id='word_1_47' title='bbox 888 679 1251 757; x_wconf 83' lang='lat' dir='ltr'><strong>attendamus,</strong></span> <span class='ocrx_word' id='word_1_48' title='bbox 1280 704 1345 744; x_wconf 90' lang='lat' dir='ltr'><strong>ne</strong></span> <span class='ocrx_word' id='word_1_49' title='bbox 1368 688 1583 764; x_wconf 89' lang='lat' dir='ltr'><strong>quando</strong></span> <span class='ocrx_word' id='word_1_50' title='bbox 1605 703 1668 744; x_wconf 89' lang='lat' dir='ltr'><strong>ea</strong></span> <span class='ocrx_word' id='word_1_51' title='bbox 1723 705 1844 759; x_wconf 69' lang='lat' dir='ltr'><strong>qua:</strong></span> <span class='ocrx_word' id='word_1_52' title='bbox 1866 689 1971 744; x_wconf 78' lang='lat' dir='ltr'><strong>viri</strong></span> 
     </span>
    </p>
   </div>
   <div class='ocr_carea' id='block_1_8' title="bbox 370 781 1969 853">
    <p class='ocr_par' dir='ltr' id='par_1_8' title="bbox 370 781 1969 853">
     <span class='ocr_line' id='line_1_8' title="bbox 370 781 1969 853; baseline 0.001 -15"><span class='ocrx_word' id='word_1_53' title='bbox 370 790 502 838; x_wconf 89' lang='lat' dir='ltr'><strong>sunt</strong></span> <span class='ocrx_word' id='word_1_54' title='bbox 534 781 816 836; x_wconf 70' lang='lat' dir='ltr'><strong>tradantur</strong></span> <span class='ocrx_word' id='word_1_55' title='bbox 845 783 1186 838; x_wconf 78' lang='lat' dir='ltr'><strong>amatoribus</strong></span> <span class='ocrx_word' id='word_1_56' title='bbox 1215 785 1328 838; x_wconf 88' lang='lat' dir='ltr'><strong>suis</strong></span> <span class='ocrx_word' id='word_1_57' title='bbox 1363 799 1376 837; x_wconf 90' lang='lat'><strong>:</strong></span> <span class='ocrx_word' id='word_1_58' title='bbox 1411 783 1537 853; x_wconf 88' lang='lat' dir='ltr'><strong>quin</strong></span> <span class='ocrx_word' id='word_1_59' title='bbox 1564 785 1744 853; x_wconf 81' lang='lat' dir='ltr'><strong>potius</strong></span> <span class='ocrx_word' id='word_1_60' title='bbox 1766 784 1969 839; x_wconf 85' lang='lat' dir='ltr'><strong>invite-</strong></span> 
     </span>
    </p>
   </div>
   <div class='ocr_carea' id='block_1_9' title="bbox 373 876 1971 944">
    <p class='ocr_par' dir='ltr' id='par_1_9' title="bbox 373 876 1971 944">
     <span class='ocr_line' id='line_1_9' title="bbox 373 876 1971 944; baseline -0.001 -13"><span class='ocrx_word' id='word_1_61' title='bbox 373 891 497 931; x_wconf 91' lang='lat' dir='ltr'><strong>mus</strong></span> <span class='ocrx_word' id='word_1_62' title='bbox 541 889 810 942; x_wconf 89' lang='lat' dir='ltr'><strong>sponsum</strong></span> <span class='ocrx_word' id='word_1_63' title='bbox 842 889 1152 931; x_wconf 81' lang='lat' dir='ltr'><strong>sermonem</strong></span> <span class='ocrx_word' id='word_1_64' title='bbox 1185 886 1237 930; x_wconf 89' lang='lat' dir='ltr'><strong>et</strong></span> <span class='ocrx_word' id='word_1_65' title='bbox 1273 877 1581 944; x_wconf 82' lang='lat' dir='ltr'><strong>veritatem,</strong></span> <span class='ocrx_word' id='word_1_66' title='bbox 1619 882 1677 930; x_wconf 92' lang='lat' dir='ltr'><strong>ut</strong></span> <span class='ocrx_word' id='word_1_67' title='bbox 1706 876 1861 930; x_wconf 90' lang='lat' dir='ltr'><strong>nobis</strong></span> <span class='ocrx_word' id='word_1_68' title='bbox 1893 880 1971 930; x_wconf 85' lang='lat' dir='ltr'><strong>ta-</strong></span> 
     </span>
    </p>
   </div>
   <div class='ocr_carea' id='block_1_10' title="bbox 371 968 1974 1039">
    <p class='ocr_par' dir='ltr' id='par_1_10' title="bbox 371 968 1974 1039">
     <span class='ocr_line' id='line_1_10' title="bbox 371 968 1974 1039; baseline 0 -16"><span class='ocrx_word' id='word_1_69' title='bbox 371 971 488 1025; x_wconf 91' lang='lat' dir='ltr'><strong>ciat</strong></span> <span class='ocrx_word' id='word_1_70' title='bbox 508 979 832 1023; x_wconf 81' lang='lat' dir='ltr'><strong>ornamenta</strong></span> <span class='ocrx_word' id='word_1_71' title='bbox 855 983 1019 1023; x_wconf 90' lang='lat' dir='ltr'><strong>aurea</strong></span> <span class='ocrx_word' id='word_1_72' title='bbox 1051 968 1212 1023; x_wconf 82' lang='lat' dir='ltr'><strong>variis</strong></span> <span class='ocrx_word' id='word_1_73' title='bbox 1234 975 1492 1037; x_wconf 81' lang='lat' dir='ltr'><strong>expressa</strong></span> <span class='ocrx_word' id='word_1_74' title='bbox 1525 969 1716 1039; x_wconf 90' lang='lat' dir='ltr'><strong>signis,</strong></span> <span class='ocrx_word' id='word_1_75' title='bbox 1752 985 1851 1038; x_wconf 87' lang='lat' dir='ltr'><strong>per</strong></span> <span class='ocrx_word' id='word_1_76' title='bbox 1882 985 1974 1023; x_wconf 84' lang='lat' dir='ltr'><strong>va-</strong></span> 
     </span>
    </p>
   </div>
   <div class='ocr_carea' id='block_1_11' title="bbox 309 1060 1974 1132">
    <p class='ocr_par' dir='ltr' id='par_1_11' title="bbox 309 1060 1974 1132">
     <span class='ocr_line' id='line_1_11' title="bbox 309 1060 1974 1132; baseline -0.002 -12"><span class='ocrx_word' id='word_1_77' title='bbox 309 1071 313 1074; x_wconf 85' lang='grc'><em>’</em></span> <span class='ocrx_word' id='word_1_78' title='bbox 374 1062 456 1120; x_wconf 83' lang='lat' dir='ltr'><strong>ria</strong></span> <span class='ocrx_word' id='word_1_79' title='bbox 491 1071 787 1132; x_wconf 74' lang='lat' dir='ltr'><strong>pra-cepta,</strong></span> <span class='ocrx_word' id='word_1_80' title='bbox 817 1071 872 1116; x_wconf 84' lang='lat' dir='ltr'><strong>et</strong></span> <span class='ocrx_word' id='word_1_81' title='bbox 897 1062 1074 1116; x_wconf 90' lang='lat' dir='ltr'><strong>ornati</strong></span> <span class='ocrx_word' id='word_1_82' title='bbox 1117 1060 1294 1118; x_wconf 76' lang='lat' dir='ltr'><strong>eﬁ&#39;ecti</strong></span> <span class='ocrx_word' id='word_1_83' title='bbox 1322 1077 1690 1132; x_wconf 69' lang='lat' dir='ltr'><strong>prwparcmnr</strong></span> <span class='ocrx_word' id='word_1_84' title='bbox 1731 1064 1850 1117; x_wconf 92' lang='lat' dir='ltr'><strong>viro</strong></span> <span class='ocrx_word' id='word_1_85' title='bbox 1878 1079 1974 1118; x_wconf 90' lang='lat' dir='ltr'><strong>uo-</strong></span> 
     </span>
    </p>
   </div>
   <div class='ocr_carea' id='block_1_12' title="bbox 373 1153 1972 1226">
    <p class='ocr_par' dir='ltr' id='par_1_12' title="bbox 373 1153 1972 1226">
     <span class='ocr_line' id='line_1_12' title="bbox 373 1153 1972 1226; baseline 0.003 -17"><span class='ocrx_word' id='word_1_86' title='bbox 373 1165 495 1212; x_wconf 88' lang='lat' dir='ltr'><strong>stro</strong></span> <span class='ocrx_word' id='word_1_87' title='bbox 540 1153 668 1211; x_wconf 81' lang='lat' dir='ltr'><strong>Jesu</strong></span> <span class='ocrx_word' id='word_1_88' title='bbox 716 1153 932 1210; x_wconf 85' lang='lat' dir='ltr'><strong>Christo</strong></span> <span class='ocrx_word' id='word_1_89' title='bbox 963 1155 1086 1210; x_wconf 91' lang='lat' dir='ltr'><strong>:cui</strong></span> <span class='ocrx_word' id='word_1_90' title='bbox 1115 1167 1200 1211; x_wconf 90' lang='lat' dir='ltr'><strong>est</strong></span> <span class='ocrx_word' id='word_1_91' title='bbox 1255 1156 1424 1226; x_wconf 87' lang='lat' dir='ltr'><strong>gloria</strong></span> <span class='ocrx_word' id='word_1_92' title='bbox 1481 1166 1534 1211; x_wconf 91' lang='lat' dir='ltr'><strong>et</strong></span> <span class='ocrx_word' id='word_1_93' title='bbox 1579 1155 1864 1226; x_wconf 84' lang='lat' dir='ltr'><strong>imperium</strong></span> <span class='ocrx_word' id='word_1_94' title='bbox 1918 1158 1972 1213; x_wconf 94' lang='lat' dir='ltr'><strong>in</strong></span> 
     </span>
    </p>
   </div>
   <div class='ocr_carea' id='block_1_13' title="bbox 374 1247 1165 1306">
    <p class='ocr_par' dir='ltr' id='par_1_13' title="bbox 374 1247 1165 1306">
     <span class='ocr_line' id='line_1_13' title="bbox 374 1247 1165 1306; baseline -0.001 0"><span class='ocrx_word' id='word_1_95' title='bbox 374 1250 574 1306; x_wconf 72' lang='lat' dir='ltr'><strong>smcula</strong></span> <span class='ocrx_word' id='word_1_96' title='bbox 595 1251 938 1306; x_wconf 67' lang='lat' dir='ltr'><strong>swCulorum.</strong></span> <span class='ocrx_word' id='word_1_97' title='bbox 967 1247 1165 1306; x_wconf 85' lang='lat' dir='ltr'><strong>Amen.</strong></span> 
     </span>
    </p>
   </div>
   <div class='ocr_carea' id='block_1_14' title="bbox 916 1409 1434 1468">
    <p class='ocr_par' dir='ltr' id='par_1_14' title="bbox 916 1409 1434 1468">
     <span class='ocr_line' id='line_1_14' title="bbox 916 1409 1434 1468; baseline 0.004 -2"><span class='ocrx_word' id='word_1_98' title='bbox 916 1409 1197 1467; x_wconf 77' lang='lat' dir='ltr'><strong>HOMILIA</strong></span> <span class='ocrx_word' id='word_1_99' title='bbox 1226 1410 1434 1468; x_wconf 81' lang='lat' dir='ltr'><strong>NONA.</strong></span> 
     </span>
    </p>
   </div>
   <div class='ocr_carea' id='block_1_15' title="bbox 381 1527 1976 1595">
    <p class='ocr_par' dir='ltr' id='par_1_15' title="bbox 381 1527 1976 1595">
     <span class='ocr_line' id='line_1_15' title="bbox 381 1527 1976 1595; baseline -0.003 -8"><span class='ocrx_word' id='word_1_100' title='bbox 381 1529 563 1595; x_wconf 83' lang='lat' dir='ltr'><strong>Super</strong></span> <span class='ocrx_word' id='word_1_101' title='bbox 585 1527 932 1586; x_wconf 87' lang='lat' dir='ltr'><strong>Ezechielem</strong></span> <span class='ocrx_word' id='word_1_102' title='bbox 957 1528 1025 1584; x_wconf 91' lang='lat' dir='ltr'><strong>de</strong></span> <span class='ocrx_word' id='word_1_103' title='bbox 1051 1543 1120 1585; x_wconf 91' lang='lat' dir='ltr'><strong>eo</strong></span> <span class='ocrx_word' id='word_1_104' title='bbox 1142 1529 1284 1595; x_wconf 88' lang='lat' dir='ltr'><strong>quod</strong></span> <span class='ocrx_word' id='word_1_105' title='bbox 1315 1529 1517 1583; x_wconf 88' lang='lat' dir='ltr'><strong>dicitur</strong></span> <span class='ocrx_word' id='word_1_106' title='bbox 1541 1545 1553 1583; x_wconf 94' lang='lat'><strong>:</strong></span> <span class='ocrx_word' id='word_1_107' title='bbox 1589 1527 1763 1584; x_wconf 81' lang='lat' dir='ltr'><strong>Mater</strong></span> <span class='ocrx_word' id='word_1_108' title='bbox 1806 1536 1976 1582; x_wconf 88' lang='lat' dir='ltr'><strong>vestra</strong></span> 
     </span>
    </p>
   </div>
   <div class='ocr_carea' id='block_1_16' title="bbox 447 1599 1991 1674">
    <p class='ocr_par' dir='ltr' id='par_1_16' title="bbox 447 1599 1991 1674">
     <span class='ocr_line' id='line_1_16' title="bbox 447 1599 1991 1674; baseline -0.003 -17"><span class='ocrx_word' id='word_1_109' title='bbox 447 1601 651 1657; x_wconf 69' lang='lat' dir='ltr'><strong>Cethasa</strong></span> <span class='ocrx_word' id='word_1_110' title='bbox 697 1612 742 1658; x_wconf 87' lang='lat' dir='ltr'><strong>et</strong></span> <span class='ocrx_word' id='word_1_111' title='bbox 781 1609 930 1674; x_wconf 84' lang='lat' dir='ltr'><strong>pater</strong></span> <span class='ocrx_word' id='word_1_112' title='bbox 973 1600 1326 1674; x_wconf 72' lang='lat' dir='ltr'><strong>Amorrhteus,</strong></span> <span class='ocrx_word' id='word_1_113' title='bbox 1355 1615 1527 1674; x_wconf 90' lang='lat' dir='ltr'><strong>usque</strong></span> <span class='ocrx_word' id='word_1_114' title='bbox 1578 1617 1590 1654; x_wconf 92' lang='lat'><strong>:</strong></span> <span class='ocrx_word' id='word_1_115' title='bbox 1651 1599 1721 1674; x_wconf 84' lang='lat' dir='ltr'><strong>Et</strong></span> <span class='ocrx_word' id='word_1_116' title='bbox 1763 1600 1991 1654; x_wconf 78' lang='lat' dir='ltr'><strong>manum</strong></span> 
     </span>
    </p>
   </div>
   <div class='ocr_carea' id='block_1_17' title="bbox 448 1672 1751 1746">
    <p class='ocr_par' dir='ltr' id='par_1_17' title="bbox 448 1672 1751 1746">
     <span class='ocr_line' id='line_1_17' title="bbox 448 1672 1751 1746; baseline -0.001 -18"><span class='ocrx_word' id='word_1_117' title='bbox 448 1691 606 1744; x_wconf 81' lang='lat' dir='ltr'><strong>egeno</strong></span> <span class='ocrx_word' id='word_1_118' title='bbox 632 1683 679 1728; x_wconf 87' lang='lat' dir='ltr'><strong>et</strong></span> <span class='ocrx_word' id='word_1_119' title='bbox 719 1672 934 1746; x_wconf 80' lang='lat' dir='ltr'><strong>pauperi</strong></span> <span class='ocrx_word' id='word_1_120' title='bbox 960 1689 1064 1728; x_wconf 85' lang='lat' dir='ltr'><strong>non</strong></span> <span class='ocrx_word' id='word_1_121' title='bbox 1092 1672 1384 1744; x_wconf 71' lang='lat' dir='ltr'><strong>porrigebat</strong></span> <span class='ocrx_word' id='word_1_122' title='bbox 1416 1673 1573 1742; x_wconf 72' lang='lat' dir='ltr'><strong>(tlap.</strong></span> <span class='ocrx_word' id='word_1_123' title='bbox 1604 1673 1751 1742; x_wconf 58' lang='lat' dir='ltr'><strong>xvi).</strong></span> 
     </span>
    </p>
   </div>
   <div class='ocr_carea' id='block_1_18' title="bbox 2073 506 3664 584">
    <p class='ocr_par' dir='ltr' id='par_1_18' title="bbox 2073 506 3664 584">
     <span class='ocr_line' id='line_1_18' title="bbox 2073 506 3664 584; baseline 0.005 -25"><span class='ocrx_word' id='word_1_124' title='bbox 2073 506 2189 561; x_wconf 87' lang='lat' dir='ltr'><strong>dem</strong></span> <span class='ocrx_word' id='word_1_125' title='bbox 2239 524 2349 562; x_wconf 82' lang='lat' dir='ltr'><strong>sum</strong></span> <span class='ocrx_word' id='word_1_126' title='bbox 2384 506 2574 574; x_wconf 80' lang='lat' dir='ltr'><strong>Pauli,</strong></span> <span class='ocrx_word' id='word_1_127' title='bbox 2601 527 2696 582; x_wconf 88' lang='lat' dir='ltr'><strong>ego</strong></span> <span class='ocrx_word' id='word_1_128' title='bbox 2747 527 2864 565; x_wconf 90' lang='lat' dir='ltr'><strong>vero</strong></span> <span class='ocrx_word' id='word_1_129' title='bbox 2912 511 3137 584; x_wconf 81' lang='lat' dir='ltr'><strong>Apollo,</strong></span> <span class='ocrx_word' id='word_1_130' title='bbox 3171 529 3264 583; x_wconf 84' lang='lat' dir='ltr'><strong>ego</strong></span> <span class='ocrx_word' id='word_1_131' title='bbox 3310 514 3429 568; x_wconf 85' lang='lat' dir='ltr'><strong>vero</strong></span> <span class='ocrx_word' id='word_1_132' title='bbox 3475 510 3664 583; x_wconf 81' lang='lat' dir='ltr'><strong>Cepha:</strong></span> 
     </span>
    </p>
   </div>
   <div class='ocr_carea' id='block_1_19' title="bbox 2076 600 3661 676">
    <p class='ocr_par' dir='ltr' id='par_1_19' title="bbox 2076 600 3661 676">
     <span class='ocr_line' id='line_1_19' title="bbox 2076 600 3661 676; baseline 0.004 -22"><span class='ocrx_word' id='word_1_133' title='bbox 2076 601 2116 673; x_wconf 91' lang='lat' dir='ltr'><strong>(l</strong></span> <span class='ocrx_word' id='word_1_134' title='bbox 2149 600 2270 654; x_wconf 89' lang='lat' dir='ltr'><strong>Cor.</strong></span> <span class='ocrx_word' id='word_1_135' title='bbox 2294 602 2372 674; x_wconf 87' lang='lat' dir='ltr'><strong>t);</strong></span> <span class='ocrx_word' id='word_1_136' title='bbox 2407 612 2462 657; x_wconf 90' lang='lat' dir='ltr'><strong>et</strong></span> <span class='ocrx_word' id='word_1_137' title='bbox 2487 602 2663 656; x_wconf 84' lang='lat' dir='ltr'><strong>adhuc</strong></span> <span class='ocrx_word' id='word_1_138' title='bbox 2689 619 2719 658; x_wconf 90' lang='lat' dir='ltr'><strong>a</strong></span> <span class='ocrx_word' id='word_1_139' title='bbox 2749 605 2951 658; x_wconf 83' lang='lat' dir='ltr'><strong>malitia</strong></span> <span class='ocrx_word' id='word_1_140' title='bbox 2979 605 3301 671; x_wconf 80' lang='lat' dir='ltr'><strong>scindimur,</strong></span> <span class='ocrx_word' id='word_1_141' title='bbox 3334 614 3499 676; x_wconf 90' lang='lat' dir='ltr'><strong>atque</strong></span> <span class='ocrx_word' id='word_1_142' title='bbox 3527 605 3661 660; x_wconf 87' lang='lat' dir='ltr'><strong>divi-</strong></span> 
     </span>
    </p>
   </div>
   <div class='ocr_carea' id='block_1_20' title="bbox 2073 694 3665 768">
    <p class='ocr_par' dir='ltr' id='par_1_20' title="bbox 2073 694 3665 768">
     <span class='ocr_line' id='line_1_20' title="bbox 2073 694 3665 768; baseline 0.002 -19"><span class='ocrx_word' id='word_1_143' title='bbox 2073 694 2272 761; x_wconf 92' lang='lat' dir='ltr'><strong>dimur,</strong></span> <span class='ocrx_word' id='word_1_144' title='bbox 2309 713 2412 750; x_wconf 90' lang='lat' dir='ltr'><strong>non</strong></span> <span class='ocrx_word' id='word_1_145' title='bbox 2445 711 2630 751; x_wconf 89' lang='lat' dir='ltr'><strong>sumus</strong></span> <span class='ocrx_word' id='word_1_146' title='bbox 2673 695 2835 752; x_wconf 88' lang='lat' dir='ltr'><strong>futttri</strong></span> <span class='ocrx_word' id='word_1_147' title='bbox 2866 698 2959 751; x_wconf 92' lang='lat' dir='ltr'><strong>ubi</strong></span> <span class='ocrx_word' id='word_1_148' title='bbox 2993 704 3120 751; x_wconf 90' lang='lat' dir='ltr'><strong>sunt</strong></span> <span class='ocrx_word' id='word_1_149' title='bbox 3147 699 3254 764; x_wconf 89' lang='lat' dir='ltr'><strong>illi,</strong></span> <span class='ocrx_word' id='word_1_150' title='bbox 3286 701 3374 768; x_wconf 91' lang='lat' dir='ltr'><strong>qui</strong></span> <span class='ocrx_word' id='word_1_151' title='bbox 3403 698 3665 768; x_wconf 80' lang='lat' dir='ltr'><strong>redigun-</strong></span> 
     </span>
    </p>
   </div>
   <div class='ocr_carea' id='block_1_21' title="bbox 2077 787 3654 858">
    <p class='ocr_par' dir='ltr' id='par_1_21' title="bbox 2077 787 3654 858">
     <span class='ocr_line' id='line_1_21' title="bbox 2077 787 3654 858; baseline 0.001 -18"><span class='ocrx_word' id='word_1_152' title='bbox 2077 796 2163 841; x_wconf 93' lang='lat' dir='ltr'><strong>tur</strong></span> <span class='ocrx_word' id='word_1_153' title='bbox 2189 788 2239 842; x_wconf 93' lang='lat' dir='ltr'><strong>in</strong></span> <span class='ocrx_word' id='word_1_154' title='bbox 2277 789 2555 842; x_wconf 87' lang='lat' dir='ltr'><strong>unionem.</strong></span> <span class='ocrx_word' id='word_1_155' title='bbox 2587 787 2719 842; x_wconf 79' lang='lat' dir='ltr'><strong>Nam</strong></span> <span class='ocrx_word' id='word_1_156' title='bbox 2751 800 2810 843; x_wconf 90' lang='lat' dir='ltr'><strong>ut</strong></span> <span class='ocrx_word' id='word_1_157' title='bbox 2845 800 3000 858; x_wconf 75' lang='lat' dir='ltr'><strong>pater</strong></span> <span class='ocrx_word' id='word_1_158' title='bbox 3024 800 3080 844; x_wconf 87' lang='lat' dir='ltr'><strong>et</strong></span> <span class='ocrx_word' id='word_1_159' title='bbox 3122 789 3266 844; x_wconf 83' lang='lat' dir='ltr'><strong>filius</strong></span> <span class='ocrx_word' id='word_1_160' title='bbox 3298 807 3464 844; x_wconf 89' lang='lat' dir='ltr'><strong>unum</strong></span> <span class='ocrx_word' id='word_1_161' title='bbox 3503 800 3654 858; x_wconf 90' lang='lat' dir='ltr'><strong>sunt,</strong></span> 
     </span>
    </p>
   </div>
   <div class='ocr_carea' id='block_1_22' title="bbox 2075 880 3666 951">
    <p class='ocr_par' dir='ltr' id='par_1_22' title="bbox 2075 880 3666 951">
     <span class='ocr_line' id='line_1_22' title="bbox 2075 880 3666 951; baseline 0.002 -18"><span class='ocrx_word' id='word_1_162' title='bbox 2075 880 2154 934; x_wconf 86' lang='lat' dir='ltr'><strong>sic</strong></span> <span class='ocrx_word' id='word_1_163' title='bbox 2176 881 2267 950; x_wconf 95' lang='lat' dir='ltr'><strong>qui</strong></span> <span class='ocrx_word' id='word_1_164' title='bbox 2297 897 2462 934; x_wconf 91' lang='lat' dir='ltr'><strong>unum</strong></span> <span class='ocrx_word' id='word_1_165' title='bbox 2487 882 2737 951; x_wconf 83' lang='lat' dir='ltr'><strong>spiritum</strong></span> <span class='ocrx_word' id='word_1_166' title='bbox 2765 881 2984 950; x_wconf 76' lang='lat' dir='ltr'><strong>habent,</strong></span> <span class='ocrx_word' id='word_1_167' title='bbox 3013 883 3063 936; x_wconf 91' lang='lat' dir='ltr'><strong>in</strong></span> <span class='ocrx_word' id='word_1_168' title='bbox 3093 883 3347 937; x_wconf 83' lang='lat' dir='ltr'><strong>unionem</strong></span> <span class='ocrx_word' id='word_1_169' title='bbox 3379 898 3666 938; x_wconf 84' lang='lat' dir='ltr'><strong>coarctan-</strong></span> 
     </span>
    </p>
   </div>
   <div class='ocr_carea' id='block_1_23' title="bbox 2078 973 3665 1052">
    <p class='ocr_par' dir='ltr' id='par_1_23' title="bbox 2078 973 3665 1052">
     <span class='ocr_line' id='line_1_23' title="bbox 2078 973 3665 1052; baseline 0.001 -26"><span class='ocrx_word' id='word_1_170' title='bbox 2078 982 2182 1026; x_wconf 92' lang='lat' dir='ltr'><strong>tur.</strong></span> <span class='ocrx_word' id='word_1_171' title='bbox 2219 976 2306 1027; x_wconf 85' lang='lat' dir='ltr'><strong>Ait</strong></span> <span class='ocrx_word' id='word_1_172' title='bbox 2337 977 2534 1043; x_wconf 78' lang='lat' dir='ltr'><strong>quippe</strong></span> <span class='ocrx_word' id='word_1_173' title='bbox 2577 975 2878 1052; x_wconf 68' lang='lat' dir='ltr'><strong>Salvator:</strong></span> <span class='ocrx_word' id='word_1_174' title='bbox 2913 973 3027 1046; x_wconf 79' lang='lat' dir='ltr'><strong>Ego</strong></span> <span class='ocrx_word' id='word_1_175' title='bbox 3067 985 3112 1029; x_wconf 87' lang='lat' dir='ltr'><strong>et</strong></span> <span class='ocrx_word' id='word_1_176' title='bbox 3168 974 3328 1029; x_wconf 85' lang='lat' dir='ltr'><strong>Pater</strong></span> <span class='ocrx_word' id='word_1_177' title='bbox 3370 991 3534 1029; x_wconf 88' lang='lat' dir='ltr'><strong>unum</strong></span> <span class='ocrx_word' id='word_1_178' title='bbox 3577 992 3665 1028; x_wconf 88' lang='lat' dir='ltr'><strong>su-</strong></span> 
     </span>
    </p>
   </div>
   <div class='ocr_carea' id='block_1_24' title="bbox 2075 1066 3664 1140">
    <p class='ocr_par' dir='ltr' id='par_1_24' title="bbox 2075 1066 3664 1140">
     <span class='ocr_line' id='line_1_24' title="bbox 2075 1066 3664 1140; baseline 0.001 -21"><span class='ocrx_word' id='word_1_179' title='bbox 2075 1083 2209 1120; x_wconf 88' lang='lat' dir='ltr'><strong>mus.</strong></span> <span class='ocrx_word' id='word_1_180' title='bbox 2239 1067 2339 1121; x_wconf 82' lang='lat' dir='ltr'><strong>Et:</strong></span> <span class='ocrx_word' id='word_1_181' title='bbox 2370 1066 2526 1120; x_wconf 78' lang='lat' dir='ltr'><strong>Pater</strong></span> <span class='ocrx_word' id='word_1_182' title='bbox 2549 1075 2744 1131; x_wconf 87' lang='lat' dir='ltr'><strong>sancte,</strong></span> <span class='ocrx_word' id='word_1_183' title='bbox 2776 1082 2922 1138; x_wconf 89' lang='lat' dir='ltr'><strong>rogo,</strong></span> <span class='ocrx_word' id='word_1_184' title='bbox 2957 1079 3010 1121; x_wconf 92' lang='lat' dir='ltr'><strong>ut</strong></span> <span class='ocrx_word' id='word_1_185' title='bbox 3030 1067 3164 1120; x_wconf 88' lang='lat' dir='ltr'><strong>sicut</strong></span> <span class='ocrx_word' id='word_1_186' title='bbox 3194 1083 3310 1140; x_wconf 86' lang='lat' dir='ltr'><strong>ego,</strong></span> <span class='ocrx_word' id='word_1_187' title='bbox 3341 1075 3390 1119; x_wconf 88' lang='lat' dir='ltr'><strong>et</strong></span> <span class='ocrx_word' id='word_1_188' title='bbox 3423 1078 3477 1120; x_wconf 90' lang='lat' dir='ltr'><strong>tu</strong></span> <span class='ocrx_word' id='word_1_189' title='bbox 3506 1082 3664 1120; x_wconf 87' lang='lat' dir='ltr'><strong>unum</strong></span> 
     </span>
    </p>
   </div>
   <div class='ocr_carea' id='block_1_25' title="bbox 2075 1158 3664 1232">
    <p class='ocr_par' dir='ltr' id='par_1_25' title="bbox 2075 1158 3664 1232">
     <span class='ocr_line' id='line_1_25' title="bbox 2075 1158 3664 1232; baseline 0 -18"><span class='ocrx_word' id='word_1_190' title='bbox 2075 1177 2272 1228; x_wconf 87' lang='lat' dir='ltr'><strong>sumus,</strong></span> <span class='ocrx_word' id='word_1_191' title='bbox 2306 1160 2377 1214; x_wconf 87' lang='lat' dir='ltr'><strong>ita</strong></span> <span class='ocrx_word' id='word_1_192' title='bbox 2401 1171 2447 1214; x_wconf 90' lang='lat' dir='ltr'><strong>et</strong></span> <span class='ocrx_word' id='word_1_193' title='bbox 2478 1161 2564 1214; x_wconf 80' lang='lat' dir='ltr'><strong>isti</strong></span> <span class='ocrx_word' id='word_1_194' title='bbox 2590 1161 2644 1213; x_wconf 86' lang='lat' dir='ltr'><strong>in</strong></span> <span class='ocrx_word' id='word_1_195' title='bbox 2667 1159 2806 1213; x_wconf 88' lang='lat' dir='ltr'><strong>vobis</strong></span> <span class='ocrx_word' id='word_1_196' title='bbox 2824 1159 2936 1232; x_wconf 80' lang='grc' dir='ltr'><strong>[ΑΙ.</strong></span> <span class='ocrx_word' id='word_1_197' title='bbox 2964 1158 3134 1230; x_wconf 85' lang='lat' dir='ltr'><strong>nobis]</strong></span> <span class='ocrx_word' id='word_1_198' title='bbox 3159 1175 3320 1213; x_wconf 84' lang='lat' dir='ltr'><strong>unum</strong></span> <span class='ocrx_word' id='word_1_199' title='bbox 3345 1159 3449 1212; x_wconf 86' lang='lat' dir='ltr'><strong>sint</strong></span> <span class='ocrx_word' id='word_1_200' title='bbox 3479 1159 3664 1228; x_wconf 86' lang='lat' dir='ltr'><strong>(Joau.</strong></span> 
     </span>
    </p>
   </div>
   <div class='ocr_carea' id='block_1_26' title="bbox 2076 1247 3666 1328">
    <p class='ocr_par' dir='ltr' id='par_1_26' title="bbox 2076 1247 3666 1328">
     <span class='ocr_line' id='line_1_26' title="bbox 2076 1247 3666 1328; baseline -0.004 -17"><span class='ocrx_word' id='word_1_201' title='bbox 2076 1257 2230 1328; x_wconf 76' lang='lat' dir='ltr'><strong>xvu).</strong></span> <span class='ocrx_word' id='word_1_202' title='bbox 2258 1257 2323 1310; x_wconf 90' lang='lat' dir='ltr'><strong>Et</strong></span> <span class='ocrx_word' id='word_1_203' title='bbox 2352 1257 2403 1309; x_wconf 92' lang='lat' dir='ltr'><strong>iu</strong></span> <span class='ocrx_word' id='word_1_204' title='bbox 2428 1255 2690 1326; x_wconf 82' lang='lat' dir='ltr'><strong>Apostolo</strong></span> <span class='ocrx_word' id='word_1_205' title='bbox 2715 1247 2912 1324; x_wconf 83' lang='lat' dir='ltr'><strong>legitur</strong></span> <span class='ocrx_word' id='word_1_206' title='bbox 2945 1272 2958 1307; x_wconf 93' lang='lat'><strong>:</strong></span> <span class='ocrx_word' id='word_1_207' title='bbox 2991 1251 3173 1307; x_wconf 87' lang='lat' dir='ltr'><strong>Donec</strong></span> <span class='ocrx_word' id='word_1_208' title='bbox 3201 1269 3533 1306; x_wconf 87' lang='lat' dir='ltr'><strong>occurramus</strong></span> <span class='ocrx_word' id='word_1_209' title='bbox 3556 1269 3666 1305; x_wconf 83' lang='lat' dir='ltr'><strong>ont-</strong></span> 
     </span>
    </p>
   </div>
   <div class='ocr_carea' id='block_1_27' title="bbox 2077 1343 3668 1420">
    <p class='ocr_par' dir='ltr' id='par_1_27' title="bbox 2077 1343 3668 1420">
     <span class='ocr_line' id='line_1_27' title="bbox 2077 1343 3668 1420; baseline -0.007 -14"><span class='ocrx_word' id='word_1_210' title='bbox 2077 1370 2165 1407; x_wconf 87' lang='lat' dir='ltr'><strong>nes</strong></span> <span class='ocrx_word' id='word_1_211' title='bbox 2185 1353 2240 1406; x_wconf 87' lang='lat' dir='ltr'><strong>in</strong></span> <span class='ocrx_word' id='word_1_212' title='bbox 2271 1353 2433 1407; x_wconf 74' lang='lat' dir='ltr'><strong>virum</strong></span> <span class='ocrx_word' id='word_1_213' title='bbox 2476 1349 2782 1420; x_wconf 84' lang='lat' dir='ltr'><strong>perfectum,</strong></span> <span class='ocrx_word' id='word_1_214' title='bbox 2809 1358 2854 1402; x_wconf 92' lang='lat' dir='ltr'><strong>et</strong></span> <span class='ocrx_word' id='word_1_215' title='bbox 2895 1349 2946 1400; x_wconf 89' lang='lat' dir='ltr'><strong>iu</strong></span> <span class='ocrx_word' id='word_1_216' title='bbox 2981 1362 3278 1400; x_wconf 90' lang='lat' dir='ltr'><strong>mensuram</strong></span> <span class='ocrx_word' id='word_1_217' title='bbox 3307 1345 3476 1400; x_wconf 78' lang='lat' dir='ltr'><strong>celatis</strong></span> <span class='ocrx_word' id='word_1_218' title='bbox 3497 1343 3668 1416; x_wconf 84' lang='lat' dir='ltr'><strong>pleni-</strong></span> 
     </span>
    </p>
   </div>
   <div class='ocr_carea' id='block_1_28' title="bbox 2078 1438 3663 1516">
    <p class='ocr_par' dir='ltr' id='par_1_28' title="bbox 2078 1438 3663 1516">
     <span class='ocr_line' id='line_1_28' title="bbox 2078 1438 3663 1516; baseline -0.006 -16"><span class='ocrx_word' id='word_1_219' title='bbox 2078 1447 2274 1516; x_wconf 72' lang='lat' dir='ltr'><strong>tudinis</strong></span> <span class='ocrx_word' id='word_1_220' title='bbox 2321 1445 2376 1499; x_wconf 84' lang='lat' dir='ltr'><strong>in</strong></span> <span class='ocrx_word' id='word_1_221' title='bbox 2427 1445 2673 1498; x_wconf 84' lang='lat' dir='ltr'><strong>unitatem</strong></span> <span class='ocrx_word' id='word_1_222' title='bbox 2719 1440 2912 1498; x_wconf 84' lang='lat' dir='ltr'><strong>Christi</strong></span> <span class='ocrx_word' id='word_1_223' title='bbox 2939 1439 3101 1514; x_wconf 84' lang='lat' dir='ltr'><strong>(Eph.</strong></span> <span class='ocrx_word' id='word_1_224' title='bbox 3151 1440 3247 1511; x_wconf 88' lang='lat' dir='ltr'><strong>tv).</strong></span> <span class='ocrx_word' id='word_1_225' title='bbox 3291 1438 3355 1493; x_wconf 90' lang='lat' dir='ltr'><strong>Et</strong></span> <span class='ocrx_word' id='word_1_226' title='bbox 3409 1453 3663 1492; x_wconf 89' lang='lat' dir='ltr'><strong>rursum:</strong></span> 
     </span>
    </p>
   </div>
   <div class='ocr_carea' id='block_1_29' title="bbox 2083 1532 3664 1611">
    <p class='ocr_par' dir='ltr' id='par_1_29' title="bbox 2083 1532 3664 1611">
     <span class='ocr_line' id='line_1_29' title="bbox 2083 1532 3664 1611; baseline -0.006 -17"><span class='ocrx_word' id='word_1_227' title='bbox 2083 1541 2254 1594; x_wconf 83' lang='lat' dir='ltr'><strong>Donec</strong></span> <span class='ocrx_word' id='word_1_228' title='bbox 2273 1533 2635 1611; x_wconf 73' lang='lat' dir='ltr'><strong>perveniamus</strong></span> <span class='ocrx_word' id='word_1_229' title='bbox 2661 1552 2836 1590; x_wconf 86' lang='lat' dir='ltr'><strong>omnes</strong></span> <span class='ocrx_word' id='word_1_230' title='bbox 2861 1536 2914 1588; x_wconf 90' lang='lat' dir='ltr'><strong>iu</strong></span> <span class='ocrx_word' id='word_1_231' title='bbox 2939 1536 3188 1587; x_wconf 87' lang='lat' dir='ltr'><strong>unitatem</strong></span> <span class='ocrx_word' id='word_1_232' title='bbox 3219 1533 3451 1600; x_wconf 88' lang='lat' dir='ltr'><strong>corporis</strong></span> <span class='ocrx_word' id='word_1_233' title='bbox 3478 1540 3524 1585; x_wconf 89' lang='lat' dir='ltr'><strong>et</strong></span> <span class='ocrx_word' id='word_1_234' title='bbox 3551 1532 3664 1602; x_wconf 74' lang='grc' dir='ltr'><strong>δρί-</strong></span> 
     </span>
    </p>
   </div>
   <div class='ocr_carea' id='block_1_30' title="bbox 2078 1625 3666 1699">
    <p class='ocr_par' dir='ltr' id='par_1_30' title="bbox 2078 1625 3666 1699">
     <span class='ocr_line' id='line_1_30' title="bbox 2078 1625 3666 1699; baseline -0.006 -12"><span class='ocrx_word' id='word_1_235' title='bbox 2078 1635 2206 1687; x_wconf 86' lang='lat' dir='ltr'><strong>ritus</strong></span> <span class='ocrx_word' id='word_1_236' title='bbox 2252 1630 2461 1686; x_wconf 78' lang='lat' dir='ltr'><strong>Christi.</strong></span> <span class='ocrx_word' id='word_1_237' title='bbox 2515 1631 2591 1685; x_wconf 85' lang='lat' dir='ltr'><strong>Ex</strong></span> <span class='ocrx_word' id='word_1_238' title='bbox 2637 1644 2744 1698; x_wconf 89' lang='lat' dir='ltr'><strong>quo</strong></span> <span class='ocrx_word' id='word_1_239' title='bbox 2784 1625 3146 1699; x_wconf 85' lang='lat' dir='ltr'><strong>significatur,</strong></span> <span class='ocrx_word' id='word_1_240' title='bbox 3198 1625 3319 1696; x_wconf 85' lang='lat' dir='ltr'><strong>quia</strong></span> <span class='ocrx_word' id='word_1_241' title='bbox 3367 1626 3546 1679; x_wconf 89' lang='lat' dir='ltr'><strong>virtus</strong></span> <span class='ocrx_word' id='word_1_242' title='bbox 3597 1639 3666 1679; x_wconf 77' lang='lat' dir='ltr'><strong>ex</strong></span> 
     </span>
    </p>
   </div>
   <div class='ocr_carea' id='block_1_31' title="bbox 2079 1718 3670 1800">
    <p class='ocr_par' dir='ltr' id='par_1_31' title="bbox 2079 1718 3670 1800">
     <span class='ocr_line' id='line_1_31' title="bbox 2079 1718 3670 1800; baseline -0.004 -20"><span class='ocrx_word' id='word_1_243' title='bbox 2079 1725 2331 1796; x_wconf 87' lang='lat' dir='ltr'><strong>plurimis</strong></span> <span class='ocrx_word' id='word_1_244' title='bbox 2357 1739 2524 1800; x_wconf 86' lang='lat' dir='ltr'><strong>unum</strong></span> <span class='ocrx_word' id='word_1_245' title='bbox 2555 1723 2732 1791; x_wconf 86' lang='lat' dir='ltr'><strong>faciat,</strong></span> <span class='ocrx_word' id='word_1_246' title='bbox 2765 1733 2818 1775; x_wconf 88' lang='lat' dir='ltr'><strong>et</strong></span> <span class='ocrx_word' id='word_1_247' title='bbox 2845 1735 3075 1776; x_wconf 90' lang='lat' dir='ltr'><strong>necesse</strong></span> <span class='ocrx_word' id='word_1_248' title='bbox 3100 1718 3254 1772; x_wconf 87' lang='lat' dir='ltr'><strong>nobis</strong></span> <span class='ocrx_word' id='word_1_249' title='bbox 3278 1719 3347 1772; x_wconf 85' lang='lat' dir='ltr'><strong>sit</strong></span> <span class='ocrx_word' id='word_1_250' title='bbox 3379 1733 3542 1771; x_wconf 93' lang='lat' dir='ltr'><strong>unum</strong></span> <span class='ocrx_word' id='word_1_251' title='bbox 3573 1732 3670 1785; x_wconf 85' lang='lat' dir='ltr'><strong>per</strong></span> 
     </span>
    </p>
   </div>
   <div class='ocr_carea' id='block_1_32' title="bbox 443 1805 3671 1886">
    <p class='ocr_par' dir='ltr' id='par_1_32' title="bbox 443 1805 3671 1886">
     <span class='ocr_line' id='line_1_32' title="bbox 443 1805 3671 1886; baseline -0.001 -21"><span class='ocrx_word' id='word_1_252' title='bbox 443 1812 612 1884; x_wconf 77' lang='lat'><strong>959</strong></span> <span class='ocrx_word' id='word_1_253' title='bbox 634 1811 738 1879; x_wconf 80' lang='lat' dir='ltr'><strong>Qui</strong></span> <span class='ocrx_word' id='word_1_254' title='bbox 764 1810 894 1882; x_wconf 82' lang='lat' dir='ltr'><strong>legit</strong></span> <span class='ocrx_word' id='word_1_255' title='bbox 928 1810 983 1866; x_wconf 93' lang='lat' dir='ltr'><strong>in</strong></span> <span class='ocrx_word' id='word_1_256' title='bbox 1018 1809 1284 1881; x_wconf 89' lang='lat' dir='ltr'><strong>principio</strong></span> <span class='ocrx_word' id='word_1_257' title='bbox 1318 1809 1617 1882; x_wconf 70' lang='lat' dir='ltr'><strong>prophetia:</strong></span> <span class='ocrx_word' id='word_1_258' title='bbox 1641 1807 1967 1872; x_wconf 77' lang='lat' dir='ltr'><strong>Jerusalem.</strong></span> <span class='ocrx_word' id='word_1_259' title='bbox 2003 1811 2048 1872; x_wconf 85' lang='grc' dir='ltr'>Β</span> <span class='ocrx_word' id='word_1_260' title='bbox 2077 1835 2195 1875; x_wconf 85' lang='lat' dir='ltr'><strong>eam</strong></span> <span class='ocrx_word' id='word_1_261' title='bbox 2228 1819 2368 1884; x_wconf 84' lang='lat' dir='ltr'><strong>fieri,</strong></span> <span class='ocrx_word' id='word_1_262' title='bbox 2406 1826 2462 1872; x_wconf 88' lang='lat' dir='ltr'><strong>et</strong></span> <span class='ocrx_word' id='word_1_263' title='bbox 2494 1805 2682 1886; x_wconf 79' lang='lat' dir='ltr'><strong>fugere</strong></span> <span class='ocrx_word' id='word_1_264' title='bbox 2724 1813 3151 1868; x_wconf 85' lang='lat' dir='ltr'><strong>multitudinem.</strong></span> <span class='ocrx_word' id='word_1_265' title='bbox 3185 1813 3248 1865; x_wconf 87' lang='lat' dir='ltr'><strong>Et</strong></span> <span class='ocrx_word' id='word_1_266' title='bbox 3290 1810 3406 1864; x_wconf 76' lang='lat' dir='ltr'><strong>[nec</strong></span> <span class='ocrx_word' id='word_1_267' title='bbox 3449 1809 3671 1880; x_wconf 88' lang='lat' dir='ltr'><strong>quidem</strong></span> 
     </span>
    </p>
   </div>
   <div class='ocr_carea' id='block_1_33' title="bbox 377 1903 1972 1977">
    <p class='ocr_par' dir='ltr' id='par_1_33' title="bbox 377 1903 1972 1977">
     <span class='ocr_line' id='line_1_33' title="bbox 377 1903 1972 1977; baseline -0.004 -15"><span class='ocrx_word' id='word_1_268' title='bbox 377 1906 652 1977; x_wconf 89' lang='lat' dir='ltr'><strong>quomodo</strong></span> <span class='ocrx_word' id='word_1_269' title='bbox 695 1905 976 1976; x_wconf 85' lang='lat' dir='ltr'><strong>increpata</strong></span> <span class='ocrx_word' id='word_1_270' title='bbox 1021 1907 1114 1968; x_wconf 89' lang='lat' dir='ltr'><strong>sit,</strong></span> <span class='ocrx_word' id='word_1_271' title='bbox 1149 1905 1300 1975; x_wconf 88' lang='lat' dir='ltr'><strong>quasi</strong></span> <span class='ocrx_word' id='word_1_272' title='bbox 1353 1905 1560 1959; x_wconf 82' lang='lat' dir='ltr'><strong>habens</strong></span> <span class='ocrx_word' id='word_1_273' title='bbox 1611 1903 1874 1968; x_wconf 90' lang='lat' dir='ltr'><strong>radicem,</strong></span> <span class='ocrx_word' id='word_1_274' title='bbox 1917 1911 1972 1957; x_wconf 91' lang='lat' dir='ltr'><strong>ct</strong></span> 
     </span>
    </p>
   </div>
   <div class='ocr_carea' id='block_1_34' title="bbox 375 1997 1971 2070">
    <p class='ocr_par' dir='ltr' id='par_1_34' title="bbox 375 1997 1971 2070">
     <span class='ocr_line' id='line_1_34' title="bbox 375 1997 1971 2070; baseline 0 -14"><span class='ocrx_word' id='word_1_275' title='bbox 375 2001 782 2070; x_wconf 78' lang='lat' dir='ltr'><strong>generationem</strong></span> <span class='ocrx_word' id='word_1_276' title='bbox 828 1997 898 2054; x_wconf 88' lang='lat' dir='ltr'><strong>de</strong></span> <span class='ocrx_word' id='word_1_277' title='bbox 953 2007 1102 2054; x_wconf 90' lang='lat' dir='ltr'><strong>terra</strong></span> <span class='ocrx_word' id='word_1_278' title='bbox 1160 1997 1476 2068; x_wconf 84' lang='lat' dir='ltr'><strong>Chanaam,</strong></span> <span class='ocrx_word' id='word_1_279' title='bbox 1508 2005 1717 2068; x_wconf 83' lang='lat' dir='ltr'><strong>patrem</strong></span> <span class='ocrx_word' id='word_1_280' title='bbox 1773 2000 1971 2057; x_wconf 59' lang='lat' dir='ltr'><strong>Amore</strong></span> 
     </span>
    </p>
   </div>
   <div class='ocr_carea' id='block_1_35' title="bbox 376 2090 1970 2161">
    <p class='ocr_par' dir='ltr' id='par_1_35' title="bbox 376 2090 1970 2161">
     <span class='ocr_line' id='line_1_35' title="bbox 376 2090 1970 2161; baseline -0.003 -13"><span class='ocrx_word' id='word_1_281' title='bbox 376 2093 606 2156; x_wconf 68' lang='lat' dir='ltr'><strong>rhmum,</strong></span> <span class='ocrx_word' id='word_1_282' title='bbox 640 2099 984 2160; x_wconf 85' lang='lat' dir='ltr'><strong>matremque</strong></span> <span class='ocrx_word' id='word_1_283' title='bbox 1031 2091 1352 2146; x_wconf 71' lang='lat' dir='ltr'><strong>Cethaaam:</strong></span> <span class='ocrx_word' id='word_1_284' title='bbox 1387 2091 1437 2146; x_wconf 88' lang='lat' dir='ltr'><strong>is</strong></span> <span class='ocrx_word' id='word_1_285' title='bbox 1484 2091 1528 2146; x_wconf 92' lang='lat' dir='ltr'><strong>si</strong></span> <span class='ocrx_word' id='word_1_286' title='bbox 1569 2090 1764 2161; x_wconf 87' lang='lat' dir='ltr'><strong>legerit</strong></span> <span class='ocrx_word' id='word_1_287' title='bbox 1808 2091 1970 2145; x_wconf 90' lang='lat' dir='ltr'><strong>etiam</strong></span> 
     </span>
    </p>
   </div>
   <div class='ocr_carea' id='block_1_36' title="bbox 379 2183 1972 2257">
    <p class='ocr_par' dir='ltr' id='par_1_36' title="bbox 379 2183 1972 2257">
     <span class='ocr_line' id='line_1_36' title="bbox 379 2183 1972 2257; baseline -0.003 -15"><span class='ocrx_word' id='word_1_288' title='bbox 379 2186 520 2251; x_wconf 71' lang='lat' dir='ltr'><strong>haec,</strong></span> <span class='ocrx_word' id='word_1_289' title='bbox 549 2200 673 2257; x_wconf 69' lang='lat' dir='ltr'><strong>qua:</strong></span> <span class='ocrx_word' id='word_1_290' title='bbox 705 2199 848 2240; x_wconf 92' lang='lat' dir='ltr'><strong>nunc</strong></span> <span class='ocrx_word' id='word_1_291' title='bbox 874 2183 1231 2255; x_wconf 87' lang='lat' dir='ltr'><strong>interpretari</strong></span> <span class='ocrx_word' id='word_1_292' title='bbox 1257 2184 1509 2250; x_wconf 90' lang='lat' dir='ltr'><strong>nitimur,</strong></span> <span class='ocrx_word' id='word_1_293' title='bbox 1546 2185 1755 2252; x_wconf 88' lang='lat' dir='ltr'><strong>putabit</strong></span> <span class='ocrx_word' id='word_1_294' title='bbox 1783 2183 1972 2238; x_wconf 89' lang='lat' dir='ltr'><strong>eadem</strong></span> 
     </span>
    </p>
   </div>
   <div class='ocr_carea' id='block_1_37' title="bbox 378 2274 1971 2349">
    <p class='ocr_par' dir='ltr' id='par_1_37' title="bbox 378 2274 1971 2349">
     <span class='ocr_line' id='line_1_37' title="bbox 378 2274 1971 2349; baseline -0.004 -14"><span class='ocrx_word' id='word_1_295' title='bbox 378 2279 577 2349; x_wconf 89' lang='lat' dir='ltr'><strong>repeti,</strong></span> <span class='ocrx_word' id='word_1_296' title='bbox 608 2289 662 2333; x_wconf 90' lang='lat' dir='ltr'><strong>et</strong></span> <span class='ocrx_word' id='word_1_297' title='bbox 691 2293 856 2332; x_wconf 89' lang='lat' dir='ltr'><strong>unum</strong></span> <span class='ocrx_word' id='word_1_298' title='bbox 884 2292 1196 2334; x_wconf 86' lang='lat' dir='ltr'><strong>sermonem</strong></span> <span class='ocrx_word' id='word_1_299' title='bbox 1222 2276 1515 2346; x_wconf 89' lang='lat' dir='ltr'><strong>dupliciter</strong></span> <span class='ocrx_word' id='word_1_300' title='bbox 1543 2276 1848 2346; x_wconf 79' lang='lat' dir='ltr'><strong>praedicari.</strong></span> <span class='ocrx_word' id='word_1_301' title='bbox 1866 2274 1971 2331; x_wconf 86' lang='lat' dir='ltr'><strong>Sed</strong></span> 
     </span>
    </p>
   </div>
   <div class='ocr_carea' id='block_1_38' title="bbox 375 2367 1972 2443">
    <p class='ocr_par' dir='ltr' id='par_1_38' title="bbox 375 2367 1972 2443">
     <span class='ocr_line' id='line_1_38' title="bbox 375 2367 1972 2443; baseline -0.003 -17"><span class='ocrx_word' id='word_1_302' title='bbox 375 2371 467 2443; x_wconf 87' lang='lat' dir='ltr'><strong>qui</strong></span> <span class='ocrx_word' id='word_1_303' title='bbox 517 2371 750 2441; x_wconf 77' lang='lat' dir='ltr'><strong>diligens</strong></span> <span class='ocrx_word' id='word_1_304' title='bbox 801 2369 979 2426; x_wconf 89' lang='lat' dir='ltr'><strong>lector</strong></span> <span class='ocrx_word' id='word_1_305' title='bbox 1030 2379 1136 2436; x_wconf 90' lang='lat' dir='ltr'><strong>est,</strong></span> <span class='ocrx_word' id='word_1_306' title='bbox 1167 2379 1222 2424; x_wconf 93' lang='lat' dir='ltr'><strong>et</strong></span> <span class='ocrx_word' id='word_1_307' title='bbox 1261 2367 1326 2424; x_wconf 84' lang='lat' dir='ltr'><strong>ad</strong></span> <span class='ocrx_word' id='word_1_308' title='bbox 1358 2383 1544 2423; x_wconf 88' lang='lat' dir='ltr'><strong>curam</strong></span> <span class='ocrx_word' id='word_1_309' title='bbox 1601 2369 1721 2439; x_wconf 89' lang='lat' dir='ltr'><strong>ejus</strong></span> <span class='ocrx_word' id='word_1_310' title='bbox 1774 2368 1972 2423; x_wconf 85' lang='lat' dir='ltr'><strong>divinae</strong></span> 
     </span>
    </p>
   </div>
   <div class='ocr_carea' id='block_1_39' title="bbox 375 2463 1972 2536">
    <p class='ocr_par' dir='ltr' id='par_1_39' title="bbox 375 2463 1972 2536">
     <span class='ocr_line' id='line_1_39' title="bbox 375 2463 1972 2536; baseline -0.006 -11"><span class='ocrx_word' id='word_1_311' title='bbox 375 2467 675 2534; x_wconf 77' lang='lat' dir='ltr'><strong>Scriptura:</strong></span> <span class='ocrx_word' id='word_1_312' title='bbox 702 2464 1063 2536; x_wconf 88' lang='lat' dir='ltr'><strong>signiticantia</strong></span> <span class='ocrx_word' id='word_1_313' title='bbox 1089 2464 1342 2533; x_wconf 88' lang='lat' dir='ltr'><strong>pertinet,</strong></span> <span class='ocrx_word' id='word_1_314' title='bbox 1363 2473 1420 2520; x_wconf 90' lang='lat' dir='ltr'><strong>et</strong></span> <span class='ocrx_word' id='word_1_315' title='bbox 1448 2463 1664 2519; x_wconf 80' lang='lat' dir='ltr'><strong>confert</strong></span> <span class='ocrx_word' id='word_1_316' title='bbox 1693 2463 1972 2534; x_wconf 81' lang='lat' dir='ltr'><strong>praeterita</strong></span> 
     </span>
    </p>
   </div>
   <div class='ocr_carea' id='block_1_40' title="bbox 374 2549 1974 2632">
    <p class='ocr_par' dir='ltr' id='par_1_40' title="bbox 374 2549 1974 2632">
     <span class='ocr_line' id='line_1_40' title="bbox 374 2549 1974 2632; baseline -0.003 -16"><span class='ocrx_word' id='word_1_317' title='bbox 374 2559 858 2632; x_wconf 69' lang='lat' dir='ltr'><strong>prmseutibus,et</strong></span> <span class='ocrx_word' id='word_1_318' title='bbox 905 2557 1133 2614; x_wconf 85' lang='lat' dir='ltr'><strong>verbum</strong></span> <span class='ocrx_word' id='word_1_319' title='bbox 1181 2558 1349 2615; x_wconf 90' lang='lat' dir='ltr'><strong>verbo</strong></span> <span class='ocrx_word' id='word_1_320' title='bbox 1399 2549 1712 2629; x_wconf 85' lang='lat' dir='ltr'><strong>componit,</strong></span> <span class='ocrx_word' id='word_1_321' title='bbox 1767 2556 1974 2613; x_wconf 85' lang='lat' dir='ltr'><strong>videbit</strong></span> 
     </span>
    </p>
   </div>
   <div class='ocr_carea' id='block_1_41' title="bbox 375 2649 1971 2721">
    <p class='ocr_par' dir='ltr' id='par_1_41' title="bbox 375 2649 1971 2721">
     <span class='ocr_line' id='line_1_41' title="bbox 375 2649 1971 2721; baseline -0.003 -13"><span class='ocrx_word' id='word_1_322' title='bbox 375 2651 741 2708; x_wconf 75' lang='lat' dir='ltr'><strong>diﬂerentiam</strong></span> <span class='ocrx_word' id='word_1_323' title='bbox 766 2666 873 2705; x_wconf 90' lang='lat' dir='ltr'><strong>non</strong></span> <span class='ocrx_word' id='word_1_324' title='bbox 899 2649 1200 2706; x_wconf 89' lang='lat' dir='ltr'><strong>fortuitam.</strong></span> <span class='ocrx_word' id='word_1_325' title='bbox 1228 2649 1303 2705; x_wconf 87' lang='lat' dir='ltr'><strong>lbi</strong></span> <span class='ocrx_word' id='word_1_326' title='bbox 1329 2651 1552 2721; x_wconf 86' lang='lat' dir='ltr'><strong>quippe,</strong></span> <span class='ocrx_word' id='word_1_327' title='bbox 1576 2649 1753 2716; x_wconf 75' lang='lat' dir='ltr'><strong>radix,</strong></span> <span class='ocrx_word' id='word_1_328' title='bbox 1775 2649 1971 2721; x_wconf 89' lang='lat' dir='ltr'><strong>inquit,</strong></span> 
     </span>
    </p>
   </div>
   <div class='ocr_carea' id='block_1_42' title="bbox 378 2743 1974 2817">
    <p class='ocr_par' dir='ltr' id='par_1_42' title="bbox 378 2743 1974 2817">
     <span class='ocr_line' id='line_1_42' title="bbox 378 2743 1974 2817; baseline 0.001 -16"><span class='ocrx_word' id='word_1_329' title='bbox 378 2755 466 2801; x_wconf 86' lang='lat' dir='ltr'><strong>tua</strong></span> <span class='ocrx_word' id='word_1_330' title='bbox 497 2754 546 2801; x_wconf 88' lang='lat' dir='ltr'><strong>et</strong></span> <span class='ocrx_word' id='word_1_331' title='bbox 578 2745 842 2816; x_wconf 85' lang='lat' dir='ltr'><strong>generatio</strong></span> <span class='ocrx_word' id='word_1_332' title='bbox 881 2753 970 2798; x_wconf 89' lang='lat' dir='ltr'><strong>tua</strong></span> <span class='ocrx_word' id='word_1_333' title='bbox 1007 2744 1070 2798; x_wconf 92' lang='lat' dir='ltr'><strong>de</strong></span> <span class='ocrx_word' id='word_1_334' title='bbox 1097 2754 1236 2799; x_wconf 87' lang='lat' dir='ltr'><strong>terra</strong></span> <span class='ocrx_word' id='word_1_335' title='bbox 1265 2743 1554 2810; x_wconf 78' lang='lat' dir='ltr'><strong>Clianaant,</strong></span> <span class='ocrx_word' id='word_1_336' title='bbox 1578 2746 1720 2816; x_wconf 90' lang='lat' dir='ltr'><strong>quod</strong></span> <span class='ocrx_word' id='word_1_337' title='bbox 1750 2747 1802 2801; x_wconf 92' lang='lat' dir='ltr'><strong>in</strong></span> <span class='ocrx_word' id='word_1_338' title='bbox 1837 2763 1974 2817; x_wconf 78' lang='lat' dir='ltr'><strong>pra:-</strong></span> 
     </span>
    </p>
   </div>
   <div class='ocr_carea' id='block_1_43' title="bbox 377 2837 1990 2902">
    <p class='ocr_par' dir='ltr' id='par_1_43' title="bbox 377 2837 1990 2902">
     <span class='ocr_line' id='line_1_43' title="bbox 377 2837 1990 2902; baseline 0 -6"><span class='ocrx_word' id='word_1_339' title='bbox 377 2839 522 2896; x_wconf 81' lang='lat' dir='ltr'><strong>senti</strong></span> <span class='ocrx_word' id='word_1_340' title='bbox 574 2855 682 2894; x_wconf 90' lang='lat' dir='ltr'><strong>non</strong></span> <span class='ocrx_word' id='word_1_341' title='bbox 728 2839 928 2893; x_wconf 90' lang='lat' dir='ltr'><strong>dicitur</strong></span> <span class='ocrx_word' id='word_1_342' title='bbox 959 2856 972 2892; x_wconf 89' lang='lat'><strong>:</strong></span> <span class='ocrx_word' id='word_1_343' title='bbox 1001 2837 1164 2894; x_wconf 84' lang='lat' dir='ltr'><strong>Pater</strong></span> <span class='ocrx_word' id='word_1_344' title='bbox 1189 2848 1308 2893; x_wconf 87' lang='lat' dir='ltr'><strong>tuus</strong></span> <span class='ocrx_word' id='word_1_345' title='bbox 1345 2841 1698 2902; x_wconf 66' lang='lat' dir='ltr'><strong>Amori-Imma,</strong></span> <span class='ocrx_word' id='word_1_346' title='bbox 1723 2851 1770 2897; x_wconf 88' lang='lat' dir='ltr'><strong>et</strong></span> <span class='ocrx_word' id='word_1_347' title='bbox 1811 2846 1990 2897; x_wconf 80' lang='lat' dir='ltr'><strong>maler’</strong></span> 
     </span>
    </p>
   </div>
   <div class='ocr_carea' id='block_1_44' title="bbox 378 2929 1972 3002">
    <p class='ocr_par' dir='ltr' id='par_1_44' title="bbox 378 2929 1972 3002">
     <span class='ocr_line' id='line_1_44' title="bbox 378 2929 1972 3002; baseline 0.003 -16"><span class='ocrx_word' id='word_1_348' title='bbox 378 2941 468 2990; x_wconf 83' lang='lat' dir='ltr'><strong>tua</strong></span> <span class='ocrx_word' id='word_1_349' title='bbox 509 2929 737 2999; x_wconf 80' lang='lat' dir='ltr'><strong>Cethtea,</strong></span> <span class='ocrx_word' id='word_1_350' title='bbox 767 2931 910 3002; x_wconf 90' lang='lat' dir='ltr'><strong>quod</strong></span> <span class='ocrx_word' id='word_1_351' title='bbox 958 2946 1101 2988; x_wconf 92' lang='lat' dir='ltr'><strong>nunc</strong></span> <span class='ocrx_word' id='word_1_352' title='bbox 1141 2946 1248 2986; x_wconf 93' lang='lat' dir='ltr'><strong>non</strong></span> <span class='ocrx_word' id='word_1_353' title='bbox 1277 2933 1639 3000; x_wconf 82' lang='lat' dir='ltr'><strong>significatur.</strong></span> <span class='ocrx_word' id='word_1_354' title='bbox 1677 2934 1743 2989; x_wconf 90' lang='lat' dir='ltr'><strong>Et</strong></span> <span class='ocrx_word' id='word_1_355' title='bbox 1773 2935 1972 2991; x_wconf 86' lang='lat' dir='ltr'><strong>iterum</strong></span> 
     </span>
    </p>
   </div>
   <div class='ocr_carea' id='block_1_45' title="bbox 380 3013 1976 3098">
    <p class='ocr_par' dir='ltr' id='par_1_45' title="bbox 380 3013 1976 3098">
     <span class='ocr_line' id='line_1_45' title="bbox 380 3013 1976 3098; baseline 0.002 -17"><span class='ocrx_word' id='word_1_356' title='bbox 380 3027 452 3081; x_wconf 90' lang='lat' dir='ltr'><strong>ibi</strong></span> <span class='ocrx_word' id='word_1_357' title='bbox 484 3026 718 3097; x_wconf 85' lang='lat' dir='ltr'><strong>primum</strong></span> <span class='ocrx_word' id='word_1_358' title='bbox 748 3013 990 3096; x_wconf 89' lang='lat' dir='ltr'><strong>ponitur,</strong></span> <span class='ocrx_word' id='word_1_359' title='bbox 1023 3035 1178 3098; x_wconf 88' lang='lat' dir='ltr'><strong>pater</strong></span> <span class='ocrx_word' id='word_1_360' title='bbox 1211 3038 1332 3083; x_wconf 84' lang='lat' dir='ltr'><strong>tuus</strong></span> <span class='ocrx_word' id='word_1_361' title='bbox 1356 3028 1712 3086; x_wconf 68' lang='lat' dir='ltr'><strong>Amorrbatus</strong></span> <span class='ocrx_word' id='word_1_362' title='bbox 1737 3047 1749 3082; x_wconf 93' lang='lat'><strong>:</strong></span> <span class='ocrx_word' id='word_1_363' title='bbox 1779 3045 1976 3086; x_wconf 90' lang='lat' dir='ltr'><strong>secun-</strong></span> 
     </span>
    </p>
   </div>
   <div class='ocr_carea' id='block_1_46' title="bbox 379 3121 1974 3190">
    <p class='ocr_par' dir='ltr' id='par_1_46' title="bbox 379 3121 1974 3190">
     <span class='ocr_line' id='line_1_46' title="bbox 379 3121 1974 3190; baseline 0.001 -10"><span class='ocrx_word' id='word_1_364' title='bbox 379 3123 530 3189; x_wconf 88' lang='lat' dir='ltr'><strong>dum,</strong></span> <span class='ocrx_word' id='word_1_365' title='bbox 565 3133 738 3180; x_wconf 85' lang='lat' dir='ltr'><strong>mater</strong></span> <span class='ocrx_word' id='word_1_366' title='bbox 789 3132 878 3178; x_wconf 87' lang='lat' dir='ltr'><strong>tua</strong></span> <span class='ocrx_word' id='word_1_367' title='bbox 927 3121 1173 3190; x_wconf 71' lang='lat' dir='ltr'><strong>Cethzea;</strong></span> <span class='ocrx_word' id='word_1_368' title='bbox 1233 3124 1319 3178; x_wconf 89' lang='lat' dir='ltr'><strong>hic</strong></span> <span class='ocrx_word' id='word_1_369' title='bbox 1364 3139 1498 3179; x_wconf 90' lang='lat' dir='ltr'><strong>vero</strong></span> <span class='ocrx_word' id='word_1_370' title='bbox 1531 3143 1544 3178; x_wconf 89' lang='lat'><strong>:</strong></span> <span class='ocrx_word' id='word_1_371' title='bbox 1573 3135 1744 3180; x_wconf 90' lang='lat' dir='ltr'><strong>mater</strong></span> <span class='ocrx_word' id='word_1_372' title='bbox 1792 3135 1974 3181; x_wconf 87' lang='lat' dir='ltr'><strong>vestra</strong></span> 
     </span>
    </p>
   </div>
   <div class='ocr_carea' id='block_1_47' title="bbox 2077 1903 3674 1982">
    <p class='ocr_par' dir='ltr' id='par_1_47' title="bbox 2077 1903 3674 1982">
     <span class='ocr_line' id='line_1_47' title="bbox 2077 1903 3674 1982; baseline -0.008 -14"><span class='ocrx_word' id='word_1_373' title='bbox 2077 1913 2221 1968; x_wconf 87' lang='lat' dir='ltr'><strong>dicta</strong></span> <span class='ocrx_word' id='word_1_374' title='bbox 2253 1920 2402 1975; x_wconf 91' lang='lat' dir='ltr'><strong>sunt,</strong></span> <span class='ocrx_word' id='word_1_375' title='bbox 2427 1910 2552 1982; x_wconf 88' lang='lat' dir='ltr'><strong>quia</strong></span> <span class='ocrx_word' id='word_1_376' title='bbox 2587 1910 2639 1963; x_wconf 93' lang='lat' dir='ltr'><strong>in</strong></span> <span class='ocrx_word' id='word_1_377' title='bbox 2692 1908 2965 1978; x_wconf 70' lang='lat' dir='ltr'><strong>praeterita</strong></span> <span class='ocrx_word' id='word_1_378' title='bbox 3021 1907 3260 1961; x_wconf 88' lang='lat' dir='ltr'><strong>lectione</strong></span> <span class='ocrx_word' id='word_1_379' title='bbox 3299 1903 3674 1971; x_wconf 90' lang='lat' dir='ltr'><strong>conscriptum</strong></span> 
     </span>
    </p>
   </div>
   <div class='ocr_carea' id='block_1_48' title="bbox 2075 1995 3770 2071">
    <p class='ocr_par' dir='ltr' id='par_1_48' title="bbox 2075 1995 3770 2071">
     <span class='ocr_line' id='line_1_48' title="bbox 2075 1995 3770 2071; baseline -0.008 -10"><span class='ocrx_word' id='word_1_380' title='bbox 2075 2015 2162 2062; x_wconf 90' lang='lat' dir='ltr'><strong>est</strong></span> <span class='ocrx_word' id='word_1_381' title='bbox 2193 2024 2204 2060; x_wconf 91' lang='lat'><strong>:</strong></span> <span class='ocrx_word' id='word_1_382' title='bbox 2241 2005 2402 2060; x_wconf 79' lang='lat' dir='ltr'><strong>Pater</strong></span> <span class='ocrx_word' id='word_1_383' title='bbox 2435 2015 2579 2071; x_wconf 84' lang='lat' dir='ltr'><strong>tuus,</strong></span> <span class='ocrx_word' id='word_1_384' title='bbox 2608 2013 2662 2058; x_wconf 92' lang='lat' dir='ltr'><strong>et</strong></span> <span class='ocrx_word' id='word_1_385' title='bbox 2695 2009 2868 2056; x_wconf 89' lang='lat' dir='ltr'><strong>mater</strong></span> <span class='ocrx_word' id='word_1_386' title='bbox 2902 2010 3014 2065; x_wconf 90' lang='lat' dir='ltr'><strong>tua,</strong></span> <span class='ocrx_word' id='word_1_387' title='bbox 3040 2011 3094 2055; x_wconf 90' lang='lat' dir='ltr'><strong>et</strong></span> <span class='ocrx_word' id='word_1_388' title='bbox 3123 1999 3278 2054; x_wconf 80' lang='lat' dir='ltr'><strong>radis</strong></span> <span class='ocrx_word' id='word_1_389' title='bbox 3302 1995 3672 2067; x_wconf 85' lang='lat' dir='ltr'><strong>generationis</strong></span> <span class='ocrx_word' id='word_1_390' title='bbox 3767 2045 3770 2048; x_wconf 87' lang='lat'><strong>.</strong></span> 
     </span>
    </p>
   </div>
   <div class='ocr_carea' id='block_1_49' title="bbox 2078 2087 3678 2176">
    <p class='ocr_par' dir='ltr' id='par_1_49' title="bbox 2078 2087 3678 2176">
     <span class='ocr_line' id='line_1_49' title="bbox 2078 2087 3678 2176; baseline -0.006 -22"><span class='ocrx_word' id='word_1_391' title='bbox 2078 2109 2206 2165; x_wconf 70' lang='lat' dir='ltr'><strong>tuac;</strong></span> <span class='ocrx_word' id='word_1_392' title='bbox 2251 2100 2304 2154; x_wconf 86' lang='lat' dir='ltr'><strong>in</strong></span> <span class='ocrx_word' id='word_1_393' title='bbox 2341 2099 2596 2169; x_wconf 64' lang='lat' dir='ltr'><strong>prirsenti</strong></span> <span class='ocrx_word' id='word_1_394' title='bbox 2631 2111 2797 2152; x_wconf 76' lang='lat' dir='ltr'><strong>vero:</strong></span> <span class='ocrx_word' id='word_1_395' title='bbox 2830 2095 3001 2150; x_wconf 80' lang='lat' dir='ltr'><strong>Mater</strong></span> <span class='ocrx_word' id='word_1_396' title='bbox 3028 2087 3229 2160; x_wconf 83' lang='lat' dir='ltr'><strong>vestra,</strong></span> <span class='ocrx_word' id='word_1_397' title='bbox 3255 2102 3310 2149; x_wconf 91' lang='lat' dir='ltr'><strong>et</strong></span> <span class='ocrx_word' id='word_1_398' title='bbox 3364 2101 3678 2176; x_wconf 60' lang='lat' dir='ltr'><strong>paterna-</strong></span> 
     </span>
    </p>
   </div>
   <div class='ocr_carea' id='block_1_50' title="bbox 2077 2186 3671 2255">
    <p class='ocr_par' dir='ltr' id='par_1_50' title="bbox 2077 2186 3671 2255">
     <span class='ocr_line' id='line_1_50' title="bbox 2077 2186 3671 2255; baseline -0.005 -8"><span class='ocrx_word' id='word_1_399' title='bbox 2077 2202 2180 2248; x_wconf 89' lang='lat' dir='ltr'><strong>ter.</strong></span> <span class='ocrx_word' id='word_1_400' title='bbox 2214 2193 2290 2247; x_wconf 87' lang='lat' dir='ltr'><strong>ibi</strong></span> <span class='ocrx_word' id='word_1_401' title='bbox 2336 2207 2440 2246; x_wconf 88' lang='lat' dir='ltr'><strong>non</strong></span> <span class='ocrx_word' id='word_1_402' title='bbox 2471 2190 2784 2252; x_wconf 90' lang='lat' dir='ltr'><strong>didicimus,</strong></span> <span class='ocrx_word' id='word_1_403' title='bbox 2816 2189 2942 2244; x_wconf 91' lang='lat' dir='ltr'><strong>licet</strong></span> <span class='ocrx_word' id='word_1_404' title='bbox 2991 2186 3157 2242; x_wconf 85' lang='lat' dir='ltr'><strong>fuerit</strong></span> <span class='ocrx_word' id='word_1_405' title='bbox 3186 2201 3367 2242; x_wconf 90' lang='lat' dir='ltr'><strong>sermo</strong></span> <span class='ocrx_word' id='word_1_406' title='bbox 3394 2186 3463 2242; x_wconf 88' lang='lat' dir='ltr'><strong>de</strong></span> <span class='ocrx_word' id='word_1_407' title='bbox 3514 2195 3671 2255; x_wconf 85' lang='lat' dir='ltr'><strong>patre</strong></span> 
     </span>
    </p>
   </div>
   <div class='ocr_carea' id='block_1_51' title="bbox 2074 2277 3670 2345">
    <p class='ocr_par' dir='ltr' id='par_1_51' title="bbox 2074 2277 3670 2345">
     <span class='ocr_line' id='line_1_51' title="bbox 2074 2277 3670 2345; baseline -0.005 -5"><span class='ocrx_word' id='word_1_408' title='bbox 2074 2284 2399 2340; x_wconf 76' lang='lat' dir='ltr'><strong>Amorrhteo</strong></span> <span class='ocrx_word' id='word_1_409' title='bbox 2425 2293 2481 2338; x_wconf 89' lang='lat' dir='ltr'><strong>et</strong></span> <span class='ocrx_word' id='word_1_410' title='bbox 2507 2282 2575 2337; x_wconf 90' lang='lat' dir='ltr'><strong>dc</strong></span> <span class='ocrx_word' id='word_1_411' title='bbox 2601 2291 2770 2336; x_wconf 77' lang='lat' dir='ltr'><strong>matre</strong></span> <span class='ocrx_word' id='word_1_412' title='bbox 2800 2281 3042 2345; x_wconf 72' lang='lat' dir='ltr'><strong>Cetbrra,</strong></span> <span class='ocrx_word' id='word_1_413' title='bbox 3088 2294 3314 2334; x_wconf 88' lang='lat' dir='ltr'><strong>sorores</strong></span> <span class='ocrx_word' id='word_1_414' title='bbox 3346 2279 3552 2333; x_wconf 90' lang='lat' dir='ltr'><strong>habere</strong></span> <span class='ocrx_word' id='word_1_415' title='bbox 3575 2277 3670 2334; x_wconf 84' lang='lat' dir='ltr'><strong>Je-</strong></span> 
     </span>
    </p>
   </div>
   <div class='ocr_carea' id='block_1_52' title="bbox 2078 2371 3674 2442">
    <p class='ocr_par' dir='ltr' id='par_1_52' title="bbox 2078 2371 3674 2442">
     <span class='ocr_line' id='line_1_52' title="bbox 2078 2371 3674 2442; baseline -0.004 -9"><span class='ocrx_word' id='word_1_416' title='bbox 2078 2377 2314 2433; x_wconf 90' lang='lat' dir='ltr'><strong>rusalem</strong></span> <span class='ocrx_word' id='word_1_417' title='bbox 2344 2394 2358 2430; x_wconf 93' lang='lat'><strong>:</strong></span> <span class='ocrx_word' id='word_1_418' title='bbox 2385 2375 2478 2431; x_wconf 87' lang='lat' dir='ltr'><strong>hic</strong></span> <span class='ocrx_word' id='word_1_419' title='bbox 2534 2389 2671 2430; x_wconf 90' lang='lat' dir='ltr'><strong>vero</strong></span> <span class='ocrx_word' id='word_1_420' title='bbox 2725 2373 2874 2429; x_wconf 86' lang='lat' dir='ltr'><strong>addit</strong></span> <span class='ocrx_word' id='word_1_421' title='bbox 2918 2393 2929 2426; x_wconf 90' lang='lat'><strong>:</strong></span> <span class='ocrx_word' id='word_1_422' title='bbox 2963 2371 3165 2439; x_wconf 80' lang='lat' dir='ltr'><strong>Mater,</strong></span> <span class='ocrx_word' id='word_1_423' title='bbox 3194 2371 3473 2442; x_wconf 89' lang='lat' dir='ltr'><strong>inquiens,</strong></span> <span class='ocrx_word' id='word_1_424' title='bbox 3508 2381 3674 2426; x_wconf 80' lang='lat' dir='ltr'><strong>vestra</strong></span> 
     </span>
    </p>
   </div>
   <div class='ocr_carea' id='block_1_53' title="bbox 2079 2465 3675 2542">
    <p class='ocr_par' dir='ltr' id='par_1_53' title="bbox 2079 2465 3675 2542">
     <span class='ocr_line' id='line_1_53' title="bbox 2079 2465 3675 2542; baseline -0.004 -18"><span class='ocrx_word' id='word_1_425' title='bbox 2079 2469 2302 2534; x_wconf 81' lang='lat' dir='ltr'><strong>Cetluea,</strong></span> <span class='ocrx_word' id='word_1_426' title='bbox 2333 2479 2380 2522; x_wconf 90' lang='lat' dir='ltr'><strong>et</strong></span> <span class='ocrx_word' id='word_1_427' title='bbox 2419 2477 2564 2542; x_wconf 89' lang='lat' dir='ltr'><strong>pater</strong></span> <span class='ocrx_word' id='word_1_428' title='bbox 2583 2476 2746 2522; x_wconf 71' lang='lat' dir='ltr'><strong>vester</strong></span> <span class='ocrx_word' id='word_1_429' title='bbox 2773 2465 3124 2528; x_wconf 73' lang='lat' dir='ltr'><strong>Amorrhazus,</strong></span> <span class='ocrx_word' id='word_1_430' title='bbox 3153 2475 3199 2520; x_wconf 85' lang='lat' dir='ltr'><strong>et</strong></span> <span class='ocrx_word' id='word_1_431' title='bbox 3225 2481 3376 2520; x_wconf 89' lang='lat' dir='ltr'><strong>soror</strong></span> <span class='ocrx_word' id='word_1_432' title='bbox 3396 2476 3563 2518; x_wconf 86' lang='lat' dir='ltr'><strong>vestra</strong></span> <span class='ocrx_word' id='word_1_433' title='bbox 3594 2480 3675 2520; x_wconf 89' lang='lat' dir='ltr'><strong>se-</strong></span> 
     </span>
    </p>
   </div>
   <div class='ocr_carea' id='block_1_54' title="bbox 2039 2559 3674 2644">
    <p class='ocr_par' dir='ltr' id='par_1_54' title="bbox 2039 2559 3674 2644">
     <span class='ocr_line' id='line_1_54' title="bbox 2039 2559 3674 2644; baseline -0.003 -26"><span class='ocrx_word' id='word_1_434' title='bbox 2039 2639 2046 2644; x_wconf 87' lang='lat'><em>_</em></span> <span class='ocrx_word' id='word_1_435' title='bbox 2077 2564 2193 2618; x_wconf 88' lang='lat' dir='ltr'><strong>nior</strong></span> <span class='ocrx_word' id='word_1_436' title='bbox 2216 2562 2480 2632; x_wconf 87' lang='lat' dir='ltr'><strong>Samaria,</strong></span> <span class='ocrx_word' id='word_1_437' title='bbox 2514 2561 2624 2617; x_wconf 67' lang='lat' dir='ltr'><strong>haec</strong></span> <span class='ocrx_word' id='word_1_438' title='bbox 2647 2571 2695 2616; x_wconf 90' lang='lat' dir='ltr'><strong>et</strong></span> <span class='ocrx_word' id='word_1_439' title='bbox 2723 2560 2836 2631; x_wconf 83' lang='lat' dir='ltr'><strong>ﬁlia</strong></span> <span class='ocrx_word' id='word_1_440' title='bbox 2870 2562 3002 2632; x_wconf 87' lang='lat' dir='ltr'><strong>ejus,</strong></span> <span class='ocrx_word' id='word_1_441' title='bbox 3028 2574 3145 2631; x_wconf 75' lang='lat' dir='ltr'><strong>qua:</strong></span> <span class='ocrx_word' id='word_1_442' title='bbox 3172 2559 3368 2614; x_wconf 84' lang='lat' dir='ltr'><strong>habitat</strong></span> <span class='ocrx_word' id='word_1_443' title='bbox 3394 2577 3426 2613; x_wconf 89' lang='lat' dir='ltr'><strong>a</strong></span> <span class='ocrx_word' id='word_1_444' title='bbox 3450 2559 3674 2613; x_wconf 77' lang='lat' dir='ltr'><strong>sinistris</strong></span> 
     </span>
    </p>
   </div>
   <div class='ocr_carea' id='block_1_55' title="bbox 2078 2651 3768 2727">
    <p class='ocr_par' dir='ltr' id='par_1_55' title="bbox 2078 2651 3768 2727">
     <span class='ocr_line' id='line_1_55' title="bbox 2078 2651 3768 2727; baseline -0.006 -13"><span class='ocrx_word' id='word_1_445' title='bbox 2078 2661 2200 2725; x_wconf 85' lang='lat' dir='ltr'><strong>tuis,</strong></span> <span class='ocrx_word' id='word_1_446' title='bbox 2234 2667 2280 2711; x_wconf 90' lang='lat' dir='ltr'><strong>et</strong></span> <span class='ocrx_word' id='word_1_447' title='bbox 2309 2673 2456 2712; x_wconf 88' lang='lat' dir='ltr'><strong>soror</strong></span> <span class='ocrx_word' id='word_1_448' title='bbox 2484 2665 2574 2710; x_wconf 87' lang='lat' dir='ltr'><strong>tua</strong></span> <span class='ocrx_word' id='word_1_449' title='bbox 2589 2655 2792 2727; x_wconf 86' lang='lat' dir='ltr'><strong>junior,</strong></span> <span class='ocrx_word' id='word_1_450' title='bbox 2821 2669 2939 2722; x_wconf 64' lang='lat' dir='ltr'><strong>quia</strong></span> <span class='ocrx_word' id='word_1_451' title='bbox 2966 2652 3220 2708; x_wconf 84' lang='lat' dir='ltr'><strong>habitata</strong></span> <span class='ocrx_word' id='word_1_452' title='bbox 3250 2653 3470 2714; x_wconf 71' lang='lat' dir='ltr'><strong>dextris,</strong></span> <span class='ocrx_word' id='word_1_453' title='bbox 3499 2651 3673 2707; x_wconf 87' lang='lat' dir='ltr'><strong>Sodo-</strong></span> <span class='ocrx_word' id='word_1_454' title='bbox 3763 2721 3768 2726; x_wconf 91' lang='lat'><em>_</em></span> 
     </span>
    </p>
   </div>
   <div class='ocr_carea' id='block_1_56' title="bbox 2078 2745 3664 2820">
    <p class='ocr_par' dir='ltr' id='par_1_56' title="bbox 2078 2745 3664 2820">
     <span class='ocr_line' id='line_1_56' title="bbox 2078 2745 3664 2820; baseline -0.004 -14"><span class='ocrx_word' id='word_1_455' title='bbox 2078 2769 2182 2806; x_wconf 78' lang='lat' dir='ltr'><strong>ina.</strong></span> <span class='ocrx_word' id='word_1_456' title='bbox 2226 2749 2530 2820; x_wconf 85' lang='lat' dir='ltr'><strong>Quomodo-</strong></span> <span class='ocrx_word' id='word_1_457' title='bbox 2560 2750 2732 2820; x_wconf 66' lang='lat' dir='ltr'><strong>virtus</strong></span> <span class='ocrx_word' id='word_1_458' title='bbox 2775 2762 2862 2803; x_wconf 91' lang='lat' dir='ltr'><strong>me</strong></span> <span class='ocrx_word' id='word_1_459' title='bbox 2910 2745 3043 2802; x_wconf 81' lang='lat' dir='ltr'><strong>facit</strong></span> <span class='ocrx_word' id='word_1_460' title='bbox 3091 2748 3262 2802; x_wconf 86' lang='lat' dir='ltr'><strong>ﬁlium</strong></span> <span class='ocrx_word' id='word_1_461' title='bbox 3312 2745 3566 2810; x_wconf 77' lang='lat' dir='ltr'><strong>Abrahae,</strong></span> <span class='ocrx_word' id='word_1_462' title='bbox 3617 2747 3664 2800; x_wconf 90' lang='lat' dir='ltr'><strong>si</strong></span> 
     </span>
    </p>
   </div>
   <div class='ocr_carea' id='block_1_57' title="bbox 2079 2835 3676 2911">
    <p class='ocr_par' dir='ltr' id='par_1_57' title="bbox 2079 2835 3676 2911">
     <span class='ocr_line' id='line_1_57' title="bbox 2079 2835 3676 2911; baseline -0.006 -10"><span class='ocrx_word' id='word_1_463' title='bbox 2079 2846 2380 2901; x_wconf 88' lang='lat' dir='ltr'><strong>secundum</strong></span> <span class='ocrx_word' id='word_1_464' title='bbox 2413 2859 2532 2899; x_wconf 84' lang='lat' dir='ltr'><strong>eam</strong></span> <span class='ocrx_word' id='word_1_465' title='bbox 2572 2841 2766 2897; x_wconf 70' lang='lat' dir='ltr'><strong>vixero</strong></span> <span class='ocrx_word' id='word_1_466' title='bbox 2802 2860 2816 2896; x_wconf 89' lang='lat'><strong>:</strong></span> <span class='ocrx_word' id='word_1_467' title='bbox 2847 2835 3012 2910; x_wconf 87' lang='lat' dir='ltr'><strong>opera</strong></span> <span class='ocrx_word' id='word_1_468' title='bbox 3062 2839 3266 2911; x_wconf 85' lang='lat' dir='ltr'><strong>quippe</strong></span> <span class='ocrx_word' id='word_1_469' title='bbox 3315 2840 3546 2894; x_wconf 67' lang='lat' dir='ltr'><strong>Abrahae</strong></span> <span class='ocrx_word' id='word_1_470' title='bbox 3592 2838 3676 2893; x_wconf 85' lang='lat' dir='ltr'><strong>fa-</strong></span> 
     </span>
    </p>
   </div>
   <div class='ocr_carea' id='block_1_58' title="bbox 2079 2931 3677 3009">
    <p class='ocr_par' dir='ltr' id='par_1_58' title="bbox 2079 2931 3677 3009">
     <span class='ocr_line' id='line_1_58' title="bbox 2079 2931 3677 3009; baseline -0.006 -15"><span class='ocrx_word' id='word_1_471' title='bbox 2079 2939 2255 3009; x_wconf 90' lang='lat' dir='ltr'><strong>ciens,</strong></span> <span class='ocrx_word' id='word_1_472' title='bbox 2290 2940 2434 2993; x_wconf 88' lang='lat' dir='ltr'><strong>tilius</strong></span> <span class='ocrx_word' id='word_1_473' title='bbox 2479 2947 2562 2993; x_wconf 91' lang='lat' dir='ltr'><strong>est</strong></span> <span class='ocrx_word' id='word_1_474' title='bbox 2593 2935 2867 2992; x_wconf 87' lang='lat' dir='ltr'><strong>Abraham</strong></span> <span class='ocrx_word' id='word_1_475' title='bbox 2903 2935 3021 2989; x_wconf 91' lang='lat' dir='ltr'><strong>:sic</strong></span> <span class='ocrx_word' id='word_1_476' title='bbox 3054 2934 3184 2988; x_wconf 88' lang='lat' dir='ltr'><strong>vitia</strong></span> <span class='ocrx_word' id='word_1_477' title='bbox 3231 2931 3439 2988; x_wconf 84' lang='lat' dir='ltr'><strong>faciunt</strong></span> <span class='ocrx_word' id='word_1_478' title='bbox 3493 2947 3578 2986; x_wconf 92' lang='lat' dir='ltr'><strong>me</strong></span> <span class='ocrx_word' id='word_1_479' title='bbox 3612 2932 3677 2986; x_wconf 85' lang='lat' dir='ltr'><strong>ti-</strong></span> 
     </span>
    </p>
   </div>
   <div class='ocr_carea' id='block_1_59' title="bbox 2080 3027 3681 3104">
    <p class='ocr_par' dir='ltr' id='par_1_59' title="bbox 2080 3027 3681 3104">
     <span class='ocr_line' id='line_1_59' title="bbox 2080 3027 3681 3104; baseline -0.006 -13"><span class='ocrx_word' id='word_1_480' title='bbox 2080 3037 2210 3091; x_wconf 90' lang='lat' dir='ltr'><strong>lium</strong></span> <span class='ocrx_word' id='word_1_481' title='bbox 2238 3035 2458 3091; x_wconf 86' lang='lat' dir='ltr'><strong>diaboli.</strong></span> <span class='ocrx_word' id='word_1_482' title='bbox 2489 3034 2670 3089; x_wconf 87' lang='lat' dir='ltr'><strong>Omnis</strong></span> <span class='ocrx_word' id='word_1_483' title='bbox 2699 3033 2838 3088; x_wconf 86' lang='lat' dir='ltr'><strong>enim</strong></span> <span class='ocrx_word' id='word_1_484' title='bbox 2875 3033 2963 3104; x_wconf 86' lang='lat' dir='ltr'><strong>qui</strong></span> <span class='ocrx_word' id='word_1_485' title='bbox 3005 3032 3130 3103; x_wconf 81' lang='lat' dir='ltr'><strong>facit</strong></span> <span class='ocrx_word' id='word_1_486' title='bbox 3161 3039 3449 3101; x_wconf 85' lang='lat' dir='ltr'><strong>peccatum,</strong></span> <span class='ocrx_word' id='word_1_487' title='bbox 3477 3044 3541 3083; x_wconf 79' lang='lat' dir='ltr'><strong>ea:</strong></span> <span class='ocrx_word' id='word_1_488' title='bbox 3564 3027 3681 3082; x_wconf 83' lang='lat' dir='ltr'><strong>dia-</strong></span> 
     </span>
    </p>
   </div>
   <div class='ocr_carea' id='block_1_60' title="bbox 2083 3123 3684 3196">
    <p class='ocr_par' dir='ltr' id='par_1_60' title="bbox 2083 3123 3684 3196">
     <span class='ocr_line' id='line_1_60' title="bbox 2083 3123 3684 3196; baseline -0.002 -13"><span class='ocrx_word' id='word_1_489' title='bbox 2083 3129 2198 3183; x_wconf 86' lang='lat' dir='ltr'><strong>bolo</strong></span> <span class='ocrx_word' id='word_1_490' title='bbox 2246 3139 2398 3182; x_wconf 85' lang='lat' dir='ltr'><strong>uatus</strong></span> <span class='ocrx_word' id='word_1_491' title='bbox 2429 3135 2502 3182; x_wconf 86' lang='lat' dir='ltr'><strong>est</strong></span> <span class='ocrx_word' id='word_1_492' title='bbox 2534 3125 2717 3192; x_wconf 80' lang='lat' dir='ltr'><strong>(Joau.</strong></span> <span class='ocrx_word' id='word_1_493' title='bbox 2748 3125 2857 3196; x_wconf 86' lang='lat' dir='ltr'><strong>Ill).</strong></span> <span class='ocrx_word' id='word_1_494' title='bbox 2886 3124 3072 3188; x_wconf 84' lang='lat' dir='ltr'><strong>Virtus</strong></span> <span class='ocrx_word' id='word_1_495' title='bbox 3103 3139 3188 3179; x_wconf 88' lang='lat' dir='ltr'><strong>me</strong></span> <span class='ocrx_word' id='word_1_496' title='bbox 3220 3123 3349 3178; x_wconf 86' lang='lat' dir='ltr'><strong>facit</strong></span> <span class='ocrx_word' id='word_1_497' title='bbox 3379 3125 3540 3186; x_wconf 90' lang='lat' dir='ltr'><strong>etiam</strong></span> <span class='ocrx_word' id='word_1_498' title='bbox 3573 3124 3684 3180; x_wconf 85' lang='lat' dir='ltr'><strong>fra-</strong></span> 
     </span>
    </p>
   </div>
   <div class='ocr_carea' id='block_1_61' title="bbox 381 3210 3775 3293">
    <p class='ocr_par' dir='ltr' id='par_1_61' title="bbox 381 3210 3775 3293">
     <span class='ocr_line' id='line_1_61' title="bbox 381 3210 3775 3293; baseline -0.001 -21"><span class='ocrx_word' id='word_1_499' title='bbox 381 3215 625 3280; x_wconf 80' lang='lat' dir='ltr'><strong>Cetluea,</strong></span> <span class='ocrx_word' id='word_1_500' title='bbox 659 3225 715 3271; x_wconf 88' lang='lat' dir='ltr'><strong>et</strong></span> <span class='ocrx_word' id='word_1_501' title='bbox 763 3227 920 3286; x_wconf 89' lang='lat' dir='ltr'><strong>pater</strong></span> <span class='ocrx_word' id='word_1_502' title='bbox 967 3229 1152 3272; x_wconf 86' lang='lat' dir='ltr'><strong>vester</strong></span> <span class='ocrx_word' id='word_1_503' title='bbox 1199 3217 1574 3274; x_wconf 79' lang='lat' dir='ltr'><strong>Amorrhaeus.</strong></span> <span class='ocrx_word' id='word_1_504' title='bbox 1607 3219 1684 3275; x_wconf 88' lang='lat' dir='ltr'><strong>lbi</strong></span> <span class='ocrx_word' id='word_1_505' title='bbox 1714 3220 1868 3289; x_wconf 89' lang='lat' dir='ltr'><strong>quasi</strong></span> <span class='ocrx_word' id='word_1_506' title='bbox 1911 3220 1977 3293; x_wconf 83' lang='lat' dir='ltr'><strong>ad</strong></span> <span class='ocrx_word' id='word_1_507' title='bbox 2006 3210 2052 3274; x_wconf 88' lang='lat' dir='ltr'>C</span> <span class='ocrx_word' id='word_1_508' title='bbox 2086 3231 2222 3275; x_wconf 80' lang='lat' dir='ltr'><strong>trem</strong></span> <span class='ocrx_word' id='word_1_509' title='bbox 2256 3221 2457 3277; x_wconf 76' lang='lat' dir='ltr'><strong>habere</strong></span> <span class='ocrx_word' id='word_1_510' title='bbox 2485 3219 2797 3288; x_wconf 86' lang='lat' dir='ltr'><strong>Christum,</strong></span> <span class='ocrx_word' id='word_1_511' title='bbox 2832 3226 2891 3272; x_wconf 94' lang='lat' dir='ltr'><strong>ut</strong></span> <span class='ocrx_word' id='word_1_512' title='bbox 2917 3232 3040 3272; x_wconf 91' lang='lat' dir='ltr'><strong>cum</strong></span> <span class='ocrx_word' id='word_1_513' title='bbox 3079 3217 3253 3271; x_wconf 86' lang='lat' dir='ltr'><strong>bonus</strong></span> <span class='ocrx_word' id='word_1_514' title='bbox 3281 3230 3347 3270; x_wconf 92' lang='lat' dir='ltr'><strong>ac</strong></span> <span class='ocrx_word' id='word_1_515' title='bbox 3387 3215 3526 3270; x_wconf 82' lang='lat' dir='ltr'><strong>bene</strong></span> <span class='ocrx_word' id='word_1_516' title='bbox 3555 3230 3675 3282; x_wconf 89' lang='lat' dir='ltr'><strong>mo-</strong></span> <span class='ocrx_word' id='word_1_517' title='bbox 3773 3285 3775 3288; x_wconf 19' lang='grc' dir='ltr'>ι</span> 
     </span>
    </p>
   </div>
   <div class='ocr_carea' id='block_1_62' title="bbox 385 3304 1972 3384">
    <p class='ocr_par' dir='ltr' id='par_1_62' title="bbox 385 3304 1972 3384">
     <span class='ocr_line' id='line_1_62' title="bbox 385 3304 1972 3384; baseline 0.002 -17"><span class='ocrx_word' id='word_1_518' title='bbox 385 3327 546 3367; x_wconf 89' lang='lat' dir='ltr'><strong>unam</strong></span> <span class='ocrx_word' id='word_1_519' title='bbox 578 3325 760 3366; x_wconf 87' lang='lat' dir='ltr'><strong>sermo</strong></span> <span class='ocrx_word' id='word_1_520' title='bbox 793 3311 850 3366; x_wconf 85' lang='lat' dir='ltr'><strong>lit</strong></span> <span class='ocrx_word' id='word_1_521' title='bbox 881 3328 896 3365; x_wconf 91' lang='lat'><strong>:</strong></span> <span class='ocrx_word' id='word_1_522' title='bbox 929 3310 1020 3367; x_wconf 86' lang='lat' dir='ltr'><strong>hic</strong></span> <span class='ocrx_word' id='word_1_523' title='bbox 1046 3311 1201 3382; x_wconf 87' lang='lat' dir='ltr'><strong>quasi</strong></span> <span class='ocrx_word' id='word_1_524' title='bbox 1242 3312 1309 3367; x_wconf 90' lang='lat' dir='ltr'><strong>ad</strong></span> <span class='ocrx_word' id='word_1_525' title='bbox 1356 3304 1639 3384; x_wconf 86' lang='lat' dir='ltr'><strong>plurimas.</strong></span> <span class='ocrx_word' id='word_1_526' title='bbox 1671 3313 1784 3370; x_wconf 87' lang='lat' dir='ltr'><strong>Nec</strong></span> <span class='ocrx_word' id='word_1_527' title='bbox 1824 3316 1972 3370; x_wconf 90' lang='lat' dir='ltr'><strong>enim</strong></span> 
     </span>
    </p>
   </div>
   <div class='ocr_carea' id='block_1_63' title="bbox 385 3404 1982 3480">
    <p class='ocr_par' dir='ltr' id='par_1_63' title="bbox 385 3404 1982 3480">
     <span class='ocr_line' id='line_1_63' title="bbox 385 3404 1982 3480; baseline 0.004 -22"><span class='ocrx_word' id='word_1_528' title='bbox 385 3405 467 3476; x_wconf 89' lang='lat' dir='ltr'><strong>(ut</strong></span> <span class='ocrx_word' id='word_1_529' title='bbox 487 3405 740 3480; x_wconf 86' lang='lat' dir='ltr'><strong>superius</strong></span> <span class='ocrx_word' id='word_1_530' title='bbox 770 3404 1010 3472; x_wconf 82' lang='lat' dir='ltr'><strong>dixerat)</strong></span> <span class='ocrx_word' id='word_1_531' title='bbox 1044 3405 1140 3474; x_wconf 88' lang='lat' dir='ltr'><strong>ait,</strong></span> <span class='ocrx_word' id='word_1_532' title='bbox 1173 3415 1349 3460; x_wconf 89' lang='lat' dir='ltr'><strong>mater</strong></span> <span class='ocrx_word' id='word_1_533' title='bbox 1379 3416 1490 3472; x_wconf 90' lang='lat' dir='ltr'><strong>tua,</strong></span> <span class='ocrx_word' id='word_1_534' title='bbox 1516 3407 1612 3462; x_wconf 91' lang='lat' dir='ltr'><strong>sed</strong></span> <span class='ocrx_word' id='word_1_535' title='bbox 1660 3416 1835 3464; x_wconf 88' lang='lat' dir='ltr'><strong>mater</strong></span> <span class='ocrx_word' id='word_1_536' title='bbox 1859 3423 1982 3464; x_wconf 91' lang='lat' dir='ltr'><strong>ves-</strong></span> 
     </span>
    </p>
   </div>
   <div class='ocr_carea' id='block_1_64' title="bbox 389 3497 1980 3572">
    <p class='ocr_par' dir='ltr' id='par_1_64' title="bbox 389 3497 1980 3572">
     <span class='ocr_line' id='line_1_64' title="bbox 389 3497 1980 3572; baseline 0.004 -20"><span class='ocrx_word' id='word_1_537' title='bbox 389 3498 747 3565; x_wconf 78' lang='lat' dir='ltr'><strong>tra.Qnando</strong></span> <span class='ocrx_word' id='word_1_538' title='bbox 791 3513 923 3568; x_wconf 88' lang='lat' dir='ltr'><strong>ergo</strong></span> <span class='ocrx_word' id='word_1_539' title='bbox 953 3497 1276 3554; x_wconf 82' lang='lat' dir='ltr'><strong>diffunditur</strong></span> <span class='ocrx_word' id='word_1_540' title='bbox 1319 3510 1626 3569; x_wconf 81' lang='lat' dir='ltr'><strong>peccatum,</strong></span> <span class='ocrx_word' id='word_1_541' title='bbox 1659 3512 1714 3557; x_wconf 93' lang='lat' dir='ltr'><strong>et</strong></span> <span class='ocrx_word' id='word_1_542' title='bbox 1764 3501 1980 3572; x_wconf 85' lang='lat' dir='ltr'><strong>longius</strong></span> 
     </span>
    </p>
   </div>
   <div class='ocr_carea' id='block_1_65' title="bbox 389 3590 1980 3664">
    <p class='ocr_par' dir='ltr' id='par_1_65' title="bbox 389 3590 1980 3664">
     <span class='ocr_line' id='line_1_65' title="bbox 389 3590 1980 3664; baseline 0.004 -20"><span class='ocrx_word' id='word_1_543' title='bbox 389 3591 589 3646; x_wconf 87' lang='lat' dir='ltr'><strong>malitia</strong></span> <span class='ocrx_word' id='word_1_544' title='bbox 623 3590 892 3662; x_wconf 85' lang='lat' dir='ltr'><strong>procedit,</strong></span> <span class='ocrx_word' id='word_1_545' title='bbox 923 3600 978 3648; x_wconf 89' lang='lat' dir='ltr'><strong>et</strong></span> <span class='ocrx_word' id='word_1_546' title='bbox 1019 3602 1338 3663; x_wconf 86' lang='lat' dir='ltr'><strong>peccatores</strong></span> <span class='ocrx_word' id='word_1_547' title='bbox 1375 3609 1472 3650; x_wconf 89' lang='lat' dir='ltr'><strong>sua</strong></span> <span class='ocrx_word' id='word_1_548' title='bbox 1500 3596 1640 3650; x_wconf 89' lang='lat' dir='ltr'><strong>inter</strong></span> <span class='ocrx_word' id='word_1_549' title='bbox 1677 3610 1736 3649; x_wconf 89' lang='lat' dir='ltr'><strong>se</strong></span> <span class='ocrx_word' id='word_1_550' title='bbox 1762 3603 1980 3664; x_wconf 86' lang='lat' dir='ltr'><strong>peccata</strong></span> 
     </span>
    </p>
   </div>
   <div class='ocr_carea' id='block_1_66' title="bbox 389 3685 1983 3758">
    <p class='ocr_par' dir='ltr' id='par_1_66' title="bbox 389 3685 1983 3758">
     <span class='ocr_line' id='line_1_66' title="bbox 389 3685 1983 3758; baseline 0.003 -17"><span class='ocrx_word' id='word_1_551' title='bbox 389 3685 731 3756; x_wconf 89' lang='lat' dir='ltr'><strong>discerpunt,</strong></span> <span class='ocrx_word' id='word_1_552' title='bbox 761 3694 890 3742; x_wconf 90' lang='lat' dir='ltr'><strong>tunc</strong></span> <span class='ocrx_word' id='word_1_553' title='bbox 921 3703 1028 3742; x_wconf 89' lang='lat' dir='ltr'><strong>non</strong></span> <span class='ocrx_word' id='word_1_554' title='bbox 1063 3695 1318 3758; x_wconf 89' lang='lat' dir='ltr'><strong>peccator</strong></span> <span class='ocrx_word' id='word_1_555' title='bbox 1347 3705 1510 3758; x_wconf 88' lang='lat' dir='ltr'><strong>unus,</strong></span> <span class='ocrx_word' id='word_1_556' title='bbox 1545 3705 1733 3745; x_wconf 90' lang='lat' dir='ltr'><strong>verum</strong></span> <span class='ocrx_word' id='word_1_557' title='bbox 1772 3691 1828 3746; x_wconf 92' lang='lat' dir='ltr'><strong>in</strong></span> <span class='ocrx_word' id='word_1_558' title='bbox 1875 3706 1983 3746; x_wconf 94' lang='lat' dir='ltr'><strong>uno</strong></span> 
     </span>
    </p>
   </div>
   <div class='ocr_carea' id='block_1_67' title="bbox 390 3779 1986 3853">
    <p class='ocr_par' dir='ltr' id='par_1_67' title="bbox 390 3779 1986 3853">
     <span class='ocr_line' id='line_1_67' title="bbox 390 3779 1986 3853; baseline 0.002 -19"><span class='ocrx_word' id='word_1_559' title='bbox 390 3787 518 3834; x_wconf 88' lang='lat' dir='ltr'><strong>sunt</strong></span> <span class='ocrx_word' id='word_1_560' title='bbox 541 3779 792 3849; x_wconf 86' lang='lat' dir='ltr'><strong>plurimi;</strong></span> <span class='ocrx_word' id='word_1_561' title='bbox 825 3780 967 3836; x_wconf 86' lang='lat' dir='ltr'><strong>sicut</strong></span> <span class='ocrx_word' id='word_1_562' title='bbox 1008 3779 1062 3834; x_wconf 89' lang='lat' dir='ltr'><strong>in</strong></span> <span class='ocrx_word' id='word_1_563' title='bbox 1091 3781 1343 3850; x_wconf 76' lang='lat' dir='ltr'><strong>exordio,</strong></span> <span class='ocrx_word' id='word_1_564' title='bbox 1373 3783 1592 3853; x_wconf 89' lang='lat' dir='ltr'><strong>quando</strong></span> <span class='ocrx_word' id='word_1_565' title='bbox 1622 3792 1743 3838; x_wconf 87' lang='lat' dir='ltr'><strong>erat</strong></span> <span class='ocrx_word' id='word_1_566' title='bbox 1783 3784 1986 3853; x_wconf 88' lang='lat' dir='ltr'><strong>princi-</strong></span> 
     </span>
    </p>
   </div>
   <div class='ocr_carea' id='block_1_68' title="bbox 392 3871 1986 3944">
    <p class='ocr_par' dir='ltr' id='par_1_68' title="bbox 392 3871 1986 3944">
     <span class='ocr_line' id='line_1_68' title="bbox 392 3871 1986 3944; baseline 0.002 -17"><span class='ocrx_word' id='word_1_567' title='bbox 392 3873 541 3942; x_wconf 90' lang='lat' dir='ltr'><strong>pium</strong></span> <span class='ocrx_word' id='word_1_568' title='bbox 592 3871 968 3943; x_wconf 89' lang='lat' dir='ltr'><strong>delinquendi,</strong></span> <span class='ocrx_word' id='word_1_569' title='bbox 1022 3873 1253 3929; x_wconf 89' lang='lat' dir='ltr'><strong>necdum</strong></span> <span class='ocrx_word' id='word_1_570' title='bbox 1306 3885 1459 3930; x_wconf 87' lang='lat' dir='ltr'><strong>erant</strong></span> <span class='ocrx_word' id='word_1_571' title='bbox 1509 3885 1708 3942; x_wconf 68' lang='lat' dir='ltr'><strong>tantm,</strong></span> <span class='ocrx_word' id='word_1_572' title='bbox 1767 3885 1986 3944; x_wconf 75' lang='lat' dir='ltr'><strong>quanta:</strong></span> 
     </span>
    </p>
   </div>
   <div class='ocr_carea' id='block_1_69' title="bbox 393 3963 1984 4026">
    <p class='ocr_par' dir='ltr' id='par_1_69' title="bbox 393 3963 1984 4026">
     <span class='ocr_line' id='line_1_69' title="bbox 393 3963 1984 4026; baseline 0.002 -3"><span class='ocrx_word' id='word_1_573' title='bbox 393 3982 540 4023; x_wconf 90' lang='lat' dir='ltr'><strong>nunc</strong></span> <span class='ocrx_word' id='word_1_574' title='bbox 579 3963 706 4022; x_wconf 89' lang='lat' dir='ltr'><strong>sunt</strong></span> <span class='ocrx_word' id='word_1_575' title='bbox 745 3966 1144 4023; x_wconf 89' lang='lat' dir='ltr'><strong>multitudines.</strong></span> <span class='ocrx_word' id='word_1_576' title='bbox 1173 3967 1329 4024; x_wconf 90' lang='lat' dir='ltr'><strong>Unde</strong></span> <span class='ocrx_word' id='word_1_577' title='bbox 1375 3970 1509 4024; x_wconf 90' lang='lat' dir='ltr'><strong>utile</strong></span> <span class='ocrx_word' id='word_1_578' title='bbox 1541 3971 1675 4026; x_wconf 91' lang='lat' dir='ltr'><strong>mihi</strong></span> <span class='ocrx_word' id='word_1_579' title='bbox 1707 3970 1924 4026; x_wconf 83' lang='lat' dir='ltr'><strong>videtur</strong></span> <span class='ocrx_word' id='word_1_580' title='bbox 1954 3987 1984 4026; x_wconf 91' lang='lat' dir='ltr'><strong>a</strong></span> 
     </span>
    </p>
   </div>
   <div class='ocr_carea' id='block_1_70' title="bbox 395 4061 1986 4132">
    <p class='ocr_par' dir='ltr' id='par_1_70' title="bbox 395 4061 1986 4132">
     <span class='ocr_line' id='line_1_70' title="bbox 395 4061 1986 4132; baseline 0.003 -16"><span class='ocrx_word' id='word_1_581' title='bbox 395 4061 652 4132; x_wconf 69' lang='lat' dir='ltr'><strong>praesenti</strong></span> <span class='ocrx_word' id='word_1_582' title='bbox 704 4075 960 4116; x_wconf 89' lang='lat' dir='ltr'><strong>sermone</strong></span> <span class='ocrx_word' id='word_1_583' title='bbox 1001 4061 1282 4130; x_wconf 87' lang='lat' dir='ltr'><strong>paululum</strong></span> <span class='ocrx_word' id='word_1_584' title='bbox 1329 4063 1702 4125; x_wconf 87' lang='lat' dir='ltr'><strong>recedentem,</strong></span> <span class='ocrx_word' id='word_1_585' title='bbox 1735 4075 1986 4120; x_wconf 89' lang='lat' dir='ltr'><strong>naturam</strong></span> 
     </span>
    </p>
   </div>
   <div class='ocr_carea' id='block_1_71' title="bbox 394 4153 1987 4227">
    <p class='ocr_par' dir='ltr' id='par_1_71' title="bbox 394 4153 1987 4227">
     <span class='ocr_line' id='line_1_71' title="bbox 394 4153 1987 4227; baseline 0.003 -19"><span class='ocrx_word' id='word_1_586' title='bbox 394 4154 752 4209; x_wconf 87' lang='lat' dir='ltr'><strong>considerare</strong></span> <span class='ocrx_word' id='word_1_587' title='bbox 793 4153 1002 4224; x_wconf 89' lang='lat' dir='ltr'><strong>peccati</strong></span> <span class='ocrx_word' id='word_1_588' title='bbox 1056 4163 1220 4224; x_wconf 89' lang='lat' dir='ltr'><strong>atque</strong></span> <span class='ocrx_word' id='word_1_589' title='bbox 1264 4155 1558 4211; x_wconf 89' lang='lat' dir='ltr'><strong>.virtutum.</strong></span> <span class='ocrx_word' id='word_1_590' title='bbox 1615 4155 1717 4213; x_wconf 87' lang='lat' dir='ltr'><strong>Ubi</strong></span> <span class='ocrx_word' id='word_1_591' title='bbox 1765 4168 1987 4227; x_wconf 89' lang='lat' dir='ltr'><strong>peccata</strong></span> 
     </span>
    </p>
   </div>
   <div class='ocr_carea' id='block_1_72' title="bbox 396 4247 1982 4318">
    <p class='ocr_par' dir='ltr' id='par_1_72' title="bbox 396 4247 1982 4318">
     <span class='ocr_line' id='line_1_72' title="bbox 396 4247 1982 4318; baseline 0.001 -14"><span class='ocrx_word' id='word_1_592' title='bbox 396 4258 544 4313; x_wconf 85' lang='lat' dir='ltr'><strong>sunt,</strong></span> <span class='ocrx_word' id='word_1_593' title='bbox 581 4249 656 4303; x_wconf 89' lang='lat' dir='ltr'><strong>ibi</strong></span> <span class='ocrx_word' id='word_1_594' title='bbox 692 4257 776 4304; x_wconf 89' lang='lat' dir='ltr'><strong>est</strong></span> <span class='ocrx_word' id='word_1_595' title='bbox 819 4247 1130 4314; x_wconf 89' lang='lat' dir='ltr'><strong>multitudo,</strong></span> <span class='ocrx_word' id='word_1_596' title='bbox 1160 4248 1232 4303; x_wconf 94' lang='lat' dir='ltr'><strong>ibi</strong></span> <span class='ocrx_word' id='word_1_597' title='bbox 1263 4249 1580 4312; x_wconf 87' lang='lat' dir='ltr'><strong>schismata.</strong></span> <span class='ocrx_word' id='word_1_598' title='bbox 1615 4252 1687 4306; x_wconf 92' lang='lat' dir='ltr'><strong>ibi</strong></span> <span class='ocrx_word' id='word_1_599' title='bbox 1723 4252 1982 4318; x_wconf 73' lang='lat' dir='ltr'><strong>hmreses,</strong></span> 
     </span>
    </p>
   </div>
   <div class='ocr_carea' id='block_1_73' title="bbox 400 4341 1987 4415">
    <p class='ocr_par' dir='ltr' id='par_1_73' title="bbox 400 4341 1987 4415">
     <span class='ocr_line' id='line_1_73' title="bbox 400 4341 1987 4415; baseline 0.001 -18"><span class='ocrx_word' id='word_1_600' title='bbox 400 4343 474 4397; x_wconf 84' lang='lat' dir='ltr'><strong>ibi</strong></span> <span class='ocrx_word' id='word_1_601' title='bbox 506 4342 911 4407; x_wconf 84' lang='lat' dir='ltr'><strong>dissensiones;</strong></span> <span class='ocrx_word' id='word_1_602' title='bbox 943 4341 1034 4397; x_wconf 89' lang='lat' dir='ltr'><strong>ubi</strong></span> <span class='ocrx_word' id='word_1_603' title='bbox 1068 4351 1253 4396; x_wconf 89' lang='lat' dir='ltr'><strong>autem</strong></span> <span class='ocrx_word' id='word_1_604' title='bbox 1283 4343 1482 4407; x_wconf 86' lang='lat' dir='ltr'><strong>virtus,</strong></span> <span class='ocrx_word' id='word_1_605' title='bbox 1509 4343 1582 4398; x_wconf 92' lang='lat' dir='ltr'><strong>ibi</strong></span> <span class='ocrx_word' id='word_1_606' title='bbox 1615 4344 1987 4415; x_wconf 86' lang='lat' dir='ltr'><strong>singularitas,</strong></span> 
     </span>
    </p>
   </div>
   <div class='ocr_carea' id='block_1_74' title="bbox 397 4436 1986 4508">
    <p class='ocr_par' dir='ltr' id='par_1_74' title="bbox 397 4436 1986 4508">
     <span class='ocr_line' id='line_1_74' title="bbox 397 4436 1986 4508; baseline 0.003 -18"><span class='ocrx_word' id='word_1_607' title='bbox 397 4436 471 4492; x_wconf 92' lang='lat' dir='ltr'><strong>ibi</strong></span> <span class='ocrx_word' id='word_1_608' title='bbox 508 4438 740 4504; x_wconf 81' lang='lat' dir='ltr'><strong>uuio,ex</strong></span> <span class='ocrx_word' id='word_1_609' title='bbox 771 4451 880 4508; x_wconf 88' lang='lat' dir='ltr'><strong>quo</strong></span> <span class='ocrx_word' id='word_1_610' title='bbox 907 4438 1149 4491; x_wconf 88' lang='lat' dir='ltr'><strong>omnium</strong></span> <span class='ocrx_word' id='word_1_611' title='bbox 1175 4437 1514 4492; x_wconf 90' lang='lat' dir='ltr'><strong>credentium</strong></span> <span class='ocrx_word' id='word_1_612' title='bbox 1533 4450 1647 4494; x_wconf 89' lang='lat' dir='ltr'><strong>erat</strong></span> <span class='ocrx_word' id='word_1_613' title='bbox 1680 4454 1775 4493; x_wconf 85' lang='lat' dir='ltr'><strong>cor</strong></span> <span class='ocrx_word' id='word_1_614' title='bbox 1819 4455 1986 4494; x_wconf 92' lang='lat' dir='ltr'><strong>unum</strong></span> 
     </span>
    </p>
   </div>
   <div class='ocr_carea' id='block_1_75' title="bbox 399 4527 1986 4600">
    <p class='ocr_par' dir='ltr' id='par_1_75' title="bbox 399 4527 1986 4600">
     <span class='ocr_line' id='line_1_75' title="bbox 399 4527 1986 4600; baseline 0.002 -16"><span class='ocrx_word' id='word_1_615' title='bbox 399 4538 456 4584; x_wconf 88' lang='lat' dir='ltr'><strong>et</strong></span> <span class='ocrx_word' id='word_1_616' title='bbox 487 4529 666 4583; x_wconf 88' lang='lat' dir='ltr'><strong>anima</strong></span> <span class='ocrx_word' id='word_1_617' title='bbox 698 4545 829 4584; x_wconf 87' lang='lat' dir='ltr'><strong>una.</strong></span> <span class='ocrx_word' id='word_1_618' title='bbox 866 4529 952 4594; x_wconf 90' lang='lat' dir='ltr'><strong>Et,</strong></span> <span class='ocrx_word' id='word_1_619' title='bbox 979 4541 1035 4583; x_wconf 92' lang='lat' dir='ltr'><strong>ut</strong></span> <span class='ocrx_word' id='word_1_620' title='bbox 1059 4527 1400 4585; x_wconf 79' lang='lat' dir='ltr'><strong>manifestius</strong></span> <span class='ocrx_word' id='word_1_621' title='bbox 1429 4529 1626 4592; x_wconf 87' lang='lat' dir='ltr'><strong>dicam.</strong></span> <span class='ocrx_word' id='word_1_622' title='bbox 1659 4531 1986 4600; x_wconf 72' lang='lat' dir='ltr'><strong>principium</strong></span> 
     </span>
    </p>
   </div>
   <div class='ocr_carea' id='block_1_76' title="bbox 402 4621 1989 4694">
    <p class='ocr_par' dir='ltr' id='par_1_76' title="bbox 402 4621 1989 4694">
     <span class='ocr_line' id='line_1_76' title="bbox 402 4621 1989 4694; baseline 0.003 -18"><span class='ocrx_word' id='word_1_623' title='bbox 402 4621 666 4676; x_wconf 87' lang='lat' dir='ltr'><strong>malorum</strong></span> <span class='ocrx_word' id='word_1_624' title='bbox 693 4623 936 4677; x_wconf 88' lang='lat' dir='ltr'><strong>omnium</strong></span> <span class='ocrx_word' id='word_1_625' title='bbox 973 4635 1058 4679; x_wconf 82' lang='lat' dir='ltr'><strong>est</strong></span> <span class='ocrx_word' id='word_1_626' title='bbox 1086 4624 1374 4692; x_wconf 88' lang='lat' dir='ltr'><strong>multitudo</strong></span> <span class='ocrx_word' id='word_1_627' title='bbox 1406 4643 1418 4679; x_wconf 94' lang='lat'><strong>:</strong></span> <span class='ocrx_word' id='word_1_628' title='bbox 1454 4624 1780 4694; x_wconf 81' lang='lat' dir='ltr'><strong>principium</strong></span> <span class='ocrx_word' id='word_1_629' title='bbox 1805 4636 1989 4681; x_wconf 89' lang='lat' dir='ltr'><strong>autem</strong></span> 
     </span>
    </p>
   </div>
   <div class='ocr_carea' id='block_1_77' title="bbox 404 4712 1989 4793">
    <p class='ocr_par' dir='ltr' id='par_1_77' title="bbox 404 4712 1989 4793">
     <span class='ocr_line' id='line_1_77' title="bbox 404 4712 1989 4793; baseline 0.004 -26"><span class='ocrx_word' id='word_1_630' title='bbox 404 4713 668 4769; x_wconf 85' lang='lat' dir='ltr'><strong>bonorum</strong></span> <span class='ocrx_word' id='word_1_631' title='bbox 699 4712 1099 4786; x_wconf 86' lang='lat' dir='ltr'><strong>coangustatio,</strong></span> <span class='ocrx_word' id='word_1_632' title='bbox 1132 4725 1186 4770; x_wconf 92' lang='lat' dir='ltr'><strong>et</strong></span> <span class='ocrx_word' id='word_1_633' title='bbox 1218 4731 1244 4770; x_wconf 88' lang='lat' dir='ltr'><strong>a</strong></span> <span class='ocrx_word' id='word_1_634' title='bbox 1280 4717 1453 4773; x_wconf 90' lang='lat' dir='ltr'><strong>turbis</strong></span> <span class='ocrx_word' id='word_1_635' title='bbox 1475 4717 1530 4772; x_wconf 93' lang='lat' dir='ltr'><strong>in</strong></span> <span class='ocrx_word' id='word_1_636' title='bbox 1554 4718 1989 4793; x_wconf 77' lang='lat' dir='ltr'><strong>singularitatem</strong></span> 
     </span>
    </p>
   </div>
   <div class='ocr_carea' id='block_1_78' title="bbox 404 4805 1996 4878">
    <p class='ocr_par' dir='ltr' id='par_1_78' title="bbox 404 4805 1996 4878">
     <span class='ocr_line' id='line_1_78' title="bbox 404 4805 1996 4878; baseline 0.003 -18"><span class='ocrx_word' id='word_1_637' title='bbox 404 4805 648 4861; x_wconf 85' lang='lat' dir='ltr'><strong>redactio</strong></span> <span class='ocrx_word' id='word_1_638' title='bbox 683 4824 694 4862; x_wconf 91' lang='lat'><strong>:</strong></span> <span class='ocrx_word' id='word_1_639' title='bbox 728 4816 789 4862; x_wconf 91' lang='lat' dir='ltr'><strong>ut</strong></span> <span class='ocrx_word' id='word_1_640' title='bbox 816 4809 942 4878; x_wconf 86' lang='lat' dir='ltr'><strong>p&#39;nta</strong></span> <span class='ocrx_word' id='word_1_641' title='bbox 976 4824 1075 4864; x_wconf 92' lang='lat' dir='ltr'><strong>nos</strong></span> <span class='ocrx_word' id='word_1_642' title='bbox 1104 4823 1316 4872; x_wconf 83' lang='lat' dir='ltr'><strong>omnes,</strong></span> <span class='ocrx_word' id='word_1_643' title='bbox 1343 4809 1389 4864; x_wconf 92' lang='lat' dir='ltr'><strong>si</strong></span> <span class='ocrx_word' id='word_1_644' title='bbox 1419 4808 1666 4863; x_wconf 88' lang='lat' dir='ltr'><strong>salvandi</strong></span> <span class='ocrx_word' id='word_1_645' title='bbox 1695 4810 1996 4876; x_wconf 86' lang='lat' dir='ltr'><strong>sumus,ad</strong></span> 
     </span>
    </p>
   </div>
   <div class='ocr_carea' id='block_1_79' title="bbox 404 4898 2001 4972">
    <p class='ocr_par' dir='ltr' id='par_1_79' title="bbox 404 4898 2001 4972">
     <span class='ocr_line' id='line_1_79' title="bbox 404 4898 2001 4972; baseline 0.004 -20"><span class='ocrx_word' id='word_1_646' title='bbox 404 4898 685 4966; x_wconf 90' lang='lat' dir='ltr'><strong>unionem,</strong></span> <span class='ocrx_word' id='word_1_647' title='bbox 719 4909 776 4954; x_wconf 91' lang='lat' dir='ltr'><strong>ut</strong></span> <span class='ocrx_word' id='word_1_648' title='bbox 809 4901 1040 4972; x_wconf 86' lang='lat' dir='ltr'><strong>perfecti</strong></span> <span class='ocrx_word' id='word_1_649' title='bbox 1082 4901 1386 4958; x_wconf 85' lang='lat' dir='ltr'><strong>efficiamur</strong></span> <span class='ocrx_word' id='word_1_650' title='bbox 1410 4903 1462 4957; x_wconf 91' lang='lat' dir='ltr'><strong>in</strong></span> <span class='ocrx_word' id='word_1_651' title='bbox 1495 4902 1688 4958; x_wconf 91' lang='lat' dir='ltr'><strong>eodem</strong></span> <span class='ocrx_word' id='word_1_652' title='bbox 1732 4918 1920 4972; x_wconf 90' lang='lat' dir='ltr'><strong>sensu,</strong></span> <span class='ocrx_word' id='word_1_653' title='bbox 1947 4915 2001 4958; x_wconf 90' lang='lat' dir='ltr'><strong>et</strong></span> 
     </span>
    </p>
   </div>
   <div class='ocr_carea' id='block_1_80' title="bbox 405 4981 2002 5063">
    <p class='ocr_par' dir='ltr' id='par_1_80' title="bbox 405 4981 2002 5063">
     <span class='ocr_line' id='line_1_80' title="bbox 405 4981 2002 5063; baseline 0.004 -20"><span class='ocrx_word' id='word_1_654' title='bbox 405 4987 461 5043; x_wconf 91' lang='lat' dir='ltr'><strong>in</strong></span> <span class='ocrx_word' id='word_1_655' title='bbox 493 4990 684 5045; x_wconf 90' lang='lat' dir='ltr'><strong>eadem</strong></span> <span class='ocrx_word' id='word_1_656' title='bbox 712 4993 1002 5060; x_wconf 90' lang='lat' dir='ltr'><strong>sententia,</strong></span> <span class='ocrx_word' id='word_1_657' title='bbox 1031 5002 1089 5047; x_wconf 92' lang='lat' dir='ltr'><strong>et</strong></span> <span class='ocrx_word' id='word_1_658' title='bbox 1122 4993 1292 5047; x_wconf 92' lang='lat' dir='ltr'><strong>simus</strong></span> <span class='ocrx_word' id='word_1_659' title='bbox 1333 5001 1499 5046; x_wconf 88' lang='lat' dir='ltr'><strong>unum</strong></span> <span class='ocrx_word' id='word_1_660' title='bbox 1545 4981 1746 5063; x_wconf 85' lang='lat' dir='ltr'><strong>corpus</strong></span> <span class='ocrx_word' id='word_1_661' title='bbox 1773 5003 1828 5047; x_wconf 91' lang='lat' dir='ltr'><strong>et</strong></span> <span class='ocrx_word' id='word_1_662' title='bbox 1859 5010 2002 5050; x_wconf 89' lang='lat' dir='ltr'><strong>unus</strong></span> 
     </span>
    </p>
   </div>
   <div class='ocr_carea' id='block_1_81' title="bbox 408 5083 2006 5162">
    <p class='ocr_par' dir='ltr' id='par_1_81' title="bbox 408 5083 2006 5162">
     <span class='ocr_line' id='line_1_81' title="bbox 408 5083 2006 5162; baseline 0.003 -24"><span class='ocrx_word' id='word_1_663' title='bbox 408 5083 656 5153; x_wconf 88' lang='lat' dir='ltr'><strong>spiritus.</strong></span> <span class='ocrx_word' id='word_1_664' title='bbox 683 5084 740 5141; x_wconf 93' lang='lat' dir='ltr'><strong>Si</strong></span> <span class='ocrx_word' id='word_1_665' title='bbox 762 5101 895 5142; x_wconf 91' lang='lat' dir='ltr'><strong>vero</strong></span> <span class='ocrx_word' id='word_1_666' title='bbox 925 5087 1064 5143; x_wconf 88' lang='lat' dir='ltr'><strong>tales</strong></span> <span class='ocrx_word' id='word_1_667' title='bbox 1087 5089 1279 5151; x_wconf 89' lang='lat' dir='ltr'><strong>simus,</strong></span> <span class='ocrx_word' id='word_1_668' title='bbox 1306 5096 1365 5141; x_wconf 94' lang='lat' dir='ltr'><strong>ut</strong></span> <span class='ocrx_word' id='word_1_669' title='bbox 1388 5103 1496 5141; x_wconf 92' lang='lat' dir='ltr'><strong>non</strong></span> <span class='ocrx_word' id='word_1_670' title='bbox 1525 5102 1624 5142; x_wconf 92' lang='lat' dir='ltr'><strong>nos</strong></span> <span class='ocrx_word' id='word_1_671' title='bbox 1649 5089 2006 5162; x_wconf 76' lang='lat' dir='ltr'><strong>unitas960</strong></span> 
     </span>
    </p>
   </div>
   <div class='ocr_carea' id='block_1_82' title="bbox 484 5238 2008 5309">
    <p class='ocr_par' dir='ltr' id='par_1_82' title="bbox 484 5238 2008 5309">
     <span class='ocr_line' id='line_1_82' title="bbox 484 5238 2008 5309; baseline 0.003 -16"><span class='ocrx_word' id='word_1_672' title='bbox 484 5247 508 5274; x_wconf 73' lang='grc'>⁸</span> <span class='ocrx_word' id='word_1_673' title='bbox 534 5238 691 5295; x_wconf 88' lang='lat' dir='ltr'><strong>Paria</strong></span> <span class='ocrx_word' id='word_1_674' title='bbox 719 5239 884 5296; x_wconf 86' lang='lat' dir='ltr'><strong>habet</strong></span> <span class='ocrx_word' id='word_1_675' title='bbox 914 5240 1073 5295; x_wconf 85' lang='lat' dir='ltr'><strong>Tom.</strong></span> <span class='ocrx_word' id='word_1_676' title='bbox 1128 5238 1300 5295; x_wconf 82' lang='lat' dir='ltr'><strong>XXVI</strong></span> <span class='ocrx_word' id='word_1_677' title='bbox 1333 5239 1384 5293; x_wconf 91' lang='lat' dir='ltr'><strong>in</strong></span> <span class='ocrx_word' id='word_1_678' title='bbox 1434 5239 1720 5301; x_wconf 80' lang='lat' dir='ltr'><strong>Joannem.</strong></span> <span class='ocrx_word' id='word_1_679' title='bbox 1770 5257 1891 5309; x_wconf 78' lang='lat' dir='ltr'><strong>qua:</strong></span> <span class='ocrx_word' id='word_1_680' title='bbox 1927 5241 2008 5298; x_wconf 90' lang='lat' dir='ltr'><strong>sic</strong></span> 
     </span>
    </p>
   </div>
   <div class='ocr_carea' id='block_1_83' title="bbox 413 5309 2006 5375">
    <p class='ocr_par' dir='ltr' id='par_1_83' title="bbox 413 5309 2006 5375">
     <span class='ocr_line' id='line_1_83' title="bbox 413 5309 2006 5375; baseline 0 -9"><span class='ocrx_word' id='word_1_681' title='bbox 413 5309 606 5366; x_wconf 85' lang='lat' dir='ltr'><strong>Latine</strong></span> <span class='ocrx_word' id='word_1_682' title='bbox 630 5326 862 5367; x_wconf 89' lang='lat' dir='ltr'><strong>sonant:</strong></span> <span class='ocrx_word' id='word_1_683' title='bbox 895 5311 1106 5367; x_wconf 59' lang='lat' dir='ltr'><strong>Hebraei</strong></span> <span class='ocrx_word' id='word_1_684' title='bbox 1149 5311 1337 5365; x_wconf 86' lang='lat' dir='ltr'><strong>Somer</strong></span> <span class='ocrx_word' id='word_1_685' title='bbox 1379 5309 1556 5364; x_wconf 87' lang='lat' dir='ltr'><strong>dicunt</strong></span> <span class='ocrx_word' id='word_1_686' title='bbox 1584 5312 1873 5375; x_wconf 83' lang='lat' dir='ltr'><strong>custodem,</strong></span> <span class='ocrx_word' id='word_1_687' title='bbox 1903 5313 2006 5366; x_wconf 89' lang='lat' dir='ltr'><strong>sic-</strong></span> 
     </span>
    </p>
   </div>
   <div class='ocr_carea' id='block_1_84' title="bbox 412 5381 2006 5454">
    <p class='ocr_par' dir='ltr' id='par_1_84' title="bbox 412 5381 2006 5454">
     <span class='ocr_line' id='line_1_84' title="bbox 412 5381 2006 5454; baseline 0.003 -21"><span class='ocrx_word' id='word_1_688' title='bbox 412 5397 512 5454; x_wconf 86' lang='lat' dir='ltr'><strong>que</strong></span> <span class='ocrx_word' id='word_1_689' title='bbox 553 5384 765 5436; x_wconf 83' lang='lat' dir='ltr'><strong>tradunt</strong></span> <span class='ocrx_word' id='word_1_690' title='bbox 817 5382 1176 5439; x_wconf 81' lang='lat' dir='ltr'><strong>Samaritanos</strong></span> <span class='ocrx_word' id='word_1_691' title='bbox 1219 5383 1443 5454; x_wconf 83' lang='lat' dir='ltr'><strong>primunt</strong></span> <span class='ocrx_word' id='word_1_692' title='bbox 1483 5381 1776 5453; x_wconf 85' lang='lat' dir='ltr'><strong>appellatos</strong></span> <span class='ocrx_word' id='word_1_693' title='bbox 1825 5387 2006 5451; x_wconf 84' lang='lat' dir='ltr'><strong>fuisse,</strong></span> 
     </span>
    </p>
   </div>
   <div class='ocr_carea' id='block_1_85' title="bbox 412 5454 2011 5524">
    <p class='ocr_par' dir='ltr' id='par_1_85' title="bbox 412 5454 2011 5524">
     <span class='ocr_line' id='line_1_85' title="bbox 412 5454 2011 5524; baseline 0 -19"><span class='ocrx_word' id='word_1_694' title='bbox 412 5454 551 5524; x_wconf 83' lang='lat' dir='ltr'><strong>quod</strong></span> <span class='ocrx_word' id='word_1_695' title='bbox 589 5456 736 5508; x_wconf 81' lang='lat' dir='ltr'><strong>missi</strong></span> <span class='ocrx_word' id='word_1_696' title='bbox 767 5455 956 5522; x_wconf 75' lang='lat' dir='ltr'><strong>fuerint</strong></span> <span class='ocrx_word' id='word_1_697' title='bbox 995 5455 1058 5507; x_wconf 91' lang='lat' dir='ltr'><strong>ab</strong></span> <span class='ocrx_word' id='word_1_698' title='bbox 1091 5454 1424 5524; x_wconf 82' lang='lat' dir='ltr'><strong>Assyriorum</strong></span> <span class='ocrx_word' id='word_1_699' title='bbox 1468 5470 1587 5519; x_wconf 83' lang='lat' dir='ltr'><strong>rege</strong></span> <span class='ocrx_word' id='word_1_700' title='bbox 1619 5455 1688 5506; x_wconf 90' lang='lat' dir='ltr'><strong>ad</strong></span> <span class='ocrx_word' id='word_1_701' title='bbox 1723 5455 2011 5508; x_wconf 85' lang='lat' dir='ltr'><strong>custodiam</strong></span> 
     </span>
    </p>
   </div>
   <div class='ocr_carea' id='block_1_86' title="bbox 416 5524 2013 5598">
    <p class='ocr_par' dir='ltr' id='par_1_86' title="bbox 416 5524 2013 5598">
     <span class='ocr_line' id='line_1_86' title="bbox 416 5524 2013 5598; baseline 0 -20"><span class='ocrx_word' id='word_1_702' title='bbox 416 5535 568 5580; x_wconf 78' lang='lat' dir='ltr'><strong>terrte</strong></span> <span class='ocrx_word' id='word_1_703' title='bbox 599 5525 790 5598; x_wconf 71' lang='lat' dir='ltr'><strong>Israel,</strong></span> <span class='ocrx_word' id='word_1_704' title='bbox 817 5541 934 5598; x_wconf 78' lang='lat' dir='ltr'><strong>post</strong></span> <span class='ocrx_word' id='word_1_705' title='bbox 962 5524 1603 5598; x_wconf 52' lang='lat' dir='ltr'><strong>captivitatemlsraelis,</strong></span> <span class='ocrx_word' id='word_1_706' title='bbox 1653 5525 1741 5594; x_wconf 83' lang='lat' dir='ltr'><strong>qui</strong></span> <span class='ocrx_word' id='word_1_707' title='bbox 1784 5526 2013 5598; x_wconf 78' lang='lat' dir='ltr'><strong>diversus</strong></span> 
     </span>
    </p>
   </div>
   <div class='ocr_carea' id='block_1_87' title="bbox 416 5595 2013 5669">
    <p class='ocr_par' dir='ltr' id='par_1_87' title="bbox 416 5595 2013 5669">
     <span class='ocr_line' id='line_1_87' title="bbox 416 5595 2013 5669; baseline -0.002 -19"><span class='ocrx_word' id='word_1_708' title='bbox 416 5603 526 5650; x_wconf 82' lang='lat' dir='ltr'><strong>erat</strong></span> <span class='ocrx_word' id='word_1_709' title='bbox 563 5615 596 5651; x_wconf 80' lang='grc' dir='ltr'><em>α</em></span> <span class='ocrx_word' id='word_1_710' title='bbox 625 5595 791 5662; x_wconf 73' lang='lat' dir='ltr'><strong>Iuda,</strong></span> <span class='ocrx_word' id='word_1_711' title='bbox 817 5595 922 5651; x_wconf 79' lang='lat' dir='ltr'><strong>etc.</strong></span> <span class='ocrx_word' id='word_1_712' title='bbox 960 5595 1078 5669; x_wconf 68' lang='lat' dir='ltr'><strong>Ipse</strong></span> <span class='ocrx_word' id='word_1_713' title='bbox 1117 5598 1281 5669; x_wconf 83' lang='lat' dir='ltr'><strong>etiam</strong></span> <span class='ocrx_word' id='word_1_714' title='bbox 1326 5596 1689 5669; x_wconf 80' lang='lat' dir='ltr'><strong>Hieronymus</strong></span> <span class='ocrx_word' id='word_1_715' title='bbox 1709 5612 1830 5669; x_wconf 81' lang='lat' dir='ltr'><strong>c_um</strong></span> <span class='ocrx_word' id='word_1_716' title='bbox 1863 5595 2013 5664; x_wconf 86' lang='lat' dir='ltr'><strong>alibi,</strong></span> 
     </span>
    </p>
   </div>
   <div class='ocr_carea' id='block_1_88' title="bbox 419 5666 2018 5738">
    <p class='ocr_par' dir='ltr' id='par_1_88' title="bbox 419 5666 2018 5738">
     <span class='ocr_line' id='line_1_88' title="bbox 419 5666 2018 5738; baseline -0.001 -16"><span class='ocrx_word' id='word_1_717' title='bbox 419 5675 532 5738; x_wconf 82' lang='lat' dir='ltr'><strong>tum</strong></span> <span class='ocrx_word' id='word_1_718' title='bbox 563 5670 840 5738; x_wconf 65' lang='lat' dir='ltr'><strong>prarcipue</strong></span> <span class='ocrx_word' id='word_1_719' title='bbox 871 5684 935 5722; x_wconf 81' lang='lat' dir='ltr'><strong>cx</strong></span> <span class='ocrx_word' id='word_1_720' title='bbox 985 5667 1228 5723; x_wconf 71' lang='lat' dir='ltr'><strong>Eusebio</strong></span> <span class='ocrx_word' id='word_1_721' title='bbox 1273 5669 1325 5722; x_wconf 90' lang='lat' dir='ltr'><strong>in</strong></span> <span class='ocrx_word' id='word_1_722' title='bbox 1373 5666 1682 5722; x_wconf 73' lang='lat' dir='ltr'><strong>Chronico:</strong></span> <span class='ocrx_word' id='word_1_723' title='bbox 1717 5667 2018 5738; x_wconf 70' lang='lat' dir='ltr'><strong>Sennaclte-</strong></span> 
     </span>
    </p>
   </div>
   <div class='ocr_carea' id='block_1_89' title="bbox 419 5736 2020 5810">
    <p class='ocr_par' dir='ltr' id='par_1_89' title="bbox 419 5736 2020 5810">
     <span class='ocr_line' id='line_1_89' title="bbox 419 5736 2020 5810; baseline 0.001 -19"><span class='ocrx_word' id='word_1_724' title='bbox 419 5737 530 5800; x_wconf 86' lang='lat' dir='ltr'><strong>rib,</strong></span> <span class='ocrx_word' id='word_1_725' title='bbox 562 5736 654 5794; x_wconf 73' lang='lat' dir='ltr'><strong>rex</strong></span> <span class='ocrx_word' id='word_1_726' title='bbox 679 5739 1068 5808; x_wconf 78' lang='lat' dir='ltr'><strong>Chaldworum,</strong></span> <span class='ocrx_word' id='word_1_727' title='bbox 1103 5739 1170 5792; x_wconf 86' lang='lat' dir='ltr'><strong>ad</strong></span> <span class='ocrx_word' id='word_1_728' title='bbox 1214 5740 1608 5794; x_wconf 80' lang='lat' dir='ltr'><strong>custodiendam</strong></span> <span class='ocrx_word' id='word_1_729' title='bbox 1636 5742 1891 5810; x_wconf 84' lang='lat' dir='ltr'><strong>regionem</strong></span> <span class='ocrx_word' id='word_1_730' title='bbox 1920 5736 2020 5792; x_wconf 85' lang='lat' dir='ltr'><strong>Ju-</strong></span> 
     </span>
    </p>
   </div>
   <div class='ocr_carea' id='block_1_90' title="bbox 422 5810 2022 5884">
    <p class='ocr_par' dir='ltr' id='par_1_90' title="bbox 422 5810 2022 5884">
     <span class='ocr_line' id='line_1_90' title="bbox 422 5810 2022 5884; baseline 0.001 -22"><span class='ocrx_word' id='word_1_731' title='bbox 422 5810 613 5878; x_wconf 69' lang='lat' dir='ltr'><strong>daeum,</strong></span> <span class='ocrx_word' id='word_1_732' title='bbox 636 5813 841 5867; x_wconf 83' lang='lat' dir='ltr'><strong>accolas</strong></span> <span class='ocrx_word' id='word_1_733' title='bbox 881 5811 1022 5866; x_wconf 87' lang='lat' dir='ltr'><strong>misit</strong></span> <span class='ocrx_word' id='word_1_734' title='bbox 1046 5813 1287 5880; x_wconf 81' lang='lat' dir='ltr'><strong>Assyrios</strong></span> <span class='ocrx_word' id='word_1_735' title='bbox 1321 5811 1432 5884; x_wconf 82' lang='lat' dir='ltr'><strong>qui,</strong></span> <span class='ocrx_word' id='word_1_736' title='bbox 1463 5815 1794 5867; x_wconf 73' lang='lat' dir='ltr'><strong>mutatores</strong></span> <span class='ocrx_word' id='word_1_737' title='bbox 1819 5810 2022 5864; x_wconf 70' lang='lat' dir='ltr'><strong>ludicre</strong></span> 
     </span>
    </p>
   </div>
   <div class='ocr_carea' id='block_1_91' title="bbox 2082 3307 3672 3384">
    <p class='ocr_par' dir='ltr' id='par_1_91' title="bbox 2082 3307 3672 3384">
     <span class='ocr_line' id='line_1_91' title="bbox 2082 3307 3672 3384; baseline -0.006 -15"><span class='ocrx_word' id='word_1_738' title='bbox 2082 3325 2234 3370; x_wconf 90' lang='lat' dir='ltr'><strong>ratus</strong></span> <span class='ocrx_word' id='word_1_739' title='bbox 2259 3313 2434 3380; x_wconf 84' lang='lat' dir='ltr'><strong>fuero,</strong></span> <span class='ocrx_word' id='word_1_740' title='bbox 2469 3313 2613 3368; x_wconf 89' lang='lat' dir='ltr'><strong>dicat</strong></span> <span class='ocrx_word' id='word_1_741' title='bbox 2663 3311 2814 3366; x_wconf 81' lang='lat' dir='ltr'><strong>Patri</strong></span> <span class='ocrx_word' id='word_1_742' title='bbox 2858 3324 2957 3364; x_wconf 92' lang='lat' dir='ltr'><strong>suo</strong></span> <span class='ocrx_word' id='word_1_743' title='bbox 2991 3328 3006 3364; x_wconf 93' lang='lat'><strong>:</strong></span> <span class='ocrx_word' id='word_1_744' title='bbox 3043 3307 3288 3362; x_wconf 86' lang='lat' dir='ltr'><strong>Narrabo</strong></span> <span class='ocrx_word' id='word_1_745' title='bbox 3318 3323 3501 3384; x_wconf 70' lang='lat' dir='ltr'><strong>nomen</strong></span> <span class='ocrx_word' id='word_1_746' title='bbox 3527 3317 3672 3362; x_wconf 90' lang='lat' dir='ltr'><strong>tuum</strong></span> 
     </span>
    </p>
   </div>
   <div class='ocr_carea' id='block_1_92' title="bbox 2084 3399 3676 3480">
    <p class='ocr_par' dir='ltr' id='par_1_92' title="bbox 2084 3399 3676 3480">
     <span class='ocr_line' id='line_1_92' title="bbox 2084 3399 3676 3480; baseline -0.003 -20"><span class='ocrx_word' id='word_1_747' title='bbox 2084 3407 2335 3480; x_wconf 80' lang='lat' dir='ltr'><strong>fratribus</strong></span> <span class='ocrx_word' id='word_1_748' title='bbox 2380 3407 2522 3469; x_wconf 90' lang='lat' dir='ltr'><strong>meis,</strong></span> <span class='ocrx_word' id='word_1_749' title='bbox 2557 3405 2612 3460; x_wconf 86' lang='lat' dir='ltr'><strong>in</strong></span> <span class='ocrx_word' id='word_1_750' title='bbox 2650 3405 2818 3459; x_wconf 89' lang='lat' dir='ltr'><strong>medio</strong></span> <span class='ocrx_word' id='word_1_751' title='bbox 2855 3402 3106 3458; x_wconf 69' lang='lat' dir='ltr'><strong>Ecclesia:</strong></span> <span class='ocrx_word' id='word_1_752' title='bbox 3151 3401 3367 3456; x_wconf 87' lang='lat' dir='ltr'><strong>cantabo</strong></span> <span class='ocrx_word' id='word_1_753' title='bbox 3423 3410 3469 3454; x_wconf 88' lang='lat' dir='ltr'><strong>te</strong></span> <span class='ocrx_word' id='word_1_754' title='bbox 3497 3399 3676 3472; x_wconf 86' lang='lat' dir='ltr'><strong>(Psal.</strong></span> 
     </span>
    </p>
   </div>
   <div class='ocr_carea' id='block_1_93' title="bbox 2084 3495 3736 3570">
    <p class='ocr_par' dir='ltr' id='par_1_93' title="bbox 2084 3495 3736 3570">
     <span class='ocr_line' id='line_1_93' title="bbox 2084 3495 3736 3570; baseline -0.007 -14"><span class='ocrx_word' id='word_1_755' title='bbox 2084 3501 2242 3570; x_wconf 71' lang='grc' dir='ltr'>χχιι).</span> <span class='ocrx_word' id='word_1_756' title='bbox 2271 3499 2341 3555; x_wconf 88' lang='grc' dir='ltr'><strong>Ει</strong></span> <span class='ocrx_word' id='word_1_757' title='bbox 2361 3499 2600 3570; x_wconf 89' lang='lat' dir='ltr'><strong>loquitur</strong></span> <span class='ocrx_word' id='word_1_758' title='bbox 2627 3499 2691 3553; x_wconf 91' lang='lat' dir='ltr'><strong>ad</strong></span> <span class='ocrx_word' id='word_1_759' title='bbox 2720 3513 2867 3563; x_wconf 88' lang='lat' dir='ltr'><strong>eam,</strong></span> <span class='ocrx_word' id='word_1_760' title='bbox 2897 3512 3017 3566; x_wconf 67' lang='lat' dir='ltr'><strong>quae</strong></span> <span class='ocrx_word' id='word_1_761' title='bbox 3041 3495 3290 3550; x_wconf 77' lang='lat' dir='ltr'><strong>nuntiare</strong></span> <span class='ocrx_word' id='word_1_762' title='bbox 3322 3502 3536 3562; x_wconf 89' lang='lat' dir='ltr'><strong>poterat</strong></span> <span class='ocrx_word' id='word_1_763' title='bbox 3559 3508 3678 3549; x_wconf 85' lang='lat' dir='ltr'><strong>ver-</strong></span> <span class='ocrx_word' id='word_1_764' title='bbox 3733 3542 3736 3544; x_wconf 84' lang='lat'><strong>.</strong></span> 
     </span>
    </p>
   </div>
   <div class='ocr_carea' id='block_1_94' title="bbox 2087 3587 3683 3665">
    <p class='ocr_par' dir='ltr' id='par_1_94' title="bbox 2087 3587 3683 3665">
     <span class='ocr_line' id='line_1_94' title="bbox 2087 3587 3683 3665; baseline -0.005 -15"><span class='ocrx_word' id='word_1_765' title='bbox 2087 3596 2154 3650; x_wconf 87' lang='lat' dir='ltr'><strong>ba</strong></span> <span class='ocrx_word' id='word_1_766' title='bbox 2186 3595 2342 3665; x_wconf 84' lang='lat' dir='ltr'><strong>ejus:</strong></span> <span class='ocrx_word' id='word_1_767' title='bbox 2380 3594 2543 3658; x_wconf 85' lang='lat' dir='ltr'><strong>Vade,</strong></span> <span class='ocrx_word' id='word_1_768' title='bbox 2576 3603 2622 3648; x_wconf 87' lang='lat' dir='ltr'><strong>et</strong></span> <span class='ocrx_word' id='word_1_769' title='bbox 2667 3594 2749 3647; x_wconf 88' lang='lat' dir='ltr'><strong>dic</strong></span> <span class='ocrx_word' id='word_1_770' title='bbox 2790 3591 3033 3664; x_wconf 81' lang='lat' dir='ltr'><strong>fratribus</strong></span> <span class='ocrx_word' id='word_1_771' title='bbox 3070 3590 3219 3644; x_wconf 89' lang='lat' dir='ltr'><strong>meis.</strong></span> <span class='ocrx_word' id='word_1_772' title='bbox 3258 3587 3542 3656; x_wconf 80' lang='lat' dir='ltr'><strong>Quomodo</strong></span> <span class='ocrx_word' id='word_1_773' title='bbox 3581 3602 3683 3643; x_wconf 89' lang='lat' dir='ltr'><strong>au-</strong></span> 
     </span>
    </p>
   </div>
   <div class='ocr_carea' id='block_1_95' title="bbox 2090 3681 3681 3749">
    <p class='ocr_par' dir='ltr' id='par_1_95' title="bbox 2090 3681 3681 3749">
     <span class='ocr_line' id='line_1_95' title="bbox 2090 3681 3681 3749; baseline -0.009 0"><span class='ocrx_word' id='word_1_774' title='bbox 2090 3702 2197 3749; x_wconf 91' lang='lat' dir='ltr'><strong>tem</strong></span> <span class='ocrx_word' id='word_1_775' title='bbox 2231 3689 2402 3744; x_wconf 85' lang='lat' dir='ltr'><strong>virtus</strong></span> <span class='ocrx_word' id='word_1_776' title='bbox 2434 3690 2658 3744; x_wconf 83' lang='lat' dir='ltr'><strong>fratrem</strong></span> <span class='ocrx_word' id='word_1_777' title='bbox 2691 3687 2820 3742; x_wconf 90' lang='lat' dir='ltr'><strong>mihi</strong></span> <span class='ocrx_word' id='word_1_778' title='bbox 2855 3686 2986 3742; x_wconf 87' lang='lat' dir='ltr'><strong>facit</strong></span> <span class='ocrx_word' id='word_1_779' title='bbox 3033 3685 3323 3739; x_wconf 87' lang='lat' dir='ltr'><strong>Dominum</strong></span> <span class='ocrx_word' id='word_1_780' title='bbox 3369 3681 3574 3748; x_wconf 82' lang='lat' dir='ltr'><strong>Jcsum,</strong></span> <span class='ocrx_word' id='word_1_781' title='bbox 3605 3681 3681 3735; x_wconf 90' lang='lat' dir='ltr'><strong>ita</strong></span> 
     </span>
    </p>
   </div>
   <div class='ocr_carea' id='block_1_96' title="bbox 2090 3774 3689 3852">
    <p class='ocr_par' dir='ltr' id='par_1_96' title="bbox 2090 3774 3689 3852">
     <span class='ocr_line' id='line_1_96' title="bbox 2090 3774 3689 3852; baseline -0.008 -13"><span class='ocrx_word' id='word_1_782' title='bbox 2090 3783 2296 3839; x_wconf 87' lang='lat' dir='ltr'><strong>malitia</strong></span> <span class='ocrx_word' id='word_1_783' title='bbox 2326 3780 2597 3852; x_wconf 90' lang='lat' dir='ltr'><strong>plurimos</strong></span> <span class='ocrx_word' id='word_1_784' title='bbox 2643 3779 2842 3834; x_wconf 79' lang='lat' dir='ltr'><strong>fratres</strong></span> <span class='ocrx_word' id='word_1_785' title='bbox 2889 3776 3143 3848; x_wconf 86' lang='lat' dir='ltr'><strong>acquirit,</strong></span> <span class='ocrx_word' id='word_1_786' title='bbox 3168 3785 3225 3830; x_wconf 89' lang='lat' dir='ltr'><strong>et</strong></span> <span class='ocrx_word' id='word_1_787' title='bbox 3274 3774 3379 3828; x_wconf 86' lang='lat' dir='ltr'><strong>hos</strong></span> <span class='ocrx_word' id='word_1_788' title='bbox 3436 3782 3689 3842; x_wconf 85' lang='lat' dir='ltr'><strong>peccato-</strong></span> 
     </span>
    </p>
   </div>
   <div class='ocr_carea' id='block_1_97' title="bbox 2089 3870 3680 3945">
    <p class='ocr_par' dir='ltr' id='par_1_97' title="bbox 2089 3870 3680 3945">
     <span class='ocr_line' id='line_1_97' title="bbox 2089 3870 3680 3945; baseline -0.009 -11"><span class='ocrx_word' id='word_1_789' title='bbox 2089 3895 2222 3934; x_wconf 87' lang='lat' dir='ltr'><strong>res:</strong></span> <span class='ocrx_word' id='word_1_790' title='bbox 2255 3885 2309 3932; x_wconf 87' lang='lat' dir='ltr'><strong>et</strong></span> <span class='ocrx_word' id='word_1_791' title='bbox 2341 3876 2458 3933; x_wconf 75' lang='lat' dir='ltr'><strong>lure</strong></span> <span class='ocrx_word' id='word_1_792' title='bbox 2498 3875 2613 3945; x_wconf 71' lang='lat' dir='ltr'><strong>ipsa</strong></span> <span class='ocrx_word' id='word_1_793' title='bbox 2655 3883 2784 3927; x_wconf 92' lang='lat' dir='ltr'><strong>tunc</strong></span> <span class='ocrx_word' id='word_1_794' title='bbox 2829 3872 2964 3926; x_wconf 88' lang='lat' dir='ltr'><strong>mihi</strong></span> <span class='ocrx_word' id='word_1_795' title='bbox 3015 3870 3216 3924; x_wconf 88' lang='lat' dir='ltr'><strong>fratres</strong></span> <span class='ocrx_word' id='word_1_796' title='bbox 3271 3875 3522 3937; x_wconf 88' lang='lat' dir='ltr'><strong>generat,</strong></span> <span class='ocrx_word' id='word_1_797' title='bbox 3555 3879 3680 3920; x_wconf 91' lang='lat' dir='ltr'><strong>cum</strong></span> 
     </span>
    </p>
   </div>
   <div class='ocr_carea' id='block_1_98' title="bbox 2089 3959 3697 4043">
    <p class='ocr_par' dir='ltr' id='par_1_98' title="bbox 2089 3959 3697 4043">
     <span class='ocr_line' id='line_1_98' title="bbox 2089 3959 3697 4043; baseline -0.011 -17"><span class='ocrx_word' id='word_1_798' title='bbox 2089 3972 2251 4043; x_wconf 77' lang='lat'><strong>961</strong></span> <span class='ocrx_word' id='word_1_799' title='bbox 2298 3967 2552 4024; x_wconf 83' lang='lat' dir='ltr'><strong>creverit.</strong></span> <span class='ocrx_word' id='word_1_800' title='bbox 2603 3964 2884 4034; x_wconf 88' lang='lat' dir='ltr'><strong>Siquidem</strong></span> <span class='ocrx_word' id='word_1_801' title='bbox 2940 3961 3158 4031; x_wconf 88' lang='lat' dir='ltr'><strong>quando</strong></span> <span class='ocrx_word' id='word_1_802' title='bbox 3218 3959 3509 4016; x_wconf 86' lang='lat' dir='ltr'><strong>exordium</strong></span> <span class='ocrx_word' id='word_1_803' title='bbox 3563 3966 3697 4013; x_wconf 86' lang='lat' dir='ltr'><strong>erat.</strong></span> 
     </span>
    </p>
   </div>
   <div class='ocr_carea' id='block_1_99' title="bbox 2093 4048 3688 4134">
    <p class='ocr_par' dir='ltr' id='par_1_99' title="bbox 2093 4048 3688 4134">
     <span class='ocr_line' id='line_1_99' title="bbox 2093 4048 3688 4134; baseline -0.01 -15"><span class='ocrx_word' id='word_1_804' title='bbox 2093 4061 2409 4134; x_wconf 72' lang='lat' dir='ltr'><strong>peccati-icis</strong></span> <span class='ocrx_word' id='word_1_805' title='bbox 2437 4059 2766 4120; x_wconf 87' lang='lat' dir='ltr'><strong>Jerusalem.</strong></span> <span class='ocrx_word' id='word_1_806' title='bbox 2799 4055 3028 4112; x_wconf 89' lang='lat' dir='ltr'><strong>necdum</strong></span> <span class='ocrx_word' id='word_1_807' title='bbox 3049 4053 3284 4109; x_wconf 89' lang='lat' dir='ltr'><strong>habebat</strong></span> <span class='ocrx_word' id='word_1_808' title='bbox 3315 4066 3561 4107; x_wconf 90' lang='lat' dir='ltr'><strong>sororem</strong></span> <span class='ocrx_word' id='word_1_809' title='bbox 3587 4048 3688 4105; x_wconf 90' lang='lat' dir='ltr'><strong>Sa-</strong></span> 
     </span>
    </p>
   </div>
   <div class='ocr_carea' id='block_1_100' title="bbox 2095 4145 3692 4226">
    <p class='ocr_par' dir='ltr' id='par_1_100' title="bbox 2095 4145 3692 4226">
     <span class='ocr_line' id='line_1_100' title="bbox 2095 4145 3692 4226; baseline -0.009 -16"><span class='ocrx_word' id='word_1_810' title='bbox 2095 4156 2351 4226; x_wconf 72' lang='lat' dir='ltr'><strong>mariam,</strong></span> <span class='ocrx_word' id='word_1_811' title='bbox 2375 4151 2604 4208; x_wconf 88' lang='lat' dir='ltr'><strong>necdum</strong></span> <span class='ocrx_word' id='word_1_812' title='bbox 2631 4151 2679 4206; x_wconf 91' lang='lat' dir='ltr'><strong>ei</strong></span> <span class='ocrx_word' id='word_1_813' title='bbox 2702 4159 3088 4220; x_wconf 81' lang='lat' dir='ltr'><strong>eratgermaua</strong></span> <span class='ocrx_word' id='word_1_814' title='bbox 3113 4145 3381 4202; x_wconf 90' lang='lat' dir='ltr'><strong>Sodoma:</strong></span> <span class='ocrx_word' id='word_1_815' title='bbox 3406 4159 3528 4199; x_wconf 89' lang='lat' dir='ltr'><strong>cum</strong></span> <span class='ocrx_word' id='word_1_816' title='bbox 3556 4153 3692 4196; x_wconf 91' lang='lat' dir='ltr'><strong>vero</strong></span> 
     </span>
    </p>
   </div>
   <div class='ocr_carea' id='block_1_101' title="bbox 2093 4239 3695 4319">
    <p class='ocr_par' dir='ltr' id='par_1_101' title="bbox 2093 4239 3695 4319">
     <span class='ocr_line' id='line_1_101' title="bbox 2093 4239 3695 4319; baseline -0.01 -15"><span class='ocrx_word' id='word_1_817' title='bbox 2093 4247 2360 4319; x_wconf 87' lang='lat' dir='ltr'><strong>processit</strong></span> <span class='ocrx_word' id='word_1_818' title='bbox 2389 4245 2442 4300; x_wconf 92' lang='lat' dir='ltr'><strong>in</strong></span> <span class='ocrx_word' id='word_1_819' title='bbox 2490 4243 2716 4308; x_wconf 84' lang='lat' dir='ltr'><strong>scelere,</strong></span> <span class='ocrx_word' id='word_1_820' title='bbox 2756 4251 2818 4296; x_wconf 91' lang='lat' dir='ltr'><strong>ut</strong></span> <span class='ocrx_word' id='word_1_821' title='bbox 2843 4239 3162 4310; x_wconf 55' lang='lat' dir='ltr'><strong>praeteritus</strong></span> <span class='ocrx_word' id='word_1_822' title='bbox 3207 4251 3394 4294; x_wconf 91' lang='lat' dir='ltr'><strong>sermo</strong></span> <span class='ocrx_word' id='word_1_823' title='bbox 3424 4245 3695 4290; x_wconf 89' lang='lat' dir='ltr'><strong>monstra-</strong></span> 
     </span>
    </p>
   </div>
   <div class='ocr_carea' id='block_1_102' title="bbox 2094 4326 3699 4407">
    <p class='ocr_par' dir='ltr' id='par_1_102' title="bbox 2094 4326 3699 4407">
     <span class='ocr_line' id='line_1_102' title="bbox 2094 4326 3699 4407; baseline -0.01 -10"><span class='ocrx_word' id='word_1_824' title='bbox 2094 4343 2196 4407; x_wconf 88' lang='lat' dir='ltr'><strong>vit,</strong></span> <span class='ocrx_word' id='word_1_825' title='bbox 2228 4341 2422 4398; x_wconf 87' lang='lat' dir='ltr'><strong>ell&#39;ecta</strong></span> <span class='ocrx_word' id='word_1_826' title='bbox 2441 4348 2526 4394; x_wconf 89' lang='lat' dir='ltr'><strong>est</strong></span> <span class='ocrx_word' id='word_1_827' title='bbox 2555 4336 2730 4392; x_wconf 89' lang='lat' dir='ltr'><strong>media</strong></span> <span class='ocrx_word' id='word_1_828' title='bbox 2776 4335 3002 4389; x_wconf 88' lang='lat' dir='ltr'><strong>duarum</strong></span> <span class='ocrx_word' id='word_1_829' title='bbox 3036 4346 3308 4396; x_wconf 88' lang='lat' dir='ltr'><strong>sorortun,</strong></span> <span class='ocrx_word' id='word_1_830' title='bbox 3341 4329 3573 4384; x_wconf 90' lang='lat' dir='ltr'><strong>senioris</strong></span> <span class='ocrx_word' id='word_1_831' title='bbox 3598 4326 3699 4383; x_wconf 89' lang='lat' dir='ltr'><strong>Sa-</strong></span> 
     </span>
    </p>
   </div>
   <div class='ocr_carea' id='block_1_103' title="bbox 2098 4420 3700 4500">
    <p class='ocr_par' dir='ltr' id='par_1_103' title="bbox 2098 4420 3700 4500">
     <span class='ocr_line' id='line_1_103' title="bbox 2098 4420 3700 4500; baseline -0.011 -9"><span class='ocrx_word' id='word_1_832' title='bbox 2098 4436 2308 4497; x_wconf 68' lang='lat' dir='ltr'><strong>marim,</strong></span> <span class='ocrx_word' id='word_1_833' title='bbox 2341 4443 2393 4486; x_wconf 90' lang='lat' dir='ltr'><strong>et</strong></span> <span class='ocrx_word' id='word_1_834' title='bbox 2428 4430 2665 4500; x_wconf 74' lang='lat' dir='ltr'><strong>iunioris</strong></span> <span class='ocrx_word' id='word_1_835' title='bbox 2689 4428 2962 4485; x_wconf 73' lang='lat' dir='ltr'><strong>Sodomze.</strong></span> <span class='ocrx_word' id='word_1_836' title='bbox 2985 4426 3131 4490; x_wconf 59' lang='lat' dir='ltr'><strong>Quae</strong></span> <span class='ocrx_word' id='word_1_837' title='bbox 3159 4433 3285 4477; x_wconf 88' lang='lat' dir='ltr'><strong>sunt</strong></span> <span class='ocrx_word' id='word_1_838' title='bbox 3319 4423 3437 4476; x_wconf 64' lang='lat' dir='ltr'><strong>istae</strong></span> <span class='ocrx_word' id='word_1_839' title='bbox 3465 4420 3587 4476; x_wconf 69' lang='lat' dir='ltr'><strong>dum</strong></span> <span class='ocrx_word' id='word_1_840' title='bbox 3611 4435 3700 4474; x_wconf 89' lang='lat' dir='ltr'><strong>so-</strong></span> 
     </span>
    </p>
   </div>
   <div class='ocr_carea' id='block_1_104' title="bbox 2097 4512 3694 4594">
    <p class='ocr_par' dir='ltr' id='par_1_104' title="bbox 2097 4512 3694 4594">
     <span class='ocr_line' id='line_1_104' title="bbox 2097 4512 3694 4594; baseline -0.009 -11"><span class='ocrx_word' id='word_1_841' title='bbox 2097 4542 2252 4583; x_wconf 90' lang='lat' dir='ltr'><strong>rores</strong></span> <span class='ocrx_word' id='word_1_842' title='bbox 2281 4523 2598 4594; x_wconf 75' lang='lat' dir='ltr'><strong>pcccatricis</strong></span> <span class='ocrx_word' id='word_1_843' title='bbox 2629 4518 2975 4576; x_wconf 82' lang='lat' dir='ltr'><strong>Jerusalem?</strong></span> <span class='ocrx_word' id='word_1_844' title='bbox 3031 4516 3278 4573; x_wconf 88' lang='lat' dir='ltr'><strong>Schisma</strong></span> <span class='ocrx_word' id='word_1_845' title='bbox 3334 4523 3390 4570; x_wconf 89' lang='lat' dir='ltr'><strong>et</strong></span> <span class='ocrx_word' id='word_1_846' title='bbox 3419 4512 3694 4582; x_wconf 86' lang='lat' dir='ltr'><strong>separatio</strong></span> 
     </span>
    </p>
   </div>
   <div class='ocr_carea' id='block_1_105' title="bbox 2021 4601 3700 4690">
    <p class='ocr_par' dir='ltr' id='par_1_105' title="bbox 2021 4601 3700 4690">
     <span class='ocr_line' id='line_1_105' title="bbox 2021 4601 3700 4690; baseline -0.008 -14"><span class='ocrx_word' id='word_1_847' title='bbox 2021 4601 2075 4660; x_wconf 83' lang='grc' dir='ltr'><strong>Ῑ)</strong></span> <span class='ocrx_word' id='word_1_848' title='bbox 2104 4619 2287 4690; x_wconf 88' lang='lat' dir='ltr'><strong>populi</strong></span> <span class='ocrx_word' id='word_1_849' title='bbox 2333 4616 2581 4672; x_wconf 82' lang='lat' dir='ltr'><strong>fecerunt</strong></span> <span class='ocrx_word' id='word_1_850' title='bbox 2633 4611 2958 4668; x_wconf 86' lang='lat' dir='ltr'><strong>Samariam.</strong></span> <span class='ocrx_word' id='word_1_851' title='bbox 3013 4609 3295 4680; x_wconf 87' lang='lat' dir='ltr'><strong>Siquidem</strong></span> <span class='ocrx_word' id='word_1_852' title='bbox 3339 4623 3405 4664; x_wconf 82' lang='lat' dir='ltr'><strong>eo</strong></span> <span class='ocrx_word' id='word_1_853' title='bbox 3455 4617 3700 4677; x_wconf 88' lang='lat' dir='ltr'><strong>tempore</strong></span> 
     </span>
    </p>
   </div>
   <div class='ocr_carea' id='block_1_106' title="bbox 2101 4703 3706 4773">
    <p class='ocr_par' dir='ltr' id='par_1_106' title="bbox 2101 4703 3706 4773">
     <span class='ocr_line' id='line_1_106' title="bbox 2101 4703 3706 4773; baseline -0.009 0"><span class='ocrx_word' id='word_1_854' title='bbox 2101 4733 2224 4773; x_wconf 89' lang='lat' dir='ltr'><strong>cum</strong></span> <span class='ocrx_word' id='word_1_855' title='bbox 2256 4717 2443 4770; x_wconf 90' lang='lat' dir='ltr'><strong>decem</strong></span> <span class='ocrx_word' id='word_1_856' title='bbox 2475 4712 2648 4767; x_wconf 89' lang='lat' dir='ltr'><strong>tribus</strong></span> <span class='ocrx_word' id='word_1_857' title='bbox 2676 4718 2959 4764; x_wconf 90' lang='lat' dir='ltr'><strong>cesserunt</strong></span> <span class='ocrx_word' id='word_1_858' title='bbox 2983 4708 3260 4762; x_wconf 86' lang='lat' dir='ltr'><strong>dicentes:</strong></span> <span class='ocrx_word' id='word_1_859' title='bbox 3293 4705 3414 4760; x_wconf 85' lang='lat' dir='ltr'><strong>Non</strong></span> <span class='ocrx_word' id='word_1_860' title='bbox 3447 4713 3521 4760; x_wconf 89' lang='lat' dir='ltr'><strong>est</strong></span> <span class='ocrx_word' id='word_1_861' title='bbox 3556 4703 3706 4758; x_wconf 83' lang='lat' dir='ltr'><strong>nobis</strong></span> 
     </span>
    </p>
   </div>
   <div class='ocr_carea' id='block_1_107' title="bbox 2101 4796 3701 4885">
    <p class='ocr_par' dir='ltr' id='par_1_107' title="bbox 2101 4796 3701 4885">
     <span class='ocr_line' id='line_1_107' title="bbox 2101 4796 3701 4885; baseline -0.008 -21"><span class='ocrx_word' id='word_1_862' title='bbox 2101 4828 2222 4885; x_wconf 83' lang='lat' dir='ltr'><strong>pars</strong></span> <span class='ocrx_word' id='word_1_863' title='bbox 2249 4812 2302 4862; x_wconf 90' lang='lat' dir='ltr'><strong>in</strong></span> <span class='ocrx_word' id='word_1_864' title='bbox 2335 4806 2530 4870; x_wconf 89' lang='lat' dir='ltr'><strong>David,</strong></span> <span class='ocrx_word' id='word_1_865' title='bbox 2561 4820 2654 4858; x_wconf 86' lang='lat' dir='ltr'><strong>uec</strong></span> <span class='ocrx_word' id='word_1_866' title='bbox 2701 4819 2811 4856; x_wconf 83' lang='lat' dir='ltr'><strong>sors</strong></span> <span class='ocrx_word' id='word_1_867' title='bbox 2857 4803 2910 4856; x_wconf 90' lang='lat' dir='ltr'><strong>in</strong></span> <span class='ocrx_word' id='word_1_868' title='bbox 2939 4801 3053 4871; x_wconf 84' lang='lat' dir='ltr'><strong>filio</strong></span> <span class='ocrx_word' id='word_1_869' title='bbox 3077 4799 3224 4855; x_wconf 76' lang='lat' dir='ltr'><strong>Iesse</strong></span> <span class='ocrx_word' id='word_1_870' title='bbox 3265 4799 3356 4871; x_wconf 88' lang='lat' dir='ltr'><strong>(Ill</strong></span> <span class='ocrx_word' id='word_1_871' title='bbox 3413 4798 3538 4868; x_wconf 79' lang='lat' dir='ltr'><strong>Reg.</strong></span> <span class='ocrx_word' id='word_1_872' title='bbox 3574 4796 3701 4870; x_wconf 78' lang='lat' dir='ltr'><strong>xu),</strong></span> 
     </span>
    </p>
   </div>
   <div class='ocr_carea' id='block_1_108' title="bbox 2105 4892 3706 4960">
    <p class='ocr_par' dir='ltr' id='par_1_108' title="bbox 2105 4892 3706 4960">
     <span class='ocr_line' id='line_1_108' title="bbox 2105 4892 3706 4960; baseline -0.009 0"><span class='ocrx_word' id='word_1_873' title='bbox 2105 4903 2234 4960; x_wconf 83' lang='lat' dir='ltr'><strong>tunc</strong></span> <span class='ocrx_word' id='word_1_874' title='bbox 2259 4903 2381 4958; x_wconf 68' lang='lat' dir='ltr'><strong>dum</strong></span> <span class='ocrx_word' id='word_1_875' title='bbox 2416 4915 2597 4956; x_wconf 83' lang='lat' dir='ltr'><strong>vaccae</strong></span> <span class='ocrx_word' id='word_1_876' title='bbox 2626 4912 2805 4952; x_wconf 69' lang='lat' dir='ltr'><strong>aurea:</strong></span> <span class='ocrx_word' id='word_1_877' title='bbox 2831 4897 3143 4951; x_wconf 67' lang='lat' dir='ltr'><strong>constituta:</strong></span> <span class='ocrx_word' id='word_1_878' title='bbox 3169 4903 3297 4949; x_wconf 91' lang='lat' dir='ltr'><strong>sunt</strong></span> <span class='ocrx_word' id='word_1_879' title='bbox 3325 4909 3356 4948; x_wconf 90' lang='lat' dir='ltr'><strong>a</strong></span> <span class='ocrx_word' id='word_1_880' title='bbox 3385 4892 3706 4957; x_wconf 77' lang='lat' dir='ltr'><strong>Jerohoam,</strong></span> 
     </span>
    </p>
   </div>
   <div class='ocr_carea' id='block_1_109' title="bbox 2105 4983 3709 5059">
    <p class='ocr_par' dir='ltr' id='par_1_109' title="bbox 2105 4983 3709 5059">
     <span class='ocr_line' id='line_1_109' title="bbox 2105 4983 3709 5059; baseline -0.011 -5"><span class='ocrx_word' id='word_1_881' title='bbox 2105 5007 2161 5054; x_wconf 88' lang='lat' dir='ltr'><strong>et</strong></span> <span class='ocrx_word' id='word_1_882' title='bbox 2203 4998 2339 5050; x_wconf 87' lang='lat' dir='ltr'><strong>facta</strong></span> <span class='ocrx_word' id='word_1_883' title='bbox 2372 5004 2455 5049; x_wconf 86' lang='lat' dir='ltr'><strong>est</strong></span> <span class='ocrx_word' id='word_1_884' title='bbox 2483 4991 2731 5048; x_wconf 89' lang='lat' dir='ltr'><strong>Samaria</strong></span> <span class='ocrx_word' id='word_1_885' title='bbox 2760 4990 2985 5044; x_wconf 85' lang='lat' dir='ltr'><strong>scissio:</strong></span> <span class='ocrx_word' id='word_1_886' title='bbox 3019 5003 3141 5059; x_wconf 68' lang='lat' dir='ltr'><strong>qua:</strong></span> <span class='ocrx_word' id='word_1_887' title='bbox 3174 4985 3343 5057; x_wconf 89' lang='lat' dir='ltr'><strong>magis</strong></span> <span class='ocrx_word' id='word_1_888' title='bbox 3378 4995 3499 5054; x_wconf 89' lang='lat' dir='ltr'><strong>post</strong></span> <span class='ocrx_word' id='word_1_889' title='bbox 3533 4983 3709 5053; x_wconf 88' lang='lat' dir='ltr'><strong>capti-</strong></span> 
     </span>
    </p>
   </div>
   <div class='ocr_carea' id='block_1_110' title="bbox 2107 5075 3714 5151">
    <p class='ocr_par' dir='ltr' id='par_1_110' title="bbox 2107 5075 3714 5151">
     <span class='ocr_line' id='line_1_110' title="bbox 2107 5075 3714 5151; baseline -0.007 -9"><span class='ocrx_word' id='word_1_890' title='bbox 2107 5090 2326 5144; x_wconf 88' lang='lat' dir='ltr'><strong>vitatem</strong></span> <span class='ocrx_word' id='word_1_891' title='bbox 2359 5086 2548 5142; x_wconf 85' lang='lat' dir='ltr'><strong>decem</strong></span> <span class='ocrx_word' id='word_1_892' title='bbox 2575 5083 2810 5139; x_wconf 91' lang='lat' dir='ltr'><strong>tribuum</strong></span> <span class='ocrx_word' id='word_1_893' title='bbox 2842 5080 3034 5151; x_wconf 90' lang='lat' dir='ltr'><strong>crevit,</strong></span> <span class='ocrx_word' id='word_1_894' title='bbox 3067 5078 3287 5150; x_wconf 88' lang='lat' dir='ltr'><strong>quando</strong></span> <span class='ocrx_word' id='word_1_895' title='bbox 3317 5075 3617 5132; x_wconf 54' lang='lat' dir='ltr'><strong>“custodes</strong></span> <span class='ocrx_word' id='word_1_896' title='bbox 3643 5075 3714 5130; x_wconf 88' lang='lat' dir='ltr'><strong>ab</strong></span> 
     </span>
    </p>
   </div>
   <div class='ocr_carea' id='block_1_111' title="bbox 2116 5232 3716 5312">
    <p class='ocr_par' dir='ltr' id='par_1_111' title="bbox 2116 5232 3716 5312">
     <span class='ocr_line' id='line_1_111' title="bbox 2116 5232 3716 5312; baseline -0.009 -16"><span class='ocrx_word' id='word_1_897' title='bbox 2116 5241 2242 5312; x_wconf 83' lang='lat' dir='ltr'><strong>legis</strong></span> <span class='ocrx_word' id='word_1_898' title='bbox 2273 5241 2418 5311; x_wconf 80' lang='lat' dir='ltr'><strong>farti,</strong></span> <span class='ocrx_word' id='word_1_899' title='bbox 2453 5238 2739 5312; x_wconf 66' lang='lat' dir='ltr'><strong>Samaritae</strong></span> <span class='ocrx_word' id='word_1_900' title='bbox 2763 5235 3050 5312; x_wconf 72' lang='lat' dir='ltr'><strong>nuncupati</strong></span> <span class='ocrx_word' id='word_1_901' title='bbox 3087 5241 3226 5312; x_wconf 77' lang='lat' dir='ltr'><strong>sunt.</strong></span> <span class='ocrx_word' id='word_1_902' title='bbox 3265 5232 3329 5285; x_wconf 83' lang='lat' dir='ltr'><strong>Et</strong></span> <span class='ocrx_word' id='word_1_903' title='bbox 3357 5239 3588 5312; x_wconf 62' lang='lat' dir='ltr'><strong>constat</strong></span> <span class='ocrx_word' id='word_1_904' title='bbox 3619 5237 3716 5312; x_wconf 64' lang='lat' dir='ltr'><strong>ta-</strong></span> 
     </span>
    </p>
   </div>
   <div class='ocr_carea' id='block_1_112' title="bbox 2117 5299 3715 5372">
    <p class='ocr_par' dir='ltr' id='par_1_112' title="bbox 2117 5299 3715 5372">
     <span class='ocr_line' id='line_1_112' title="bbox 2117 5299 3715 5372; baseline -0.008 -6"><span class='ocrx_word' id='word_1_905' title='bbox 2117 5299 2498 5372; x_wconf 24' lang='lat' dir='ltr'><strong>mimfnonvad</strong></span> <span class='ocrx_word' id='word_1_906' title='bbox 2531 5299 2969 5368; x_wconf 47' lang='lat' dir='ltr'><strong>cuatodicndam&#39;,</strong></span> <span class='ocrx_word' id='word_1_907' title='bbox 3013 5305 3106 5359; x_wconf 80' lang='lat' dir='ltr'><strong>sed</strong></span> <span class='ocrx_word' id='word_1_908' title='bbox 3139 5304 3206 5356; x_wconf 90' lang='lat' dir='ltr'><strong>ad</strong></span> <span class='ocrx_word' id='word_1_909' title='bbox 3257 5299 3574 5371; x_wconf 75' lang='lat' dir='ltr'><strong>replendum</strong></span> <span class='ocrx_word' id='word_1_910' title='bbox 3612 5299 3715 5354; x_wconf 84' lang='lat' dir='ltr'><strong>Ju-</strong></span> 
     </span>
    </p>
   </div>
   <div class='ocr_carea' id='block_1_113' title="bbox 2091 5372 3717 5450">
    <p class='ocr_par' dir='ltr' id='par_1_113' title="bbox 2091 5372 3717 5450">
     <span class='ocr_line' id='line_1_113' title="bbox 2091 5372 3717 5450; baseline -0.006 -15"><span class='ocrx_word' id='word_1_911' title='bbox 2091 5384 2314 5448; x_wconf 73' lang='lat' dir='ltr'><strong>.da3am,</strong></span> <span class='ocrx_word' id='word_1_912' title='bbox 2346 5391 2401 5436; x_wconf 90' lang='lat' dir='ltr'><strong>et</strong></span> <span class='ocrx_word' id='word_1_913' title='bbox 2443 5397 2548 5436; x_wconf 92' lang='lat' dir='ltr'><strong>non</strong></span> <span class='ocrx_word' id='word_1_914' title='bbox 2590 5382 2943 5450; x_wconf 81' lang='lat' dir='ltr'><strong>Assyriorum</strong></span> <span class='ocrx_word' id='word_1_915' title='bbox 2975 5383 3205 5450; x_wconf 81' lang='lat' dir='ltr'><strong>tantum,</strong></span> <span class='ocrx_word' id='word_1_916' title='bbox 3236 5374 3331 5450; x_wconf 71' lang='lat' dir='ltr'><strong>sed</strong></span> <span class='ocrx_word' id='word_1_917' title='bbox 3373 5372 3717 5450; x_wconf 63' lang='lat' dir='ltr'><strong>diversarum</strong></span> 
     </span>
    </p>
   </div>
   <div class='ocr_carea' id='block_1_114' title="bbox 2121 5442 3722 5522">
    <p class='ocr_par' dir='ltr' id='par_1_114' title="bbox 2121 5442 3722 5522">
     <span class='ocr_line' id='line_1_114' title="bbox 2121 5442 3722 5522; baseline -0.007 -14"><span class='ocrx_word' id='word_1_918' title='bbox 2121 5442 2339 5522; x_wconf 78' lang='lat' dir='ltr'><strong>quoque</strong></span> <span class='ocrx_word' id='word_1_919' title='bbox 2386 5455 2669 5507; x_wconf 88' lang='lat' dir='ltr'><strong>nationum</strong></span> <span class='ocrx_word' id='word_1_920' title='bbox 2702 5442 2958 5522; x_wconf 70' lang='lat' dir='ltr'><strong>colonias</strong></span> <span class='ocrx_word' id='word_1_921' title='bbox 3003 5447 3218 5522; x_wconf 51' lang='lat' dir='ltr'><strong>missas.</strong></span> <span class='ocrx_word' id='word_1_922' title='bbox 3270 5442 3636 5522; x_wconf 79' lang='lat' dir='ltr'><strong>Quamobrem</strong></span> <span class='ocrx_word' id='word_1_923' title='bbox 3664 5450 3722 5497; x_wconf 88' lang='lat' dir='ltr'><strong>et</strong></span> 
     </span>
    </p>
   </div>
   <div class='ocr_carea' id='block_1_115' title="bbox 2122 5516 3722 5593">
    <p class='ocr_par' dir='ltr' id='par_1_115' title="bbox 2122 5516 3722 5593">
     <span class='ocr_line' id='line_1_115' title="bbox 2122 5516 3722 5593; baseline -0.007 -13"><span class='ocrx_word' id='word_1_924' title='bbox 2122 5516 2408 5593; x_wconf 72' lang='lat' dir='ltr'><strong>Origenes,</strong></span> <span class='ocrx_word' id='word_1_925' title='bbox 2433 5535 2487 5579; x_wconf 89' lang='lat' dir='ltr'><strong>et</strong></span> <span class='ocrx_word' id='word_1_926' title='bbox 2518 5527 2606 5591; x_wconf 88' lang='lat' dir='ltr'><strong>qui</strong></span> <span class='ocrx_word' id='word_1_927' title='bbox 2635 5537 2757 5576; x_wconf 81' lang='lat' dir='ltr'><strong>eum</strong></span> <span class='ocrx_word' id='word_1_928' title='bbox 2789 5517 3241 5593; x_wconf 81' lang='lat' dir='ltr'><strong>secuti_pleriqne</strong></span> <span class='ocrx_word' id='word_1_929' title='bbox 3265 5516 3538 5593; x_wconf 66' lang='lat' dir='ltr'><strong>deinceps</strong></span> <span class='ocrx_word' id='word_1_930' title='bbox 3565 5522 3722 5580; x_wconf 89' lang='lat' dir='ltr'><strong>sunt,</strong></span> 
     </span>
    </p>
   </div>
   <div class='ocr_carea' id='block_1_116' title="bbox 2124 5586 3722 5657">
    <p class='ocr_par' dir='ltr' id='par_1_116' title="bbox 2124 5586 3722 5657">
     <span class='ocr_line' id='line_1_116' title="bbox 2124 5586 3722 5657; baseline -0.009 -6"><span class='ocrx_word' id='word_1_931' title='bbox 2124 5586 2263 5652; x_wconf 60' lang='lat' dir='ltr'><strong>falsb</strong></span> <span class='ocrx_word' id='word_1_932' title='bbox 2289 5586 2476 5656; x_wconf 82' lang='lat' dir='ltr'><strong>petunt</strong></span> <span class='ocrx_word' id='word_1_933' title='bbox 2504 5586 2902 5647; x_wconf 55' lang='lat' dir='ltr'><strong>a&#39;custodiendo</strong></span> <span class='ocrx_word' id='word_1_934' title='bbox 2953 5587 3282 5644; x_wconf 79' lang='lat' dir='ltr'><strong>Saniaritzmi</strong></span> <span class='ocrx_word' id='word_1_935' title='bbox 3335 5586 3570 5657; x_wconf 69' lang='lat' dir='ltr'><strong>nominis</strong></span> <span class='ocrx_word' id='word_1_936' title='bbox 3597 5593 3722 5657; x_wconf 73' lang='lat' dir='ltr'><strong>ety-</strong></span> 
     </span>
    </p>
   </div>
   <div class='ocr_carea' id='block_1_117' title="bbox 2125 5655 3720 5734">
    <p class='ocr_par' dir='ltr' id='par_1_117' title="bbox 2125 5655 3720 5734">
     <span class='ocr_line' id='line_1_117' title="bbox 2125 5655 3720 5734; baseline -0.008 -12"><span class='ocrx_word' id='word_1_937' title='bbox 2125 5655 2438 5731; x_wconf 76' lang='lat' dir='ltr'><strong>mologiam.</strong></span> <span class='ocrx_word' id='word_1_938' title='bbox 2472 5665 2730 5734; x_wconf 86' lang='lat' dir='ltr'><strong>Coarguit</strong></span> <span class='ocrx_word' id='word_1_939' title='bbox 2757 5660 3123 5734; x_wconf 62' lang='lat' dir='ltr'><strong>veroilloset</strong></span> <span class='ocrx_word' id='word_1_940' title='bbox 3157 5660 3306 5725; x_wconf 88' lang='lat' dir='ltr'><strong>locus</strong></span> <span class='ocrx_word' id='word_1_941' title='bbox 3347 5655 3574 5734; x_wconf 70' lang='lat' dir='ltr'><strong>lll_Re-g.</strong></span> <span class='ocrx_word' id='word_1_942' title='bbox 3605 5655 3720 5734; x_wconf 62' lang='lat' dir='ltr'><strong>svi,</strong></span> 
     </span>
    </p>
   </div>
   <div class='ocr_carea' id='block_1_118' title="bbox 2125 5728 3734 5808">
    <p class='ocr_par' dir='ltr' id='par_1_118' title="bbox 2125 5728 3734 5808">
     <span class='ocr_line' id='line_1_118' title="bbox 2125 5728 3734 5808; baseline -0.007 -15"><span class='ocrx_word' id='word_1_943' title='bbox 2125 5739 2218 5803; x_wconf 73' lang='grc'><strong>24,</strong></span> <span class='ocrx_word' id='word_1_944' title='bbox 2249 5728 2486 5808; x_wconf 83' lang='lat' dir='ltr'><strong>Emitque</strong></span> <span class='ocrx_word' id='word_1_945' title='bbox 2530 5728 2704 5808; x_wconf 65' lang='lat' dir='ltr'><strong>(Aturi</strong></span> <span class='ocrx_word' id='word_1_946' title='bbox 2752 5748 2849 5808; x_wconf 80' lang='lat' dir='ltr'><strong>rex</strong></span> <span class='ocrx_word' id='word_1_947' title='bbox 2897 5730 3084 5808; x_wconf 81' lang='lat' dir='ltr'><strong>Israel)</strong></span> <span class='ocrx_word' id='word_1_948' title='bbox 3132 5740 3359 5808; x_wconf 68' lang='lat' dir='ltr'><strong>montem</strong></span> <span class='ocrx_word' id='word_1_949' title='bbox 3405 5728 3664 5808; x_wconf 67' lang='lat' dir='ltr'><strong>Samaria:</strong></span> <span class='ocrx_word' id='word_1_950' title='bbox 3694 5744 3734 5808; x_wconf 59' lang='lat' dir='ltr'><strong>ts,</strong></span> 
     </span>
    </p>
   </div>
   <div class='ocr_carea' id='block_1_119' title="bbox 2130 5803 3733 5878">
    <p class='ocr_par' dir='ltr' id='par_1_119' title="bbox 2130 5803 3733 5878">
     <span class='ocr_line' id='line_1_119' title="bbox 2130 5803 3733 5878; baseline -0.011 -13"><span class='ocrx_word' id='word_1_951' title='bbox 2130 5810 2315 5864; x_wconf 51' lang='lat' dir='ltr'><strong>Somt’r</strong></span> <span class='ocrx_word' id='word_1_952' title='bbox 2355 5803 2555 5864; x_wconf 79' lang='lat' dir='ltr'><strong>duobus</strong></span> <span class='ocrx_word' id='word_1_953' title='bbox 2586 5807 2796 5862; x_wconf 83' lang='lat' dir='ltr'><strong>talentis</strong></span> <span class='ocrx_word' id='word_1_954' title='bbox 2842 5805 3074 5876; x_wconf 83' lang='lat' dir='ltr'><strong>argenti.</strong></span> <span class='ocrx_word' id='word_1_955' title='bbox 3107 5810 3155 5856; x_wconf 86' lang='lat' dir='ltr'><strong>et</strong></span> <span class='ocrx_word' id='word_1_956' title='bbox 3181 5803 3459 5878; x_wconf 63' lang='lat' dir='ltr'><strong>aedificavit</strong></span> <span class='ocrx_word' id='word_1_957' title='bbox 3510 5817 3648 5856; x_wconf 69' lang='lat' dir='ltr'><strong>eum,</strong></span> <span class='ocrx_word' id='word_1_958' title='bbox 3681 5805 3733 5849; x_wconf 67' lang='lat' dir='ltr'><strong>et</strong></span> 
     </span>
    </p>
   </div>
  </div>
