4100 6336
511 292 616 346 755

1727 323 1734 328 -
1758 289 1821 348 ὃ.
1867 289 2138 347 EUSEBII
2171 288 2566 346 lllERONYIII

3656 299 3744 355 73,6

509 406 752 478 Assyriis
775 404 842 460 ad
867 403 1083 462 isran-lis
1103 412 1311 460 terram
1342 405 1488 458 missi
1535 413 1683 470 sunt,
1717 407 1804 475 qui
1839 412 2105 470 vocantur
2132 410 2188 469 Α
2214 405 2384 474 fragili
2421 405 2639 460 vasculo
2696 406 3064 470 contineatur,
3119 414 3173 460 et
3219 407 3404 476 quibus
3454 413 3748 470 stercoribus

512 500 861 556 Sumat-itam.
895 498 1084 558 Somer
1109 499 1256 554 enim
1303 490 1477 554 custos
1512 496 1903 568 interpretatur
1924 497 2108 568 lingua

519 592 899 648 Hebraeorum.
932 592 1074 660 Ergo
1107 589 1194 661 (ut
1225 591 1406 644 dicere
1438 593 1733 660 coeperam)
1757 590 1988 646 necdum
2017 605 2111 643 so-

515 700 610 740 ror
627 698 748 738 mea
773 693 854 738 est
879 683 1145 752 Samaria,
1167 682 1422 752 quamdiu
1447 699 1474 734 a
1507 684 1744 752 peccatis
1768 682 1927 752 longe
1953 696 2070 738 sum
2094 701 2108 740 :

517 781 733 852 quando
757 795 885 835 vero
915 794 1238 850 peccavero,
1263 788 1510 832 crescunt
1540 777 1669 832 mihi
1711 777 1833 832 dua:
1865 791 2108 845 sorores,

513 876 695 931 senior
735 872 1006 938 Samaria,
1039 881 1094 926 et
1118 871 1306 941 junior
1331 869 1588 926 Sodoma.
1633 870 1766 937 Quae
1794 870 1948 940 cujus
1978 871 2112 939 ﬁgu-

515 982 630 1022 ram
659 967 882 1034 haheat,
921 964 1359 1022 consideremus.
1407 963 1745 1033 Quicumque
1781 965 2111 1032 promittunt

509 1064 679 1120 verba
705 1061 914 1125 divina.
943 1070 999 1116 et
1025 1075 1136 1116 non
1179 1059 1320 1114 sicut
1349 1059 1696 1128 pollicentur,
1737 1058 1938 1114 habent
1971 1058 2022 1112 in
2049 1073 2110 1114 se

514 1153 919 1225 praedicationis
951 1153 1254 1218 veritatem,
1293 1153 1347 1208 lii.
1380 1152 1436 1207 in
1471 1151 1767 1220 Scripturis
1809 1150 2112 1220 ﬁguraliter

515 1247 759 1304 Samaria
787 1247 1152 1302 nominantur.
1187 1246 1298 1310 Vm,
1323 1245 1518 1316 inquit,
1541 1244 1927 1314 spernentibus
1954 1245 2107 1310 Sion,

518 1351 572 1395 ct
589 1340 880 1396 ﬁdentibus
899 1340 951 1394 in
975 1348 1161 1396 monte
1175 1338 1436 1394 Samarizn
1456 1337 1633 1408 (Ant-os
1650 1337 1748 1407 vt):
1769 1335 2111 1401 vindemiasti

516 1433 850 1504 principatus
908 1433 1170 1498 gentium.
1229 1430 1396 1498 Quasi
1446 1428 1644 1484 dixerit
1689 1427 1838 1498 εγω
1891 1427 1974 1480 his
2017 1427 2110 1497 qui

517 1537 782 1598 spernunt
824 1525 1163 1592 Ecclesium,
1199 1533 1253 1578 et
1280 1522 1557 1578 conﬁdunt
1589 1535 1755 1589 super
1803 1519 2112 1590 arrogantia

511 1632 560 1677 et
605 1621 788 1678 verbis
839 1620 1172 1676 tumentibus
1215 1617 1618 1672 haereticorum.
1672 1614 1787 1668 Hoc
1830 1614 1978 1668 enim
2027 1620 2114 1667 est

510 1729 771 1784 spernere
795 1714 948 1778 Sion,
997 1721 1053 1768 et
1088 1711 1368 1766 conﬁdere
1413 1711 1470 1763 in
1517 1718 1703 1764 monte
1734 1708 2018 1765 Samaria.
2049 1706 2107 1764 Si

2217 497 2508 554 immersus
2533 499 2626 566 sit,
2655 509 2711 553 et
2741 499 2918 570 qualia
2960 513 3178 567 semper
3217 512 3551 570 purgamenta
3580 503 3641 560 de
3665 521 3752 563 sua

2213 605 2377 646 carne
2409 590 2688 660 projieiat?
2723 591 2860 659 Quid
2905 593 3055 646 enim
3085 592 3162 644 ait
3189 593 3493 662 Scriptura?
3531 595 3656 663 Quid
3675 592 3759 653 σνς’

2215 683 2375 754 perbit
2405 695 2540 738 terra
2562 692 2608 737 et
2637 684 2766 738 cinis
2797 683 2967 754 (Eccl.
2994 684 3086 753 x)?
3121 691 3175 738 et
3197 684 3246 738 in
3282 685 3384 739 vita
3414 686 3526 754 ejus
3553 688 3756 757 projccit

2215 774 2493 830 interanea
2520 759 2670 845 ejus?
2716 776 2989 846 Superbia
3031 777 3271 846 peccatis
3317 778 3556 832 omnibus
3605 781 3758 850 major

2213 878 2318 936 est,
2367 881 2420 923 ct
2459 871 2634 938 ipsius
2679 869 2880 924 diaboli
2933 870 3229 940 principale
3267 870 3425 942 ωε
3479 883 3755 940 peccatum.

2213 961 2273 1018 Si
2300 963 2515 1032 quando
2540 963 2822 1032 Scriptura
2853 962 3056 1018 diaboli
3086 974 3307 1032 peccata
3335 964 3599 1026 describit,
3625 967 3759 1023 inve-

2215 1056 2336 1111 nies
2383 1071 2449 1111 ea
2488 1057 2556 1112 de
2601 1058 2873 1127 superbiae
2906 1056 3057 1114 fonte
3108 1059 3398 1113 manantia.
3428 1059 3514 1114 Ait
3551 1062 3760 1132 quippe:

2226 1149 2427 1206 Viribus
2475 1153 2685 1222 faciam,
2728 1162 2776 1206 et
2807 1153 3064 1224 sapientia
3095 1153 3384 1208 intellectus
3407 1157 3629 1225 auferam
3655 1158 3765 1226 ﬁnes
3828 1175 3834 1184 '

2213 1243 2458 1316 gentium,
2493 1253 2537 1299 et
2566 1245 2874 1316 fortitudine
2903 1262 3080 1300 eorum
3103 1247 3377 1316 deposcat,
3412 1260 3456 1304 et
3483 1251 3764 1305 commovebo

2215 1338 2467 1401 civitates,
2492 1353 2608 1408 qua:
2636 1336 3019 1407 inhabitantur,
3043 1349 3090 1391 et
3117 1340 3288 1392 orbem
3330 1351 3573 1394 terrorum
3594 1343 3770 1396 unim-

2214 1446 2326 1482 snm
2357 1429 2812 1497 comprehendam,
2849 1439 2902 1483 nt
2934 1432 3134 1494 nidum,
3168 1439 3215 1484 et
3244 1433 3392 1502 quasi
3420 1436 3672 1503 confracta
3691 1451 3770 1486 ora

2213 1525 2446 1592 auferam
2469 1520 2627 1597 (lui.
2659 1524 2735 1591 χ).
2764 1522 2902 1579 Vide
2922 1538 3205 1580 sermones
3238 1524 3376 1594 ejus,
3403 1525 3664 1593 quomodo
3689 1541 3774 1580 su-

2215 1615 2364 1685 perbi
2409 1616 2540 1681 sint,
2591 1615 2866 1685 quomodo
2911 1625 3258 1687 arrogantes,
3307 1627 3360 1672 et
3409 1617 3646 1672 universa
3688 1631 3773 1688 pro

2217 1710 2390 1764 nihilo
2415 1709 2639 1766 ducant.
2664 1709 2823 1766 Tales
2848 1719 2973 1764 sunt
2996 1727 3188 1765 omnes
3211 1707 3509 1781 jactatione
3535 1720 3586 1767 et
3613 1725 3778 1780 super-

514 1823 644 1876 ergo
671 1821 959 1873 peccamus
986 1817 1033 1860 et
1072 1821 1171 1860 nos
1211 1803 1606 1871 Ecclesiastici,
1641 1818 1746 1858 non
1798 1813 1924 1858 sunt
1947 1817 1980 1856 a
2011 1817 2108 1858 no-
2141 1810 2188 1870 Β
2216 1804 2302 1860 hia
2333 1803 2531 1860 inﬁati.
2565 1792 2784 1859 Materia
2813 1805 3107 1874 superbire,
3141 1805 3369 1871 divitiae,
3399 1804 3642 1875 dignitas,
3671 1803 3776 1872 glo-

513 1899 592 1954 bis
639 1900 806 1956 alieni
858 1898 1102 1954 hzeretici
1151 1899 1206 1954 in
1256 1899 1572 1968 dogmatum
1621 1898 1914 1967 pravitate.
1969 1897 2111 1953 Male

507 1979 655 2050 enim
701 1993 898 2060 credit,
925 1994 1259 2064 quicumque
1287 2003 1497 2061 peccat.
1544 1991 1598 2048 Si
1631 1991 2108 2047 conversationem

510 2091 722 2167 malam.
739 2089 1028 2158 habemus,
1053 2089 1294 2146 Sodoma
1325 2103 1488 2144 soror
1517 2099 1705 2144 nostra
1727 2097 1832 2144 est.
1865 2085 2111 2143 Gentiles

512 2186 714 2256 quippe
737 2194 866 2241 sunt
893 2184 1151 2240 Sodoma.
1183 2187 1358 2252 Atque
1387 2181 1462 2236 ita
1493 2181 1689 2236 fratres
1719 2195 1909 2236 sumus
1936 2179 2110 2234 luere-

514 2280 747 2334 ticorum
777 2288 943 2348 atque
969 2279 1275 2348 gentilium,
1310 2276 1529 2343 quando
1551 2274 1953 2346 delinquimus;
1985 2273 2110 2343 quia

508 2369 752 2425 Samaria
781 2372 1046 2442 accipitur
1084 2369 1138 2426 in
1175 2366 1399 2433 bmresi,
1431 2377 1485 2422 et
1527 2365 1765 2420 Sodoma
1809 2365 1862 2418 in
1891 2365 2111 2434 gentili-

513 2469 644 2515 tate.
678 2461 898 2518 l-lahitat
921 2468 1150 2517 anteme
1182 2459 1423 2516 sinistris
1446 2457 1769 2529 peccatricis
1802 2455 2108 2514 Jerusalem

512 2552 780 2617 Samaria,
829 2552 1115 2608 a‘dertris
1174 2551 1437 2608 Sodoma.
1487 2549 1873 2604 llonorabilius
1905 2547 2110 2618 quippe

512 2646 651 2713 apud
685 2647 804 2700 eam
845 2655 1128 2716 peccatum
1159 2657 1244 2700 est
1287 2645 1433 2715 quod
1475 2646 1615 2700 facto
1641 2645 2021 2713 committitur,
2055 2652 2110 2699 et

419 2731 429 2740 ’
511 2736 636 2791 ideo
664 2752 694 2791 a
725 2736 936 2794 dextris
962 2737 1082 2807 ejus
1119 2737 1284 2808 962
1328 2736 1564 2793 Sodoma
1609 2747 1711 2792 est.
1761 2736 2110 2806 Rursumque

513 2845 613 2883 ncc
642 2830 884 2886 Samaria
919 2830 1076 2900 longe
1105 2842 1211 2896 est,
1243 2830 1366 2899 quia
1398 2846 1426 2884 a
1451 2811 1689 2886 sinistris
1716 2829 1835 2898 ejus
1861 2844 2108 2885 commo-

511 2933 684 2990 ratur,
719 2933 770 2976 et
807 2924 1142 2990 increpatur,
1181 2913 1306 2992 quia
1339 2921 1698 2976 ambulaverit
1729 2935 1852 2976 cum
1894 2920 2110 2976 ﬁliabus

511 3027 566 3068 et
601 3016 879 3070 sororibus
912 3016 1026 3070 suis
1055 3015 1109 3069 in
1137 3015 1391 3074 omnibus
1422 3013 1819 3085 iniquitatibus,
1848 3022 1903 3067 et
1933 3013 2111 3068 iulans

519 3119 629 3166 tum
661 3109 1040 3178 ambulaverit,
1075 3117 1132 3164 ut
1159 3109 1499 3178 comparatio
1530 3109 1854 3166 delictorum
1884 3109 2004 3180 ejus
2049 3109 2113 3172 i1-

2217 1899 2295 1954 ria
2327 1898 2624 1954 sa-cularis.
2655 1899 2998 1968 Frequenter
3026 1913 3188 1951 causa
3221 1898 3491 1968 superbiat
3513 1906 3589 1952 est
3607 1897 3675 1962 ei,
3701 1896 3780 1966 qui

2216 1993 2430 2063 ignorat
2457 1993 2657 2049 habere
2705 1993 3146 2049 Ecclesiasticam
3189 1993 3530 2062 dignitatem,
3555 1990 3782 2046 sacerdo-

2218 2087 2341 2141 talis
2392 2085 2551 2154 ordo,
2580 2092 2634 2140 et
2667 2085 2948 2140 Leviticus
2985 2085 3212 2155 gradus.
3262 2085 3460 2152 Quanti
3509 2078 3814 2154 presbyteri

2215 2181 2491 2236 constituti
2515 2179 2668 2233 obliti
2696 2187 2824 2234 sunt
2871 2179 3231 2233 humilitatis:
3283 2178 3433 2248 quali
3464 2178 3657 2232 idcirco
3683 2176 3783 2230 iue-

2216 2275 2324 2328 rint
2349 2272 2609 2344 ordinati,
2641 2282 2698 2325 ut
2725 2270 2959 2326 lmmiles
2999 2286 3122 2326 esse
3158 2271 3518 2326 desisterent.
3547 2268 3677 2337 Quin
3704 2283 3786 2335 po-

2215 2367 2328 2420 tius
2367 2363 2724 2419 bumilitatem
2767 2365 2921 2434 Sequi
2967 2363 3296 2426 debuerant,
3328 2364 3454 2432 quia
3499 2361 3786 2432 dignitatem

2215 2457 2428 2513 fuerant
2455 2458 2755 2521 consecuti,
2808 2457 3026 2514 dicente
3065 2457 3355 2528 Scriptura
3391 2475 3404 2510 :
3453 2455 3650 2522 Quanto
3693 2467 3790 2506 uto-

2215 2570 2348 2624 gttus
2374 2557 2400 2622 f
2401 2553 2562 2618 ueris,
2589 2561 2731 2606 tanta
2747 2552 2970 2608 humilia
2989 2563 3036 2607 te
3061 2557 3258 2625 ipsum.
3280 2553 3351 2607 Et
3373 2552 3622 2606 dilectqu
3637 2547 3788 2619 Syna-

2214 2661 2367 2715 gogte
2397 2656 2444 2698 te
2471 2644 2620 2712 facit,
2657 2645 2891 2700 nobilius
2919 2645 3180 2700 submitte
3207 2653 3376 2715 caput
3402 2653 3550 2698 tuum
3573 2661 3586 2697 :
3613 2643 3790 2696 ducem

2216 2747 2268 2792 te
2295 2737 2666 2804 instituerunt,
2699 2739 2809 2792 noli
2852 2737 3080 2798 elevari.
3116 2737 3230 2791 noli
3271 2740 3390 2791 ﬁeri
3423 2752 3491 2791 ex
3531 2738 3628 2798 eis,
3653 2731 3788 2804 quasi

2211 2849 2356 2887 unus
2385 2850 2449 2888 ex
2493 2834 2650 2903 ipsis.
2693 2833 2920 2904 Oportet
2966 2832 3257 2900 humilem,
3306 2841 3681 2900 oportet'esse
3706 2828 3790 2883 tle-

2211 2930 2441 2998 jectum,
2465 2938 2680 2998 oportet
2709 2929 2895 2999 fugere
2921 2929 3234 2998 superbiam
3266 2928 3537 2982 malorum
3571 2922 3790 2978 omnium

2215 3033 2396 3092 caput.
2427 3021 2721 3078 Considera
2763 3022 3114 3092 Evangelimn
3159 3022 3318 3091 quasi
3359 3016 3796 3074 condemnations

2223 3115 2483 3172 Pharisaei
2512 3115 2768 3186 superbia
2817 3126 2866 3170 et
2903 3114 3129 3183 jactatio
3168 3114 3427 3168 feriatur.
3460 3111 3645 3168 Stabat
3669 3107 3795 3164 Pha-

516 3205 687 3258 larum
739 3191 1050 3274 iniquitates
1102 3203 1292 3260 fecerit
1343 3203 1630 3274 justitiam.
1681 3201 1837 3259 Unde
1889 3213 2110 3274 oportet
2138 3203 2185 3270 C
2217 3210 2408 3266 risatus
2426 3220 2480 3266 et
2511 3209 2636 3266 talia
2659 3210 2799 3264 intra
2830 3221 2891 3264 se
2921 3207 3149 3262 orabat:
3178 3205 3562 3277 Deus,9rntius
3587 3217 3678 3272 ago
3695 3197 3795 3262 tibi,

509 3312 807 3368 agnoscere
845 3297 1162 3367 iniquitates
1206 3297 1592 3358 Sodomorum,
1645 3297 1956 3360 utedoctns
1986 3313 2109 3354 cus-

505 3391 706 3444 todiam
739 3405 825 3444 me
851 3389 921 3446 ab
946 3390 1044 3454 eis,
1080 3404 1182 3445 nec
1209 3389 1396 3458 capior
1427 3390 1793 3459 ignoratione,
1829 3405 1948 3460 qua:
1981 3400 2111 3448 sunt

509 3481 826 3551 iniquitates
852 3481 1238 3538 Sodomorum.
1280 3479 1640 3538 Verumtamen
1671 3481 1968 3549 iniquitates
2003 3484 2107 3538 So-

512 3577 679 3630 doma:
700 3576 900 3632 sororis
923 3584 1046 3634 tum.
1079 3573 1210 3642 Quae
1235 3573 1523 3650 iniquitas?
1553 3563 1838 3644 Superbia.
1875 3571 1938 3628 In
1965 3585 2111 3630 satu-

508 3673 664 3726 ritate
691 3689 891 3744 panum
942 3679 987 3724 et
1027 3672 1081 3726 in
1111 3661 1438 3728 abundantia
1467 3669 1754 3740 afﬂuebant
1801 3669 1932 3741 ipsa,
1964 3679 2014 3724 et
2043 3671 2110 3740 ﬁ-

509 3765 594 3820 liw
621 3767 754 3836 ejus,
779 3775 829 3819 et
861 3781 1070 3820 manum
1115 3767 1362 3838 pauperis
1400 3764 1681 3838 indigentis
1722 3781 1825 3818 non
1851 3765 2107 3852 suspicie-

513 3858 656 3910 bant.
691 3856 844 3922 Quod
871 3856 1158 3928 inn-qualia
1183 3856 1295 3910 sint
1322 3865 1548 3926 peccata
1576 3855 1876 3925 Scripturis
1910 3855 2111 3912 utenti-

509 3948 610 4002 bus
642 3947 773 4002 nulli
815 3947 1039 4002 dubium
1068 3955 1169 4002 est.
1204 3947 1321 4004 Alia
1365 3947 1567 4020 quippe
1589 3963 1807 4025 magna,
1847 3945 1953 4000 alia
2000 3946 2108 4004 mi-

511 4056 645 4095 nora
675 4041 742 4095 ab
771 4041 855 4096 his
876 4055 999 4096 esse
1039 4041 1313 4098 dicuntur.
1342 4040 1475 4098 Cum
1508 4051 1686 4102 autem
1717 4050 1842 4098 sunt
1865 4040 2108 4110 inaequa-

508 4132 607 4199 lia,
660 4133 761 4188 hoc
801 4140 906 4198 est,
965 4147 1150 4201 parva,
1198 4132 1282 4186 vel
1323 4133 1583 4201 maxima,
1637 4132 1866 4190 forsitan
1909 4131 2108 4202 aliquis

508 4225 771 4295 inquirat,
802 4224 946 4302 quod
983 4225 1126 4280 inter
1154 4223 1410 4280 universa
1457 4235 1675 4293 peccata
1724 4227 1796 4280 sit
1824 4223 2020 4295 majus,
2051 4234 2110 4282 et

507 4320 751 4390 proclive
776 4319 1091 4387 suscipitur,
1121 4318 1362 4374 omnium
1389 4330 1736 4388 peccatorum
1766 4332 1888 4376 esse
1907 4319 2102 4388 majus,

506 4415 624 4469 sive
663 4413 1101 4479 fornicationem,
1147 4414 1266 4468 sive
1309 4412 1729 4481 immunditiam,
1777 4412 1890 4469 sive
1936 4413 2106 4484 quod-

506 4520 738 4576 cumque
784 4506 1022 4562 libidinis
1069 4506 1560 4577 inquinamentum.
1613 4509 1758 4564 Sunt
1787 4507 2006 4578 quidem
2047 4515 2104 4564 et

2214 3300 2350 3371 quin!
2381 3319 2482 3356 non
2535 3319 2647 3355 sum
2693 3311 2744 3356 ut
2793 3301 3260 3369 cwteriltomittes,
3313 3308 3578 3371 raptores,
3625 3292 3794 3362 iniqui.

2214 3396 2464 3458 adulteri.
2500 3406 2546 3451 et
2577 3407 2629 3450 ut
2661 3397 2754 3450 iste
2785 3395 3141 3450 Publicanns:
3176 3399 3374 3468 jejuno
3408 3395 3484 3447 bis
3523 3394 3576 3446 in
3610 3389 3801 3444 sabbato

2217 3491 2370 3562 (Luc.
2389 3494 2520 3560 xvt).
2544 3493 2611 3545 At
2627 3505 2756 3546 vero
2779 3490 3124 3554 Publicanus,
3151 3487 3444 3543 humiliter
3464 3495 3518 3543 ot
3542 3489 3799 3539 mansuete

2215 3584 2429 3654 longius
2452 3593 2623 3648 stans,
2648 3599 2756 3640 non
2785 3591 2902 3636 erat
2927 3596 3090 3638 ausus
3120 3598 3302 3652 neque
3331 3581 3527 3636 oculos
3545 3581 3734 3641 levare,
3755 3580 3803 3628 et

2215 3675 2464 3732 dicebat:
2499 3675 2765 3748 Propitius
2790 3687 2918 3742 esto,
2951 3675 3108 3742 Deus,
3142 3675 3273 3730 mihi
3313 3675 3598 3748 peccaturi.
3637 3672 3692 3725 Et
3715 3670 3799 3722 de-

2213 3772 2422 3828 scendit
2446 3772 2498 3828 in
2526 3772 2744 3828 domum
2775 3787 2926 3826 suam
2960 3770 3296 3826 Publicanus
3323 3768 3673 3839 justiﬁeatus.
3696 3760 3801 3818 Non

2212 3864 2536 3934 simpliciter
2553 3864 2878 3933 justiﬁeatus
2898 3906 2912 3931 ,
2935 3861 3029 3918 sed
3049 3862 3392 3932 justiﬁcatus
3411 3856 3803 3930 comparatione
3830 3887 3834 3890 -

2212 3956 2494 4012 Pharisaei.
2518 3955 2897 4014 Observandus
2919 3958 3117 4028 quippe
3138 3965 3223 4011 est
3249 3953 3678 4027 diligentissime
3701 3962 3806 4004 etn-

2213 4051 2296 4106 nis
2326 4051 2622 4120 Scripturis
2644 4065 2850 4117 sermo,
2867 4050 3330 4120 ordo,junctura.
3349 4051 3516 4124 Aliud
3535 4043 3806 4116 estjustiﬁ-

2212 4143 2502 4208 cari,aliud
2529 4157 2594 4198 ex
2622 4143 2728 4198 alio
2749 4142 3055 4212 justiﬁcari.
3082 4143 3278 4198 Simile
3297 4155 3387 4199 eet
3415 4142 3760 4198 Publicaoum
3781 4149 3808 4188 ι

2211 4237 2486 4292 ΡΙιιιιὶεειιο
2508 4235 2860 4305 iustiﬁcatam
2886 4237 3048 4291 fuisse
3078 4235 3185 4303 illi,
3208 4238 3362 4304 quod
3387 4234 3630 4290 Sodoma
3654 4227 3807 4284 etSs-

2213 4328 2382 4384 maria
2410 4343 2477 4384 ex
2506 4329 2912 4398 comparatione
2935 4327 3255 4396 peccatricis
3288 4325 3607 4384 Jerusalem
3631 4319 3810 4392 justiti-

2207 4430 2340 4480 Catm
2354 4421 2567 4476 suut.Et
2584 4435 2809 4476 necesse
2823 4435 2900 4475 est
2917 4435 3014 4474 nos
3031 4419 3082 4476 id
3100 4420 3264 4483 scire.
3287 4421 3420 4490 quia
3441 4415 3805 4486 unusquisque

2208 4511 2819 4582 nostrumindiejudicii
2844 4512 2913 4566 ab
2926 4506 3811 4581 aliojustiﬁcetur.etabaliocon-

425 4603 431 4608 ’
506 4598 610 4652 ista
646 4614 770 4652 vero
817 4598 1198 4660 abominabilia
1241 4609 1405 4670 atque
1453 4599 1678 4670 polluta,
1711 4600 1806 4655 sed
1843 4615 1950 4656 non
1974 4601 2101 4656 talia
2131 4591 2184 4652 Ι)
2208 4596 3811 4672 demnetur.Etiamcumfuerimusjustiticatiexalio,justi-

505 4690 666 4760 quale
699 4689 816 4756 hoc,
851 4690 992 4761 quod
1027 4707 1167 4748 nunc
1195 4692 1264 4748 ab
1293 4693 1568 4765 Scriptura
1597 4693 1752 4764 quasi
1777 4693 1948 4764 majus
1978 4709 2098 4748 om-

505 4783 656 4840 nium
689 4784 1104 4851 condemnatur,
1130 4802 1158 4842 a
1199 4801 1309 4858 quo
1348 4802 1448 4844 nos
1490 4789 1783 4844 observare
1811 4789 2093 4846 debemus.

501 4876 655 4944 Quod
686 4892 815 4945 ergo
846 4887 930 4938 est
981 4889 1257 4949 peccatum
1302 4882 1477 4950 majus
1518 4881 1776 4938 omnibus
1821 4883 2096 4954 peccatis?

500 4974 689 5040 utique
719 4970 854 5030 illud
887 4979 1111 5042 propter
1136 4973 1302 5042 quod,
1334 4984 1386 5030 ct
1415 4974 1663 5034 diabolus
1685 4975 1909 5032 corruit.
1938 4977 2093 5046 Quod

499 5071 585 5118 est
607 5061 710 5120 hoc
739 5072 1021 5133 peccatum
1053 5063 1106 5118 in
1140 5079 1248 5133 quo
1272 5073 1414 5122 tanta
1448 5068 1758 5128 sublimitas
1787 5069 2002 5136 cecidit,
2037 5079 2095 5128 ut

497 5155 672 5210 elatus
705 5157 755 5210 in
784 5156 1044 5226 judicium
1089 5159 1292 5214 incidat
1339 5161 1580 5218 diaboli?
1625 5164 1716 5218 Ait
1754 5147 2088 5233 Apostolus:

498 5244 736 5320 Inﬂatio,
768 5249 1029 5320 superbia,
1071 5254 1374 5326 arrogantia
1403 5264 1669 5325 peccatum
1699 5256 1893 5311 diaboli
1928 5255 2092 5332 est(lI

499 5335 642 5394 Tim.
672 5340 752 5412 ttt)
782 5359 793 5396 :
844 5351 900 5398 et
928 5343 997 5398 ob
1037 5343 1381 5418 ltwc‘dgllcta
1427 5345 1492 5404 ad
1531 5355 1706 5404 terras
1736 5351 1987 5420 migravit
2019 5347 2090 5409 de

501 5431 662 5488 cteio.
695 5432 850 5490 Unde
871 5477 885 5502 ,
914 5434 1056 5492 Deus
1093 5438 1324 5509 superbis
1359 5426 1571 5508 resistii,
1605 5442 1883 5498 ltunn'libus
1917 5429 2116 5502 autem.

495 5522 841 5594 datgmtiam.
870 5527 934 5582 Et
955 5529 1085 5600 quid
1112 5532 1359 5602 superbit
1389 5543 1534 5588 terra
1559 5541 1615 5589 et
1643 5536 1805 5603 cinis,
1836 5547 1893 5591 ut
1923 5537 2087 5594 homo

495 5619 806 5684 arrogantia
836 5620 1176 5694 sublevetur,
1231 5623 1433 5682 oblitus
1471 5625 1598 5698 quid
1641 5629 1762 5697 erit,
1814 5640 1870 5687 et
1922 5645 2085 5702 quam

488 5799 688 5856 uacauit
732 5817 916 5860 nomen
958 5806 1203 5880 civitatis,
1272 5827 1430 5882 quam
1473 5822 1822 5885 eutruxerat,
1872 5816 2080 5874 nomine

2206 4698 2277 4754 tia
2311 4698 2396 4752 illa
2432 4713 2538 4754 non
2577 4707 2686 4752 tam
2712 4697 2910 4762 laudis,
2946 4712 3106 4768 quam
3134 4697 3398 4752 criminis
3430 4696 3560 4751 loco
3582 4691 3813 4765 ponitur.

2205 4791 2273 4847 Ut
2299 4801 2449 4862 puta,
2484 4791 2526 4845 si
2575 4790 2826 4848 inventus
2872 4779 3034 4844 fuero
3052 4788 3400 4844 Sodomitica
3451 4789 3658 4842 habere
3701 4797 3813 4854 pec-

2201 4894 2340 4951 cata,
2372 4893 2428 4940 et
2452 4885 2588 4940 alius
2619 4882 2969 4954 protrahatur
2998 4879 3162 4953 964
3190 4882 3238 4935 in
3293 4881 3574 4944 medium,
3603 4877 3696 4950 qui
3720 4874 3816 4932 du-

2198 4980 2357 5050 plicia
2417 4979 2623 5036 scelera
2678 4977 3034 5040 commiserit.
3094 4975 3377 5045 justiﬁcor
3429 4975 3685 5046 quidem,
3729 4969 3819 5026 sed

2197 5073 2463 5146 justiﬁcor
2495 5087 2600 5128 non
2641 5081 2700 5130 ut
2734 5070 2934 5138 justus,
2972 5083 3162 5124 verum
3196 5078 3256 5124 ut
3289 5083 3360 5123 ex
3397 5064 3816 5138 comparatione

2198 5169 2336 5239 ejus,
2371 5167 2460 5235 qui
2492 5169 2640 5237 plura
2673 5165 2970 5229 commisit,
3001 5163 3217 5233 judicor
3246 5163 3467 5232 justus,
3518 5179 3647 5217 cum
3675 5178 3705 5213 a
3742 5158 3820 5226 ju-

2181 5264 2343 5319 stitia
2375 5263 2530 5332 longe
2572 5261 2693 5314 sim.
2729 5259 2821 5314 Va:
2853 5259 2934 5314 illi
2970 5257 3198 5323 homini,
3250 5259 3349 5328 qui
3387 5273 3418 5312 a
3467 5255 3665 5312 multis
3693 5265 3818 5326 pec-

2193 5355 2470 5414 caloribus
2494 5353 2856 5426 justiﬁcatur:
2893 5362 2949 5408 ut
2979 5349 3295 5407 econtrario
3330 5353 3575 5408 multum
3609 5350 3817 5412 beatus,

2193 5449 2288 5519 qui
2317 5447 2732 5517 comparatione
2780 5444 3048 5514 iustorum
3071 5444 3248 5512 justus
3285 5442 3640 5498 ostenditur.
3667 5439 3820 5494 luve-

2195 5545 2374 5598 nlmus
2417 5543 2468 5595 in
2521 5540 2822 5610 Scriptura:
2871 5537 3122 5594 laudibus
3168 5536 3451 5609 positum,
3487 5538 3653 5592 bonis
3707 5545 3824 5590 esse

2194 5633 2480 5691 meliorem
2507 5652 2516 5688 :
2549 5639 2608 5688 ut
2639 5637 2790 5703 puta,
2823 5631 3006 5688 nullus
3045 5629 3120 5686 sic
3154 5627 3288 5688 fecit
3331 5640 3562 5688 rectum
3592 5636 3720 5686 ante
3753 5623 3824 5678 fa-

2188 5817 2374 5874 Somer
2403 5811 2861 5899 Dominiﬁontis,
2893 5812 3212 5872 Samariam.
