4128 6346
346 290 441 345 757
534 280 535 285 ‘

872 283 1311 341 TRANSLATIO
1353 282 1790 347 HOMILMBUM
1829 281 1960 345 Oﬂll

2066 282 2155 343 IIS
2193 283 2262 343 ΙΝ
2304 285 2774 346 EZECHIELEM.
2820 290 2983 347 H031.
3029 291 3120 348 IX.

3539 294 3645 348 758

343 408 477 459 ciem
506 402 741 470 Domini,
773 410 829 461 ut
859 401 970 467 ille,
1014 410 1066 463 et
1093 400 1206 465 me:
1238 398 1420 463 nullus
1447 397 1760 468 siopascha
1790 397 1935 452 cele-
1968 398 2012 468 Α
2044 397 2135 457 lud
2179 414 2369 459 verum
2396 400 2540 457 Solis
2575 403 2799 472 justitiae
2850 407 3183 476 resplendet,
3228 417 3284 463 et
3320 408 3530 465 clarum
3561 420 3647 464 est

343 497 514 553 bravit
544 505 602 551 ut
629 495 826 559 Josias.
862 495 936 549 Ex
971 509 1077 565 quo
1122 493 1437 553 ostenditur
1458 493 1937 561 comparationem

344 588 772 658 fierijusmrum,
806 598 859 642 et
888 588 1035 647 illum
1068 602 1198 643 vere
1222 602 1342 642 esse
1363 586 1600 656 justum,
1633 586 1725 656 qui
1758 584 1838 641 sic
1863 584 1953 655 ju-

344 682 561 741 stificari
589 691 881 737 mereatur.
910 681 1130 737 Utinam
1161 689 1213 735 et
1235 696 1335 751 ego
1359 680 1591 735 collatus
1617 679 1954 748 sapientibus

342 779 558 845 sapiens
582 775 847 845 reperiar,
870 783 921 827 et
939 774 1108 843 justis
1125 773 1341 844 judirer
1360 772 1561 843 justus!
1587 770 1724 826 Nolo
1748 770 1952 841 quippe

338 870 620 941 justiticari
646 870 712 931 ab
736 869 960 939 iniquis.
986 870 1112 938 quia
1141 868 1262 923 talis
1288 866 1495 937 justitia
1530 865 1822 921 criminosa
1846 874 1951 920 est.

344 965 467 1020 llzec
507 964 821 1032 anticipans
852 962 1066 1017 locutus
1111 976 1227 1016 sum
1262 961 1390 1030 quia
1439 960 1489 1015 in
1524 960 1610 1015 his
1640 974 1760 1028 qua:
1810 957 1950 1013 lecta

342 1067 486 1121 sunt,
545 1056 781 1112 dicitur:
842 1054 1156 1124 Justi/icasti
1191 1071 1394 1109 sorores
1440 1063 1555 1107 tuas
1605 1054 1657 1107 in
1715 1051 1950 1109 omnibus

342 1149 703 1221 iniquitatibus
748 1150 873 1213 tuis,
903 1165 1030 1221 quas
1074 1148 1241 1219 fecisti
1288 1146 1357 1214 (ll
1396 1145 1526 1200 Par.
1558 1143 1709 1214 xxv).
1739 1143 1947 1198 Justift-

345 1254 475 1298 catae
523 1252 649 1299 sunt
677 1243 820 1303 enim
847 1242 1088 1299 Samaria
1119 1250 1173 1295 et
1202 1240 1436 1295 Sodoma
1466 1254 1529 1294 ex
1567 1237 1951 1308 iniquitatibus

344 1336 669 1394 Jerusalem.
703 1335 764 1389 In
808 1335 1041 1389 omnibus
1069 1332 1427 1402 iniquitatibus
1463 1331 1589 1396 tuis,
1624 1346 1750 1399 quas
1784 1328 1949 1402 fecisti

344 1431 460 1489 illas
485 1446 638 1502 super
668 1440 733 1483 te.
767 1427 979 1489 Idcirco
1003 1427 1323 1497 diligentius
1346 1423 1714 1491 attendamus,
1743 1431 1801 1476 ut
1822 1436 1949 1493 pos-

345 1527 517 1583 simus
546 1538 867 1595 agnoscere,
901 1537 1097 1577 omnes
1129 1536 1231 1577 nos
1264 1521 1316 1575 in
1349 1518 1435 1574 die
1459 1517 1648 1589 judicii
1670 1533 1701 1579 a
1746 1516 1950 1587 pejoric

346 1620 443 1674 bus
498 1617 704 1675 nostris
745 1616 1150 1689 justificandos,
1198 1623 1252 1668 et
1300 1629 1518 1671 rursum
1552 1628 1582 1667 a
1618 1610 1777 1669 nobis
1808 1611 1945 1669 alios

340 1712 650 1784 iustificari.
685 1711 837 1769 Unus
886 1709 1036 1765 solus
1068 1719 1145 1763 est
1190 1708 1278 1778 qui
1308 1706 1638 1776 iustiﬁcetur
1669 1704 1737 1759 ab
1770 1704 1945 1767 omni-

2058 503 2183 548 ante
2226 485 2477 550 homines
2510 511 2522 548 :
2553 511 2688 575 cum_
2715 507 2893 554 autem
2950 500 3201 556 Christus
3256 504 3471 559 venerit
3519 516 3647 560 ante

2053 599 2175 640 eum
2200 631 2213 654 ,
2254 588 2721 645 contenebrescit.
2760 591 2971 647 Dicitur
2999 603 3055 647 et
3080 596 3210 649 alibi
3242 614 3253 649 :
3287 597 3404 651 Lua:
3426 599 3483 665 in
3511 607 3649 652 tene-

2053 678 2156 733 bris
2194 680 2325 734 lucet
2368 679 2549 751 (Joan.
2586 690 2649 753 t).
2698 683 2830 750 Quae
2875 697 2958 739 est
2991 687 3090 741 ista
3124 688 3235 754 lux,
3267 705 3391 760 qua:
3420 691 3563 745 lucet
3590 691 3647 746 in

2055 774 2335 828 tenebris?
2369 774 2646 835 Justorum
2679 777 2765 833 lux
2813 779 2866 833 in
2902 782 3139 847 tenebris
3165 784 3333 839 lucet.
3360 784 3421 848 lu
3451 786 3650 854 quibus

2054 866 2333 927 tenebris?
2369 866 2457 922 ubi
2490 876 2574 923 est
2600 869 2755 925 nobis
2796 878 3073 928 certamen
3107 876 3375 933 adversus
3407 886 3648 934 rectores

2052 959 2397 1017 tenebrarum
2433 962 2658 1016 istarum
2692 961 2854 1033 (Eph.
2894 967 2991 1033 vt).
3027 966 3151 1021 Haec
3194 970 3283 1037 qui
3322 969 3648 1041 diligentius

2053 1050 2374 1123 longiusque
2412 1053 2771 1122 discusserit,
2821 1073 2928 1113 non
2975 1061 3181 1128 poterit
3213 1062 3415 1130 inflari,
3442 1065 3647 1119 videns

2053 1145 2235 1200 lumen
2272 1162 2431 1221 suum
2457 1147 2520 1201 ad
2554 1151 3022 1213 conmarationem
3052 1152 3277 1221 majoris
3308 1155 3530 1217 luminis
3561 1165 3643 1210 te-

2052 1238 2250 1293 nebras
2282 1241 2542 1308 reputari.
2576 1242 2713 1307 Quid
2742 1251 2825 1297 est
2853 1244 3062 1312 justitia
3096 1261 3239 1307 mea,
3271 1247 3481 1300 etiamsi
3505 1248 3646 1301 Pau-

2050 1330 2138 1385 lus
2172 1330 2467 1400 Apostolus
2518 1331 2686 1387 fiam?
2722 1335 2849 1402 quid
2893 1335 3141 1401 castitas,
3167 1337 3380 1392 etiamsi
3410 1339 3652 1410 Josepb?

2051 1426 2176 1492 quid
2203 1425 2485 1493 fortitudo,
2518 1428 2738 1483 etiamsi
2770 1430 2935 1493 Judas
2977 1431 3319 1488 Machabazus
3345 1426 3643 1489 exsistam?

2051 1518 2178 1589 quid
2219 1519 2324 1573 alia
2370 1520 2544 1577 virtus
2591 1510 2899 1591 sapientiae.
2935 1525 3150 1579 etiamsi
3193 1525 3454 1581 Salomon
3484 1542 3647 1597 appa-

2052 1627 2224 1680 ream,
2265 1612 2330 1666 ad
2382 1617 2851 1683 comparationem
2918 1616 3033 1683 Dei,
3093 1628 3145 1672 et
3185 1618 3254 1673 ad
3321 1633 3512 1673 eorum
3556 1619 3649 1689 qui

2053 1704 2308 1761 meliores
2335 1707 2497 1760 sunt?
2520 1705 2687 1775 Ergo,
2719 1716 2777 1761 ut
2805 1708 2990 1763 dicere
3006 1724 3370 1779 coeperamus,
3394 1711 3650 1780 iniquitas

345 1806 461 1869 hos,
498 1813 552 1861 et
578 1803 697 1875 ipse
732 1803 937 1858 nullum
972 1800 1247 1871 iustificat.
1296 1799 1366 1856 Ut
1399 1808 1547 1869 puta,
1592 1796 1830 1853 Sodoma
1858 1796 1943 1865 ju-
1976 1787 2024 1857 Β
2046 1800 2326 1870 justificat,
2358 1800 2640 1870 etjusdtia
2675 1803 2904 1859 aliorum
2934 1805 3346 1874 comparatione
3385 1804 3650 1859 condem-

346 1897 610 1953 stiticatur
634 1896 702 1950 ab
731 1894 1055 1957 Jerusalem,
1087 1893 1210 1963 quia
1243 1892 1309 1946 ab
1334 1905 1392 1945 se
1416 1889 1774 1945 sceleratiora
1807 1902 1949 1943 eom-

342 1993 526 2047 misit:
556 2001 613 2045 et
646 1991 789 2044 forte
820 1986 1128 2044 Jerusalem
1158 1984 1225 2039 ab
1254 1984 1356 2037 alia
1378 1984 1580 2051 aliqua,
1614 1995 1738 2051 qum
1769 1994 1827 2033 se
1851 1994 1946 2048 pe-

337 2086 426 2156 jor
473 2090 577 2147 est,
610 2080 851 2137 civiiatc.
897 2081 987 2136 Sic
1041 2087 1125 2133 est
1180 2077 1399 2155 quidam
1445 2073 1827 2145 justificaudns
1881 2070 1947 2129 ab

342 2176 724 2241 Antichristo,
773 2176 864 2246 qui
917 2173 984 2239 ad
1032 2171 1184 2229 illum
1237 2179 1629 2247 comparatur,
1688 2174 1747 2220 et
1797 2164 1948 2220 illius

342 2272 631 2342 iniquitate
662 2284 725 2324 ac
775 2267 1079 2323 sceleribus
1131 2265 1312 2321 minor
1342 2260 1639 2339 reperitur.
1673 2258 1949 2323 Pessimus

340 2379 473 2419 vero
503 2362 720 2418 dmmon
752 2372 858 2426 est,
894 2370 946 2415 et
977 2360 1053 2430 (ιιι
1086 2356 1259 2431 aiunt)
1307 2356 1495 2417 miser,
1520 2352 1614 2427 qui
1646 2352 1713 2405 ab
1744 2352 1837 2405 illo
1863 2350 1953 2417 jn-

343 2458 645 2513 stificatur:
679 2454 822 2511 forte
848 2462 903 2509 et
930 2464 1084 2525 pater
1113 2452 1258 2507 illius
1281 2450 1348 2503 ab
1370 2463 1440 2504 eo
1464 2464 1570 2503 non
1594 2446 1948 2521 justiticatur,

344 2551 518 2604 multo
550 2549 644 2609 illo
672 2546 993 2603 sceleratior
1020 2552 1297 2617 repertus.
1334 2542 1599 2597 Dominus
1639 2554 1769 2594 vero
1799 2552 1952 2594 meus

296 2622 303 2629 ’
344 2644 508 2698 Jesus
535 2641 784 2703 Christus
806 2638 1135 2709 justilicatur
1163 2636 1314 2707 juxta
1345 2633 1809 2705 dispensationem
1838 2646 1955 2686 car-

353 2736 481 2804 nis,
533 2748 696 2804 quam
749 2708 819 2786 ob
875 2741 1117 2787 nostram
1166 2708 1835 2789 salutemicircumtulit,
1889 2724 1955 2779 ab

349 2829 647 2893 Abraham,
694 2826 761 2881 ab
807 2824 979 2892 Isaac,
1029 2824 1096 2878 ab
1139 2822 1333 2897 Jacob,
1382 2832 1434 2875 et
1482 2837 1512 2875 a
1556 2820 1788 2891 reliquis
1829 2835 1954 2889 pro-

352 2922 551 2990 phetis.
585 2919 813 2987 Quando
857 2918 1002 2983 enim
1056 2914 1311 2973 omnibus
1337 2915 1525 2985 justis,
1561 2923 1616 2968 et
1645 2911 1953 2987 pr0phetis,

350 3029 416 3069 ac
468 3013 665 3080 beatis,
699 3014 1003 3083 quibusque
1052 3009 1104 3079 in
1154 3008 1622 3079 comparationem
1657 3006 1837 3061 missis
1875 3006 1957 3065 in-

352 3109 569 3165 venitur
597 3108 928 3163 contrarium
960 3105 1105 3173 huic,
1138 3105 1283 3177 quod
1313 3104 1514 3159 dicitur
1545 3104 1612 3158 de
1643 3102 1878 3163 Sodoma
1904 3108 1958 3157 et

2054 1906 2163 1949 nat.
2189 1884 2399 1955 Idcirco
2429 1912 2441 1955 ς
2473 1894 2541 1949 Ut
2565 1896 2875 1967 justi/iceris
2898 1898 2950 1951 in
2972 1900 3294 1951 sermonibus
3319 1899 3439 1966 tuis,
3468 1908 3515 1951 et
3538 1898 3649 1951 vin-

2054 2007 2139 2045 cas
2161 2006 2276 2042 cum
2300 1989 2558 2059 judicaris
2588 1988 2759 2059 (Psat.
2796 1992 2882 2059 1.),
2915 1990 3114 2045 dicitur
3149 1993 3216 2045 ad
3248 1991 3441 2048 Deum.
3470 1991 3529 2047 Si
3558 2006 3645 2048 me

2054 2082 2165 2137 vult
2189 2082 2398 2141 salvare
2426 2081 2565 2136 Deus
2586 2096 2692 2139 non
2717 2081 2872 2139 aﬂ’ert
2892 2083 2943 2135 in
2961 2082 3228 2152 judicium
3252 2083 3433 2137 lumen
3458 2098 3614 2136 suum
3635 2098 3649 2135 :

2053 2175 2100 2230 si
2150 2174 2265 2227 vult
2294 2187 2418 2229 esse
2466 2173 2835 2240 incolumem,
2881 2192 2991 2230 non
3029 2176 3203 2230 defert
3255 2176 3439 2230 lumen
3490 2175 3654 2247 966

2052 2267 2260 2321 Christi
2293 2266 2378 2321 sui
2407 2285 2419 2321 :
2448 2268 2687 2335 alioquin
2716 2268 2904 2336 puniet
2933 2285 3053 2334 me;
3088 2268 3267 2324 defert
3304 2284 3436 2324 vero
3465 2270 3645 2324 lumen

2057 2363 2367 2427 minorum,
2438 2378 2763 2431 comparans
2834 2363 2966 2419 mihi
3027 2363 3321 2418 inferiores
3382 2378 3649 2433 quosque.

2056 2456 2269 2525 Quanto
2315 2454 2552 2524 amplius
2584 2455 2821 2523 majores
2851 2455 2979 2511 mihi
3005 2456 3371 2525 melioresque
3400 2455 3647 2510 contule-

2056 2550 2146 2615 rit,
2195 2558 2343 2605 tanto
2395 2549 2512 2617 plus
2557 2548 2735 2617 justus
2780 2564 2898 2615 ero,
2934 2549 2979 2604 si
3009 2549 3146 2604 illia
3178 2565 3264 2605 me
3304 2550 3505 2619 reperti
3536 2549 3654 2603 fue-

2058 2643 2169 2698 rint
2196 2645 2459 2703 minores.
2493 2641 2757 2701 Similitrr
2781 2652 2865 2697 est
2889 2642 3021 2697 illud
3054 2643 3380 2713 intelligere,
3410 2642 3553 2712 quod
3585 2641 3655 2695 ab

2058 2738 2322 2808 Apostolo
2368 2737 2562 2791 dicitur
2594 2752 2608 2791 :
2634 2736 2752 2790 Alia
2770 2736 2939 2808 gloria
2982 2737 3144 2813 solis,
3164 2738 3275 2791 alia
3292 2738 3462 2808 gloria
3492 2738 3652 2802 limae,

2060 2845 2107 2889 et
2129 2836 2234 2889 alia
2272 2833 2439 2904 gloria
2479 2832 2746 2887 stellarum
2767 2848 2785 2885 :
2809 2832 2960 2885 stella
2990 2834 3125 2885 enim
3152 2850 3186 2887 a
3213 2831 3366 2887 stella
3396 2830 3573 2897 diﬂ'ert
3598 2831 3653 2883 in

2060 2928 2298 2987 claritate
2324 2943 2342 2980 :
2373 2927 2448 2987 sic
2469 2926 2776 2981 resurrectio
2821 2934 3144 2979 mortuorum
3174 2925 3193 2992 (
3219 2924 3236 2978 l
3262 2923 3382 2978 Cor.
3410 2940 3505 2991 xv,
3533 2920 3650 2992 ΑΗ).

2063 3018 2223 3073 Verbi
2266 3017 2437 3088 gratia
2474 3034 2486 3071 :
2514 3016 2731 3087 fulgens
2765 3025 2818 3073 et
2869 3015 2998 3071 illud
3029 3015 3179 3070 sidus
3204 3030 3313 3069 non
3345 3016 3398 3070 in
3424 3029 3658 3083 conspe-

2060 3122 2148 3169 ctu
2202 3110 2485 3171 lucidioris
2539 3109 2735 3175 stellae,
2781 3108 2877 3167 sed
2930 3108 3264 3165 obscurioris
3318 3106 3658 3173 micat.Quis

353 3204 682 3269 Jerusalem,
753 3204 924 3275 magis
981 3201 1227 3271 glorifico
1291 3201 1625 3259 Salvatorem
1683 3204 1949 3253 nostrum.
1984 3185 2029 3255 C
2063 3217 2308 3263 nostrum
2366 3210 2548 3274 potest
2588 3203 2655 3265 ad
2701 3204 2877 3259 instar
2911 3201 3117 3270 fulgere
3146 3200 3333 3265 lunas?
3360 3201 3492 3267 Quis
3524 3200 3658 3261 ιιιεί-

358 3299 514 3368 Quod
547 3309 725 3357 autem
753 3297 877 3359 dico
922 3294 1227 3353 istiusmodi
1276 3303 1379 3361 est,
1424 3302 1480 3347 et
1522 3293 1631 3346 Deo
1662 3290 1952 3365 largiente,

360 3393 644 3448 orantibus
693 3390 880 3456 vobis,
928 3388 1185 3459 praebebo
1232 3387 1299 3441 de
1350 3385 1651 3455 Scripturis
1694 3383 1949 3451 explana-

366 3486 588 3541 tionem.
649 3481 802 3538 Fecit
860 3481 1097 3538 Sodoma
1144 3489 1477 3557 ρεικειιιιιιιιε
1536 3477 1780 3533 Samaria
1825 3490 1958 3545 quo-

362 3592 463 3648 que
516 3575 793 3647 peccavit,
816 3574 1187 3644 iniquitatibus
1236 3572 1432 3628 obruta
1481 3580 1563 3625 est
1608 3569 1955 3636 Jerusalem,

361 3670 524 3747 965
566 3670 660 3725 sed
698 3669 909 3725 minora
966 3676 1184 3735 peccata
1237 3682 1267 3721 a
1312 3665 1609 3737 majoribus
1653 3663 1959 3733 justitican-

362 3772 452 3817 tur
501 3763 601 3816 sub
648 3760 949 3831 exemplo,
1004 3774 1112 3830 quo
1143 3757 1379 3817 Sodoma
1420 3755 1757 3827 justificatur
1810 3770 1838 3809 a
1869 3769 1959 3807 so-

370 3872 495 3915 rore
526 3870 625 3911 sua
648 3854 973 3915 Jerusalem.
1010 3853 1297 3922 Quomodo
1322 3851 1486 3922 igitur
1514 3850 1772 3920 iniquitas
1796 3848 1957 3918 justi-

370 3951 528 4020 ficat,
584 3950 665 4005 sic
710 3946 1041 4004 condemnat
1100 3945 1397 4019 aliquando
1449 3945 1677 4015 justitia.
1736 3942 1958 4021 Verum,

368 4059 577 4115 quaso,
612 4051 866 4110 exspecta
896 4040 1202 4111 paulisper,
1234 4038 1408 4095 donec
1437 4037 1682 4093 docearis
1700 4034 1962 4105 quemad-

370 4137 589 4193 modum
635 4137 852 4201 dicatur
892 4134 1258 4191 condemnare
1284 4132 1518 4204 justitia.
1548 4132 1810 4201 Iniquitas
1841 4143 1961 4193 mea

365 4230 584 4299 justitia
616 4236 702 4284 est
728 4228 1139 4299 comparatione
1171 4225 1396 4295 majoris
1439 4224 1762 4299 iniquitatis.
1798 4224 1889 4277 Sic
1910 4232 1964 4283 et

367 4322 579 4393 jusmia
623 4336 742 4374 mea
794 4336 860 4375 ex
919 4321 1337 4388 comparatione
1388 4318 1703 4391 multiplicis
1740 4315 1966 4387 justitite

372 4415 629 4488 iniquitas
674 4422 976 4491 reputatur.
1028 4412 1327 4482 Propterea
1375 4429 1477 4466 non
1510 4410 1963 4482 justiﬁcabituriu

373 4520 651 4581 conspectu
677 4518 762 4564 tuo
799 4512 962 4563 omnis
997 4508 1161 4565 vivens
1192 4504 1370 4577 (Psal.
1403 4506 1591 4573 CXLII).
1620 4503 1807 4565 Fuerit
1839 4504 1970 4558 licet

2060 3290 2526 3359 diorisvsiderum
2586 3310 2878 3351 coruscare
2933 3294 3184 3351 lumine?
3236 3293 3547 3348 Secundum
3598 3293 3650 3346 id

2061 3394 2203 3464 quod
2237 3393 2498 3462 scriptum
2528 3400 2612 3447 est
2652 3391 2707 3444 in
2738 3388 3000 3445 Daniele:
3033 3387 3328 3459 Fulgebunt
3357 3389 3488 3443 sicut
3509 3386 3660 3451 stella

2062 3489 2114 3541 in
2156 3485 2348 3547 swcula
2387 3485 2548 3557 (Dan.
2575 3483 2690 3555 xu).
2726 3482 2795 3541 Et
2816 3482 2935 3539 hare
2958 3482 3180 3553 quidem
3206 3481 3525 3536 necessario
3549 3479 3659 3534 dise

2064 3581 2351 3651 putamus,
2400 3586 2458 3633 ut
2512 3577 2698 3647 procul
2738 3592 2765 3630 a
2791 3575 3045 3645 superbia
3078 3575 3402 3631 recedamus
3433 3591 3445 3626 :
3480 3571 3658 3628 Sodo-

2063 3674 2305 3727 miticum
2348 3671 2547 3741 quippe
2617 3678 2892 3739 peccatum
2950 3677 3033 3724 est
3087 3667 3303 3737 superbi
3372 3666 3652 3736 iniquitas.

2064 3764 2192 3820 Haec
2218 3762 2577 3823 Sodomorum
2627 3762 2831 3819 sororis
2862 3770 2964 3815 tum
2990 3759 3248 3829 superbia
3281 3758 3423 3815 unde
3466 3772 3658 3819 ιιιιδειιρ

2066 3868 2171 3921 tur,
2202 3867 2257 3912 et
2283 3871 2417 3927 quas
2440 3856 2637 3917 habeat
2654 3855 2890 3919 radices,
2908 3853 3149 3923 adjungit
3172 3870 3184 3907 :
3205 3851 3271 3906 In
3287 3853 3558 3907 saturitate
3575 3867 3665 3921 pa-

2066 3967 2211 4016 num,
2231 3959 2275 4011 et
2296 3949 2682 4013 inabumlantia
2700 3947 2983 4019 afﬂuebant
3007 3944 3160 4017 (Gen.
3189 3947 3337 4014 xui).
3362 3944 3421 3998 Si
3448 3944 3549 4000 soli
3579 3944 3665 3998 lit.-

2067 4053 2195 4098 tera:
2211 4042 2481 4110 attendas,
2497 4041 2664 4103 multa
2682 4040 3009 4102 abundantia
3022 4039 3321 4107 antiquitus
3338 4038 3390 4095 in
3412 4036 3666 4093 Sodomis

2067 4137 2186 4192 fuit.
2210 4137 2558 4207 Eratqoippe
2579 4146 2723 4190 terra
2744 4149 2937 4195 eorum
2963 4141 3023 4209 ut
3052 4133 3336 4203 paradisus
3368 4133 3485 4197 Dei,
3520 4142 3572 4187 et
3608 4140 3666 4189 ut

2072 4241 2212 4287 terra
2232 4230 2471 4301 Aigypti.
2490 4230 2545 4291 Si
2574 4238 2752 4293 autem
2773 4242 2803 4287 a
2829 4226 3030 4285 carnali
3065 4225 3343 4281 intellectu
3369 4226 3434 4281 ad
3458 4225 3672 4295 Spiritas-

2071 4326 2178 4383 lem
2200 4324 2609 4389 conscenderis,
2632 4334 2690 4383 ut
2711 4322 2893 4379 videas
2916 4320 3196 4393 quomodo
3223 4319 3473 4389 superbia
3502 4318 3667 4374 Sodo-

2072 4421 2355 4481 morumin
2382 4420 2669 4483 saturitate
2694 4432 2889 4486 panum
2922 4424 2975 4470 et
2994 4416 3050 4469 in
3068 4414 3395 4469 abundantia
3426 4413 3665 4481 fluxerit,

2075 4512 2365 4567 utilitatem
2394 4508 2578 4579 capies
2609 4520 2661 4562 et
2680 4508 2746 4561 ad
2771 4507 2896 4563 vita:
2923 4505 3188 4570 officium,
3214 4514 3268 4560 et
3290 4504 3358 4563 ad
3385 4504 3486 4561 alia
3516 4520 3669 4569 quia}:

370 4604 550 4675 justus
578 4600 872 4667 Abraham,
899 4609 953 4655 et
976 4599 1160 4669 justus
1200 4598 1432 4671 Moyses,
1460 4598 1642 4668 justus
1678 4597 1971 4666 unusquis-
1998 4582 2047 4653 ἔ)
2076 4604 2198 4659 dam
2261 4604 2469 4671 majora
2535 4599 2838 4670 majoribus
2890 4598 3234 4668 corrigenda.
3289 4598 3667 4667 Proponamus

378 4713 485 4767 que
538 4695 833 4755 illustrium
897 4692 1140 4748 virorum
1186 4712 1197 4746 :
1241 4691 1334 4745 sed
1392 4689 1459 4745 ad
1504 4690 1971 4758 comparationem

380 4784 584 4842 Christi
633 4803 736 4847 non
782 4767 907 4840 sunt
943 4784 1096 4855 justi.
1145 4783 1260 4837 Lux
1312 4798 1497 4837 eorum
1547 4797 1667 4836 cum
1701 4781 1819 4850 ejus
1854 4780 1977 4835 luce

383 4879 687 4951 composita
717 4876 966 4934 tenebrat
988 4868 1360 4947 reperiuntur.
1399 4876 1462 4929 Et
1489 4874 1765 4946 quomodo
1792 4874 1977 4939 lumen

386 4978 627 5031 lucernae
653 4974 720 5029 ad
752 4972 883 5028 solis
911 4972 1093 5027 radios
1116 4973 1462 5036 obscuratur,
1484 4968 1816 5025 etvelutalia
1834 4984 1979 5038 qum-

387 5069 512 5124 dam
542 5083 684 5123 caeca
706 5067 972 5147 materies
995 5064 1473 5121 contenebrescit:
1501 5064 1600 5141 sic,
1628 5064 1757 5119 licet
1776 5061 1980 5131 fulgeat

350 5184 353 5187 ·
386 5164 661 5235 iustorum
702 5162 941 5217 omnium
972 5162 1156 5221 lumen
1187 5168 1310 5214 ante
1346 5158 1616 5225 homines,
1664 5174 1771 5213 non
1803 5169 1981 5213 tamen

395 5259 562 5330 fulget
589 5267 715 5314 ante
730 5259 1031 5315 Christum.
1060 5258 1260 5315 Luceat
1278 5256 1479 5327 quippe
1506 5257 1690 5317 lumen
1717 5266 1980 5324 vestrum,

2077 4698 2309 4766 primum
2352 4694 2426 4761 id,
2472 4692 2615 4761 quod
2655 4700 2784 4753 ante
2830 4690 3033 4751 multos
3063 4690 3181 4749 dies
3218 4690 3415 4747 lectum
3458 4699 3561 4753 est,
3591 4687 3673 4745 di-

2079 4790 2242 4843 vitem
2284 4789 2537 4841 vestitum
2581 4787 2746 4854 bysso
2782 4793 2838 4839 et
2878 4799 3143 4851 purpura,
3177 4783 3426 4853 quotidie
3460 4782 3674 4845 deliciis

2083 4881 2411 4949 luxuriaque
2446 4878 2751 4943 laetantem,
2796 4884 2848 4930 et
2898 4875 3160 4939 Lazarum
3210 4877 3498 4935 vulnerum
3555 4875 3681 4935 tabe

2087 4984 2141 5028 et
2162 4959 2429 5028 vermium
2456 4969 2656 5041 pedore
2682 4968 3011 5031 confectum,
3036 4978 3394 5040 quaerentem,
3424 4968 3676 5033 solatium

2088 5067 2251 5129 fatalis
2287 5081 2429 5129 suae,
2477 5065 2673 5131 micas,
2720 5076 2843 5132 qua:
2884 5062 2950 5117 de
2976 5076 3163 5127 nteasa
3192 5061 3313 5129 ejus
3346 5059 3676 5123 decidebant

2088 5162 2245 5234 (Lar.
2290 5162 2432 5229 χιιι).
2474 5158 2795 5230 Opportune
2839 5164 3021 5211 autem
3061 5169 3203 5210 nunc
3240 5155 3293 5209 in
3334 5152 3684 5219 buuclocum

2090 5254 2397 5323 exemplum
2456 5250 2597 5317 istud
2656 5248 2882 5317 incidit,
2931 5258 2988 5302 ut
3027 5247 3370 5316 perspicuum
3405 5244 3500 5307 fiat
3556 5257 3684 5313 quis

2093 5346 2353 5417 iniquitas
2394 5344 2582 5399 divitis
2630 5342 2814 5399 fuerit.
2860 5340 3131 5415 Locuples
3187 5346 3325 5403 erat,
3370 5335 3686 5399 abundabat

2103 5442 2333 5499 deliciis.
2369 5438 2485 5494 Non
2519 5438 2664 5495 enim
2713 5436 2987 5491 accusavit
3036 5448 3158 5487 eum
3200 5430 3502 5500 Scriptura,
3526 5428 3686 5498 quasi

2100 5536 2319 5603 divitias
2347 5536 2399 5589 in
2434 5534 2719 5601 iniquitate
2753 5529 3055 5599 possederit
3089 5545 3100 5580 :
3132 5542 3243 5581 non
3280 5541 3402 5585 eum
3434 5525 3692 5589 crimina:

2107 5639 2192 5695 tus
2228 5639 2311 5683 est
2352 5642 2534 5681 sermo
2575 5624 2822 5695 divinus,
2874 5620 3019 5691 quod
3068 5617 3452 5681 meretricibus
3497 5617 3687 5685 dedit;

2108 5736 2213 5774 non
2252 5717 2615 5782 homicidam,
2663 5722 2752 5769 aut
2796 5713 2940 5765 aliud
2987 5706 3369 5782 quodcumque
3412 5709 3688 5769 scelerum

2107 5815 2420 5869 facientem.
2467 5810 2572 5868 Sed
2622 5810 2664 5865 si
2711 5806 3024 5865 consideres
3074 5806 3196 5873 hoc,
3246 5803 3392 5875 quod
3442 5803 3496 5859 in
3552 5818 3696 5875 prece

401 5370 507 5408 non
536 5353 861 5423 simpliciter
883 5352 1085 5406 dictum
1110 5358 1212 5413 est,
1247 5350 1340 5411 sed
1374 5351 1551 5407 luceat
1581 5359 1705 5406 ante
1736 5348 1987 5411 homines

400 5447 617 5520 (Matth.
645 5449 716 5518 v).
748 5446 892 5503 Ante
921 5444 1194 5501 Christum
1219 5460 1325 5505 non
1362 5453 1540 5515 potest
1569 5444 1748 5499 lumen
1783 5443 1992 5515 fulgere

395 5538 805 5613 justorum..Ut
854 5538 1110 5607 Splendor
1142 5526 1304 5604 lunae,
1347 5547 1402 5591 et
1454 5535 1708 5590 micantia
1741 5536 1863 5593 cmli
1912 5535 1990 5591 si-

403 5631 560 5701 dera,
607 5631 923 5701 priusquam
958 5632 1035 5685 sol
1073 5631 1285 5685 oriatur
1318 5629 1370 5682 in
1403 5629 1730 5683 stationibus
1761 5630 1876 5684 suis
1906 5646 1996 5689 ru-

408 5724 588 5788 tilant,
620 5734 743 5779 orto
769 5738 898 5778 vero
928 5723 1064 5785 sole,
1092 5722 1507 5778 abscondantur
1536 5740 1546 5775 :
1584 5723 1661 5777 sic
1685 5721 1867 5777 lumen
1894 5722 1997 5776 Ee-

408 5817 614 5883 clesia',
645 5826 704 5871 ut
734 5819 915 5874 lumen
951 5818 1112 5881 hunc,
1149 5819 1457 5889 priusquam
1478 5800 1685 5875 oriatur
1712 5820 1897 5880 lumen
1932 5817 1998 5877 il-
