4128 6346
426 267 532 327 759

1676 264 1735 321 s.
1780 258 2052 319 EUSEBll
2088 225 2477 317 ntanouvut

3544 234 3551 241 ’
3620 257 3725 315 760

430 388 573 445 senti
627 386 890 456 scriptum
943 391 1068 450 est,
1123 389 1179 436 et
1226 379 1361 435 illud
1409 379 1554 451 quod
1610 380 1662 433 in
1722 376 2019 448 Evangelio
2048 375 2171 439 Asi
2200 372 2436 429 divinum
2468 386 2777 429 sermonem
2814 371 3161 435 intellexero,
3206 372 3251 427 si
3274 370 3574 441 sapientior
3611 386 3719 428 cae-
3778 384 3781 387 λ

342 520 343 523 η
432 481 651 547 dicitur,
691 477 900 533 videbis
926 479 1048 547 quia
1072 485 1124 531 et
1154 475 1294 530 illius
1322 477 1615 549 maximum
1641 484 1921 544 peccatum
1950 473 2029 526 in-

434 585 517 630 ter
537 574 785 627 universa
809 581 1029 641 peceata
1053 570 1308 639 superbia
1335 568 1493 623 fuerit
1524 587 1534 621 :
1562 568 1616 622 in
1632 568 1915 623 saturitate
1940 582 2030 636 pa-
2082 640 2089 655 η

435 685 560 737 num
591 678 643 722 et
669 671 718 721 in
736 666 1066 721 abundantia
1086 666 1317 719 affluens
1337 681 1442 718 non
1467 662 2033 717 habuitmiserationis

430 761 679 816 affectum
700 760 766 827 ad
788 775 935 826 eum,
968 760 1199 829 quiante
1228 767 1412 828 portas
1434 755 1733 826 suas967
1756 753 2032 808 confectus

433 852 1139 922 ulceribttsjacebat:sedin
1172 860 1370 905 tantam
1403 850 1711 918 superbiam
1734 848 1906 901 elatus
1924 855 2030 912 est,

430 948 742 1017 deSpiciens
768 956 1173 1016 paupertatem:
1198 953 1376 999 utnon
1402 959 1520 998 cum
1529 952 1736 1013 putaret
1756 957 1931 1012 neque
1948 940 2033 995 in-

438 1040 675 1095 ferorum
746 1040 1033 1109 supplicia,
1095 1055 1269 1109 neque
1325 1038 1633 1092 communia
1683 1034 2034 1091 humanitatis

439 1133 561 1202 jura
590 1176 603 1199 ,
640 1135 763 1205 quia
802 1146 1081 1205 Oporteret
1113 1134 1387 1188 hominem
1431 1133 1669 1198 humana
1709 1146 1931 1198 sapere,
1981 1137 2039 1184 et

437 1229 492 1283 in
546 1229 739 1283 alienis
785 1229 1195 1305 calamitatibus
1229 1243 1326 1297 pro
1377 1226 1538 1281 simili
1588 1227 1905 1281 conditione
1951 1224 2035 1277 sui

440 1322 843 1392 quodammodo
886 1323 1153 1376 misereri.
1205 1321 1302 1374 Est
1344 1321 1509 1389 igitur
1547 1329 1601 1373 et
1630 1318 1780 1374 dives
1811 1318 1904 1372 ille
1930 1317 2037 1373 So-

438 1414 663 1468 domita.
707 1414 763 1468 Si
806 1416 949 1468 cnim
985 1415 1110 1468 talia
1145 1423 1301 1467 erant
1334 1423 1552 1482 peccata
1577 1406 1829 1468 Sodomae
1850 1453 1864 1477 ,
1897 1409 2033 1465 utin

443 1510 727 1564 saturitate
761 1525 957 1578 panum
981 1518 1037 1564 et
1065 1510 1117 1563 in
1139 1508 1467 1564 abundantia
1494 1508 1679 1575 fuerit,
1704 1508 1828 1562 talis
1856 1519 2037 1561 autem

442 1612 525 1656 est
547 1614 600 1656 et
622 1602 797 1667 dives,
831 1602 920 1672 qui
952 1603 1004 1656 iu
1040 1602 1334 1673 Evangelio
1360 1602 1719 1666 describitur,
1769 1601 1904 1656 nulli
1932 1592 2036 1655 du-

443 1692 592 1747 bium
624 1691 754 1762 quin
805 1692 961 1746 dives
1002 1693 1094 1747 ille
1126 1693 1408 1779 Sodomita
1455 1693 1544 1747 sit.
1591 1692 1877 1760 Quomodo
1938 1708 2039 1745 au-

2133 470 2265 525 teris
2312 469 2483 525 fuero.
2517 468 2756 543 Scientia
2780 469 2978 539 quippe
3016 466 3167 523 inﬂat
3189 465 3379 540 (lCor.
3414 466 3535 538 vni)
3570 485 3581 521 :
3611 482 3725 523 non

2131 581 2230 636 ego
2251 565 2398 633 dico,
2432 565 2525 619 sed
2557 564 2873 632 Apostolus.
2927 554 2997 617 Et
3041 563 3162 617 ideo
3185 577 3395 627 vereor,
3430 577 3498 617 ne
3524 569 3579 616 et
3608 562 3728 630 ipse

2132 662 2409 717 sustollar.
2448 661 2658 716 Dantur
2688 668 2744 715 et
2773 658 3105 714 charismata
3134 658 3201 712 ad
3250 657 3324 718 id,
3373 656 3514 726 quod
3566 671 3731 725 expe-

2134 756 2233 812 dit.
2261 755 2314 811 Si
2339 753 2405 809 ad
2433 753 2535 809 hoc
2557 754 2776 818 dantur,
2809 752 2955 823 quod
2976 751 3217 820 expedit,
3245 751 3361 819 quis
3385 758 3467 803 est
3515 748 3606 802 ille
3637 747 3725 802 cui

2137 865 2243 904 non
2274 848 2535 917 expedit?
2567 848 2630 901 Et
2661 862 2758 901 cur
2803 860 2913 900 non
2963 844 3241 913 espediat,
3305 842 3452 896 audi.
3501 840 3733 897 Inferior

2135 941 2337 997 sulﬁcit
2369 941 2738 1004 inﬂationem,
2774 948 2829 992 et
2874 936 3164 1008 quamdam
3220 937 3566 1007 placitionem
3620 934 3730 1005 sui,

2138 1036 2262 1090 dum
2292 1050 2351 1091 se
2377 1042 2528 1105 putat
2555 1036 2695 1089 inter
2726 1043 2957 1088 cmteros
2986 1031 3249 1086 eminere.
3278 1028 3436 1099 Smpe
3466 1029 3626 1098 igitur
3647 1041 3738 1082 sa-

2140 1131 2335 1187 turitas
2368 1145 2590 1199 panum,
2625 1138 2679 1183 et
2705 1126 3034 1183 abundantia
3071 1127 3294 1181 materia
3342 1133 3429 1179 est
3465 1138 3734 1192 arrogan-

2140 1227 2250 1283 tiae.
2283 1226 2444 1295 Saepe
2489 1234 2667 1278 autem
2696 1233 2751 1278 et
2779 1224 2846 1277 de
2875 1221 3249 1288 spiritualibus
3279 1219 3436 1274 donis
3463 1216 3737 1285 superbia:

2140 1323 2345 1378 crimen
2385 1320 2651 1386 exiiritur,
2710 1328 2764 1373 et
2810 1334 2919 1372 non
2950 1327 3033 1371 est
3084 1315 3377 1385 utrubique
3403 1315 3727 1368 discrimen.

2142 1411 2350 1466 Tantus
2378 1411 2458 1463 vir
2488 1408 2784 1480 Apostolus
2811 1408 3007 1463 Paulus
3032 1406 3401 1460 necessarium
3429 1404 3615 1457 habuit
3642 1416 3736 1457 co-

2144 1509 2360 1576 laphum
2390 1506 2564 1575 angeli
2595 1504 2809 1560 Satamr
2841 1514 2896 1557 ut
2922 1519 3044 1558 eum
3097 1500 3485 1571 colaphizaret,
3528 1515 3597 1553 ne
3628 1498 3736 1553 ele-

2144 1609 2362 1656 varetur
2409 1602 2635 1654 multum
2690 1596 2755 1669 (ll
2778 1595 2904 1652 Cor.
2939 1595 3039 1667 χιι)
3077 1596 3239 1662 :quia
3269 1609 3432 1648 orans
3459 1602 3516 1647 et
3542 1593 3736 1664 depre-

2145 1709 2275 1749 caus
2307 1692 2497 1757 Deum,
2553 1690 2868 1761 impetravit
2920 1706 3018 1758 pro
3047 1689 3231 1743 multis
3259 1678 3424 1757 sirpe,
3468 1686 3611 1755 quod
3642 1701 3736 1756 pe-

447 1792 555 1838 tem
584 1784 847 1850 Sodoma,
873 1795 927 1839 et
957 1786 1082 1839 lilia:
1110 1765 1471 1841 Sodomorum
1513 1786 1763 1855 superba:
1796 1785 2038 1859 fuerunt,
2072 1770 2121 1830 Β
2150 1790 2233 1845 ιίἱι
2270 1804 2431 1844 :cum
2464 1765 2643 1842 autem
2683 1786 2848 1841 etiam
2883 1800 2979 1853 pro
3027 1784 3130 1838 ltoc
3156 1783 3423 1852 petiiSset,
3467 1796 3567 1836 nec
3592 1789 3740 1837 esset

448 1878 586 1932 tales
634 1887 762 1931 sunt
808 1886 1129 1948 arrogantes
1178 1879 1376 1933 animm
1417 1886 1474 1933 et
1501 1878 1627 1932 lilia:
1656 1878 2042 1947 Sodomorum,

447 1984 805 2040 quaecumque
843 1972 1091 2025 nesciunt
1131 1971 1335 2025 dictum
1381 1989 1393 2023 :
1439 1970 1620 2025 Omnis
1660 1972 1749 2039 qui
1775 1988 1828 2025 se
1849 1970 2043 2025 exultat

442 2062 826 2127 humiliabitur,
858 2065 1003 2134 etqui
1024 2080 1077 2117 se
1099 2065 1337 2118 ltumiliat
1355 2064 1669 2118 exaltabitur
1692 2064 1849 2136 (Luc.
1871 2066 2042 2135 xvnt).

452 2155 567 2210 Hoc
625 2165 744 2210 erat
781 2157 831 2210 ei
873 2166 927 2211 et
968 2156 1186 2211 filiabus
1214 2157 1356 2227 ejus.
1386 2157 1594 2212 Dehinc
1625 2158 1871 2228 sequitur
1902 2156 2047 2211 aliud

448 2249 705 2305 Sodomae
742 2250 1003 2305 delictum
1028 2293 1041 2315 ,
1078 2252 1225 2321 quod
1254 2252 1520 2308 debemus
1550 2252 1760 2318 dicere,
1794 2266 1862 2306 ne
1896 2251 1948 2305 in
1977 2253 2052 2306 si-

446 2343 564 2398 mili
595 2344 824 2410 crimine
842 2345 1180 2414 reperiamur
1207 2364 1219 2398 :
1243 2345 1307 2399 Et
1332 2362 1538 2399 manum
1564 2345 1806 2418 pauperis
1821 2353 1867 2398 et
1895 2361 2050 2416 egen-

449 2435 515 2489 tis
552 2451 653 2488 non
699 2437 1028 2505 suscipiebat.
1053 2436 1370 2493 .Considera
1410 2436 1705 2508 diligenter
1743 2452 2035 2492 enumera-

454 2530 664 2584 tionem
682 2540 1030 2599 peccatorum
1054 2530 1331 2607 Sodomae.
1367 2532 1481 2603 Ego
1507 2533 1623 2601 ipse
1653 2533 1696 2586 si
1716 2530 1872 2601 juxta
1897 2532 2050 2587 vires

457 2640 607 2680 meas
636 2640 856 2680 manum
885 2626 1139 2695 pauperis
1170 2634 1226 2680 et
1252 2626 1463 2696 egentis
1496 2640 1602 2681 non
1636 2625 1919 2696 adjuvero,
1950 2625 2053 2681 So-

456 2719 773 2774 domitieum
816 2719 990 2773 habeo
1019 2720 1584 2790 peccatum.Sequitur
1610 2720 1717 2774 alia
1739 2720 2047 2775 accusatio:

461 2811 529 2865 Et
550 2810 763 2881 superbe
793 2811 1134 2881 gloriabatur.
1175 2813 1240 2867 Et
1280 2813 1507 2883 jactatio
1538 2812 1725 2883 gloria:
1747 2811 2048 2867 Sodomiti-

457 2921 581 2961 cum
616 2908 822 2961 crimen
853 2915 953 2961 est.
980 2900 1117 2962 Sunt
1144 2918 1324 2961 autem
1354 2908 1600 2978 quaedam
1633 2907 1888 2979 Egyptia
1922 2922 2055 2977 pec-

458 3008 599 3065 cata,
653 3000 899 3069 quaedam
946 2998 1470 3055 Sodomiticazsunt
1520 3001 1626 3055 alia
1684 3000 2042 3071 Babylonica,

461 3092 569 3146 alia
592 3091 842 3161 Assyria,
893 3092 997 3147 alia
1047 3092 1370 3162 Moabitica,
1427 3103 1479 3148 et
1527 3095 1630 3148 alia
1686 3093 2049 3161 Ammantica,

2147 1881 2291 1953 quod
2351 1880 2583 1949 petierat
2631 1890 2982 1943 consecutus,
3021 1876 3225 1930 dictum
3257 1884 3340 1930 est
3370 1874 3417 1928 ei
3460 1892 3482 1939 ηε
3525 1873 3737 1937 Sufﬁcit

2150 1975 2239 2028 tibi
2276 1976 2447 2045 gratia
2499 1989 2631 2040 utea,
2665 1975 2829 2025 virtus
2869 1972 3002 2025 enim
3034 1970 3088 2023 in
3117 1969 3422 2038 inﬁrmitate
3448 1966 3738 2039 perﬁcitur.

2149 2067 2578 2139 Oportetitaque
2601 2067 2791 2119 timere
2822 2079 2967 2131 eum,
3005 2063 3097 2133 qui
3128 2061 3303 2116 adhuc
3327 2062 3379 2115 in
3409 2074 3609 2130 genere
3638 2058 3737 2112 huc

2151 2174 2335 2227 mano,
2380 2172 2435 2216 et
2461 2161 2515 2215 in
2556 2159 2657 2214 hac
2685 2160 2942 2230 praesenti
2971 2158 3091 2212 luce
3116 2166 3391 2223 versatur,
3429 2170 3535 2209 non
3567 2153 3743 2207 solum

2151 2274 2235 2323 ea,
2265 2272 2385 2329 quae
2416 2257 2559 2312 bona
2585 2264 2844 2325 putantur
2883 2254 2937 2309 in
2984 2252 3208 2320 saeculo,
3267 2250 3362 2307 sed
3412 2250 3577 2304 etiam
3629 2261 3747 2318 qua:

2152 2365 2280 2406 vere
2305 2349 2443 2403 bona
2467 2357 2596 2403 sunt
2627 2366 2641 2402 :
2672 2351 2798 2417 quia
2818 2361 3023 2417 magna
3059 2359 3169 2399 non
3224 2356 3512 2414 possumus
3575 2349 3745 2394 susti-

2155 2457 2304 2497 nere.
2331 2440 2579 2504 Exhibco
2606 2440 2672 2495 ad
2715 2441 3093 2511 probationem
3136 2438 3425 2509 praesentis
3456 2434 3738 2490 sententia:

2156 2535 2440 2590 historiam
2477 2535 2670 2601 David,
2718 2536 2771 2590 in
2803 2550 2907 2604 qua
2938 2533 3306 2589 conscribitur
3330 2532 3382 2585 in
3416 2529 3600 2587 Uriam
3628 2545 3750 2585 eum

2155 2628 2501 2683 commisisse
2528 2639 2832 2698 peccatum.
2866 2628 3006 2682 Ante
3030 2625 3216 2682 Uriatn
3252 2624 3461 2679 nullum
3492 2623 3752 2677 delictum

2157 2722 2436 2791 reperitur
2464 2722 2516 2776 iu
2556 2721 2719 2777 David
2765 2739 2777 2774 :
2818 2721 3008 2777 beatus
3031 2718 3193 2773 homo
3221 2727 3361 2784 erat,
3393 2724 3447 2771 et
3468 2716 3586 2772 sine
3616 2729 3751 2786 que-

2158 2819 2273 2874 rela
2301 2819 2352 2871 in
2382 2824 2670 2884 couSpectu
2701 2815 2821 2869 Dei.
2864 2813 2999 2881 Quia
3041 2827 3169 2867 vero
3215 2811 3468 2866 conscius
3496 2810 3598 2865 sibi
3629 2810 3756 2864 vita:

2158 2912 2527 2967 immaculatrc
2551 2911 2764 2964 locutus
2789 2918 2872 2963 est
2900 2906 3043 2979 quod
3072 2922 3181 2962 non
3212 2906 3498 2968 debuerat,
3529 2904 3713 2959 dicens
3738 2920 3751 2957 :

2163 3004 2392 3071 Exaudi,
2418 3002 2660 3065 Domine,
2678 3001 2939 3073 justitiam
2964 3016 3153 3063 meam,
3175 2999 3384 3052 intende
3404 2996 3759 3065 deprecationi

2160 3114 2305 3164 ntere,
2339 3098 2553 3150 auribus
2583 3094 2788 3164 percipe
2832 3093 3114 3146 orationem
3145 3107 3309 3145 meant
3358 3107 3462 3144 non
3516 3091 3568 3143 in
3609 3087 3759 3142 labiis

464 3185 593 3251 Quis
624 3187 851 3256 sapiens,
885 3196 930 3241 et
958 3186 1203 3257 intelligit
1232 3188 1370 3241 ista?
1401 3197 1491 3241 aut
1514 3188 1628 3259 quis
1659 3189 1981 3261 intelligens,
2007 3200 2054 3243 et
2082 3166 2128 3230 θ
2164 3192 2396 3247 dolosis:
2427 3190 2489 3243 de
2537 3188 2681 3243 rultu
2712 3199 2799 3241 tuo
2821 3186 3084 3258 judicium
3131 3190 3317 3253 meum
3352 3187 3587 3256 prodeat,
3623 3183 3762 3238 oculi

402 3301 410 3309 -
467 3289 715 3348 agnoscet
740 3296 800 3333 ea
824 3278 967 3343 (Ose.
1001 3296 1150 3347 xxiv,
1178 3278 1307 3351 t0)?
1335 3281 1797 3351 Quotiescumque
1828 3282 2059 3351 legimus

458 3386 546 3437 ea,
578 3387 696 3441 quae
717 3372 785 3426 de
806 3372 1169 3427 Sodomorum
1188 3375 1546 3429 subversione
1572 3377 1881 3445 conscripta
1908 3385 2057 3444 sunt,

458 3479 566 3519 non
614 3465 881 3532 dicamus,
913 3466 1255 3522 miserabiles
1286 3467 1585 3523 Sodomitas
1608 3510 1623 3535 ,
1653 3484 1884 3539 quorum
1916 3470 2059 3524 ulte-

458 3556 570 3611 rius
606 3555 815 3612 fructus
867 3566 1011 3614 terra
1057 3574 1162 3614 non
1192 3558 1350 3614 affert
1382 3579 1392 3614 :
1423 3561 1763 3617 miserabiles
1793 3562 2057 3617 multum-

464 3666 570 3720 que
593 3650 910 3720 plangendi,
939 3652 1033 3717 qui
1059 3661 1164 3707 tam
1198 3652 1449 3722 lugubria
1471 3661 1526 3707 et
1549 3663 1653 3707 tam
1677 3654 1795 3708 dira
1820 3655 2060 3725 perpessi

472 3754 635 3810 sunt;
696 3746 824 3815 quin
870 3746 1051 3815 pctius
1082 3753 1465 3801 convertamus
1491 3746 1633 3802 hunc
1662 3748 1715 3801 in
1744 3748 1907 3803 corda
1956 3762 2060 3802 no-

474 3848 587 3893 stra
620 3853 953 3906 sermonem,
972 3849 1284 3894 scrutemur
1311 3856 1470 3895 renes
1497 3850 1550 3894 et
1574 3840 1936 3911 cogitationes
1966 3856 2065 3895 no-

470 3941 637 3999 stras,
669 3942 724 3988 et
757 3942 884 3988 tunc
911 3933 1222 3989 videbimus
1247 3949 1341 3989 eos
1365 3948 1499 4005 quos
1517 3935 1844 4005 plangimus,
1877 3934 1931 3989 in
1956 3950 2057 3989 no-

464 4031 549 4083 bis
593 4027 928 4084 intrinsecus
975 4029 1269 4097 contineri,
1318 4038 1373 4085 et
1428 4031 1553 4100 quia
1597 4030 1953 4097 Sodomitica,
2004 4039 2060 4085 et.

412 4108 413 4111 η
466 4121 741 4193 Εεγρῑίθ,
783 4130 861 4178 ειη
887 4124 1134 4192 Assyria,
1173 4132 1229 4177 et
1262 4122 1365 4176 alia
1392 4120 1644 4177 universa
1670 4132 1913 4193 peccata,
1937 4138 2059 4193 quae

432 4208 740 4286 castigans
784 4214 1058 4283 Scriptura
1110 4223 1418 4281 enumerat,
1469 4226 1756 4271 versentur
1788 4217 1843 4271 in
1874 4217 2052 4272 nobis.

466 4309 705 4364 Polliciti
724 4324 890 4378 supra
908 4322 1095 4363 sumus
1114 4307 1287 4378 majus
1308 4308 1511 4379 aliquid
1538 4309 1606 4365 de
1635 4308 1917 4379 Scriptura
1941 4310 2057 4364 dic-

459 4410 629 4457 turos.
660 4402 980 4458 Sodomrein
1008 4402 1293 4457 saturitate
1328 4404 1504 4472 panis,
1537 4413 1591 4458 et
1621 4403 1674 4458 in
1701 4404 2054 4471 abundantia,

462 4507 627 4567 atque
678 4497 924 4563 deliciis,
975 4506 1031 4551 et
1069 4498 1228 4552 istius
1261 4498 1407 4552 modi
1451 4503 1687 4567 peccatis
1718 4499 2056 4569 delinquenti

2166 3285 2240 3339 tui
2268 3284 2472 3337 videant
2514 3280 2781 3351 mquitates
2805 3295 2824 3334 :
2857 3279 3089 3349 probasti
3136 3295 3225 3332 cor
3252 3295 3444 3343 meum,
3467 3286 3513 3331 et
3539 3276 3761 3331 uisitasti

2166 3387 2336 3443 nocte,
2384 3377 2504 3447 igne
2551 3390 2631 3428 me
2671 3374 2998 3438 examinnsti,
3031 3381 3079 3427 et
3118 3389 3219 3425 non
3252 3381 3326 3425 est
3370 3373 3574 3425 inventa
3604 3372 3655 3424 in
3684 3386 3761 3425 me

2164 3472 2415 3551 iniquitas
2443 3468 2563 3539 (Ps.
2594 3468 2704 3538 xvt)
2735 3487 2747 3523 :
2776 3468 2943 3539 969
2962 3476 3017 3523 et
3049 3467 3165 3523 hmo
3186 3466 3344 3533 dixit,
3369 3466 3493 3535 quia
3525 3456 3760 3520 visitatio

2167 3565 2259 3619 Dei
2276 3574 2497 3634 pr0pter
2517 3562 2933 3629 conscientiam,
2954 3570 3006 3617 et
3023 3561 3147 3615 vita:
3171 3559 3558 3615 beatitudinem
3583 3558 3760 3613 eidem

2168 3667 2615 3728 praesentaretur,
2649 3665 2886 3712 tentatus
2914 3665 3018 3721 est,
3052 3667 3106 3711 et
3155 3655 3395 3709 nudatus
3422 3652 3649 3717 auxilio,
3705 3661 3761 3706 ut

2167 3753 2376 3808 videret
2426 3751 2553 3825 quid
2614 3752 2846 3805 humana
2881 3750 3050 3817 possit
3090 3749 3394 3804 infirmitas.
3448 3746 3760 3803 Recedcnte

2165 3846 2365 3916 quippe
2395 3834 2647 3912 prmsidio
2681 3844 2796 3909 Dei,
2830 3842 2922 3897 ille
2946 3842 3313 3906 castissimus,
3346 3841 3437 3895 ille
3465 3838 3758 3894 admirabi-

2166 3939 2232 3993 lis
2263 3939 2315 3993 in
2359 3938 2639 4007 pudicitia,
2666 3938 2755 4007 qui
2800 3937 3053 3992 audierat
3096 3953 3108 3989 :
3146 3935 3209 3991 Si
3247 3936 3427 3989 mundi
3464 3936 3761 4002 sunt’puet'i

2166 4036 2390 4100 maxime
2416 4050 2447 4086 a
2494 4032 2709 4087 muliere
2752 4031 2796 4104 (Ι
2821 4032 2978 4105 Reg.)
3036 4049 3071 4085 εί
3106 4040 3159 4085 et
3205 4038 3492 4099 acceperat
3544 4028 3759 4085 Eucha-

2167 4128 2377 4182 ristiam
2408 4128 2561 4196 quasi
2595 4127 2848 4203 mundus,
2884 4142 2991 4182 non
3026 4125 3197 4197 potuit
3229 4140 3607 4196 perseverare,
3668 4124 3761 4179 sed

2164 4221 2219 4277 in
2250 4237 2314 4276 eo
2340 4231 2597 4290 repertus
2629 4232 2711 4276 est
2736 4221 2984 4287 crimine,
3040 4221 3093 4298 in
3126 4235 3233 4290 quo
3263 4220 3368 4274 sibi
3399 4219 3552 4290 quasi
3581 4220 3759 4273 conti-

2164 4328 2301 4368 nens
2332 4314 2719 4382 applaudebat.
2767 4313 2969 4382 Siquis
3018 4327 3150 4383 ergo
3199 4313 3456 4385 conscius
3510 4312 3760 4382 puritatis

2165 4421 2278 4460 sua:
2307 4408 2547 4476 seipsum
2579 4408 2992 4476 glorilicaverit,
3052 4424 3160 4461 non
3194 4408 3407 4463 habens
3436 4410 3758 4463 memoriam

2166 4498 2312 4554 illius
2342 4500 2469 4554 dicti
2497 4517 2509 4553 :
2546 4501 2683 4566 Quid
2714 4511 2887 4555 autem
2916 4500 3071 4559 habes
3094 4502 3230 4570 quod
3258 4519 3361 4555 non
3391 4502 3671 4573 accepisti?
3716 4503 3760 4555 si

461 4590 549 4644 lex
603 4590 841 4659 loquitur
881 4608 894 4643 :
928 4590 1146 4644 Attende
1168 4590 1280 4655 tibi,
1314 4607 1377 4644 ne
1403 4591 1669 4645 comedens
1706 4600 1753 4645 et
1778 4591 1952 4645 bibens
1974 4608 2057 4645 re-
2083 4563 2139 4624 Β
2164 4605 2336 4651 autem
2389 4596 2653 4663 accepisti,
2716 4595 2842 4665 quid
2888 4595 3131 4665 gloriaris
3174 4597 3325 4665 quasi
3352 4613 3453 4678 non
3504 4596 3760 4663 acceperis

462 4683 652 4757 pletus,
672 4694 717 4737 et
749 4685 928 4737 domos
952 4685 1109 4737 bonas
1130 4684 1421 4752 ludiﬁcem,
1450 4684 1627 4738 ovibus
1678 4684 1780 4737 tuis
1816 4693 1863 4737 ct
1887 4685 2044 4738 bobus

467 4780 571 4832 tuis
599 4776 980 4847 multiplicatus
1004 4779 1118 4846 tibi,
1144 4788 1356 4849 argento
1387 4788 1434 4832 et
1456 4794 1585 4831 auro
1605 4778 1770 4849 968
1798 4779 2057 4849 multipli-

459 4885 605 4927 catus
631 4871 1256 4950 obliviscarisDominum
1309 4870 1496 4927 Deum.
1547 4873 1613 4925 Et
1644 4874 1696 4925 in
1745 4872 1850 4925 alio
1884 4874 2049 4939 loco:

458 4966 795 5022 Manducavit
850 4978 897 5021 et
949 4968 1093 5033 bibit,
1154 4976 1201 5019 et
1230 4976 1495 5019 saturatas
1526 4974 1601 5019 est
1630 4973 1676 5018 et
1705 4966 2048 5031 incrassatus,

456 5061 803 5115 recalcitravit
832 5059 1051 5113 dilectus
1078 5057 1262 5129 (Deut.
1288 5058 1489 5128 χχιιι).
1522 5056 1730 5111 Similia
1768 5057 1853 5110 his
1885 5057 2047 5111 Salo-

460 5169 590 5209 mon
622 5155 676 5209 in
733 5153 1047 5209 Proverbiis
1084 5154 1162 5207 ait
1193 5170 1204 5205 :
1236 5151 1523 5206 Constitute
1580 5150 1691 5223 [AL
1735 5153 2050 5225 constituite]

457 5246 585 5299 mihi
610 5257 779 5300 autem
808 5244 1099 5299 necessaria
1137 5252 1183 5297 et
1233 5244 1573 5314 sufﬁcientia,
1604 5252 1661 5297 ut
1689 5260 1792 5297 nou
1820 5244 2050 5312 repletus

458 5341 683 5394 mendax
704 5340 850 5408 ﬁam,
877 5350 922 5392 et
954 5339 1122 5391 dicam
1154 5354 1173 5391 :
1194 5336 1332 5404 Quis
1370 5339 1646 5392 me'vitlet?
1671 5348 1760 5390 aut
1784 5353 1937 5406 egens
1965 5338 2055 5406 {u-

451 5450 557 5499 rer,
589 5444 635 5488 et
657 5434 849 5503 jurabo
880 5450 1067 5488 nomen
1098 5431 1216 5487 Dei.
1256 5432 1701 5502 Simplicitcrque
1729 5433 2044 5498 dicendum,

448 5528 577 5597 quia
605 5527 740 5581 nihil
768 5528 845 5581 sic
894 5527 948 5581 in
1000 5527 1368 5596 arrogantiam
1428 5529 1641 5590 elevet,
1673 5533 1731 5579 ut
1759 5523 1966 5579 divitia:
1991 5532 2050 5579 et

451 5623 731 5701 saturitas,
764 5629 820 5677 et
846 5622 1000 5677 cibus
1028 5637 1193 5692 opum
1237 5622 1616 5692 plurimarum,
1648 5622 1884 5692 dignitas
1912 5635 2045 5692 quo-

448 5729 555 5786 que
601 5725 656 5770 et
687 5727 950 5786 potestas.
1009 5715 1104 5772 Est
1140 5728 1323 5781 autem
1348 5717 1512 5773 etiam
1544 5716 1611 5772 ad
1643 5716 1841 5771 altiora
1868 5724 2048 5772 trans-

449 5821 700 5881 gressum
725 5810 931 5881 videre,
960 5812 1089 5883 quia
1130 5811 1438 5882 superbiam
1469 5810 1781 5881 frequenter
1809 5810 2046 5868 nutriam

2166 4690 2210 4760 (Ι
2241 4691 2359 4744 Cor.
2386 4688 2487 4759 tv)?
2514 4690 2679 4761 970
2708 4688 3061 4760 relinquitur,
3089 4698 3142 4744 et
3164 4689 3459 4744 derelictus
3481 4689 3643 4745 discit
3667 4703 3763 4743 ex-

2150 4783 2487 4849 perimento,
2532 4782 2657 4850 quia
2682 4781 2735 4834 in
2770 4781 2854 4835 his
2888 4781 3045 4836 bonis
3086 4798 3316 4851 quorum
3349 4782 3453 4837 sibi
3508 4783 3762 4837 conscius

2121 4910 2127 4915 -
2159 4883 2295 4938 erat,
2311 4890 2417 4927 non
2434 4884 2543 4929 tam
2563 4876 2675 4942 ipse
2693 4874 2775 4928 sui
2793 4874 2998 4929 exstitit
3014 4890 3175 4929 causa
3189 4891 3347 4945 quam
3367 4874 3636 4945 l)cus,:qui
3660 4876 3764 4930 vir-

2159 4976 2330 5022 tutum
2362 4967 2600 5021 omnium
2630 4966 2751 5023 fons
2779 4976 2880 5024 est.
2902 4967 2980 5023 Ex
2999 4968 3190 5037 quibus
3204 4976 3427 5038 apparet
3442 4979 3495 5023 et
3511 4969 3765 5023 saturita-

2167 5070 2274 5114 tem
2289 5074 2510 5129 panum,
2536 5058 2743 5114 etdona
2764 5059 3025 5129 spiritalia
3038 5061 3085 5114 ei
3102 5061 3187 5128 qui
3207 5074 3275 5115 ea
3292 5075 3397 5115 non
3413 5061 3781 5135 potestsnsti-t

2169 5168 2319 5218 nere,
2352 5167 2616 5223 generare
2643 5144 2972 5222 superbiam.
2998 5153 3204 5209 idcirco
3222 5153 3492 5223 fugiamus
3523 5172 3550 5207 a
3582 5154 3761 5211 Sodo-

2167 5262 2254 5301 ma
2288 5260 2339 5302 et
2388 5248 2628 5316 peccatis
2663 5247 2781 5317 ejus
2812 5265 2824 5301 :
2854 5248 3125 5319 fugiamus
3154 5264 3183 5302 a
3216 5249 3461 5303 Samaria
3493 5258 3546 5302 et
3575 5249 3760 5302 crimi-

2164 5342 2344 5404 nibus,
2367 5342 2564 5410 quibus
2585 5342 2878 5415 castigatur
2902 5344 3095 5397 misera
3117 5342 3439 5407 Jerusalem,
3476 5350 3535 5396 ut
3556 5343 3607 5396 in
3641 5342 3759 5397 uni-

2162 5435 2333 5489 versis
2364 5434 2474 5489 Deo
2495 5435 2652 5490 nobis
2684 5435 3051 5491 fortitudinem
3083 5436 3453 5499 ministrante,
3485 5433 3760 5489 humilita-

2160 5538 2268 5585 tem
2299 5537 2353 5584 et
2376 5527 2639 5598 justitiam
2684 5542 3079 5599 consequamur
3106 5529 3156 5582 in
3202 5528 3419 5583 Christo
3445 5528 3573 5583 Jesu
3619 5547 3632 5583 :
3673 5531 3757 5585 cui

2158 5632 2241 5678 est
2268 5622 2435 5692 gloria
2461 5630 2515 5676 et
2537 5622 2822 5693 imperium
2847 5623 2898 5675 in
2926 5622 3123 5677 sacula
3168 5620 3515 5677 saacnlorum.
3561 5623 3758 5678 Amen.

2640 5714 2925 5771 llOMILlA
2973 5702 3254 5773 DECIMA.

2158 5810 2332 5883 Super
2359 5809 2727 5877 Ezechielem,
2780 5809 2849 5867 de
2903 5823 2969 5867 eo
2994 5811 3138 5882 quod
3172 5811 3437 5882 scriptum
3470 5823 3581 5870 est:
3607 5812 3752 5887 Ergo
