4128 6346
356 209 481 323 '76!
904 252 1347 326 TRANSLATIO
1383 249 1816 308 llOMlLlARUM
1854 242 2171 305 ORIGENIS
2210 244 2277 302 IN
2321 243 2788 302 EZECHIELEM.
2829 243 2990 302 ΗΟΜ.
3032 244 3101 300 Χ.
3156 240 3163 246 ’

3565 237 3673 298 762

456 392 502 437 ct
532 390 587 435 tu
612 375 946 447 confundere,
977 381 1023 429 et
1048 380 1194 444 porta
1215 368 1552 444 ignominiam
1580 378 1742 433 tuam,
1762 380 1962 438 usque:
1992 365 2044 425 Δ
2069 371 2291 437 guntur,
2315 370 2369 418 et
2390 344 2576 418 dolore
2593 361 2950 432 depositionis
2966 376 3078 417 suae
3098 358 3672 431 congregautpopulos

456 473 524 529 Et
551 470 807 527 suscitabo
829 485 917 540 ego
930 476 1287 521 testamentum
1304 480 1469 519 meum
1487 472 1650 517 tecum
1667 458 1962 534 (Cap.xvt).

451 568 614 641 969
659 564 896 620 Primum
927 562 1147 633 quidem
1180 570 1300 627 est,
1348 558 1555 611 nullum
1603 571 1739 625 opus
1790 553 1969 608 facere

381 660 716 719 confusionis
733 673 748 723 ;
765 654 857 711 sed
874 656 1051 709 omnia
1071 653 1221 720 talia,
1240 667 1358 722 qua?
1372 660 1595 720 possunt
1616 649 1781 703 Deum
1799 648 1967 702 libera

382 754 568 809 fronte
590 750 891 819 reSpicere.
930 748 1066 815 Quia
1097 761 1230 801 vero
1261 744 1343 817 (nt
1365 739 1637 812 homines)
1670 756 1815 812 saepe
1842 755 1968 811 pec-

377 859 592 912 camus,
644 841 921 897 sciendum
966 838 1288 905 secundam,
1345 847 1403 891 ut
1450 837 1519 890 ita
1545 835 1742 901 dicam,
1774 848 1964 888 navem

376 950 499 1011 post
523 936 866 994 confusionis
910 950 1078 1005 opera
1108 949 1233 989 esse
1270 934 1625 997 erubescere,
1650 940 1706 986 et
1725 948 1822 998 pro
1849 945 1968 985 sce-

373 1033 581 1089 leribus
626 1032 740 1085 suis
779 1028 1123 1085 verecundos
1177 1026 1365 1082 oculos
1397 1026 1658 1094 dejicere,
1688 1038 1863 1095 neque
1890 1024 1969 1079 sic

370 1125 588 1197 procaci
608 1125 756 1179 vultu
776 1119 1220 1189 incedere;quasi
1243 1118 1376 1174 nihil
1393 1118 1613 1173 omnino
1631 1116 1961 1187 peccaverit.

370 1220 580 1276 Bonum
610 1230 695 1274 est
720 1218 923 1288 quippe
965 1223 1088 1285 post
1108 1212 1441 1270 confusionis
1469 1227 1634 1280 Opera
1674 1208 1964 1266 confundi:

371 1313 497 1383 quia
541 1326 688 1380 saepe
744 1318 799 1364 et
846 1308 949 1363 hoc
1003 1305 1228 1361 malitia:
1276 1304 1472 1360 artifex
1504 1302 1845 1369 imperatur,
1897 1317 1966 1357 ne

288 1464 291 1465 ν
373 1414 632 1477 peccator
660 1403 727 1457 ad
758 1401 1136 1474 ptetiitentiant
1187 1398 1398 1460 redeat,
1450 1406 1505 1452 et
1546 1397 1623 1449 sic
1654 1405 1782 1465 agat
1810 1395 1965 1465 quasi

370 1501 548 1554 adhuc
572 1499 625 1554 in
653 1498 862 1568 iustitia
887 1503 1222 1566 perseveret.
1258 1493 1454 1547 Videre
1482 1506 1790 1561 possumus,
1813 1498 1870 1546 et
1898 1505 1965 1546 ex

367 1590 689 1663 quotidiana
721 1590 828 1644 vita
851 1589 1087 1655 discere,
1122 1586 1323 1641 multos
1362 1585 1640 1640 hominum
1688 1592 1810 1654 post
1840 1600 1964 1654 pec-

365 1694 487 1741 cata
515 1700 610 1739 sua
635 1700 741 1738 non
758 1683 938 1739 solum
964 1690 1068 1736 non
1092 1682 1303 1750 lugere,
1326 1680 1470 1751 quod
1494 1678 1759 1747 fecerunt,
1778 1693 1964 1734 verum

2074 459 2141 515 ad
2194 458 2431 514 schisma
2481 456 2811 523 faciendum,
2844 467 2899 513 et
2948 457 3241 512 sollicitant
3268 453 3669 511 multitudinem

2073 553 2458 625 malignorum,
2515 567 2621 605 nou
2674 550 2948 620 accipiunt
2986 549 3456 605 inhonorationem
3511 562 3669 604 suam

2072 647 2125 703 in
2159 645 2442 716 pra-senti,
2495 643 2591 699 sed
2624 642 2992 698 thesaurizant
3022 643 3122 698 sibi
3156 641 3464 697 thesaurum
3488 641 3542 696 in
3583 638 3673 696 die

2069 739 2184 794 iraa.
2235 740 2339 808 Qui
2389 750 2567 793 autem
2623 752 2744 791 cum
2797 736 2945 792 omni
2994 736 3291 792 humilitate
3341 737 3456 791 sive
3483 736 3666 806 digne,

2070 831 2840 901 siveindigne,.depositisunt,
2858 829 3239 896 Deojudicium
3259 828 3664 899 derelinquunt,

2070 934 2123 980 et
2150 925 2417 994 patienter
2448 924 2742 991 sustinent,
2781 922 2921 993 quod
2951 922 3016 977 de
3041 937 3100 977 se
3122 921 3416 991 judicatum
3449 932 3554 989 εει,
3578 920 3667 977 isti

2069 1027 2172 1073 eta
2206 1018 2316 1072 Deo
2348 1017 2775 1072 misericordiam
2827 1025 3249 1086 consequentur,
3279 1025 3332 1070 et
3355 1016 3671 1085 frequenter

2070 1112 2231 1168 etiam
2255 1113 2324 1166 ab
2349 1111 2660 1166 hominibus
2688 1120 3016 1167 revocantur
3040 1112 3091 1163 iu
3117 1109 3400 1179 pristinum
3439 1108 3666 1179 gradum

2070 1214 2125 1262 et
2158 1206 2209 1263 in
2232 1205 2462 1276 gloriam
2488 1221 2648 1274 quam
2680 1206 2997 1261 amiserant.
3033 1204 3283 1258 Doctrina
3312 1217 3443 1275 ergo
3462 1204 3667 1272 Optima

2070 1308 2183 1355 est:
2229 1298 2504 1368 quomodo
2543 1297 2647 1353 hoc
2685 1298 2829 1369 quod
2872 1297 3100 1352 dicitur:
3153 1297 3221 1350 Et
3245 1308 3301 1351 tu
3330 1296 3665 1365 confundere,

2069 1392 2148 1447 sic
2202 1400 2257 1447 et
2315 1392 2444 1446 illud
2493 1391 2638 1461 quod
2684 1392 2962 1461 sequitur:
3006 1389 3073 1444 Et
3105 1391 3282 1463 accipe
3328 1390 3668 1460 ignominiam

2069 1497 2229 1541 tuam.
2282 1487 2345 1541 Et
2380 1486 2493 1540 lucc
2530 1486 2675 1550 dico,
2736 1495 2791 1540 nt
2820 1486 3236 1557 profundiorem
3265 1484 3500 1555 aliquem
3543 1499 3670 1539 sen-

2070 1596 2188 1637 sum
2265 1582 2331 1636 de
2402 1580 2583 1634 futura
2658 1578 3076 1653 inhonoratione
3152 1578 3521 1646 interponam.
3582 1575 3669 1631 'Et

2073 1678 2143 1733 ibi
2191 1678 2390 1747 quippe
2441 1678 2547 1732 erit
2596 1676 2773 1745 aliqua
2807 1675 3100 1745 ignominia
3134 1675 3216 1729 his
3247 1718 3260 1739 ,
3307 1673 3397 1743 qui
3444 1672 3664 1744 dignum

364 1780 535 1835 etiam
585 1776 803 1847 procaci
854 1776 1029 1830 fronte
1090 1772 1388 1830 defendere
1455 1773 1706 1843 proprias
1751 1773 1961 1826 ruinas.
1995 1771 2206 1841 B0pus
2254 1769 2546 1841 ignominia
2591 1768 2856 1824 fecerant.
2914 1768 3189 1838 Siquidem
3235 1775 3522 1836 resurgeut
3576 1763 3669 1819 alii

364 1871 585 1927 Grande
618 1872 798 1940 itaque
856 1864 1180 1929 beneficium
1224 1868 1276 1921 in
1331 1867 1638 1922 Jerusalem
1671 1882 1963 1922 conserva-

365 1972 471 2030 tur,
503 1965 547 2019 si
578 1972 759 2018 tamen
802 1961 992 2018 credat
1023 1961 1230 2016 dicenti
1263 1959 1496 2015 Domino
1518 1977 1530 2013 :
1556 1960 1619 2014 Et
1653 1971 1707 2014 tu
1735 1965 1961 2031 confun-

362 2058 507 2112 dere.
554 2056 742 2127 Neque
789 2064 946 2124 putes
988 2054 1056 2108 ad
1104 2046 1408 2108 Jerusalem
1449 2062 1656 2106 tantum
1688 2051 1803 2107 haec
1840 2067 1964 2106 esse

360 2149 528 2213 dicta,
563 2158 620 2203 et
642 2165 751 2203 non
782 2148 848 2202 ad
879 2146 1126 2217 singulos
1149 2155 1420 2212 nostrum,
1446 2146 1535 2215 qui
1562 2146 1775 2201 delictis
1804 2154 1961 2201 tene-

362 2258 488 2297 mur
517 2240 758 2297 obnoxii.
787 2238 1171 2310 Unusquisque
1188 2238 1332 2294 enim
1362 2240 1605 2308 seipsuni
1629 2239 1961 2306 consideret,

360 2334 492 2405 quid
528 2334 722 2389 fecerit
775 2333 1098 2390 confusione
1126 2332 1370 2404 dignum,
1403 2332 1532 2402 quid
1567 2343 1721 2403 turpe
1750 2334 1963 2388 locutus

360 2430 453 2494 sit,
482 2443 650 2499 super
687 2444 794 2500 quo
834 2443 942 2485 non
1010 2428 1206 2483 habeat
1251 2422 1534 2482 audaciam
1593 2427 1748 2495 quasi
1814 2427 1961 2482 dicto

363 2524 530 2591 bono,
570 2523 701 2596 quid
728 2524 985 2595 cogitarit
1016 2524 1124 2579 tale
1152 2522 1296 2593 quod
1329 2522 1529 2577 rubore
1560 2521 1781 2592 dignum
1812 2522 1964 2577 vide-

364 2626 473 2686 tnr,
503 2618 573 2673 ab
602 2631 669 2673 eo
692 2618 786 2688 qui
818 2617 1000 2673 cordis
1030 2627 1087 2673 et
1103 2616 1249 2672 renis
1281 2615 1498 2673 occulta
1529 2615 1873 2671 considerat:
1906 2624 1961 2671 et

361 2725 486 2765 cum
534 2702 830 2779 diligenter
855 2708 1153 2780 perviderit
1179 2708 1558 2780 cogitationes,
1589 2707 1754 2773 facta,
1796 2709 1962 2779 97o

360 2817 666 2869 sermones,
700 2812 828 2858 tunc
849 2802 1086 2858 audierit
1108 2801 1428 2871 prophetam
1476 2801 1780 2856 dicentem:
1816 2799 1881 2853 Et
1906 2811 1960 2852 lu

363 2899 699 2968 confundere.
726 2896 853 2951 Post
881 2897 1026 2967 quod
1046 2912 1075 2950 a
1099 2895 1631 2964 Prophetajungitur
1655 2911 1666 2946 :
1697 2894 1763 2947 Et
1784 2894 1962 2964 accipe

356 2992 702 3063 ignominiam
734 3000 877 3045 tuam
905 2991 958 3043 in
985 3007 1065 3056 eo,
1095 2990 1232 3061 quod
1251 2990 1559 3058 justiﬁcasti
1587 3004 1793 3043 sorores
1817 2998 1952 3042 tuas.

362 3086 623 3156 Sequitur
663 3084 1038 3141 confusionem
1089 3085 1405 3155 ignominia,
1458 3070 1511 3138 et
1550 3083 1642 3147 dat
1674 3083 1812 3137 Deus
1866 3082 1953 3148 ei,

2067 1866 2119 1921 in
2168 1865 2338 1919 vitam
2382 1873 2665 1926 aeternam,
2717 1872 2788 1940 et.
2816 1862 2905 1917 alii
2939 1863 2991 1916 in
3023 1860 3402 1931 opprobrium,
3459 1867 3664 1914 etcon-

2068 1959 2333 2014 fttsionem
2386 1969 2644 2013 eternam
2678 1956 2841 2029 (Dan.
2875 1956 2996 2027 xu).
3049 1955 3188 2022 Quid
3221 1964 3402 2009 autem
3432 1962 3519 2008 est
3558 1951 3663 2007 hoc

2065 2052 2211 2107 aliud
2239 2050 2345 2105 nisi
2369 2066 2582 2120 pmnam
2615 2048 2856 2105 infamia:
2893 2048 3212 2103 susdnere?
3243 2047 3381 2102 Dum
3409 2060 3539 2116 ergo
3569 2044 3665 2098 ad-

2066 2144 2173 2200 huc
2198 2146 2325 2207 licet
2344 2144 2523 2207 nobis,
2554 2143 2814 2198 debemus
2842 2141 3263 2196 minorationem
3300 2146 3540 2193 nostram
3574 2150 3668 2206 pa-

2067 2241 2268 2295 tienter
2291 2240 2456 2304 ferre,
2491 2248 2545 2292 ut
2589 2253 2712 2292 cum
2744 2236 2831 2293 hic
2862 2234 3135 2291 tristitiam
3154 2234 3370 2289 fortiter
3386 2232 3664 2288 sustinue-

2066 2335 2258 2400 rimgus,
2308 2334 2363 2387 in
2417 2332 2598 2386 futuro
2628 2330 2831 2385 saeculo
2880 2343 3195 2383 moveamus
3249 2328 3330 2399 (ut
3361 2327 3427 2381 ita
3460 2324 3662 2396 dicam)

2066 2430 2273 2484 viscera
2304 2426 2696 2497 misericordiae
2728 2426 2844 2495 Dei,
2888 2435 2943 2480 et
2971 2424 3360 2495 benignitatem
3407 2423 3551 2494 ejus,
3607 2431 3666 2477 ut

2064 2536 2164 2576 nos
2191 2530 2405 2575 revocet
2430 2521 2479 2574 in
2499 2520 2786 2590 pristinum
2814 2529 3013 2573 statum
3046 2518 3113 2573 de
3136 2517 3441 2587 ignominia
3462 2526 3518 2573 et
3537 2532 3669 2572 con-

2063 2615 2309 2671 fusione:
2341 2614 2618 2682 quomodo
2650 2614 2962 2669 econtrario
2996 2594 3333 2682 impossibile
3353 2621 3435 2667 est
3461 2609 3667 2681 lapidei

2063 2710 2246 2766 cordis
2277 2709 2535 2779 aliquem,
2568 2717 2622 2763 et
2654 2707 2871 2777 penitus
2901 2722 3006 2760 nou
3040 2705 3363 2761 sentientem
3395 2703 3659 2759 delictum

2062 2818 2243 2867 suum,
2273 2812 2329 2858 et
2368 2811 2492 2856 ante
2524 2801 2736 2855 vultum
2771 2801 2862 2856 Dei
2906 2800 3301 2869 omnipotentis
3338 2799 3658 2870 superbien-

2064 2907 2192 2965 tem,
2225 2897 2658 2953 misericordiam
2681 2897 2962 2966 consequi.
3018 2886 3282 2949 Videmus
3304 2896 3447 2949 enim
3491 2908 3660 2964 quos-

2060 2993 2184 3049 dam
2212 2993 2384 3048 bonos
2415 2992 2631 3061 quidem
2656 2991 2891 3059 libenter
2909 2990 2979 3044 de
2998 3004 3058 3043 se
3077 2989 3241 3042 latam
3265 2986 3412 3042 ferre
3436 2995 3659 3040 senten-

2063 3089 2218 3151 tiam,
2264 3098 2319 3144 et
2346 3089 2416 3143 ob
2446 3088 2675 3144 salutem
2707 3102 2861 3143 suam
2891 3087 2983 3141 Dei
3012 3083 3313 3156 justificare
3360 3084 3656 3155 judicium:

363 3180 457 3250 qui
505 3180 829 3235 confusione
895 3180 1057 3250 digna
1114 3180 1305 3249 gessit,
1360 3178 1521 3232 etiam
1570 3177 1952 3246 ignominiam:
1986 3157 2029 3221 Ο
2066 3182 2240 3237 malos
2300 3196 2435 3237 vero
2488 3181 2867 3249 blasphemare
2927 3180 3193 3235 adversus
3262 3180 3655 3249 providentiam

364 3273 613 3345 dixitque
642 3274 706 3329 ad
729 3290 876 3341 eum,
908 3273 977 3328 Et
999 3275 1175 3341 accipe
1195 3274 1529 3345 ignominiam
1548 3282 1711 3326 tuam.
1748 3270 1959 3326 Poteris

364 3377 544 3422 autem
573 3368 876 3439 intelligere
899 3368 1041 3438 quod
1063 3368 1277 3433 dicitur,
1303 3369 1347 3422 si
1363 3366 1796 3422 consideraveris
1837 3381 1960 3437 qua:

365 3460 610 3530 quotidie
640 3460 696 3515 in
722 3459 1037 3517 civitatibus
1070 3460 1219 3515 fiant.
1268 3459 1622 3515 lnltonoratio
1654 3460 1754 3515 civi
1786 3473 1869 3515 εει
1891 3460 1957 3515 de

366 3555 538 3623 patria
553 3570 645 3609 sua
665 3556 943 3620 exsulare,
970 3566 1024 3609 et
1038 3554 1261 3609 infamia
1276 3555 1550 3609 decurioui
1575 3554 1729 3609 eradi
1749 3554 1815 3610 de
1834 3555 1956 3609 albo

364 3647 638 3719 curiaeqet
666 3632 1064 3718 cujuscumque
1099 3647 1337 3703 alterius
1392 3647 1721 3703 conditionis
1751 3648 1957 3703 homini

366 3741 596 3811 relinqui
634 3741 854 3812 quidem
883 3742 937 3796 in
968 3742 1097 3805 vita,
1129 3742 1224 3797 sed
1256 3756 1378 3795 cum
1410 3742 1724 3811 ignominia,
1757 3742 1872 3797 sive
1903 3741 1956 3796 in

364 3836 626 3904 Operibus
673 3837 928 3905 publicis,
969 3837 1083 3891 sive
1131 3838 1180 3890 in
1222 3837 1397 3891 insula
1424 3837 1603 3905 aliqua
1650 3836 1957 3893 solitudinis

363 3928 569 3983 vivere.
619 3928 863 3999 lntellige
902 3940 1082 3984 autem
1106 3928 1239 3983 mihi
1270 3929 1475 3999 justum
1500 3929 1736 3997 judicem
1767 3932 1838 3995 ei,
1864 3931 1957 3999 qui

363 4020 522 4090 digna
576 4020 795 4075 infamia
845 4020 1055 4089 fecerit,
1107 4022 1409 4078 dicentem:
1466 4021 1511 4076 0
1541 4032 1617 4089 tu,
1650 4026 1739 4093 qui
1778 4038 1956 4094 poenae

363 4128 492 4171 reus
515 4127 593 4175 es.
627 4114 738 4168 noli
768 4113 1020 4170 exsilium
1051 4125 1198 4170 tuum
1219 4130 1340 4170 cum
1377 4130 1616 4171 mterore
1644 4116 1953 4184 suscipere:

363 4223 472 4263 non
503 4209 648 4263 enim
683 4208 984 4265 mereberis
1035 4203 1490 4277 misericordiam,
1522 4210 1570 4265 si
1595 4212 1848 4268 irasceris
1889 4211 1956 4268 ad

363 4318 618 4373 pinnam:
670 4306 798 4374 quin
845 4306 1024 4376 potius
1083 4306 1330 4376 intelligo
1374 4307 1536 4377 digne
1585 4315 1637 4361 te
1664 4308 1772 4377 pati
1809 4307 1953 4377 quod

361 4399 593 4468 pateris:
612 4407 667 4454 et
690 4414 813 4454 cum
846 4407 898 4454 te
926 4399 1316 4465 humiliaveris,
1337 4410 1496 4470 atque
1518 4400 1729 4470 dixeris
1750 4400 1952 4467 justum

361 4489 432 4545 de
463 4501 515 4545 te
539 4491 737 4546 factum
774 4506 900 4548 esse
943 4492 1229 4562 judicium,
1261 4493 1483 4548 forsitan
1518 4466 1951 4548 misericordiam

360 4586 715 4673 consequeris
744 4585 814 4640 ab
845 4600 931 4653 eo,
979 4586 1068 4655 qui
1094 4572 1268 4655 potest
1297 4596 1419 4657 post
1442 4586 1954 4642 condemnationem

360 4675 426 4729 ad
462 4676 749 4746 prisduum
784 4686 985 4732 statum
1024 4693 1306 4732 revocare.
1351 4678 1635 4745 Quomodo
1658 4680 1802 4733 enim
1830 4679 1955 4732 licet

362 4784 558 4838 magno
609 4771 842 4839 principi
898 4771 1128 4826 liberare
1177 4773 1411 4841 aliquem
1455 4773 1521 4827 de
1570 4774 1853 4837 insula,et
1882 4772 1951 4828 de

363 4860 577 4923 eXsiIio,
608 4868 664 4915 et
712 4860 781 4915 de
824 4861 1059 4930 publicis
1098 4864 1334 4919 vinculis
1373 4882 1388 4918 :
1422 4864 1595 4918 multo
1625 4864 1797 4933 magis
1828 4864 1955 4918 licet
2012 4876 2015 4877 '

362 4954 735 5009 universitatis
771 4954 886 5011 Deo
928 4971 1076 5023 eum,
1116 4958 1207 5026 qui
1237 4958 1399 5030 971
1435 4958 1794 5013 inhonoratus
1846 4965 1949 5022 est,

361 5046 414 5100 in
448 5046 711 5102 honorem
745 5048 1028 5117 pristinum
1070 5051 1392 5115 restituere,
1426 5051 1470 5105 si
1506 5062 1683 5105 tamen
1712 5052 1956 5107 sentiens

362 5140 621 5196 delictum
654 5157 811 5196 suum
838 5142 1126 5198 confessus
1173 5143 1334 5198 fuerit
1354 5144 1517 5215 digne
1538 5160 1596 5200 se
1626 5145 1955 5202 sustinuisse

362 5234 504 5304 quod
534 5250 726 5307 passus
751 5245 857 5291 est.
896 5235 1045 5290 Dabo
1067 5244 1122 5291 et
1151 5218 1293 5289 aliud
1332 5238 1643 5306 exemplum
1675 5239 1741 5293 de
1764 5238 1952 5294 Eccle-

359 5327 581 5382 siaStica
626 5327 1048 5383 consuetudine.
1102 5327 1329 5383 Infamia
1352 5340 1438 5384 est
1482 5344 1510 5382 a
1542 5331 1739 5399 populo
1770 5331 1864 5385 Dei
1901 5340 1957 5386 et

360 5418 603 5476 Ecclesia
634 5418 896 5488 separari.
946 5419 1192 5479 Dedecus
1235 5431 1319 5477 est
1360 5424 1411 5476 in
1443 5422 1688 5477 Ecclesia
1734 5438 1955 5493 surgere

362 5514 432 5569 de
458 5528 718 5568 consessu
738 5513 1087 5584 presbyterii,
1115 5516 1302 5583 projici
1327 5516 1394 5570 de
1416 5516 1732 5570 diaconatus
1756 5518 1947 5586 gradu.

365 5606 431 5659 Et
482 5606 699 5677 quidem
762 5621 950 5661 eorum
991 5606 1082 5677 qui
1118 5607 1466 5678 objiciuntur,
1515 5612 1609 5666 alii
1652 5612 1952 5668 seditiones

360 5713 727 5787 commovent,
769 5704 861 5759 alii
905 5718 1033 5760 vero
1085 5705 1350 5775 judicium
1406 5709 1458 5763 in
1515 5725 1574 5765 se
1602 5710 1798 5764 factum
1831 5725 1951 5765 cum

360 5800 509 5859 omni
554 5800 859 5861 humilitate
904 5804 1226 5874 suscipiunt.
1280 5805 1614 5878 Quicumque
1652 5807 1816 5877 igitur
1842 5806 1957 5863 exi-

2065 3276 2180 3343 Dei,
2217 3286 2272 3331 et
2295 3278 2480 3333 dicere
2512 3297 2523 3331 :
2551 3277 2665 3332 Non
2694 3294 2813 3331 sum
2841 3277 3004 3347 digne
3029 3276 3371 3345 adjudicatus
3421 3276 3546 3331 huic
3576 3276 3701 3359 ἰη-ι

2064 3372 2264 3438 Γθηιίτιι,
2311 3372 2511 3442 injuste
2554 3373 2652 3425 ista
2694 3373 2997 3443 perpetior.
3056 3372 3113 3427 Si
3144 3371 3506 3441 jusdficamus
3532 3385 3660 3440 pru-
3732 3430 3743 3439 ε

2061 3464 2382 3527 videntiam,
2411 3465 2675 3519 solvimus
2697 3472 2939 3519 nostram
2975 3464 3272 3519 infamiam.
3305 3464 3362 3519 Si
3393 3478 3524 3518 vero
3547 3479 3653 3519 non

2059 3555 2352 3624 recipimus
2371 3556 2569 3625 judicia
2598 3556 2717 3621 Dei,
2744 3555 3658 3629 multiplicantu5972infamiam.

2060 3650 2346 3719 Quomodo
2389 3660 2571 3706 autem
2622 3651 2921 3713 infantiam,
2973 3649 3051 3705 sic
3090 3658 3146 3705 et
3170 3648 3457 3721 supplicia,
3486 3649 3565 3702 sic
3604 3657 3660 3703 et

2060 3754 2279 3799 caetera.
2311 3744 2444 3811 Quae
2484 3753 2612 3799 sunt
2664 3745 2808 3799 enim
2842 3744 2965 3798 huic
2986 3785 3000 3807 ,
3049 3744 3297 3798 accidere
3325 3751 3658 3797 consuerunt

2060 3836 2143 3891 his
2194 3838 2284 3907 qui
2341 3854 2370 3891 a
2420 3837 2531 3892 Deo
2598 3851 2695 3906 pro
2750 3836 2963 3892 delictis
3017 3837 3254 3907 propriis
3305 3835 3656 3890 condemnati

2060 3942 2205 3987 sunt.
2258 3931 2403 3985 Ettu
2432 3932 2774 4003 confundere,
2822 3942 2867 3985 et
2909 3932 3085 4003 accipe
3135 3932 3473 4004 ignominiam
3514 3941 3656 3985 tuam

2059 4028 2112 4080 in
2148 4044 2229 4093 eo,
2258 4027 2396 4095 quod
2435 4027 2743 4098 justiﬁcasti
2792 4042 2996 4080 sorores
3027 4038 3159 4080 tuas.
3220 4026 3348 4080 Plus
3378 4039 3655 4080 meremur

2059 4123 2438 4193 ignominiam,
2471 4123 2694 4193 quando
2738 4123 2866 4177 talia
2901 4122 3149 4184 facimus,
3182 4121 3383 4189 quibus
3406 4130 3654 4188 peccato-

2058 4231 2148 4271 res
2198 4217 2287 4270 alii
2330 4216 2721 4284 justificentur,
2774 4224 2829 4268 ut
2872 4215 3283 4283 comparatione
3330 4213 3652 4269 delictorum

2060 4324 2327 4374 meorum,
2377 4310 2643 4363 malorum
2694 4309 2902 4363 scelera
2950 4309 3252 4376 antiquitus
3297 4308 3657 4363 condemnata

2059 4400 2432 4455 misericordia
2459 4401 2678 4465 liberet,
2710 4415 2777 4455 eo
2801 4400 2946 4470 quod
2978 4416 3080 4470 ego
3111 4400 3451 4465 subsequens
3472 4400 3657 4469 pejora

2061 4494 2455 4549 commiserim.
2514 4494 2722 4548 Dicitur
2752 4510 2884 4564 ergo
2926 4494 2991 4546 ad
3034 4495 3391 4561 peccatricem
3436 4494 3660 4550 Jerusa-

2062 4587 2199 4642 lem:
2234 4587 2425 4654 Accipe
2449 4587 2787 4658 ignominiam
2819 4596 2964 4639 tuam
2993 4588 3148 4654 ineo,
3192 4587 3333 4658 quod
3351 4587 3660 4661 justiﬁcasti

2061 4698 2264 4737 sorores
2314 4694 2450 4735 tuas.
2523 4681 2731 4734 Deinde
2783 4682 2826 4732 si
2856 4682 2975 4750 quis
3007 4681 3306 4755 complevit
3353 4681 3477 4750 hoc,
3511 4679 3657 4753 quod

2063 4775 2323 4841 scriptum
2377 4782 2488 4828 cst:
2539 4773 2908 4844 Confundere:
2963 4775 3006 4829 si
3056 4776 3177 4842 quis
3214 4788 3534 4844 prosecutus
3574 4784 3659 4830 est

2064 4866 2390 4920 sententiam
2425 4867 2517 4919 Dei
2548 4877 2898 4932 sequentem:
2935 4867 3122 4936 Accipe
3143 4869 3486 4939 ignominiam
3514 4877 3655 4921 tuam

2062 4962 2115 5017 in
2154 4977 2234 5025 eo,
2285 4961 2425 5029 quod
2478 4960 2773 5028 iusti/icain
2813 4976 3014 5015 sorores
3062 4960 3218 5016 tuas:
3265 4961 3445 5017 videat
3488 4960 3652 5015 etiam

2061 5056 2317 5124 gratiam,
2363 5056 2635 5125 quomodo
2676 5071 2776 5126 pro
2806 5055 3130 5111 confusione
3185 5055 3504 5111 vicissitudo
3546 5054 3657 5109 cle-

2059 5148 2278 5204 mentize
2307 5148 2648 5214 restituatur,
2680 5149 2802 5217 quia
2829 5166 2933 5204 non
2965 5149 3360 5218 contempserit
3385 5146 3652 5216 judicium

2060 5242 2181 5308 Dei,
2235 5243 2330 5296 sed
2361 5257 2485 5296 cum
2515 5242 2659 5296 omni
2689 5242 2999 5300 humilitate
3044 5240 3345 5309 susceperit
3387 5238 3530 5306 quod
3584 5237 3653 5292 de

2058 5350 2117 5391 se
2157 5337 2334 5390 fuerat
2359 5333 2686 5404 judicatum.
2718 5334 2855 5402 Quid
2880 5349 3012 5403 ergo
3034 5331 3471 5403 repromittitur?
3492 5330 3651 5384 Aver-

2059 5439 2162 5482 tam
2174 5430 2457 5483 aversiones
2475 5445 2651 5485 eorum
2676 5429 2937 5483 aversione
2959 5426 3325 5486 Sodomorum,
3347 5434 3395 5477 ct
3418 5438 3652 5477 sororum

2059 5528 2173 5595 ejus
2208 5525 2262 5577 in
2287 5540 2371 5587 eo,
2393 5524 2530 5594 quod
2547 5522 2853 5595 justificasti
2898 5536 3101 5573 sorores
3127 5531 3263 5581 tuas,
3292 5516 3573 5572 Sodomam
3606 5525 3653 5569 et

2064 5619 2378 5675 Samariam.
2407 5619 2700 5675 Sodomam
2734 5617 3024 5682 minorem,
3057 5623 3112 5669 et
3135 5614 3434 5670 Samariam
3472 5612 3655 5666 scnio~

2062 5731 2197 5782 rem,
2230 5724 2289 5771 ut
2319 5715 2372 5770 in
2399 5714 2688 5787 prmteritis
2714 5712 2973 5768 diximus.
3016 5713 3277 5767 Avertam
3306 5710 3651 5767 aversionetu

2062 5825 2274 5877 eorum,
2308 5810 2359 5866 id
2390 5820 2493 5877 est,
2521 5810 2703 5877 trium,
2733 5822 2960 5879 quarum
2982 5816 3256 5866 averterat
3282 5806 3653 5874 aversionem,
