4100 6336
469 262 575 318 765

1709 258 1765 315 8.
1813 257 2088 315 EUSEBII
2126 257 2510 317 HIBKONYII

3663 264 3763 321 7M

474 381 538 432 ad
574 378 795 433 meliora
850 376 1150 432 convertit:
1202 377 1377 445 primo
1421 375 1804 442 Sodomorum,
1870 375 2068 432 deinde
2097 387 2148 440 Α
2175 376 2305 431 iram
2335 387 2498 442 tuam,
2533 386 2579 430 st
2610 379 2829 432 consedit
2860 394 2944 432 sos
2970 376 3143 447 (Paul.
3173 380 3397 450 Lsxvn).
3428 378 3601 435 Nemo
3625 381 3766 451 quod

476 471 758 535 Sumat-im,
795 470 956 524 tertio
1005 483 1133 523 vero
1185 469 1511 525 Jerusalem.
1570 470 1701 525 Cum
1728 480 1930 535 autem,
1974 470 2073 536 ait,

477 575 735 621 avertero
784 564 1128 618 aversioncm
1160 564 1548 629 Sodomorum,
1608 577 1659 618 et
1687 565 1970 631 Samaria,
2024 574 2080 620 et

478 641 804 723 Jerusalem,
850 668 978 711 tunc
1009 659 1058 711 in
1112 657 1393 727 antiquum
1425 658 1808 713 restituentur:
1843 660 2075 727 primum

479 752 736 815 Sodoma,
763 752 915 822 cujus
941 754 1148 821 priores
1178 757 1439 806 averterit
1460 753 1807 807 aversiones:
1841 751 2080 806 secundo

482 847 726 904 Samaria
748 890 761 913 ,
794 861 954 915 quam
983 846 1225 901 secundo
1251 845 1625 900 converterit:
1662 846 1827 900 tertio
1858 844 2081 901 Jerusa-

482 939 607 1005 lem,
624 940 709 994 cui
735 940 908 993 tertia:
931 941 1244 994 eversiones
1262 939 1599 992 tribuuntur.
1630 939 1799 1008 igitur
1821 939 2084 992 sanitates

483 1034 837 1103 peccantibus
851 1036 902 1088 in
920 1034 1206 1089 aversione
1219 1034 1605 1097 Sodomorum,
1623 1046 1677 1090 et
1697 1035 1925 1089 tiliat-um
1940 1035 2080 1104 ejus,

484 1130 540 1183 in
562 1130 854 1183 aversione
878 1129 1045 1198 ipsius
1067 1128 1405 1183 Jerusalem:
1439 1140 1491 1183 et
1522 1129 1837 1183 tribuuntur
1860 1130 1965 1195 bis,
1994 1129 2082 1197 qui

488 1222 661 1288 magis
683 1232 933 1276 amantur
953 1238 977 1273 a
1004 1222 1138 1288 Deo,
1159 1223 1384 1276 tardius.
1413 1222 1645 1277 Sodoma
1673 1222 2088 1294 quippejustiil-

488 1324 604 1371 cata
623 1316 689 1368 ab
707 1314 1032 1379 Jerusalem,
1068 1316 1238 1383 prima
1263 1322 1614 1385 Consequitur
1629 1315 2084 1379 misisrirordiam,

487 1408 540 1463 id
557 1410 929 1478 est,gentilcs.
954 1408 1197 1462 Samaria
1220 1423 1370 1474 vero,
1391 1409 1491 1461 boc
1514 1419 1617 1474 est,
1640 1407 1901 1473 incretici,
1926 1408 1979 1462 in
2006 1422 2092 1462 se-

492 1503 669 1557 cundo
687 1500 805 1555 loco
819 1482 1607 1569 accipiuntsanitatem.Tertio
1621 1515 1770 1565 vero,
1788 1504 1937 1570 quasi
1953 1500 2094 1554 iudi-

492 1596 583 1665 gni
609 1594 897 1649 velucioris
925 1595 1153 1648 moniciae
1178 1596 1233 1647 in
1263 1594 1549 1663 pristinum
1582 1603 1777 1647 statum
1802 1593 2086 1646 restituun-

496 1696 603 1751 tur,
620 1687 709 1757 qui
737 1687 1031 1743 iucruntde
1049 1687 1376 1742 Jerusalem.
1395 1690 1532 1741 Ante
1550 1701 1680 1758 ergo
1696 1685 1947 1755 gentiles.
1968 1695 2093 1741 ante

2180 468 2281 524 sibi
2313 470 2520 525 socium
2553 480 2640 526 est
2661 480 2715 525 et
2741 481 3035 547 cognatum
3061 475 3316 527 emittere
3342 482 3557 542 potest,
3582 488 3765 528 verum

2179 566 2449 618 emittitur
2476 565 2618 635 quod
2670 566 2819 620 aliud
2865 577 2951 622 est
2977 567 3045 621 ab
3085 583 3170 632 eo,
3225 570 3315 639 qui
3341 569 3570 625 emittit.
3600 568 3692 624 Sic
3718 577 3768 624 et

2182 673 2282 713 nos
2311 657 2587 727 peccando
2618 659 2787 731 975.
2816 660 3095 715 irritamus
3129 662 3292 715 Deum
3329 670 3387 716 ut
3413 662 3592 716 mittat
3615 661 3768 725 iram,

2182 767 2342 821 quam
2376 752 2489 821 ipse
2518 768 2625 806 non
2655 754 2835 807 babet.
2870 753 2999 807 Post
3026 753 3165 818 hmc,
3197 754 3250 808 id
3288 764 3406 821 est,
3456 765 3582 826 post
3622 771 3773 812 aver-

2183 847 2392 899 sionem
2422 845 2618 899 dicitur
2648 863 2660 898 :
2700 846 2930 899 Sodoma
2960 886 2974 911 ,
3007 862 3153 900 soror
3185 856 3273 901 tua
3302 855 3351 900 et
3377 848 3503 917 ﬁtiw
3531 853 3645 922 ejus
3674 865 3776 904 res-

2186 940 2435 994 tituentur
2466 941 2599 994 sicut
2646 949 2794 994 erant
2831 942 2894 994 ab
2926 941 3094 996 initio.
3131 940 3303 996 Venio
3335 942 3401 996 ad
3433 942 3695 1013 imagines
3725 953 3779 998 et.

2186 1033 2406 1103 figuras,
2438 1045 2492 1088 et
2525 1034 2677 1088 video
2708 1045 2911 1105 quanto
2943 1044 3191 1099 tempore
3212 1038 3523 1091 excruciata
3545 1036 3779 1092 Sodoma

2187 1131 2507 1183 redimatur
2540 1128 2591 1182 in
2623 1131 2927 1198 antiquum.
2958 1129 3016 1184 Si
3044 1139 3226 1183 autem
3268 1130 3320 1184 id
3350 1129 3491 1200 quod
3527 1145 3624 1200 per
3651 1130 3782 1200 ﬁgu-

2189 1239 2303 1278 ram
2335 1223 2535 1278 dictum
2564 1235 2669 1291 est,
2706 1225 2776 1277 ita
2820 1240 2877 1276 sc
2920 1223 3105 1291 habet,
3134 1223 3266 1294 quid
3319 1224 3388 1278 de
3433 1239 3499 1278 eo
3552 1225 3664 1290 tiet,
3692 1222 3781 1295 qui

2191 1334 2318 1373 vere
2352 1319 2585 1372 Sodoma
2636 1316 2831 1372 fuerit?
2881 1317 3074 1373 Statim
3122 1325 3245 1387 post
3288 1316 3546 1372 diluvium
3575 1317 3782 1372 decima

2191 1413 2545 1484 generatione
2577 1426 2732 1482 passa
2765 1419 2848 1467 est
2873 1410 3110 1467 Sodoma
3138 1426 3199 1467 ea
3245 1425 3365 1481 quae
3395 1411 3447 1469 in
3477 1410 3676 1466 Genesi
3709 1411 3783 1466 le-

2192 1515 2393 1578 guntur
2422 1505 2576 1579 (Gen.
2610 1506 2749 1576 xm).
2788 1505 2915 1559 Erat
2964 1507 3107 1559 enim
3142 1506 3289 1574 prius
3318 1506 3470 1573 quasi
3506 1503 3789 1573 paradisus

2199 1601 2313 1663 Dei.
2340 1610 2393 1653 et
2426 1599 2576 1670 quasi
2607 1607 2752 1654 terra
2777 1596 3001 1668 Egypti
3031 1614 3043 1649 :
3076 1610 3446 1653 verumtamen
3479 1597 3680 1652 factum
3709 1604 3791 1657 est

2199 1691 2451 1747 Sodoma!
2484 1692 2535 1744 id
2567 1693 2709 1761 quod
2752 1691 2913 1745 etiam
2941 1703 3086 1744 nunc
3118 1688 3362 1759 vestigiis
3393 1688 3632 1759 regionis
3674 1688 3791 1753 ejus

494 1782 738 1835 itmrt-tici
785 1781 1133 1835 clementiam
1179 1791 1583 1849 consequentur
1641 1794 1799 1849 quam
1861 1794 1992 1833 nos:
2047 1779 2092 1834 si
2125 1780 2169 1839 Β
2202 1784 2435 1853 perspici
2467 1781 2612 1836 licet.
2659 1782 2803 1837 Ecce
2846 1782 3032 1850 quanti
3084 1782 3193 1849 jam
3244 1789 3549 1849 temporum
3607 1780 3792 1835 circuli

492 1883 672 1928 tamen
701 1872 964 1928 fuerimus
988 1872 1162 1941 impii,
1192 1874 1236 1925 si
1258 1880 1312 1926 et
1339 1886 1436 1926 nos
1456 1881 1673 1940 peccata
1698 1869 2091 1940 depresserint.

492 1968 707 2036 Quanto
745 1966 888 2021 enim
935 1968 1218 2035 propiores
1251 1952 1512 2019 fuerimus
1540 1965 1671 2031 Deo,
1698 1973 1754 2019 et
1782 1964 1848 2018 ad
1870 1963 2093 2019 beatitas

491 2066 673 2120 dinem
702 2065 865 2136 973
894 2064 1204 2129 viciniores,
1231 2073 1380 2116 tanto
1404 2076 1524 2116 cum
1552 2062 1956 2130 peccaverimus
1982 2060 2095 2114 lon-

491 2164 610 2231 gius
644 2161 835 2214 iiemtts
863 2159 931 2211 ab
961 2173 1046 2221 ea,
1086 2156 1320 2228 proximi
1353 2156 1674 2211 terribilium
1703 2156 2095 2215 maximarum-

492 2269 600 2324 que
637 2268 939 2323 poenarum.
974 2252 1187 2306 Justum
1217 2262 1299 2305 cst
1327 2250 1528 2322 quippe
1572 2250 1834 2320 judicium
1882 2249 1999 2316 Dei,
2044 2255 2100 2303 et

494 2357 743 2419 potentes
772 2356 1020 2415 potenter
1051 2353 1317 2400 tormenta
1353 2346 1632 2415 patiuntur
1665 2343 1831 2415 (Sap.
1866 2342 1962 2413 vn).
1995 2343 2095 2410 Qui

496 2451 676 2499 autem
724 2441 981 2496 minimus
1018 2448 1134 2504 est,
1170 2448 1410 2494 meretur
1431 2438 1593 2492 citius
1640 2438 2094 2493 misericordiam.

500 2536 719 2591 Minima
764 2543 849 2589 est
879 2533 1114 2590 Sodoma
1144 2550 1155 2586 :
1190 2544 1247 2587 et
1279 2541 1401 2601 post
1441 2546 1560 2586 eam
1594 2531 1648 2586 in
1686 2532 2100 2601 comparatione

495 2630 797 2685 Jerusalem
826 2628 1070 2691 minima,
1095 2642 1201 2682 non
1229 2638 1407 2681 tamen
1432 2627 1572 2680 sicut
1592 2626 1827 2681 Sodoma
1852 2624 2098 2679 Samaria

502 2732 622 2778 est:
656 2730 711 2776 et
746 2720 871 2775 ideo‘
898 2721 1132 2791 primum
1166 2720 1380 2774 illarum
1430 2719 1635 2773 avertit
1654 2719 1972 2773 aversioues
1997 2759 2011 2783 ,
2046 2726 2101 2773 et

502 2825 687 2886 postea
743 2815 1049 2871 Jerusalem
1097 2815 1283 2869 dicens
1338 2833 1351 2869 :
1403 2814 1643 2868 Avertam
1694 2823 1741 2868 at
1782 2814 2101 2869 eversionem

499 2920 661 2964 tuam.
694 2910 882 2965 Tertio
904 2900 1048 2964 enim
1082 2909 1250 2977 gradu
1279 2909 1385 2963 hoc
1425 2908 1626 2962 dicitur
1667 2908 1733 2962 ad
1762 2908 2098 2963 Jerusalem.

508 3007 684 3062 Unum
716 3007 930 3077 quando
960 3006 1155 3060 avertit
1181 3005 1520 3076 aversionpm
1545 3017 1742 3069 meam,
1773 3004 1816 3057 si
1846 3002 2101 3058 inventus

508 3108 667 3163 fuero
713 3106 1046 3172 Jerusalem,
1102 3114 1157 3160 et
1201 3115 1456 3175 peccator
1510 3105 1562 3158 in
1622 3104 1800 3159 medio
1850 3118 2099 3159 sororum

508 3214 769 3253 mearum.
799 3196 933 3252 Cum
980 3197 1206 3251 audiero
1255 3215 1267 3250 :

482 3293 633 3383 .ideo
680 3293 841 3346 tertio
892 3293 1012 3345 loco
1059 3290 1169 3345 ait:
1202 3290 1438 3344 Avertam
1488 3290 1803 3344 eversionem
1834 3299 1973 3343 tuam
1999 3330 2013 3352 ,
2045 3298 2099 3343 et

508 3395 628 3455 post
659 3398 848 3439 omnes
875 3400 887 3436 :
924 3382 989 3437 Ut
1019 3384 1155 3451 ferus
1188 3392 1496 3438 tormentum
1525 3392 1692 3446 tuum.
1725 3392 1772 3436 et
1804 3380 2107 3436 dehoneste-

506 3482 577 3534 ris
600 3480 661 3534 de
681 3477 913 3533 omnibus
937 3494 1053 3542 quae
1080 3477 1265 3548 fecisti.
1298 3477 1389 3530 Est
1418 3477 1660 3543 qnatdam
1689 3490 1939 3529 mensura
1976 3489 2105 3542 pecs

512 3573 643 3640 cati,
675 3587 835 3640 quam
866 3570 1241 3637 unusquisque
1274 3568 1500 3634 recipiet
1545 3582 1642 3636 pro
1672 3582 1768 3631 eo,
1809 3566 1951 3637 quod
1982 3582 2105 3633 pec-

512 3665 672 3718 cavit.
701 3665 755 3717 δι
783 3662 1021 3717 habuero
1043 3661 1429 3731 quinquaginta
1458 3670 1700 3729 peccata,
1719 3658 2111 3728 quinquaginta

513 3758 723 3813 habebo
743 3755 1069 3825 ignominias
1090 3756 1164 3811 :si
1182 3752 1936 3824 centunt,duplicabiturmihi
1955 3765 2113 3822 pmna

512 3867 612 3921 pro
630 3851 806 3915 iactis,
836 3861 889 3903 et
931 3865 1030 3919 pro
1076 3848 1450 3919 magnitudine
1487 3847 1811 3902 delictorum
1842 3846 2118 3901 tribuetur

518 3941 647 3997 mibi
687 3943 1001 4012 ignominia.
1036 3942 1291 3999 Maximis
1328 3941 1569 4011 peccatis
1592 3956 1817 4011 magnus
1845 3928 2119 3996 cruciatus

518 4035 847 4104 adjungitur.
871 4036 1009 4093 Deus
1029 4030 1209 4089 autem
1238 4035 1388 4089 solus
1412 4049 1570 4089 verus
1590 4033 1761 4089 Jmiex
1787 4032 2119 4101 magnitudi-

521 4150 616 4190 nes
632 4142 1001 4203 peccatorum,
1018 4142 1076 4187 et
1090 4131 1397 4198 ignominia!
1412 4133 1721 4199 qualitates,
1741 4141 1791 4185 et
1809 4132 2014 4200 peccati
2030 4146 2125 4185 nu-

522 4243 728 4282 merum
754 4236 933 4295 potest
954 4226 1257 4293 pervidere.
1277 4226 1484 4279 Dicitur
1506 4226 1683 4294 itaque
1696 4225 1761 4279 ad
1778 4223 2123 4280 Jerusalem:

533 4320 601 4376 Ut
629 4322 766 4388 {eras
789 4330 1102 4376 tormentum
1129 4330 1296 4387 tuum,
1324 4329 1369 4374 et
1400 4319 1839 4389 dehonestcriside
1869 4320 2124 4386 omnibus,

522 4432 639 4487 quia
657 4417 823 4487 fecisti
854 4417 906 4470 in
937 4415 1292 4471 eritcerbando
1320 4430 1417 4467 nte.
1452 4413 1590 4469 Vide
1629 4417 1941 4470 econtrario
1969 4413 2131 4469 satis-

528 4507 819 4564 facientem
857 4511 1023 4564 lteum
1051 4550 1067 4571 .
1118 4508 1525 4578 quodammodo
1561 4523 1656 4578 per
1712 4511 1827 4564 haec
1857 4508 2018 4563 verba
2052 4517 2130 4563 te-

529 4613 790 4671 stantem,
817 4605 957 4675 quod
1007 4606 1138 4658 iram
1192 4605 1310 4672 ipse
1342 4619 1452 4657 non
1480 4603 1699 4668 habeat,
1729 4603 1824 4658 sed
1868 4612 2134 4673 peccator

534 4698 638 4753 sibi
670 4698 735 4755 ad
764 4700 899 4752 iram
934 4701 1175 4753 concitat
1204 4697 1394 4753 Drum.
1425 4698 1582 4754 Unde
1615 4707 1668 4753 et
1692 4698 1984 4767 Apostolus
2013 4698 2086 4751 ait
2115 4714 2128 4751 :

536 4794 618 4847 An
646 4793 849 4846 divitias
872 4792 1135 4857 bonitatis,
1158 4803 1206 4845 et
1233 4793 1642 4845 mansuetudinis
1666 4794 1801 4864 ejus,
1827 4800 1872 4845 et
1895 4792 2136 4861 longani-

538 4886 733 4941 mitatis
778 4886 1085 4952 contemnis,
1132 4887 1374 4955 ignorans
1403 4888 1647 4954 quoniam
1685 4886 1889 4939 bonitas
1924 4883 2018 4938 Dei
2063 4884 2134 4937 ad

538 4982 886 5055 pmnitcntiam
918 4990 966 5034 te
989 4979 1261 5033 adducat?
1287 4979 1451 5035 Juxta
1483 4990 1655 5034 autem
1685 4979 1937 5033 duritiam
1963 4989 2135 5047 tuam,

543 5089 589 5134 et
611 5078 938 5151 impmnitens
988 5093 1075 5130 cor
1126 5076 1443 5130 thesaurizas
1499 5077 1591 5130 tibi
1648 5079 1779 5131 imm
1829 5076 2024 5147 (Rom.
2056 5075 2136 5147 ι).

539 5173 824 5242 Separavit
854 5172 945 5228 btc
968 5186 1150 5227 sermo
1176 5171 1507 5225 iracundiam
1535 5187 1562 5224 a
1594 5170 1726 5226 Deo.
1752 5170 1961 5226 Revera
1993 5169 2137 5223 enim

544 5268 826 5323 iracundia
866 5267 1010 5322 aliud
1054 5265 1311 5336 quiddam
1341 5281 1369 5319 a
1404 5266 1515 5321 Deo
1555 5275 1659 5331 est,
1695 5280 1792 5321 nec
1816 5266 1862 5319 ei
1894 5274 1952 5318 ιιι
1984 5265 2142 5319 insita

541 5361 845 5429 capulatur.
881 5360 1036 5418 Unde
1065 5369 1120 5415 et
1146 5360 1213 5415 de
1240 5360 1619 5429 peccatoribus
1641 5361 1842 5415 dicitur
1870 5378 1881 5414 :
1910 5358 2143 5413 Entisisti

626 5485 647 5512 ι
677 5475 945 5544 Notanda,
980 5486 1039 5531 ut
1065 5491 1280 5537 caveas,
1310 5490 1470 5543 quam
1500 5486 1643 5544 srrpc
1677 5474 2037 5529 Adamantius
2066 5473 2148 5526 in-

549 5549 746 5612 cuicui,
783 5548 912 5602 falsa
961 5550 1205 5604 doctrina
1236 5564 1300 5603 ex
1336 5549 1686 5602 Hebra'orum
1728 5546 1964 5603 cmnosis
1992 5545 2151 5597 fonti-

554 5619 655 5672 bus
708 5620 992 5683 derivata,
1047 5621 1113 5674 de
1178 5621 1350 5689 poenis
1416 5621 1793 5674 damnatorum
1861 5616 2150 5689 aliquando

557 5689 825 5742 ﬁniendis.
861 5688 1196 5757 Quamquam
1229 5695 1371 5748 enim
1420 5693 1657 5749 inct‘rtns
1698 5703 1749 5745 ct
1786 5692 2052 5744 ilurtttans
2100 5688 2149 5743 in

557 5774 621 5813 ea
646 5759 896 5834 opinione
929 5763 1096 5816 videri
1128 5766 1295 5834 possit
1327 5781 1395 5818 cx
1429 5780 1515 5825 eo,
1544 5761 1690 5834 quod
1723 5762 1905 5816 subdit
1936 5780 1945 5815 :
1977 5760 2037 5814 Si
2059 5760 2152 5813 hoc

555 5846 610 5884 se
640 5832 714 5883 sic
745 5832 913 5899 habet,
948 5844 991 5886 et
1016 5832 1375 5904 sivetuturum
1403 5846 1473 5890 est
1500 5876 1512 5901 ,
1547 5832 1649 5889 sive
1678 5850 1781 5888 non
1810 5850 1826 5887 :
1857 5840 2151 5903 amarentur

2202 1877 2559 1938 transierunt,
2583 1887 2713 1928 ecce
2742 1874 2845 1928 tria
2873 1872 3043 1927 millia
3067 1886 3332 1935 annorum
3360 1881 3507 1938 sunt,
3531 1881 3589 1926 et
3616 1871 3794 1927 Sodo-

2202 1985 2285 2023 ma
2311 1968 2545 2023 nondum
2572 1975 2657 2021 est
2687 1967 2936 2020 restituta
2967 1982 2982 2020 ι
3014 1980 3121 2019 nou
3149 1966 3238 2039 illa
3268 1966 3504 2020 Sodoma
3533 2008 3548 2032 ,
3586 1980 3711 2036 quae
3742 1966 3792 2020 in

2200 2064 2353 2135 signo
2402 2071 2456 2117 et
2483 2060 2537 2115 iu
2571 2062 2858 2131 aenigmate
2881 2061 3123 2131 ponitur,
3157 2060 3251 2115 sed
3280 2060 3393 2123 illa,
3426 2077 3545 2127 qua!
3569 2061 3622 2115 in
3656 2061 3797 2115 veri-

2203 2158 2328 2211 tatis
2355 2156 2563 2237 ratione
2593 2158 2949 2226 porsliicitur.
2981 2156 3147 2211 Aiunt
3178 2156 3393 2211 Iiebrmi
3418 2156 3715 2210 Sodomam
3744 2156 3794 2210 in

2202 2254 2451 2309 eumdem
2478 2262 2679 2308 statum
2707 2262 2731 2290 α
2763 2254 3177 2319 restituendam,
3206 2254 3256 2308 in
3276 2266 3384 2322 quo
3405 2259 3459 2307 et
3481 2261 3643 2306 antea
3667 2267 3799 2305 con-

2201 2349 2361 2413 stitit,
2396 2356 2453 2401 ut
2475 2362 2692 2401 rursum
2721 2346 2976 2416 paradiso
3003 2347 3100 2402 Dei
3131 2355 3186 2400 ct
3208 2355 3369 2401 terrm
3397 2344 3617 2416 Egypti
3646 2361 3798 2399 com.

2203 2450 2444 2511 paretur.
2476 2441 2532 2497 Si
2581 2442 2682 2496 boc
2723 2457 2783 2495 se
2828 2424 2908 2495 sic
2938 2442 3120 2507 habet,
3165 2451 3221 2494 et
3258 2441 3374 2495 sive
3418 2440 3659 2496 futurum
3691 2448 3792 2505 est,

2203 2534 2315 2588 sive
2346 2548 2453 2588 non
2488 2550 2501 2585 :
2529 2516 2847 2604 'qtt.rrentttr
2870 2536 3016 2589 enim
3058 2532 3362 2588 istiusmodi
3395 2547 3482 2587 res
3529 2532 3673 2601 apud
3703 2545 3796 2587 eos

2203 2628 2289 2697 qtti
2319 2627 2621 2682 doctissimi
2652 2635 2809 2681 sunt:
2832 2635 2889 2681 ut
2908 2635 3086 2681 autem
3117 2624 3209 2678 ﬂat
3233 2624 3377 2693 quod
3399 2624 3625 2689 dicitur,
3647 2638 3799 2677 com-

2205 2721 2491 2793 picbuntnr
2521 2722 2651 2776 mihi
2685 2736 2951 2777 annorqu
3002 2718 3103 2773 tria
3150 2719 3317 2773 millia
3344 2761 3358 2784 ,
3389 2727 3445 2773 et
3481 2727 3609 2771 tunc
3641 2718 3798 2773 resti-

2206 2828 2390 2873 tuetur
2432 2816 2741 2870 excruciata
2793 2814 2917 2887 [ΑΙ.
2949 2812 3329 2884 excruciatur]
3357 2811 3533 2866 tribus
3554 2811 3797 2868 millibus

2204 2924 2467 2966 annorum
2498 2911 2754 2973 Sodoma,
2788 2909 2837 2962 id
2862 2917 2965 2972 est,
2992 2909 3168 2961 anima
3192 2920 3308 2960 mea
3338 2922 3350 2959 :
3375 2905 3637 2970 Sodoma,
3662 2906 3798 2960 meis

2207 3018 2361 3073 pmna
2409 3003 2669 3072 peccatis.
2719 3001 2937 3057 Grande
2980 3000 3327 3054 intervaitum
3370 2998 3633 3066 temporis
3661 2998 3801 3055 inter

2208 3096 2605 3151 restitutionem
2639 3078 2694 3147 ct
2720 3094 2932 3146 ruinam
2963 3091 3197 3161 positum
3242 3099 3346 3144 est.
3380 3086 3602 3143 Etiamsi
3645 3088 3805 3142 resti-

1316 3195 1384 3250 Ut
1430 3196 1566 3263 feras
1594 3204 1897 3249 tormentum
1932 3204 2096 3250 tuum.
2128 3172 2171 3235 (ἶ
2215 3188 2381 3243 tuaris
2410 3188 2482 3241 ita
2513 3197 2565 3239 ut
2591 3185 2890 3253 antiquitus
2922 3197 3071 3248 eras,
3117 3182 3242 3237 vide
3282 3191 3483 3251 quanta
3512 3179 3806 3243 exhaurias

2216 3283 2372 3346 lttaia,
2412 3281 2628 3352 quantis
2653 3281 2883 3351 primmn
2908 3277 3308 3332 calamitatibus
3328 3277 3679 3346 opprimaris.
3696 3274 3808 3330 Hoc

2192 3364 2387 3431 autem
2447 3375 2586 3444 quod
2632 3374 2700 3428 de
2755 3373 2991 3427 Sodoma
3037 3371 3306 3434 diximus,
3352 3379 3407 3424 et
3443 3368 3512 3424 de
3556 3369 3807 3424 Samaria

2212 3485 2425 3541 quoque
2457 3469 2763 3539 intelligere
2789 3468 3072 3521 debemus.
3106 3465 3174 3519 Et
3202 3466 3317 3534 ipsa
3346 3464 3547 3535 quippe
3576 3464 3808 3527 necdum

2214 3575 2297 3618 est
2328 3565 2599 3627 restituta,
2636 3563 2729 3618 sed
2762 3578 2826 3617 ett
2856 3577 2922 3617 eo
2950 3574 3189 3629 tempore
3215 3602 3229 3625 ,
3264 3575 3370 3629 quo
3419 3560 3608 3613 decem
3645 3558 3815 3613 tribus

2216 3662 2406 3730 ejecta;
2434 3668 2560 3713 sunt
2585 3657 2653 3712 de
2675 3656 2859 3711 Judma
2887 3664 2941 3709 et
2968 3654 3035 3709 de
3065 3655 3334 3719 Samaria,
3366 3662 3418 3706 et
3445 3652 3813 3720 captivitatem

2218 3757 2496 3819 sustinuit,
2558 3763 2613 3809 et
2660 3769 2856 3809 nomen
2915 3754 3146 3822 accepit,
3199 3762 3305 3804 non
3353 3747 3559 3803 habens
3603 3747 3817 3803 accolas

2221 3865 2370 3905 suos.
2408 3849 2745 3904 i'testituetur
2789 3855 2968 3900 autem
3001 3854 3053 3898 ct
3098 3844 3191 3898 illa
3220 3885 3234 3909 ,
3268 3843 3412 3896 sicut
3451 3842 3504 3893 in
3557 3838 3822 3911 principio

2223 3944 2348 4006 fuit,
2378 3957 2501 3996 cum
2532 3940 2724 3994 decem
2769 3939 2940 3992 tribus
2970 3936 3173 3990 fuerint
3202 3948 3467 3994 reversae,
3502 3941 3558 3985 ut
3581 3932 3826 3985 solvatur

2225 4038 2274 4091 id
2300 4035 2440 4106 quod
2472 4036 2734 4102 scriptum
2767 4041 2849 4087 est
2878 4050 2889 4085 :
2919 4030 3166 4103 Captivus
3191 4030 3378 4082 ductus
3417 4035 3489 4081 est
3516 4024 3745 4097 populus
3773 4026 3828 4078 in

2227 4134 2466 4203 Assyrios
2491 4145 2650 4200 usque
2681 4129 2732 4182 in
2761 4126 3073 4179 hodiernum
3104 4124 3239 4177 diem
3269 4121 3358 4192 (IV
3396 4121 3527 4193 Reg.
3572 4118 3732 4189 xvtt).
3772 4118 3831 4175 Si

2228 4238 2409 4285 autem
2441 4234 2592 4281 tanto
2624 4231 2749 4293 post
2779 4232 3027 4291 tempore
3056 4219 3379 4273 restituetur
3405 4215 3483 4283 id,
3506 4214 3653 4285 quod
3684 4226 3833 4283 prato

2231 4322 2399 4377 cessit.
2447 4320 2500 4373 in
2531 4320 2767 4389 signant,
2813 4312 3029 4386 quando
3074 4322 3130 4366 tu
3174 4309 3503 4374 restitueris,
3553 4307 3598 4362 si
3648 4317 3837 4363 tamen

2233 4413 2564 4479 restitueris,
2598 4408 2936 4464 Samaritana
2969 4415 3023 4461 et
3054 4404 3310 4459 baeretica
3340 4403 3520 4456 animo
3554 4440 3568 4465 ,
3601 4414 3722 4470 quae
3768 4399 3843 4452 sis

2238 4505 2518 4570 mulacris,
2550 4512 2605 4557 et
2641 4502 2805 4573 975
2844 4500 2994 4554 feriis
3024 4512 3128 4550 non
3170 4495 3349 4557 veris,
3378 4507 3443 4546 ac
3464 4490 3739 4561 ﬁgmentis
3772 4489 3844 4544 de

2237 4599 2525 4654 Jeroboam
2554 4594 2720 4649 corde
2751 4590 3100 4648 venientibus
3127 4585 3450 4642 credidisdi
3492 4582 3725 4650 Quando
3756 4596 3848 4635 rev

2161 4649 2212 4709 Β
2238 4689 2498 4746 atitueris.
2518 4702 2551 4740 ο
2568 4686 2749 4740 anima
2774 4682 2982 4747 intelix,
3004 4696 3126 4733 cum
3143 4687 3266 4749 post
3284 4686 3429 4731 tanta
3448 4676 3651 4731 sweula
3674 4674 3847 4728 resti,

2242 4796 2423 4840 luatur
2452 4781 2763 4849 exemplum
2790 4776 2904 4831 tui?
2931 4775 2986 4831 Si
3019 4784 3197 4828 autem
3234 4776 3341 4825 bac
3396 4784 3562 4838 super
3604 4767 3852 4822 Sodoma

2243 4888 2298 4934 et
2341 4875 2589 4931 Samaria
2637 4872 2698 4926 ﬁt
2723 4887 2843 4942 qua!
2888 4867 3196 4938 justiticata:
3239 4874 3365 4918 sunt
3409 4863 3477 4917 ab
3511 4860 3852 4923 Jerusalem,

2245 4975 2370 5044 quid
2403 4969 2692 5027 dicendum
2714 4975 2801 5022 est
2824 4964 2894 5027 de
2914 4964 3032 5033 ipsa
3054 4961 3383 5024 Jerusalem,
3408 4970 3530 5028 quae
3553 4956 3855 5025 supradic-

2248 5077 2424 5124 tarum
2455 5064 2663 5118 scelera
2691 5060 2814 5132 [ιιι.
2842 5050 3460 5128 scelercjiustiﬁcavit?
3490 5052 3554 5103 Et
3586 5049 3858 5104 restitue-

2251 5164 2382 5219 mini
2417 5161 2553 5215 sicut
2587 5159 2654 5212 ab
2685 5155 2839 5211 initio
2890 5150 3091 5207 (histis.
3146 5150 3214 5204 Et
3266 5156 3322 5201 tu
3354 5158 3404 5200 et
3442 5145 3563 5198 ﬁliae
3596 5154 3705 5197 tum
3737 5158 3862 5198 retro

2252 5256 2518 5315 titnemini
2582 5256 2726 5307 sicut
2798 5249 2975 5305 fuistis
3042 5248 3098 5300 in
3158 5242 3448 5314 principio.
3512 5239 3628 5294 Scit
3702 5238 3861 5304 hoc,

2251 5351 2394 5425 quod
2428 5350 2600 5404 dicit:
2635 5347 2784 5402 Sicut
2834 5342 3008 5415 fuistis
3038 5340 3089 5393 in
3137 5336 3419 5409 principio.
3450 5342 3508 5387 ct
3548 5332 3721 5386 Isaias
3770 5330 3865 5386 di-

2254 5470 2387 5522 enim
2412 5467 2557 5519 istius
2583 5462 2720 5516 modi
2749 5476 2829 5514 res
2877 5457 3024 5532 apud
3044 5466 3128 5508 eos
3158 5453 3246 5523 qui
3286 5449 3570 5532 dot-tissimi
3595 5460 3717 5501 sunt
3757 5467 3776 5504 :
3810 5456 3868 5505 et

2253 5539 2563 5610 expressius
2595 5534 2906 5610 paulopost
2935 5529 3221 5610 ssitaaen
3252 5529 3532 5610 restitueris
3567 5538 3584 5575 :
3616 5529 3753 5610 sun-3
3786 5530 3869 5574 ta-

2257 5593 2380 5667 {.Ién
2414 5612 2465 5665 in
2499 5593 2616 5675 ejus
2639 5593 2835 5675 passim
2865 5599 3082 5675 scriptis
3107 5597 3368 5675 pleraque
3394 5593 3520 5675 alia,
3552 5606 3674 5660 quae
3709 5593 3868 5675 ltue.

2258 5687 2363 5739 tius
2396 5684 2448 5737 in
2481 5666 2702 5749 Oi'ige'n.
2734 5666 3371 5749 recitat‘gdechusmodi
3400 5666 3847 5749 ἀποχαταςτὰσει

2257 5734 2372 5810 sive
2399 5734 2471 5808 in
2504 5734 3207 5821 pristinumreititutione
3245 5740 3577 5821 testimonia,
3614 5734 3687 5790 ob
3741 5752 3819 5807 qn

2258 5808 2399 5883 male
2428 5808 2693 5879 continuo
2722 5818 2892 5876 audiit
2912 5814 3052 5888 apud
3085 5812 3344 5870 Ecclesia:
3371 5808 3583 5864 Patres.
