4150 6346
378 289 478 344 765'
919 284 1355 340 TRANSLATIU
1397 277 1831 339 llOMlLlAliUM
1871 279 1964 338 Uli

2068 283 2190 342 tuis
2228 281 2296 338 lN
2337 283 2795 340 EZECHIELEM.
2840 254 3002 340 non.
3047 285 3137 340 XI.
3560 289 3666 345 ’166

373 416 502 460 cens
528 419 539 454 :
575 400 640 456 Et
665 399 973 456 constituam
990 399 1198 470 judicos
1225 409 1338 453 tuos
1360 407 1418 452 ut
1447 399 1624 469 prius,
1651 407 1698 451 ct
1723 398 1973 452 consilio-
2000 398 2050 458 Α
2079 409 2130 453 et
2153 397 2459 454 confundor
2481 441 2497 466 ,
2528 407 2584 454 et
2613 401 2866 457 conscius
2901 401 3030 456 utilti
3063 402 3210 458 ultro
3239 413 3446 458 memet
3479 405 3664 474 punio.

372 496 478 550 rios
503 505 616 548 tuos
647 508 700 548 ut
725 495 780 550 in
798 493 1013 548 exordio
1046 491 1202 562 (luti.
1235 492 1308 564 ι).
1339 493 1402 547 Ει
1425 493 1530 547 nisi
1561 501 1705 547 esset
1735 493 1968 548 Sodoma

372 604 538 646 soror
563 597 650 646 tua
684 589 736 640 in
758 587 962 651 auditu,
995 588 1046 640 in
1079 601 1174 642 ore
1209 596 1322 650 tuo,
1371 589 1424 641 in
1471 586 1662 641 diebus
1701 586 1969 655 superbiat

371 691 476 738 tute
501 719 516 746 ,
546 679 1004 752 quemadmodum
1052 695 1197 734 nunc
1228 680 1580 750 approbrium
1625 696 1682 733 cs
1733 680 1963 734 liliarum

369 776 562 846 Syrian,
593 783 651 830 et
679 773 930 830 erunibus
960 813 975 839 ,
1011 789 1130 843 qute
1160 781 1287 828 sunt
1327 774 1380 827 in
1425 773 1653 827 circuitu
1694 781 1786 827 tuo
1835 773 1968 828 tilia-

372 883 494 924 rum
527 864 976 935 alienigenarum,
1003 881 1124 937 quat
1149 865 1487 920 circumdant
1517 876 1567 921 te
1599 867 1647 920 in
1678 881 1833 937 gyro.
1866 863 1969 918 Im-

367 963 588 1034 pietates
613 971 728 1014 tuas
757 967 808 1012 tu
836 970 1003 1025 porta.
1037 958 1081 1014 0
1105 958 1589 1014 clementissimum
1619 959 1786 1012 Deum
1808 957 1968 1012 satis-

367 1054 657 1112 facientem
687 1053 756 1110 de
789 1055 1160 1117 restitutione,
1189 1063 1352 1124 atque
1378 1043 1650 1109 dicentem
1680 1070 1694 1106 :
1728 1053 1969 1132 Ιηορῐειᾳ-

273 1163 280 1170 ‘
365 1158 439 1204 tes
472 1159 608 1212 tuas,
659 1159 706 1203 et
751 1148 1047 1218 iniquitates
1089 1155 1204 1202 tuos
1237 1149 1423 1216 porta!
1467 1147 1580 1202 Non
1615 1147 1814 1202 frustra
1844 1147 1967 1201 dico

363 1241 678 1298 restitueris
723 1259 735 1294 :
786 1241 878 1297 sed
907 1256 1029 1296 cum
1061 1241 1374 1310 impietatcs
1403 1253 1539 1306 tuas,
1571 1251 1624 1295 et
1657 1243 1967 1311 iniquitates

368 1347 489 1393 mas
515 1338 862 1406 exltauseris,
895 1346 1023 1392 tunc
1050 1337 1100 1390 itt
1127 1338 1302 1393 locum
1329 1337 1614 1406 pristinum
1641 1337 1961 1392 restitueris.

365 1432 650 1501 Quomodo
677 1431 930 1496 vulnera,
958 1447 1079 1501 quae
1109 1430 1162 1484 in
1193 1445 1427 1500 corpore
1452 1441 1599 1492 sunt,
1629 1443 1774 1499 saepe
1801 1441 1967 1498 parvo

366 1529 616 1596 tempore
645 1525 901 1580 accidunt
930 1542 941 1577 :
973 1524 1199 1578 medela;
1225 1539 1356 1578 vero
1388 1525 1671 1578 vulnerum
1703 1537 1822 1578 eum
1855 1534 1967 1576 tor-

364 1617 564 1672 mentis
592 1617 918 1672 adhibentur
945 1616 1257 1687 iungentibus
1286 1658 1299 1681 ,
1333 1631 1438 1671 non
1483 1617 1639 1686 juxta
1685 1617 1966 1684 tmltittliltt-

365 1722 477 1766 tem
532 1716 816 1780 temporis,
864 1725 972 1780 quo
1008 1710 1176 1764 illata:
1206 1720 1353 1778 sunt,
1397 1710 1491 1765 sed
1518 1711 1668 1781 juxta
1703 1711 1967 1765 rationem

2030 528 2034 534 -
2077 491 2214 547 Vide
2243 500 2424 547 autem
2453 493 2581 562 quid
2613 493 2748 548 mihi
2773 495 3009 550 eveniat.
3046 493 3116 549 Ut
3152 497 3290 552 ultra
3319 513 3424 551 non
3454 498 3520 552 sit
3549 497 3673 553 libe-

2072 602 2185 638 rum
2212 597 2266 639 os
2293 585 2493 657 operire
2531 603 2562 639 a
2591 586 2721 658 facie
2741 587 3058 657 ignominite,
3089 597 3138 643 et
3161 589 3366 660 quando
3395 591 3590 645 eveniat
3617 592 3667 645 in

2071 695 2150 746 eo,
2179 681 2317 750 quod
2347 681 2655 752 propitietur
2684 680 2793 734 tibi.
2840 680 2950 736 Nec
3000 692 3128 738 tunc
3159 685 3374 754 quidem
3408 726 3422 750 ,
3452 683 3672 754 quando

2071 776 2399 848 propitiatur
2421 776 2552 834 mibi
2575 773 2738 830 multa
2787 778 3054 847 peccanti,
3084 793 3303 848 possum
3329 793 3388 834 os
3411 781 3630 849 aperire
3655 763 3670 834 ἓ

2070 885 2171 925 nec
2201 873 2418 942 quando
2447 870 2678 941 ignoscit
2705 869 3007 926 sceleribus
3038 871 3192 933 meis.
3223 857 3432 927 alienus
3455 887 3572 927 sum
3604 869 3670 927 ab

2070 965 2408 1035 ignominia,
2471 964 2566 1018 sed
2624 964 2866 1019 sentiens
2923 966 3131 1019 scelera
3182 979 3347 1032 mea,
3407 976 3670 1036 perpetuo

2069 1059 2419 1116 conscientias
2449 1071 2583 1114 mete
2612 1060 2734 1126 igne
2760 1059 3085 1114 discrucior.
3125 1057 3329 1114 Idcirco
3353 1061 3477 1131 quia
3519 1059 3672 1131 igno-

2071 1156 2232 1210 minia
2266 1165 2318 1210 et
2350 1155 2599 1210 cout‘usio
2627 1163 2826 1209 :eterna
2853 1153 3008 1208 nobis
3032 1153 3272 1223 reposita
3316 1161 3420 1220 est,
3469 1154 3513 1208 si
3546 1169 3672 1224 pec-

2069 1250 2404 1311 caverimus,
2434 1247 2582 1302 omni
2611 1246 2776 1301 corde
2805 1261 3092 1316 precemur
3125 1247 3291 1301 Deum
3321 1287 3334 1311 ,
3366 1254 3423 1300 ut
3453 1245 3546 1302 det
3577 1261 3674 1302 uo-

2071 1339 2177 1405 bis,
2213 1355 2384 1410 usque
2407 1337 2470 1394 ad
2499 1342 2659 1395 linem
2694 1350 2748 1395 et
2795 1341 2988 1395 anima:
3035 1349 3091 1396 et
3137 1339 3388 1411 corporis
3413 1341 3531 1395 nisu
3575 1353 3673 1410 pro

2070 1434 2300 1488 veritate
2331 1431 2664 1489 contendere
2690 1451 2702 1486 :
2729 1443 2786 1488 ttt
2814 1418 3027 1488 etiamsi
3054 1433 3270 1502 aliquod
3302 1443 3516 1502 tempus
3538 1447 3674 1488 con-

2071 1527 2292 1592 stiterit,
2328 1525 2470 1596 quod
2515 1537 2760 1584 nostram
2794 1528 3070 1582 examinet
3100 1527 3257 1582 iidem
3290 1529 3451 1598 (nam
3492 1539 3547 1584 ut
3580 1545 3673 1583 au-

2070 1637 2190 1676 rum
2227 1621 2488 1689 probatur
2535 1623 2585 1675 itt
2622 1619 2847 1675 fornace
2872 1662 2888 1687 ,
2930 1621 3006 1675 sic
3038 1619 3174 1676 ildes
3212 1631 3397 1676 nostra
3441 1621 3493 1675 in
3526 1621 3671 1689 peri-

2070 1717 2195 1769 culo
2223 1727 2274 1770 et
2307 1715 2776 1785 persecutionibus
2807 1715 3214 1784 examinator),
3246 1717 3460 1771 etiamsi
3493 1731 3676 1786 persc-

366 1806 678 1859 curationis
705 1823 720 1860 :
755 1804 904 1858 verbi
934 1805 1130 1873 gratia,
1167 1805 1218 1858 in
1251 1815 1451 1873 puncto
1489 1804 1637 1858 horae
1667 1812 1692 1841 ει
1733 1803 1966 1858 fractura
2000 1797 2048 1858 B
2075 1807 2220 1861 cutio
2251 1810 2514 1880 eruperit,
2547 1809 2793 1863 inveniat
2823 1823 2921 1862 nos
2950 1817 3285 1878 praeparatos
3310 1853 3323 1875 ,
3371 1823 3440 1863 ne
3479 1809 3674 1863 domus

363 1911 562 1951 manus
594 1905 650 1951 ct
681 1896 832 1966 pedis
857 1894 1117 1950 contritio
1143 1895 1344 1950 accidit
1377 1913 1388 1949 :
1424 1897 1526 1949 hoc.
1554 1896 1698 1964 quod
1750 1896 1802 1949 in
1851 1913 1967 1949 mo-

361 1992 490 2045 dico
519 1989 720 2044 factum
747 1997 856 2055 est,
891 1989 1171 2042 mensibus
1204 1989 1319 2043 lere
1345 1987 1538 2052 tribus,
1564 2004 1626 2043 ac
1652 1989 1812 2057 longo
1837 1998 1970 2044 tent-

371 2098 506 2153 pore
541 2083 630 2136 vix
657 2091 877 2136 curatur
911 2098 924 2133 :
967 2081 1049 2135 sic
1076 2089 1129 2135 et
1157 2081 1410 2152 voluptas
1431 2123 1443 2146 ,
1479 2095 1597 2152 quae
1626 2095 1822 2136 nerVos
1854 2085 1969 2136 ani-

369 2187 474 2232 mat
505 2175 757 2240 succidit,
787 2184 842 2230 et
871 2175 1082 2230 luxuria
1110 2216 1124 2237 ,
1163 2184 1218 2228 et
1249 2175 1418 2229 semel
1443 2176 1696 2229 universa
1726 2187 1967 2245 peccata,

366 2285 494 2325 cum
523 2269 575 2323 in
608 2283 775 2339 parvo
815 2278 1064 2336 tempore
1088 2267 1358 2322 infelicem
1387 2269 1622 2322 anintam
1659 2267 1965 2332 illexerunt,

366 2374 427 2418 et
447 2362 515 2417 ad
537 2362 666 2418 vitia
697 2372 998 2426 traxerunt,
1023 2376 1274 2432 maguum
1295 2370 1492 2434 postea
1527 2371 1738 2431 tempus
1769 2363 1822 2415 in
1851 2375 1970 2430 sup.

370 2457 550 2525 plieiis
573 2466 630 2511 et
654 2457 983 2511 cruciatibus
1009 2465 1408 2524 promerentur.
1445 2457 1669 2526 l‘ropter
1696 2456 1838 2525 quod
1869 2461 1970 2510 hoc

371 2551 506 2605 dicit
548 2550 811 2605 Dominus
859 2569 874 2606 :
919 2549 986 2604 Et
1021 2551 1214 2621 faciam
1255 2551 1311 2602 in
1359 2560 1404 2603 te
1445 2551 1576 2604 sicut
1622 2551 1808 2619 fecisti,
1841 2549 1970 2601 sicut

370 2645 608 2713 sprevisti
619 2642 728 2697 haec
745 2643 1128 2712 praemicando
1144 2652 1500 2695 testamentum
1515 2657 1680 2694 nterim
1691 2687 1702 2708 ,
1719 2651 1762 2694 et
1778 2655 1970 2693 memor
1988 2695 1996 2703 ,

370 2738 728 2794 ero.Primum
743 2736 1014 2806 quomodo
1031 2737 1199 2791 iecisti
1216 2735 1402 2789 inciam
1421 2736 1514 2787 tibi
1528 2777 1540 2800 ,
1554 2733 1748 2787 deinde
1763 2747 1972 2787 memor

371 2848 470 2887 ero
487 2834 798 2888 testamenti
823 2832 954 2894 mei,
975 2831 1119 2901 quod
1137 2830 1241 2885 ieci
1259 2839 1431 2884 tecum
1449 2831 1500 2883 in
1519 2827 1710 2883 diebus
1729 2821 1970 2882 infantia:

373 2939 499 2982 tu:e.
515 2925 876 2998 Fecitquippe
891 2936 1272 2981 testamentum
1290 2927 1340 2978 in
1355 2921 1547 2979 diebus
1569 2926 1808 2978 infantia:
1829 2922 1966 2992 ejus.

379 3024 626 3077 Diximus
653 3031 833 3077 autem
856 3035 1018 3089 supra
1041 3021 1314 3092 quomodo
1341 3033 1464 3075 cum
1497 3036 1567 3074 ca-
1585 3018 1773 3074 fecerit
1799 3027 1966 3073 testa-

376 3105 642 3171 mentum.
673 3116 738 3169 Et
767 3116 1046 3169 suscitabo
1072 3113 1166 3167 tibi
1191 3113 1646 3168 testamentumin
1679 3123 1964 3166 attentum.

2075 1909 2258 1954 nostra
2292 1901 2343 1954 in
2376 1901 2567 1972 hyeme
2589 1911 2832 1969 corruat,
2858 1915 2925 1956 ne
2948 1900 3233 1956 mdiﬁcatio
3257 1903 3408 1974 quasi
3436 1904 3484 1955 in
3510 1915 3670 1958 arena

2071 2004 2385 2052 constructa
2433 1995 2850 2067 tempestatibus
2881 1996 3218 2068 dissipetur:
3257 2005 3320 2051 ut
3347 2011 3466 2052 cum
3509 1997 3678 2052 ﬂave-

2073 2090 2182 2154 rint
2228 2089 2378 2143 venti
2428 2087 2656 2156 diaboli,
2708 2087 2760 2144 id
2813 2101 2917 2156 ρει,
2972 2087 3204 2159 spiritus
3227 2089 3474 2159 pessimi,
3505 2101 3672 2160 opera

2073 2189 2255 2236 nostra
2307 2183 2625 2252 persistant,
2661 2197 2778 2252 quzc
2810 2195 2980 2251 usque
3010 2181 3077 2236 ad
3109 2181 3248 2236 ltanc
3293 2175 3436 2235 diem
3474 2159 3670 2250 persti-

2073 2281 2282 2340 terunt,
2315 2276 2357 2328 si
2393 2283 2574 2329 tamen
2598 2287 2704 2329 non
2735 2283 2860 2329 sunt
2890 2271 3104 2329 occulte
3126 2276 3377 2341 subruta,
3415 2284 3463 2328 et
3497 2276 3548 2328 in
3581 2289 3676 2328 ex-

2074 2368 2369 2440 peditionis
2418 2369 2666 2422 aecittctu
2717 2366 3132 2422 mattil’estcmus
3173 2365 3495 2421 cbaritatem
3550 2381 3678 2422 nos-
3749 2381 3756 2388 '

2075 2473 2233 2529 Iram,
2266 2477 2426 2530 quam
2465 2459 2724 2515 habemus
2755 2459 2820 2513 ad
2863 2459 3032 2514 Deum
3074 2459 3126 2512 in
3157 2457 3376 2513 Christo
3407 2455 3562 2521 Jesu,
3589 2457 3676 2513 cui

2073 2565 2151 2611 est
2177 2555 2346 2625 gloria
2381 2563 2432 2606 et
2463 2551 2750 2622 imperium
2782 2552 2834 2605 in
2863 2551 3062 2605 saecula
3101 2551 3440 2604 szeculorum.
3472 2550 3668 2604 Amen.

2522 2698 2799 2754 ilOMlLlA
2851 2694 3238 2754 UNDECIMA.

2075 2813 2149 2868 De
2179 2827 2244 2866 eo
2271 2810 2415 2882 quod
2443 2810 2644 2866 dictum
2678 2819 2797 2864 est:
2847 2809 2955 2864 Fili
2985 2810 3238 2882 hominis,
3271 2823 3498 2880 propone
3533 2809 3673 2882 triti-

2143 2880 2300 2956 gnm,
2329 2892 2375 2937 et
2407 2884 2491 2936 dir
2519 2882 2818 2956 parabolom
2848 2883 2915 2936 at!
2959 2882 3166 2956 domum
3201 2880 3460 2956 Israelpet
3489 2880 3626 2936 (licet
3652 2896 3673 2934 :

2145 2951 2332 3027 Siquila
2364 2972 2669 3026 magnarum.
2699 2954 2923 3018 alarum,
2957 2961 3060 3006 etc.
3094 2953 3252 3024 (Cap.
3284 2951 3442 3024 xvn).

2143 3111 2305 3183 977
2332 3110 2663 3166 Exercitatio
2694 3123 3008 3180 corporum,
3033 3117 3087 3164 et
3115 3111 3166 3164 in
3197 3117 3366 3166 totum
3399 3107 3674 3164 fortitudi-

383 3207 708 3278 Egooccido‘,
734 3216 894 3278 et_cgo
926 3206 1212 3276 vioiﬂcabo,
1245 3206 1453 3272 ait.Qui
1482 3219 1606 3260 cum
1642 3205 1738 3256 ista
1764 3205 1967 3275 promi-
1997 3186 2042 3248 C
2077 3220 2197 3258 nent
2229 3211 2514 3273 comparat
2545 3204 2642 3269 iis,
2699 3204 2788 3273 qui
2847 3211 3195 3267 exercentur,
3229 3213 3282 3257 et
3333 3215 3433 3273 per
3489 3211 3669 3271 partes

376 3300 495 3367 ttit,
527 3299 748 3354 dolores
774 3300 927 3362 facit,
947 3311 1002 3354 et
1041 3313 1255 3354 rursum
1278 3299 1444 3369 973
1468 3299 1739 3352 restituet.
1769 3297 1971 3352 Percus

375 3392 462 3457 sit,
493 3401 547 3447 et
563 3407 754 3447 tnanus
775 3393 1200 3460 ejussanabunt.
1227 3391 1439 3444 Dicitur
1458 3394 1508 3443 itt
1527 3389 1747 3444 Micltata
1769 3389 1970 3443 :Iram-

375 3483 588 3540 Domitii
617 3487 897 3550 sustinebo,
923 3487 1044 3557 quia
1078 3487 1287 3556 peccavi
1314 3487 1382 3550 ei,
1418 3486 1840 3554 dattec_,'nstiﬁret
1864 3487 1972 3553 ipse

371 3595 582 3633 causam
613 3595 775 3633 meum
799 3579 989 3652 (Mich.
1017 3579 1130 3648 Vll).
1156 3578 1440 3647 Quomodo
1459 3578 1788 3647 jttStiﬂCutur
1806 3593 1968 3630 causa

371 3675 528 3729 mea?
558 3674 786 3742 Quando
811 3676 942 3728 iram
983 3673 1200 3728 Domini
1241 3673 1574 3736 sustinuero,
1623 3672 1710 3738 qui
1754 3670 1971 3724 divitias

368 3769 628 3824 benitatis
652 3769 791 3838 ejus,
824 3777 879 3823 et
925 3768 1216 3838 patientiae,
1251 3775 1306 3821 et
1356 3764 1788 3836 louganimitatis
1833 3779 1968 3818 eon-

367 3863 562 3930 tempsi
599 3904 612 3927 ,
643 3863 864 3932 etjuxta
891 3877 1069 3917 meam
1094 3860 1351 3915 duritiam
1391 3871 1444 3914 et
1490 3861 1836 3928 impteuitens
1873 3873 1970 3913 cur

365 3956 733 4011 tltesaurisavi
781 3955 910 4010 mihi
959 3955 1094 4008 iram
1144 3954 1196 4006 iit
1250 3953 1338 4006 die
1383 3955 1496 4017 irtc,
1531 3959 1587 4006 et
1609 3950 1968 4006 revelatiunis

362 4049 497 4118 justi
517 4048 715 4116 judicii
745 4048 862 4103 Dei.
897 4048 965 4102 Et
992 4046 1448 4102 deltunestaberis
1483 4046 1533 4097 in
1560 4061 1648 4111 eo,
1678 4045 1816 4114 quod
1845 4045 1966 4098 sus"-

362 4141 554 4211 cepistl
597 4155 812 4196 sorores
847 4151 967 4195 tuas
995 4141 1246 4195 seniores
1279 4153 1401 4191 eum
1433 4137 1881 4211 adolescentulis,
1915 4144 1969 4190 et

360 4235 506 4289 dabo
535 4234 629 4289 tibi
661 4249 755 4289 eas
781 4235 832 4289 in
857 4234 1296 4288 aediﬁcationem.
1329 4232 1502 4298 Supra
1533 4245 1691 4286 unam
1714 4228 1852 4284 dixit
1880 4243 1967 4284 so-

363 4343 550 4382 rorem
578 4327 896 4392 Sodomam,
921 4336 974 4382 et
1002 4327 1162 4381 aliam
1194 4325 1531 4387 Samariam,
1575 4335 1718 4377 nttnc
1745 4321 1966 4394 repetit,

361 4430 414 4475 et
440 4420 570 4475 dicit
601 4435 820 4476 sorores
869 4429 994 4474 tuas
1040 4419 1310 4482 seniores,
1358 4433 1480 4472 cum
1527 4417 1715 4472 senior
1757 4425 1963 4470 tantum

362 4514 605 4569 Samaria
639 4513 706 4569 sit
735 4553 748 4579 ,
779 4525 831 4569 et
862 4513 1268 4568 adolescentior
1310 4512 1587 4576 Sodoma;
1623 4524 1809 4564 verum
1835 4509 1956 4575 quia

2076 3300 2496 3368 tumtnqumlque
2561 3299 2864 3354 membrum
2932 3298 3240 3368 sensusque
3301 3297 3668 3352 membrorum

2073 3393 2377 3456 vegetiores
2410 3396 2537 3448 facit
2571 3394 2634 3446 ad
2693 3391 3058 3447 sull‘ereutlum
3091 3391 3240 3460 qttid,
3273 3397 3365 3444 aut
3419 3387 3482 3444 ad
3538 3405 3668 3444 sen-

2074 3487 2336 3551 tiendum;
2395 3497 2451 3541 ltt
2484 3495 2610 3554 puta
2641 3486 2924 3541 oculorum
2983 3487 3149 3551 acies,
3181 3486 3225 3540 si
3257 3485 3586 3540 exorritetttr
3616 3483 3668 3539 in

2073 3582 2210 3648 visu,
2243 3579 2648 3634 at'rtttiot-lltttad
2679 3578 2976 3634 videndum
3010 3597 3023 3634 :
3057 3593 3238 3641 aures,
3262 3579 3304 3633 sl
3331 3579 3666 3648 frequentius

2072 3674 2314 3740 audiant,
2336 3671 2536 3728 melius
2567 3681 2792 3742 possunt
2826 3683 3020 3726 verum
3048 3687 3245 3740 capere
3275 3670 3660 3725 dissonantlas.

2073 3763 2185 3818 lloc
2210 3774 2388 3823 autem
2414 3764 2538 3818 etin
2559 3767 2768 3818 creteris
2795 3764 3054 3818 membris
3081 3764 3210 3818 licet
3233 3761 3663 3835 deprehendere,

2071 3857 2216 3924 quod
2251 3857 2301 3910 iu
2335 3857 2525 3926 paucis
2554 3855 2913 3911 ostendimus.
2951 3855 3150 3909 Verum
3200 3854 3328 3924 quid
3373 3855 3500 3907 mibi
3533 3865 3662 3923 pro-

2069 3949 2192 4003 dest
2222 3947 2292 4004 ad
2325 3943 2720 4006 beatitudinem
2754 3957 2808 4004 et
2855 3949 2920 4002 ad
2951 3949 3118 4004 vitam
3163 3947 3552 4014 sempiternam
3575 3991 3588 4014 ,
3623 3947 3668 4003 si

2070 4057 2274 4112 corpus
2324 4041 2812 4099 exercitationibus
2861 4039 3374 4118 roboretur?Quod
3403 4039 3533 4093 mibi
3584 4045 3667 4093 est

2069 4137 2532 4201 emolumentum,
2586 4135 2796 4192 etiamsi
2848 4134 3147 4190 fortissimo
3205 4145 3443 4202 corpore
3500 4133 3662 4198 tiam,

2069 4235 2284 4288 etiamsi
2317 4233 2572 4287 omnibus
2601 4232 2859 4287 membris
2885 4238 3116 4302 vegetus
3150 4229 3401 4284 incedam
3425 4226 3449 4268 ν
3480 4226 3663 4282 Econ-

2058 4327 2238 4382 trario
2267 4333 2469 4394 autem,
2500 4325 2544 4381 sl
2573 4337 2767 4380 sensus
2796 4325 2994 4380 anima:
3027 4322 3267 4378 habuero
3295 4321 3662 4377 excercitatos

2068 4421 2134 4474 ad
2165 4420 2510 4476 sentiendum
2545 4420 2696 4490 quid,
2727 4418 2793 4473 ad
2826 4417 3142 4474 discendum
3197 4416 3315 4470 dies
3371 4423 3666 4485 noctesque

2070 4515 2397 4580 contrivero,
2435 4527 2542 4569 non
2575 4514 2747 4568 solum
2771 4513 2823 4567 in
2849 4513 2951 4566 hac
2975 4511 3084 4566 vita
3109 4510 3239 4566 mihi
3265 4509 3540 4574 conducit,
3569 4509 3662 4564 Sed

360 4608 485 4662 ﬁliai
516 4621 704 4661 earnm
736 4607 817 4660 eis
839 4615 1325 4670 connumerautur,
1362 4604 1493 4658 dicit
1519 4604 1761 4656 omnium
1794 4613 1956 4656 unam
1985 4579 2039 4641 D
2066 4607 2224 4660 etiam
2265 4607 2615 4662 recedentem
2646 4604 2714 4662 de
2743 4619 2978 4675 corpore
3017 4613 3404 4674 prosequetur.
3448 4601 3664 4659 Idcirco

362 4716 487 4755 esse
512 4701 775 4767 speciem.
808 4700 1036 4764 Quanta}
1065 4708 1244 4752 autem
1269 4696 1394 4751 lilite
1417 4695 1777 4751 Sodomorum
1809 4704 1957 4759 sunt,

360 4803 526 4848 tanta!
553 4803 608 4847 et
636 4792 922 4850 Bamariat.
951 4793 1022 4846 Et
1041 4792 1185 4849 dabo
1209 4793 1304 4847 tibi
1333 4807 1425 4846 eas
1449 4793 1498 4845 itt
1519 4789 1954 4854 :rdificationem,

359 4897 414 4943 et
451 4903 560 4942 non
610 4903 674 4944 ex
722 4897 1048 4943 testamento
1101 4898 1212 4950 tuo,
1272 4896 1325 4941 et
1372 4885 1647 4940 suscitabo
1703 4899 1802 4952 ego
1853 4893 1960 4938 tes~

359 4989 661 5034 tamentum
717 4991 896 5034 meum
959 4987 1154 5034 tecum.
1206 4977 1503 5033 Considera
1562 4977 1719 5030 tinem
1769 4990 1958 5045 reproo

356 5072 638 5144 missionis
685 5082 738 5127 et
807 5087 1106 5143 cognosces
1168 5073 1288 5142 quia
1356 5087 1457 5140 ego
1528 5071 1833 5132 Dominus,
1903 5079 1960 5124 ut

363 5166 686 5220 memineris
717 5203 731 5231 ,
762 5175 818 5220 et
857 5165 1226 5230 confundaris,
1279 5165 1328 5218 id
1385 5175 1504 5226 est.
1562 5179 1684 5220 cum
1739 5179 1957 5234 recepe-

354 5259 432 5313 ris
461 5265 680 5328 peccata
738 5267 848 5319 tua,
895 5266 950 5312 et
1005 5265 1364 5312 rememorata
1423 5256 1606 5321 fueris,
1657 5267 1782 5310 tunc.
1828 5271 1957 5312 eoo-

353 5351 626 5408 i‘uuderis.
661 5351 726 5406 Et
759 5351 904 5406 ultra
935 5365 1042 5406 non
1083 5351 1190 5405 erit
1217 5350 1310 5406 tibi
1343 5363 1405 5403 os
1436 5349 1671 5419 aperire.
1700 5349 1833 5404 Cum
1872 5367 1955 5405 re-

352 5458 554 5513 cepero
601 5455 824 5514 peccata
869 5458 1011 5509 mea,
1040 5452 1098 5497 et
1124 5444 1411 5497 restitutus
1463 5442 1638 5509 fuero,
1673 5441 1815 5497 facto
1845 5459 1957 5499 me-

352 5552 475 5591 cum
509 5545 854 5602 testamento,
902 5546 1034 5592 tunc
1080 5535 1312 5607 amplius
1359 5536 1604 5606 intelligo
1636 5538 1771 5592 mala
1806 5551 1950 5608 mea,

426 5687 451 5750 ξι
488 5675 701 5750 _Vitiose
730 5686 888 5731 antea
923 5675 1226 5750 legebatur,
1261 5679 1482 5750 factum.

423 5746 451 5785 δ
487 5747 541 5803 In
559 5748 921 5820 Hexapiorum
945 5746 1275 5804 collectione
1295 5747 1381 5804 hic.
1403 5750 1555 5805 locus
1579 5751 1943 5807 desideratur.

352 5818 432 5875 Ex
465 5818 920 5878 romanat‘tamen
945 5820 1205 5879 editionis
1237 5829 1338 5878 τῶν
1370 5821 1513 5878 LXX
1556 5825 1929 5880 annotationi-

2066 4699 2117 4752 in
2151 4699 2424 4767 parabolis
2445 4691 2498 4754 et
2527 4699 2579 4752 in
2605 4698 2987 4766 tenigmatibus
3017 4698 3230 4752 locutus
3260 4705 3343 4752 est
3376 4696 3518 4751 Deus
3540 4742 3554 4764 ,
3608 4704 3665 4751 ut

2063 4791 2382 4846 extenderet
2411 4805 2471 4846 se
2499 4803 2651 4848 meus
2701 4799 2909 4856 nostra,
2945 4791 3028 4845 vel
3061 4790 3241 4861 potius
3273 4790 3325 4844 itt
3357 4801 3524 4845 unum
3549 4791 3663 4844 col-

2060 4883 2235 4955 ligens
2262 4884 2529 4940 dictorum
2563 4887 2839 4942 intueatur
2869 4886 3143 4953 acumina,
3168 4893 3222 4940 et
3254 4899 3283 4938 a
3313 4885 3562 4953 carperis
3584 4883 3664 4937 vl-

2063 4980 2152 5034 tiis
2190 4981 2477 5045 recedens,
2537 4981 2665 5035 dum
2719 4979 2967 5051 intelligit
3014 4983 3324 5045 veritatem,
3378 4979 3502 5033 vitae
3552 4989 3663 5032 sua!

2065 5087 2283 5129 cursum
2313 5075 2613 5130 secundum
2641 5075 2895 5130 eumdem
2919 5075 3136 5144 dirigat.
3167 5075 3290 5129 Hmc
3315 5075 3367 5128 in
3396 5071 3662 5142 prooemio

2061 5167 2316 5230 diximus,
2349 5169 2474 5236 quia
2505 5181 2684 5223 sermo
2711 5167 2806 5223 Del
2842 5169 3014 5223 factus
3036 5177 3119 5223 est
3161 5167 3226 5222 ad
3277 5163 3618 5220 Ezechielem
3642 5205 3658 5231 ,

2061 5260 2252 5316 dicens
2283 5279 2298 5316 :
2328 5259 2436 5314 Fili
2460 5261 2702 5326 hominis,
2733 5279 2887 5316 narra
2910 5262 3280 5323 narrationem,
3308 5269 3354 5311 et
3378 5259 3461 5312 (lio
3506 5273 3663 5328 para-

2061 5353 2232 5406 bolam
2262 5353 2331 5405 ad
2357 5353 2568 5408 domum
2599 5353 2783 5410 Israel.
2821 5355 2926 5409 Pro
2953 5355 3056 5408 bne
3082 5360 3264 5406 autem
3315 5350 3458 5418 quod
3520 5349 3660 5419 Sep-

2059 5449 2306 5519 tuagiuta
2327 5449 2653 5518 interpretes
2683 5455 2980 5509 nostterunt
3010 5447 3384 5510 narrationem,
3409 5445 3568 5509 alius,
3591 5444 3662 5499 de

2057 5541 2447 5610 interpretibus
2487 5542 2790 5603 transtulit,
2852 5553 3080 5611 prapono
3130 5536 3157 5578 ιι
3198 5537 3484 5608 problentn;
3517 5535 3658 5592 alius

2061 5683 2162 5754 bus
2187 5683 2449 5754 colligere
2474 5691 2576 5754 est,
2603 5680 2850 5750 Aquilam
2872 5679 3125 5754 posuisse
3153 5675 3382 5754 αἴνιγμα,
3409 5677 3660 5752 Symma-

2059 5753 2222 5808 chum
2246 5763 2300 5808 et
2326 5751 2756 5809 Tlteodotionem
2782 5751 3082 5829 πρόϐλημα.
