4100 6336
480 244 588 321 767

1708 302 1711 303 ν
1738 267 1798 324 S.
1842 267 2115 337 EUSEBII
2155 266 2532 325 HIEBONYMI

3680 273 3781 330 768

482 389 660 460 profer
683 388 967 459 problem,
993 389 1130 445 alius
1152 389 1394 464 signiﬁca
1422 390 1667 463 mnigma.
1692 386 1859 459 Igitur
1887 397 1943 444 et
1966 403 2091 459 pro-
2114 392 2165 452 Α
2193 392 2464 461 exposcit,
2498 400 2555 447 ut
2586 408 2707 465 qua:
2739 394 3031 452 obscurius
3078 397 3225 453 dicta
3255 407 3382 455 sunt
3410 442 3425 466 ,
3456 397 3784 470 quibusdam

486 480 662 539 blema
692 492 747 539 et
776 485 1003 555 :enigma
1036 493 1092 540 et
1143 484 1405 553 parabola
1461 492 1546 540 est
1572 482 1720 555 quod
1750 482 1951 538 lectum
1983 492 2087 539 est.

488 576 547 633 Si
576 576 794 648 quando
824 578 1223 635 illuminatione
1281 578 1613 650 indiguimus
1669 577 1915 633 scientiae
1955 577 2087 647 Dei,

488 686 632 726 nunc
661 673 747 726 vel
799 674 1041 728 maxime
1070 682 1127 728 et
1175 674 1487 728 necessarie
1522 673 1852 743 indigemus,
1881 682 1942 726 ut
1984 688 2093 727 non

489 771 599 821 tam
631 780 755 836 ego.
788 782 949 836 quam
975 809 990 832 ,
1023 767 1329 823 orantibus'
1363 767 1530 839 978
1556 766 1742 839 vobis,
1793 767 1965 835 gratia
2000 765 2094 821 Dei

488 858 544 914 in
572 874 661 914 me
686 859 952 914 edisserat
976 860 1305 914 solutionem
1336 858 1721 929 problematis,
1754 868 1807 913 et
1835 858 2095 926 aenigma-

493 952 586 1019 tis,
620 953 735 1007 sive
764 953 1057 1022 parabolae.
1088 953 1219 1021 ane
1258 960 1344 1006 est
1368 967 1497 1021 ergo
1540 950 1797 1019 parabola
1855 950 2051 1020 aquila:
2077 991 2093 1016 ,

496 1057 661 1114 quam
692 1043 746 1099 in
805 1044 1061 1113 prmscnti
1106 1043 1347 1114 Spiritus
1385 1050 1609 1098 sanctus
1654 1042 1938 1097 ostendit?
1969 1042 2099 1109 Qua:

497 1151 603 1191 non
637 1138 811 1191 solum
853 1138 1055 1207 aquila,
1092 1137 1186 1192 sed
1216 1138 1378 1192 etiam
1430 1137 1845 1206 comparatione
1872 1143 2100 1191 cmtera-

496 1247 620 1288 rum
652 1232 984 1303 aquilarum,
1016 1248 1207 1304 magna
1238 1232 1514 1302 aquila,et
1545 1231 1844 1302 ingentium
1870 1231 2098 1297 alarum,

499 1331 555 1379 et
587 1324 741 1391 longa
772 1332 1101 1388 extensu,et
1127 1325 1287 1395 plena
1316 1324 1751 1395 unguibus,sive
1776 1322 1857 1393 (ut
1880 1322 2100 1392 quidam

470 1415 891 1486 interpretatus
918 1416 1023 1487 est)
1057 1416 1213 1486 plena
1246 1416 1449 1487 plumis
1474 1414 1749 1471 scribitur.
1781 1415 1896 1469 Non
1925 1414 2103 1469 solum

502 1507 609 1577 bis,
644 1525 765 1578 qua:
800 1510 1064 1578 diximus,
1100 1511 1276 1580 major
1297 1520 1381 1565 est
1420 1511 1631 1565 caneris
1659 1509 1876 1579 aquilis,
1910 1523 2101 1563 verum

506 1603 560 1658 in
589 1619 654 1659 eo
682 1604 767 1659 vel
800 1605 1072 1673 prtecipua
1102 1613 1205 1672 est,
1237 1604 1379 1673 quod
1411 1603 1633 1659 ductum
1670 1604 1833 1658 habet
1861 1601 2105 1657 intrandi

503 1696 557 1751 in
585 1696 875 1752 Libanum.
906 1698 1041 1754 Nam
1064 1699 1376 1769 ingrediens
1414 1699 1524 1755 illic
1554 1698 1622 1753 ab
1670 1699 1869 1754 arbore
1915 1698 2100 1764 cedri,

2195 484 2469 555 adjunctis
2500 487 2851 544 sermonibus
2884 490 3097 560 planius
3126 505 3468 547 enarremus.
3509 491 3580 546 Et
3600 492 3644 545 si
3672 501 3787 545 tan-

2196 584 2281 631 tus
2314 577 2466 631 labor
2495 588 2605 645 est,
2639 589 2699 634 ut
2731 581 2933 650 ipsum,
2967 583 3115 652 quod
3139 583 3361 652 dicitur,
3394 584 3733 655 intelligatur
3764 600 3779 638 :

2195 672 2323 742 quid
2358 688 2581 729 necesse
2601 683 2686 729 est
2713 675 2917 743 dicere,
2938 679 3113 747 ipsam
3144 681 3504 743 quaesuonem
3533 689 3788 749 quantam

2200 766 2399 821 habeat
2428 768 2849 836 obscuritatem,
2876 785 3000 840 quae
3023 772 3097 826 sit
3123 772 3303 842 aquila
3339 771 3489 841 prior
3511 814 3525 838 ,
3565 773 3694 841 quid
3723 772 3792 826 sit

2198 856 2461 925 Libanus,
2494 876 2615 928 qua:
2645 861 2866 928 cedrus,
2891 879 3012 933 qua!
3035 878 3243 919 summa
3271 864 3588 934 cedri,qum
3616 864 3795 933 aquila

2200 952 2461 1017 secunda,
2479 969 2598 1019 quin
2626 955 2919 1010 translatio
2940 955 3068 1011 vitis
3088 972 3117 1011 a
3144 958 3324 1025 priore
3350 957 3416 1013 ad
3441 958 3796 1026 sequentem?

2200 1043 2257 1099 Si
2285 1045 2582 1115 aliquando
2614 1048 2707 1101 Dei
2739 1047 3072 1117 indiguimus
3098 1050 3328 1117 auxilio,
3354 1064 3571 1119 semper
3615 1059 3795 1105 autent

2204 1136 2256 1191 in
2291 1138 2571 1193 intellectu
2595 1138 3005 1208 Scripturarum
3021 1142 3227 1212 Spiritu
3251 1150 3441 1197 sancto
3469 1142 3794 1214 indigemus:

2203 1246 2348 1285 nunc
2378 1230 2623 1300 profecto
2656 1242 2870 1303 tempus
2892 1242 3011 1300 est,
3042 1234 3186 1304 quod
3215 1236 3370 1290 nobis
3398 1245 3623 1305 praestet
3649 1234 3801 1289 auxi-

2205 1323 2359 1393 lium,
2392 1334 2447 1379 et
2476 1324 2679 1395 pendat
2730 1326 2847 1395 ipse
2877 1340 2998 1395 qua:
3030 1326 3188 1382 dixit.
3218 1327 3505 1395 Quomodo
3545 1327 3795 1382 Salvator

2206 1425 2395 1493 noster
2416 1416 2468 1470 in
2503 1415 2818 1487 Evangeliis
2856 1418 3119 1488 quasdam
3153 1419 3445 1487 parabolas
3473 1420 3591 1489 ipse
3622 1420 3795 1474 inter-

2206 1516 2459 1579 pretatur
2493 1527 2506 1563 :
2541 1510 2623 1565 sie
2652 1520 2705 1564 et
2728 1525 2874 1566 nunc
2903 1511 3169 1581 propheta
3209 1512 3262 1567 in
3292 1513 3527 1567 secunda
3561 1512 3800 1582 prophe-

2210 1602 2302 1667 tia,
2333 1618 2451 1671 quze
2482 1602 2536 1656 in
2567 1602 2794 1675 reliquis
2823 1604 2960 1658 lecta
2992 1613 3109 1668 est,
3146 1604 3434 1673 significat,
3458 1606 3582 1676 quia
3609 1604 3802 1674 Aquila

2211 1694 2361 1764 prior
2390 1694 2893 1752 Nabuchodonosor
2922 1697 2993 1752 sit
3017 1712 3112 1752 rex
3141 1697 3453 1770 Babylonis,
3483 1698 3575 1768 qui
3599 1698 3806 1768 ingres~
3900 1701 3907 1709 '

502 1808 623 1859 qua:
674 1793 726 1847 in
774 1792 982 1848 Libano
1026 1794 1128 1849 sita
1173 1802 1289 1849 erat
1331 1794 1522 1860 electa,
1579 1792 2004 1861 teneritudiues,
2052 1801 2105 1847 et
2140 1791 2181 1852 Β
2210 1801 2304 1841 sus
2325 1795 2408 1841 est
2435 1786 2487 1840 in
2518 1787 2804 1853 Libanum,
2829 1788 2881 1844 id
2911 1798 3016 1855 est,
3044 1788 3351 1845 Jerusalem
3383 1799 3473 1845 :et
3500 1791 3713 1861 accepit
3738 1791 3805 1847 de

503 1899 715 1940 summa
788 1903 1017 1958 qumque
1084 1887 1395 1958 decerpsit,
1450 1895 1505 1941 et
1557 1886 1740 1941 attulit
1796 1887 1851 1940 in
1901 1893 2106 1940 terram

505 1973 870 2044 Cltanaan,‘in
904 1980 1176 2035 civitatem
1201 1980 1317 2034 sive
1344 1977 1764 2049 negotiatorum,
1798 1977 1913 2031 sive
1940 1991 2107 2051 nego-

506 2070 797 2136 tiatriccm,
827 2071 944 2127 sive
973 2072 1385 2139 translatorum,
1417 2070 1532 2126 sive
1563 2078 1713 2126 certe
1744 2070 1836 2143 (ut
1877 2070 2111 2139 Septua-

507 2166 654 2235 ginta
698 2166 1044 2237 interpretati
1101 2165 1250 2236 sunt)
1301 2176 1591 2230 moratam,
1653 2175 1709 2220 et
1757 2164 1937 2234 posuit
1964 2163 2107 2229 'hoc,

509 2257 654 2329 quod
684 2256 751 2311 de
775 2259 945 2323 cedro
980 2257 1168 2312 Libani
1212 2267 1546 2327 sumpserat,
1576 2264 1638 2311 ut
1683 2257 2017 2327 plantarctur
2060 2264 2115 2311 et

510 2358 789 2407 cresceret
817 2352 867 2406 in
896 2360 1041 2407 terra
1063 2352 1337 2407 Chanaan.
1372 2351 1503 2406 Post
1534 2350 1653 2407 bace
1697 2351 1892 2406 eadem
1935 2350 2113 2420 aquila

510 2443 579 2498 de
603 2442 814 2499 semine
846 2454 1007 2497 terra:
1032 2444 1174 2499 unde
1204 2452 1512 2513 sumpserat
1555 2443 1900 2497 summitates
1922 2442 2068 2498 cedri
2097 2487 2112 2511 ,

512 2546 568 2592 et
595 2537 939 2592 extrinsecus
962 2536 1066 2592 sibi
1098 2551 1293 2592 semen
1322 2536 1565 2605 accepit,
1596 2548 1650 2590 et
1689 2536 1958 2607 plantavit
1986 2534 2114 2590 illud

519 2630 571 2683 in
600 2644 793 2698 campo
820 2627 1123 2705 frondifero
1150 2643 1315 2697 super
1338 2643 1532 2699 aquam
1568 2628 1817 2707 multam.
1868 2627 1983 2682 Hoc
2018 2643 2114 2681 au-

522 2730 631 2777 tem
667 2722 867 2791 ipsum,
902 2720 1045 2790 quod
1096 2722 1165 2776 de
1218 2731 1362 2779 terra
1394 2722 1647 2776 Chanaan
1692 2722 1871 2777 fuerat
1912 2735 2121 2777 assum-

518 2827 690 2888 ptum,
724 2817 794 2872 ab
815 2831 909 2884 ea,
942 2833 1068 2887 quae
1097 2817 1288 2873 Libani
1317 2833 1528 2873 summa
1577 2833 1805 2889 quaeque
1831 2817 2122 2884 decerpse-

521 2922 638 2977 rat,
682 2913 734 2968 id
776 2923 882 2979 est,
914 2912 1062 2983 quod
1111 2912 1350 2967 secunda
1396 2913 1514 2967 vice
1557 2925 1877 2983 acceperat,
1923 2913 2119 2968 factum

518 3012 604 3060 est
630 3005 681 3058 in
713 3004 879 3060 vitem
909 3019 1015 3059 non
1051 3004 1380 3067 fortem,sed
1404 3005 1674 3059 infirmam
1701 3048 1714 3071 ,
1747 3020 1933 3059 verum
1954 3005 2119 3059 etiam

262 3118 270 3126 ’
366 3151 373 3159 ,
446 3166 451 3169 _
521 3106 725 3151 statura
754 3096 1003 3167 pusillam
1033 3114 1046 3152 :
1080 3108 1133 3151 et
1166 3098 1421 3166 palmites
1455 3097 1616 3166 hujus
1645 3098 1768 3151 vitis
1793 3096 2022 3151 infirmae
2047 3112 2123 3151 re-

2211 1881 2440 1936 summis
2468 1881 2648 1949 cedri,
2683 1883 2735 1937 id
2767 1893 2849 1939 est
2870 1924 2885 1949 ,
2915 1899 3098 1955 regem
3137 1885 3440 1940 Jerusalem
3468 1926 3483 1951 ,
3513 1897 3570 1940 et
3609 1885 3807 1956 princi-

2215 1989 2311 2044 pes
2337 1975 2478 2045 ejus,
2507 1986 2563 2031 et
2593 1976 2776 2031 attulit
2807 1992 2870 2033 ea
2905 1978 2958 2034 in
2982 1986 3181 2034 terram
3207 1979 3591 2035 Chaldaeorum
3615 2023 3629 2048 ,
3663 1979 3809 2035 scili-

2172 2120 2177 2123 _
2214 2078 2301 2124 cet
2329 2069 2384 2123 in
2416 2069 2775 2135 Babylonem.
2807 2070 3077 2127 Plantavit
3103 2073 3305 2143 quippe
3351 2073 3403 2126 in
3435 2072 3808 2142 captivitatem

2213 2160 2491 2229 accipiens
2520 2163 2660 2218 tilios
2693 2163 2878 2227 Israel,
2912 2173 2967 2219 et
2995 2163 3068 2219 de
3102 2164 3253 2235 regio
3281 2165 3522 2231 semine,
3561 2166 3729 2237 980
3758 2172 3812 2220 et

2216 2254 2284 2309 de
2312 2270 2516 2325 genere
2542 2256 2845 2327 principum
2876 2256 2929 2311 in
2954 2258 3145 2312 eadem
3181 2268 3324 2313 terra
3354 2258 3658 2312 constituit.
3684 2256 3812 2311 Post

2217 2347 2320 2404 hoc
2342 2360 2549 2415 antem,
2580 2358 2635 2404 et
2687 2357 2810 2418 post
2867 2350 3072 2421 regiam
3117 2351 3345 2421 stirpem
3373 2392 3388 2415 ,
3447 2350 3557 2405 alia
3598 2364 3813 2421 quoque

2219 2444 2509 2500 multitudo
2541 2455 2695 2515 capta
2725 2454 2809 2501 est
2837 2446 2907 2501 ab
2932 2461 3021 2511 eo,
3051 2454 3105 2501 et
3135 2445 3269 2501 vitis
3318 2444 3510 2501 effecta
3553 2454 3660 2509 est,
3701 2459 3811 2499 non

2220 2544 2326 2591 tam
2361 2537 2585 2592 robusta
2613 2551 2772 2607 quam
2822 2536 2998 2592 fuerat
3025 2552 3148 2592 cum
3177 2536 3374 2593 fuisset
3403 2537 3458 2591 in
3490 2536 3646 2591 vinea
3678 2536 3770 2590 Dei
3796 2577 3812 2603 ,

2184 2642 2274 2701 _et
2300 2632 2352 2685 in
2388 2641 2533 2688 terra
2563 2639 2778 2696 sancta,
2809 2631 2901 2685 ubi
2957 2631 3228 2686 sacrificia
3283 2630 3383 2685 Dei
3432 2629 3810 2695 celebrantur,

2220 2724 2316 2779 sed
2339 2734 2458 2779 erat
2491 2724 2543 2778 itt
2573 2724 2854 2795 Babylone
2883 2723 3143 2777 translata
3171 2723 3298 2778 vitis
3331 2721 3572 2777 infirma.
3604 2722 3701 2777 llis
3742 2723 3815 2778 ita

2220 2823 2411 2891 gestis,
2435 2819 2580 2873 inter
2606 2818 2950 2873 Pharaonem
2983 2833 3165 2889 regem
3192 2816 3440 2889 Egypti,
3466 2815 3818 2873 etNabuchoo

2223 2911 2463 2967 donosor
2486 2927 2669 2981 regem
2723 2911 3041 2983 Babylonis,
3076 2912 3277 2966 bellum
3309 2920 3490 2965 ortum
3518 2920 3623 2965 est.
3653 2908 3820 2979 Igitur

2223 3007 2477 3078 p0pulus,
2511 3008 2602 3074 qui
2640 3022 2762 3061 cum
2793 3006 3016 3075 regibus
3037 3005 3153 3059 suis
3184 3019 3249 3058 ac
3278 3003 3450 3073 stirpe
3495 3004 3817 3073 optimatum

2225 3100 2293 3154 ab
2321 3101 2570 3171 Assyriis
2601 3098 2779 3153 fuerat
2810 3099 3045 3154 afﬂictus
3065 3140 3079 3164 ,
3113 3108 3329 3169 reperta
3361 3097 3687 3162 occasione,
3716 3110 3820 3165 qua

521 3192 709 3249 clinati
736 3201 885 3259 sunt,
921 3207 1020 3262 pro
1044 3207 1121 3248 eo
1150 3191 1294 3263 quod
1326 3191 1393 3247 de
1425 3191 1633 3247 Libano
1672 3202 1725 3246 et
1753 3191 1921 3247 cedro
1949 3190 2127 3246 fuerat
2147 3184 2192 3247 C
2225 3194 2415 3263 jugutn
2447 3192 2952 3249 Nabuchodonosor
2999 3192 3280 3261 abjiceret,
3314 3202 3367 3247 et
3417 3192 3537 3261 ejus
3591 3190 3821 3261 imperio

522 3298 891 3357 assumptum,
924 3288 1194 3341 intantum
1256 3294 1317 3341 ut
1368 3286 1583 3343 radices
1638 3300 1767 3341 suas
1804 3286 1905 3341 sub
1954 3285 2122 3355 ipsius

526 3392 723 3437 trunco
753 3379 995 3435 consitas
1028 3379 1274 3435 haberet.
1310 3381 1375 3434 Et
1427 3381 1643 3451 quidem
1689 3380 1826 3435 facta
1857 3391 1940 3435 est
1967 3380 2119 3446 vitis,

522 3486 577 3531 et
613 3474 737 3530 fecit
763 3475 1113 3545 propagines,
1142 3484 1197 3530 et
1219 3474 1474 3530 extendit
1503 3475 1724 3529 arbusta
1754 3490 1872 3530 sua.
1902 3475 1968 3529 Et
2007 3482 2131 3544 post

525 3568 641 3624 haec
677 3570 823 3624 venit
845 3568 949 3623 alia
977 3569 1183 3637 aquila,
1216 3577 1270 3623 et
1293 3569 1408 3637 ipsa
1442 3584 1635 3636 magna
1668 3569 1879 3639 magnis
1903 3567 2033 3633 alis,
2073 3578 2127 3622 et

525 3662 767 3734 copiosis
793 3662 878 3717 vel
905 3662 1125 3731 plutnis,
1173 3662 1286 3716 sive
1326 3662 1601 3729 unguibus
1647 3680 1660 3715 :
1708 3671 1761 3716 et
1806 3661 1973 3732 979
2000 3675 2129 3714 ecce

530 3757 633 3812 ista
666 3758 810 3819 vitis,
845 3758 912 3812 de
940 3773 1044 3827 qua
1103 3772 1246 3811 nunc
1282 3757 1545 3821 diximus,
1580 3756 1842 3812 veniente
1892 3752 2128 3810 secunda

533 3850 716 3918 aquila
750 3851 1046 3905 declinavit
1078 3858 1461 3905 testamentum
1495 3864 1653 3903 suum
1696 3848 1763 3903 ad
1803 3862 1945 3914 eam,
1981 3861 2128 3915 sper-

531 3959 670 3998 nens
697 3942 748 3997 id
772 3950 1182 4004 testztmentum,
1198 3942 1341 4013 quod
1374 3942 1522 4012 prius
1540 3956 1660 3995 cum
1683 3942 1877 3995 arbore
1903 3938 2129 4004 fecerat,

533 4036 586 4090 in
618 4050 723 4105 qua
753 4034 1015 4089 reclinata
1052 4035 1189 4109 vitis‘
1208 4034 1388 4089 fuerat
1416 4034 1627 4098 effecta,
1659 4042 1714 4087 et
1745 4030 2134 4100 propaginibus

534 4126 715 4191 factis,
751 4126 977 4180 arbusta
1026 4125 1183 4179 latins
1233 4124 1465 4187 fuderat,
1499 4134 1555 4180 et
1581 4124 1865 4193 complexa
1917 4131 2000 4177 est
2049 4137 2135 4175 se-

534 4220 773 4276 cundam
798 4220 1060 4285 aquilam”,
1096 4228 1150 4272 et
1182 4219 1396 4274 radices
1424 4234 1552 4274 suas
1579 4235 1606 4272 a
1641 4218 1828 4287 priore
1860 4216 2139 4272 transtulit

535 4313 600 4368 ad
633 4320 973 4384 sequentem.
1011 4310 1213 4367 Deinde
1257 4310 1510 4381 palmites
1559 4310 1742 4366 emisit
1790 4309 1855 4363 ad
1898 4309 2134 4380 aquilam

535 4410 855 4473 secundam,
888 4417 947 4463 ιιι
974 4406 1231 4477 irrigaret
1256 4421 1376 4461 eam
1406 4421 1532 4461 cum
1581 4404 1737 4475 gleba
1782 4403 2137 4473 plantationis

534 4505 652 4573 ejus
680 4504 732 4558 in
762 4518 954 4573 campo
977 4503 1124 4557 bono
1150 4520 1160 4556 :
1189 4510 1245 4558 et
1266 4516 1401 4571 aqua
1429 4500 1623 4555 multa.
1662 4500 1727 4554 Et
1747 4498 1969 4567 quidem
2008 4497 2136 4553 irri-

2226 3285 2578 3352 liberaretur,
2601 3286 2783 3339 intulit
2802 3300 2861 3339 se
2879 3284 2945 3339 ad
2967 3284 3263 3340 secundam
3279 3284 3515 3354 aquilam
3534 3282 3819 3351 grandem,

2228 3394 2549 3449 magnarum
2578 3378 2811 3446 alarum,
2833 3379 2883 3433 id
2909 3387 2995 3433 est
3014 3420 3028 3444 ,
3052 3362 3390 3433 Pharaonem
3411 3376 3502 3447 (IV
3522 3376 3651 3447 Reg.
3671 3376 3817 3446 xxv).

2232 3472 2460 3541 Deinde,
2486 3475 2563 3528 sic
2590 3474 2780 3528 ordine
2836 3481 3095 3527 currente
3145 3487 3356 3535 rerum,
3383 3471 3508 3539 quia
3540 3471 3684 3526 Deus
3716 3484 3819 3522 non

2231 3567 2501 3621 Pharaoni
2537 3566 2832 3621 tradiderat
2864 3608 2879 3631 ,
2933 3566 3032 3620 sed
3064 3547 3618 3628 Nabuchodonosor,
3649 3572 3703 3618 et
3751 3561 3823 3617 illi

2232 3680 2339 3719 non
2369 3663 2702 3717 sustinentes
2729 3662 2996 3731 judicium
3026 3671 3081 3716 et
3134 3662 3423 3731 imperium
3454 3661 3598 3730 ejus,
3631 3674 3821 3714 excus-

2232 3767 2418 3811 serant
2438 3757 2628 3827 jngnm
2658 3755 3165 3810 Nabuchodonosor
3196 3754 3265 3809 de
3287 3754 3591 3808 cervicibus
3618 3753 3743 3817 suis,
3770 3758 3823 3805 et

2233 3850 2300 3905 ad
2326 3850 2667 3905 Pharaonem
2727 3849 3058 3919 transgressi
3091 3847 3332 3915 fuerant,
3392 3846 3471 3901 ira
3522 3846 3618 3901 Dei
3665 3860 3823 3915 super

2233 3958 2328 3997 eos
2363 3942 2586 4012 ingruit,
2620 3951 2672 3997 et
2705 3951 2893 3997 contra
2935 3942 3157 4006 evenit,
3188 3956 3347 4011 qnam
3380 3948 3727 4010 putaverant.
3759 3940 3824 3993 0—

2235 4044 2414 4106 portet
2440 4034 2647 4105 quippe
2678 4050 2824 4097 eum,
2849 4033 2942 4102 qui
2973 4049 3001 4087 a
3026 4034 3141 4087 Deo
3164 4032 3487 4097 damnatur,
3513 4048 3620 4087 non
3651 4033 3825 4103 fugere

2236 4128 2562 4181 sententiam
2586 4126 2727 4195 ejus,
2759 4140 2859 4181 nec
2881 4124 3215 4180 voluntatem
3237 4124 3531 4194 judicantis
3555 4125 3827 4201 velle'mu-

2239 4230 2376 4283 tare,
2396 4235 2583 4274 verum
2609 4220 3004 4289 patientissime
3033 4217 3522 4281 sustinere,donec
3554 4218 3669 4288 ipse
3696 4219 3824 4271 Deus

2238 4294 2429 4368 liberet
2444 4314 2532 4383 qui
2551 4312 2845 4367 damnavit.
2863 4311 3048 4381 Igitur,
3066 4312 3188 4378 quia
3208 4310 3272 4366 ad
3293 4310 3627 4366 Pharaonem
3656 4321 3824 4364 trans-

2257 4404 2379 4459 tulit
2399 4419 2459 4458 se
2480 4404 2710 4474 populus
2735 4445 2748 4467 ,
2780 4403 3106 4473 relinquitur
3131 4403 3420 4457 ab‘auxilio
3441 4403 3556 4465 Dei,
3579 4412 3635 4457 et
3656 4402 3827 4471 pejora

2242 4501 2469 4571 patitur,
2498 4514 2657 4568 quam
2684 4508 2811 4553 ante
2832 4512 3120 4568 perpessus
3147 4507 3230 4552 est
3264 4512 3291 4550 a
3314 4496 3825 4552 Nabuchodonosor.

536 4606 659 4669 gata
690 4607 773 4653 est
804 4596 919 4651 haec
942 4596 1061 4666 ipsa
1080 4595 1206 4650 vitis
1230 4604 1284 4648 et
1311 4593 1573 4649 translata
1594 4592 1661 4647 ad
1687 4591 1923 4661 aquilam
1947 4605 2137 4645 seeun-
2171 4583 2224 4644 D
2251 4593 2495 4647 Diximus
2511 4591 2834 4647 solutionem
2851 4590 3285 4661 parahohejuxta
3302 4589 3682 4652 litteram,etid
3696 4585 3828 4659 quod

539 4692 663 4746 dam
689 4732 704 4756 ,
746 4701 803 4745 ιιι
834 4691 1038 4746 laceret
1066 4694 1429 4754 incrementa,
1462 4697 1520 4742 ut
1540 4686 1760 4742 afferret
1789 4685 2024 4741 fructum
2043 4728 2057 4751 ,
2086 4694 2147 4739 ut

542 4785 699 4842 fieret
728 4784 781 4838 in
809 4785 975 4839 vitem
1001 4799 1274 4852 magnam.
1300 4783 1508 4838 Idcirco
1540 4781 1820 4852 prophetae
1849 4782 2149 4850 imperatur

541 4888 602 4937 ut
630 4879 791 4943 dicat,
808 4881 933 4949 quia
970 4887 1357 4934 testamentum
1390 4877 1801 4948 transgrediens
1830 4876 1974 4941 vitis,
2001 4875 2147 4945 quod

542 4976 749 5031 fecerat
776 4989 897 5029 cum
923 4973 1102 5043 aquila
1134 4974 1336 5043 priore,
1369 4982 1423 5028 et
1448 4981 1697 5027 statuens
1729 4970 1859 5026 illud
1891 4985 2011 5027 cum
2060 4985 2148 5025 se-

542 5076 758 5139 cunda,
791 5089 895 5129 nou
942 5072 1230 5143 dirigatur,
1278 5087 1455 5137 neque
1492 5070 1714 5126 radices
1758 5067 2145 5123 teneritudinis

543 5168 661 5237 ejus
683 5170 975 5224 effloreant
1020 5183 1033 5219 :
1084 5164 1213 5235 quin
1258 5164 1441 5233 potius
1490 5163 1699 5217 fructus
1748 5162 1867 5231 ejus
1921 5168 2146 5231 propter

547 5261 1011 5316 transcensionem
1037 5257 1156 5329 ejus
1182 5264 1437 5327 putreant
1457 5264 1507 5308 et
1538 5264 1788 5310 arescant
1820 5246 2001 5306 omnia
2025 5265 2147 5321 qua).

548 5353 616 5409 de
642 5369 702 5408 ea
734 5353 1079 5417 oriebantur,
1114 5360 1167 5405 et
1194 5350 1305 5420 jam
1340 5349 1478 5419 ultra
1508 5362 1612 5401 non
1643 5344 2147 5401 habeatbrachium

551 5464 803 5518 magnum
832 5459 887 5504 et
911 5446 1183 5519 populum-
1203 5446 1457 5511 multum;
1489 5432 1763 5499 avellatur
1795 5450 1978 5495 autem
2012 5437 2152 5493 radi-

550 5541 712 5604 citus,
742 5548 799 5596 et
816 5540 945 5596 licet
1004 5542 1230 5610 irrigata
1271 5540 1371 5605 sit,
1416 5549 1595 5593 tamen
1653 5552 1760 5590 non
1792 5539 2147 5605 perseveret,

553 5639 608 5685 et
635 5647 742 5687 non
768 5631 1036 5704 dirigatur
1059 5635 1114 5688 in
1139 5634 1470 5699 ubertatem,
1497 5629 1790 5699 statimque
1819 5638 1878 5682 ut
1907 5627 2155 5696 contige-

554 5726 625 5780 rit
655 5742 772 5782 eam
804 5738 996 5785 ventus
1024 5744 1213 5796 urens,
1240 5737 1482 5793 arescat,
1506 5738 1563 5783 et
1591 5743 1714 5782 cum
1747 5724 1906 5797 gleba
1938 5722 2153 5793 planta-

562 5820 727 5877 tionis
754 5835 866 5878 sua:
894 5823 1152 5879 siccetur.
1188 5822 1296 5878 Hoc
1322 5822 1630 5893 propositio
1679 5821 1857 5891 ipsius
1909 5814 2155 5874 historim

2248 4689 2506 4756 scriptum
2523 4696 2636 4742 est:
2654 4686 2899 4756 sequitur
2918 4684 3103 4739 durior
3124 4684 3520 4753 interpretatio,
3536 4693 3588 4739 et
3606 4680 3828 4737 difficilis

2250 4782 2313 4837 ad
2336 4780 2772 4849 intelligendum,
2794 4766 3091 4834 secundum
3122 4792 3307 4832 verum
3324 4775 3828 4839 Nabuchodonosor,

2250 4886 2302 4929 et
2320 4889 2504 4928 verum
2527 4872 2885 4933 Pharaonem,
2901 4880 2955 4925 et
2976 4883 3041 4925 ca
3062 4869 3244 4936 verba,
3259 4884 3381 4939 qnze
3402 4868 3470 4923 de
3494 4867 3686 4939 aquilis
3707 4880 3830 4929 pra:-

2250 4968 2391 5023 dicta
2410 4977 2553 5021 stmt.
2570 4965 2778 5022 Idcirco
2795 4973 2973 5020 autem
2987 4975 3113 5019 ante
3130 4962 3601 5033 interpositionem
3616 4973 3837 5029 sequen-

2252 5059 2604 5129 tis-Jectionis,
2624 5059 2759 5112 hanc
2772 5056 3171 5126 eXpositionem
3186 5054 3494 5109 summatim
3508 5053 3837 5120 strictimque

2249 5153 2634 5225 praediximus,
2686 5159 2745 5209 ut
2791 5162 2845 5204 et
2894 5161 3133 5215 praesens
3185 5148 3337 5203 locus
3378 5145 3590 5201 facibus
3644 5139 3838 5198 intelli-

2248 5256 2429 5317 gatur,
2460 5254 2513 5299 et
2542 5243 2898 5299 nihilominus
2924 5251 3175 5297 servetur
3209 5241 3330 5295 loco
3360 5255 3462 5294 suo
3503 5238 3710 5306 plenior
3747 5248 3841 5288 ex-

2254 5340 2475 5411 positio,
2514 5347 2568 5393 et
2596 5351 2940 5404 consequens
2971 5333 3224 5404 parabola
3257 5333 3423 5387 etiam
3462 5333 3615 5401 juxta
3655 5329 3843 5397 allego-

2256 5433 2392 5488 riam
2427 5430 2688 5503 latissitne
2711 5430 3038 5485 disseratur.
3065 5428 3263 5481 Verum
3314 5441 3458 5480 nunc
3496 5438 3663 5494 pauca
3686 5421 3841 5477 debe-
3892 5456 3899 5461 -

2262 5544 2382 5583 mus
2406 5541 2710 5594 assumere,
2746 5536 2801 5579 et
2831 5522 2988 5595 quasi
3013 5522 3253 5593 quodam
3285 5530 3627 5577 armamento
3657 5519 3842 5573 futura:

2262 5620 2704 5694 interpretationi
2735 5620 2876 5674 viam
2907 5628 3158 5673 sternere
3187 5615 3254 5671 de
3284 5614 3391 5681 his,
3420 5631 3540 5685 qum
3567 5614 3716 5668 nobis
3748 5607 3841 5663 Dei

2261 5718 2433 5787 gratia
2488 5716 2742 5786 largitur,
2777 5713 3016 5769 scientes
3052 5710 3178 5782 quid
3233 5710 3287 5765 in
3336 5708 3588 5779 sequenti
3643 5702 3844 5777 plenius

2263 5812 2711 5882 exponemusAe
2740 5807 2970 5880 primum
3002 5804 3220 5875 quidem
3243 5802 3534 5860 videndum
3556 5808 3654 5865 est,
3682 5801 3844 5866 quare
