4150 6346
374 278 477 335 769

912 281 1349 345 TRANSLATIO
1391 286 1827 349 HOMILIARUM
1866 289 2194 353 OBIGENIS
2230 292 2301 351 IN
2340 293 2804 357 EZECHIELEM.
2848 297 3015 360 HOM.
3055 301 3149 360 XI.

3570 302 3675 363 770

374 392 881 493 Nabuchodonosor
914 409 968 455 et
990 402 1203 460 Pharao
1233 406 1431 477 aquila:
1470 407 1747 464 dicantur.
1784 409 1967 466 Forsi-
1994 415 2047 474 Α
2072 413 2196 466 dus.
2236 413 2352 467 Non
2379 415 2509 469 mihi
2541 416 2745 473 dicitur
2775 420 2843 474 dc
2874 422 2968 476 tali
2999 421 3125 493 lupo
3155 404 3544 477 :Attendite‘ab
3579 425 3673 490 eis,

376 499 461 543 tan
515 491 713 560 quaerit
759 493 1063 565 qniSpiam,
1113 501 1203 571 qui
1262 516 1371 556 non
1442 502 1619 559 otiose
1696 511 1751 560 et
1819 514 1970 559 tran-

372 584 561 639 sitorie
626 585 941 658 Scriptu’ras
995 593 1127 664 legit
1179 612 1192 648 :
1236 594 1741 652 Nabuchodonosor
1793 598 1972 669 aquila

368 679 530 751 981
579 694 664 739 est
721 698 910 752 magna
946 728 960 753 ,
1009 696 1066 742 et
1117 672 1432 759 magnarum
1486 691 1731 758 alarum,
1778 700 1835 748 et
1888 692 1976 748 hic

368 774 583 835 Pharao
626 782 733 838 alia
775 784 954 853 aquila
1005 798 1198 853 magna
1238 786 1488 842 similiter
1533 789 1743 843 alarum
1784 788 1975 859 ingen-

368 869 525 936 tium,
569 882 624 929 et
655 873 708 928 in
740 874 880 946 Lege
913 874 1059 931 inter
1090 864 1365 933 immunda
1399 880 1653 935 animalia
1679 881 1853 951 posita
1892 890 1978 937 est

372 964 551 1032 aquila
584 984 599 1020 :
632 983 800 1037 quare
827 978 882 1025 et
909 969 1088 1039 justus
1125 970 1277 1027 dives
1305 971 1532 1028 effectus
1564 964 1834 1045 praeparat
1870 973 1973 1030 sibi

371 1058 488 1114 alas
519 1062 735 1132 aquilae,
772 1072 829 1118 ut
869 1066 1043 1133 possit
1078 1068 1323 1121 converti
1364 1068 1417 1122 in
1447 1067 1668 1125 domum
1716 1070 1975 1139 principis

369 1154 490 1207 sui?
540 1171 708 1227 quare
758 1159 921 1213 etiam
969 1162 1331 1230 repromissio
1388 1165 1635 1233 quaedam
1693 1175 1777 1221 est
1830 1163 1975 1235 apud

372 1246 570 1304 Isaiam
604 1251 921 1322 prophetam
961 1253 1235 1315 dicentem
1266 1274 1278 1310 :
1311 1255 1451 1312 Justi
1490 1259 1745 1329 accipient
1776 1275 1973 1331 pennas

370 1348 428 1392 ut
461 1343 671 1412 aquilae,
718 1356 947 1411 current,
994 1356 1044 1401 et
1081 1364 1183 1403 non
1213 1348 1537 1420 laborabunt,
1584 1351 1889 1423 gradiantur
1931 1360 1977 1405 et

373 1448 477 1489 non
506 1438 770 1493 esuriem?
792 1439 847 1496 Si
872 1440 1016 1496 enim
1050 1443 1324 1498 immunda
1350 1454 1432 1499 est
1454 1446 1652 1515 aquila,
1681 1462 1787 1500 non
1816 1461 1976 1515 Opor-

370 1536 452 1583 tet
486 1544 585 1584 nos
616 1547 820 1600 pennas
851 1534 1460 1607 accipere-utaquilam,
1486 1554 1606 1592 cum
1634 1538 1765 1607 justi
1809 1536 1976 1592 fueri-

368 1637 541 1678 mus:
585 1640 761 1697 neque
800 1643 922 1683 cum
968 1629 1173 1685 divitiae
1217 1631 1372 1685 nobis
1416 1634 1711 1698 creverint,
1758 1639 1978 1701 Oportet

368 1726 683 1784 praeparare
725 1732 825 1773 nos
878 1717 1035 1774 nobis
1078 1734 1286 1790 pennas
1330 1722 1547 1792 aquilae.
1600 1721 1698 1777 Cui
1739 1725 1972 1793 primum

2077 506 2166 576 qui
2197 507 2403 561 veniunt
2429 509 2499 561 ad
2527 526 2615 564 vos
2648 511 2703 565 in
2732 514 2916 567 vestitu
2943 516 3133 580 ovium,
3176 516 3315 571 intus
3355 526 3527 571 autem
3558 525 3675 571 sunt

2078 595 2189 669 lupi
2222 614 2434 670 rapaces
2466 598 2684 671 (Matth.
2731 604 2850 673 vn).
2894 604 3183 674 Signauter
3221 609 3437 663 locutus
3475 618 3557 664 est
3593 607 3677 663 di-

2078 704 2208 745 cens
2238 708 2250 745 :
2276 680 2429 746 Intus
2450 704 2621 747 autem
2649 705 2774 749 sunt
2799 696 2908 768 lupi
2935 715 3167 769 rapaces.
3192 700 3332 758 Sunt
3361 702 3558 774 quippe
3584 701 3677 758 alii

2076 799 2184 840 non
2215 801 2465 856 rapaces,
2496 790 2713 858 quando
2748 792 2863 861 lupi
2892 803 2943 848 et
2986 796 3111 865 agni
3154 808 3447 866 pascentur
3484 799 3674 865 simul,

2077 888 2132 935 et
2159 881 2359 937 vitulus
2385 893 2443 938 et
2468 891 2681 951 taurus,
2712 894 2768 941 et
2792 887 2876 943 leo
2900 891 3105 956 pariter
3125 890 3307 947 edent.
3333 893 3469 949 Cum
3493 904 3673 949 autem

2079 972 2242 1029 fuerit
2288 981 2397 1030 tam
2448 976 2789 1034 diversarum
2835 982 2978 1036 inter
3007 998 3068 1039 se
3109 992 3423 1040 naturarum
3470 988 3523 1041 in
3563 986 3671 1043 fide

2077 1063 2278 1122 Christi
2319 1068 2457 1125 facta
2487 1071 2744 1140 sociatio,
2789 1073 2874 1129 leo
2906 1090 3015 1129 non
3046 1076 3146 1131 erit
3177 1077 3286 1145 jam
3333 1079 3669 1148 immundus,

2081 1175 2267 1215 verum
2314 1162 2549 1221 feritatis
2594 1181 2705 1221 sua:
2744 1166 3120 1237 obliviscetur,
3168 1172 3223 1223 et
3255 1171 3507 1227 universa
3552 1171 3674 1227 aui—

2079 1252 2266 1318 malia,
2306 1268 2431 1322 quae
2462 1254 2517 1309 in
2557 1255 2678 1327 lege
2714 1257 2808 1311 Dei
2845 1258 3107 1314 dicuntur
3144 1260 3447 1326 immunda,
3492 1262 3681 1318 condi-

2079 1345 2243 1401 tionis
2273 1348 2509 1417 antiquae
2539 1350 2807 1421 recipient
2827 1354 3140 1421 puritatem.
3177 1355 3293 1409 Hoc
3324 1363 3503 1411 autem
3536 1366 3587 1411 ει
3610 1372 3677 1413 ex

2079 1447 2235 1507 parte
2262 1438 2372 1508 jam
2398 1440 2598 1496 factum
2624 1450 2728 1510 est,
2763 1453 2818 1499 et
2850 1444 3165 1514 plenissime
3192 1444 3300 1519 [ΑΙ.
3331 1446 3675 1522 planissime]

2078 1531 2132 1586 in
2159 1532 2398 1588 secundo
2429 1535 2793 1604 complebitur
2815 1537 3070 1593 adventu.
3102 1538 3375 1593 Praevenit
3397 1540 3559 1610 igitur
3589 1554 3679 1594 sa-

2078 1639 2443 1691 cramentum,
2488 1628 2632 1697 quod
2674 1639 2953 1683 ostensum
3001 1642 3083 1689 est
3132 1630 3186 1685 in
3230 1632 3543 1702 Cheruhim,
3599 1633 3678 1689 rei

2078 1718 2365 1773 veritatem
2402 1740 2415 1775 :
2451 1730 2505 1775 ct
2543 1720 2813 1777 intantum
2843 1722 3021 1801 leonis
3048 1734 3099 1779 et
3131 1725 3325 1795 aquilre
3353 1725 3521 1781 facies
3551 1741 3675 1781 cum

369 1807 814 1875 reSpondendum
855 1820 960 1875 est,
1008 1813 1253 1881 quaedam
1296 1816 1516 1867 nomina
1560 1815 1881 1869 animalium
1919 1815 1971 1869 in
2002 1814 2052 1876 B
2077 1808 2199 1863 aliis
2239 1808 2482 1867 faciehus
2514 1824 2758 1887 Cognata:
2782 1823 2929 1878 sunt,
2960 1822 3018 1869 ιιι
3046 1815 3220 1886 majtts
3242 1817 3396 1872 nobis
3431 1816 3678 1873 videatur

368 1900 650 1971 Scriptura
682 1905 733 1958 in
761 1913 1247 1978 utroquegenere,
1284 1909 1335 1963 id
1358 1917 1462 1975 est,
1492 1907 1545 1963 in
1573 1908 1717 1963 malo
1740 1924 1802 1964 ac
1829 1910 1970 1964 bono

365 1996 583 2065 posita:
612 2006 670 2051 ut
694 2005 823 2067 puta
850 1998 956 2065 leo,
984 1999 1037 2053 in
1067 1999 1262 2054 bonam
1286 2001 1554 2069 accipitur
1582 2012 1634 2056 et
1664 2002 1719 2056 in
1769 2002 1966 2056 malam

368 2097 605 2160 partem.
648 2092 707 2147 ltt
743 2093 939 2148 bonam
969 2093 1050 2149 sic
1090 2113 1103 2150 :
1135 2094 1353 2150 Catulus
1384 2094 1549 2149 leonis
1578 2094 1727 2151 Iuda
1761 2113 1829 2152 ea:
1858 2113 1973 2168 ger-

364 2183 668 2253 minatione,
709 2186 787 2256 ﬁli
825 2187 916 2256 mi,
950 2188 1253 2254 ascendisti,
1285 2190 1590 2245 accumbens
1623 2190 1879 2255 dormisti,
1916 2200 1971 2243 ut

366 2276 469 2345 leo,
494 2287 541 2331 et
555 2287 610 2332 ut
629 2280 831 2335 catulus
852 2281 1015 2335 leonis
1037 2298 1055 2337 :
1076 2283 1190 2353 quis
1213 2283 1483 2337 suscitabit
1498 2299 1615 2337 eum
1630 2282 1781 2357 (Gen.
1800 2283 1971 2355 xux)?

366 2366 429 2423 In
464 2371 661 2425 malam
690 2386 819 2428 vero
844 2384 1052 2444 partem
1081 2375 1161 2430 sic
1187 2392 1201 2429 :
1227 2374 1574 2431 Adversarius
1597 2379 1770 2431 noster
1795 2376 1974 2430 diabo-

366 2459 470 2531 lus,
496 2474 549 2516 ut
577 2464 656 2519 leo
679 2467 909 2537 rugiens,
938 2483 1172 2535 quaerens
1200 2469 1450 2524 devorare
1469 2464 1675 2536 circuit,
1703 2469 1789 2522 cui
1813 2484 1968 2540 expe-

370 2554 449 2608 dit
478 2572 569 2610 nos
598 2559 833 2614 resistere
869 2560 1049 2630 ﬁrmos
1070 2561 1123 2615 in
1148 2560 1275 2631 ﬁde.
1314 2562 1421 2618 Sed
1452 2570 1508 2618 et
1545 2561 1811 2634 malignus
1841 2576 1972 2632 sup-

371 2650 622 2721 plantare
643 2653 869 2726 cupiens
895 2655 1182 2710 insidiatur
1205 2657 1257 2710 in
1287 2658 1525 2724 occulto,
1559 2667 1617 2712 ut
1644 2658 1731 2713 leo
1762 2659 1816 2712 in
1849 2671 1974 2727 spe-

368 2742 530 2802 lunca
568 2763 665 2802 sua
697 2748 1004 2817 insidiatur,
1040 2761 1092 2805 ut
1124 2752 1301 2820 rapiat
1330 2767 1647 2823 pauperem.
1687 2751 1974 2821 Quomodo

368 2854 500 2909 ergo
540 2842 625 2896 leo
654 2841 857 2899 dicitur
898 2852 953 2900 et
996 2844 1048 2899 in
1093 2844 1289 2899 malam
1327 2854 1532 2916 partem
1562 2856 1615 2902 et
1652 2846 1706 2901 in
1751 2846 1971 2913 bonam,

368 2948 481 2989 non
508 2946 593 2990 est
614 2938 967 3009 incnngruum
999 2939 1165 2995 etiam
1194 2939 1432 3009 aquilam
1458 2941 1509 2995 in
1532 2954 1822 3011 utramque
1852 2956 1976 3009 par—

368 3035 481 3084 tem
505 3029 698 3100 accipi.
724 3031 813 3100 Et,
840 3041 900 3088 ut
922 3048 1023 3104 ego
1046 3032 1508 3104 suspicor,justus
1539 3050 1643 3089 non
1665 3044 1750 3090 est
1771 3033 1972 3105 aquila,

370 3122 468 3179 sed
492 3124 648 3194 quasi
674 3125 877 3196 aquila,
910 3127 1197 3182 simulatur
1220 3128 1420 3199 quippe
1449 3128 1714 3197 aquilam.
1740 3128 1803 3182 Et
1834 3142 1971 3197 quo-

373 3310 519 3365 enim
554 3325 784 3381 serpens
822 3322 933 3367 erat
964 3327 1117 3380 vere,
1160 3312 1254 3369 sed
1293 3312 1606 3367 imitabatur
1640 3320 1971 3382 serpentem,

374 3402 588 3459 dicente
620 3405 850 3461 Domino
881 3424 895 3461 :
931 3405 1000 3461 Ut
1026 3405 1233 3479 Moyses
1261 3406 1471 3462 elevavit
1491 3416 1775 3476 serpentem
1801 3406 1857 3460 in
1887 3406 1976 3459 de-

376 3504 533 3564 serto,
561 3498 637 3551 sic
668 3507 867 3571 oportet
896 3497 1118 3553 exaltari
1141 3498 1340 3553 Filium
1362 3498 1587 3553 hominis
1623 3497 1803 3566 (Joan.
1844 3508 1925 3569 ut)
1962 3515 1973 3550 :

380 3588 575 3644 eodem
618 3591 783 3645 modo
818 3601 873 3646 et
904 3591 1084 3660 justus
1129 3608 1235 3646 non
1282 3601 1390 3647 tam
1432 3591 1609 3663 aquila
1648 3600 1765 3657 est,
1814 3606 1976 3662 quam

379 3683 579 3753 aquila:
621 3683 850 3748 similis,
894 3686 1019 3755 quia
1059 3686 1109 3741 ei
1150 3686 1284 3743 utile
1323 3696 1409 3743 est
1448 3687 1736 3761 imaginem
1783 3688 1978 3757 aquila:

350 3766 600 3832 "sectari.
630 3775 789 3832 Juxta
824 3776 970 3833 hunc
1000 3778 1336 3835 intellectum
1368 3788 1424 3834 et
1462 3780 1514 3834 in
1547 3779 1653 3834 alio
1694 3780 1813 3836 loco
1844 3795 1981 3850 prae-

379 3878 596 3945 ceptum
627 3870 836 3940 accepit
874 3870 1075 3940 justus,
1108 3882 1165 3926 ιιι
1193 3869 1264 3925 sit
1296 3872 1517 3941 sapiens
1555 3872 1696 3928 sicut
1727 3887 1980 3943 serpens,

381 3969 578 4016 nonut
607 3959 695 4015 fiat
725 3976 977 4031 serpens,
1013 3963 1107 4018 sed
1141 3977 1261 4018 nea
1288 3962 1405 4018 veri
1439 3965 1709 4034 serpentis
1738 3964 1984 4033 capiatur

381 4055 605 4108 astutia.
642 4053 699 4107 Si
744 4064 926 4110 autem
972 4070 1153 4110 sermo
1184 4054 1285 4110 Dei
1333 4054 1645 4126 Scripturas
1690 4056 1985 4125 diligenter

383 4147 690 4214 excutiens,
720 4155 776 4203 et
807 4148 1058 4219 spiritus,
1081 4147 1280 4219 dequo
1302 4149 1567 4218 scriptum
1602 4156 1687 4203 est
1713 4166 1724 4202 :
1757 4148 1986 4219 Spiritus

384 4242 560 4295 omnia
584 4250 849 4297 scrutatur
872 4243 1027 4297 etiam
1052 4242 1162 4296 alta
1188 4240 1282 4295 Dei
1304 4240 1347 4314 (Ι
1371 4240 1493 4296 Cor.
1527 4239 1649 4312 xu),
1675 4241 1727 4295 in
1754 4239 1987 4310 alicujus

372 4336 624 4403 ,animam
667 4341 912 4407 venerit,
957 4337 1405 4393 manifestissime
1446 4335 1702 4392 ostendet
1735 4334 1803 4390 de
1845 4334 1990 4391 Scri-

362 4430 585 4501 pturis,
622 4439 676 4486 et
708 4432 943 4499 aquilam
986 4440 1042 4486 et
1075 4430 1290 4485 leonem
1328 4429 1381 4484 in
1426 4440 1632 4500 partem
1661 4427 1987 4482 mundorum

387 4521 701 4577 animalium
735 4524 910 4591 posita
943 4540 955 4575 :
982 4522 1283 4578 Cheruhim
1310 4520 1408 4589 Dei
1442 4521 1642 4575 habere
1670 4518 1857 4574 faciem
1883 4517 1979 4573 ho-

2073 1904 2266 1970 vitulo,
2299 1912 2355 1958 et
2385 1912 2561 1973 tauro,
2588 1914 2644 1961 et
2673 1908 2831 1962 leone
2857 1907 3018 1962 simul
3046 1908 3412 1977 pascentibus,
3447 1908 3498 1963 id
3526 1907 3674 1980 quod

2072 1996 2406 2066 apparuiLin
2445 1997 2762 2054 Cherubim.
2794 1998 2877 2055 Ab
2904 1998 3041 2054 Isaia
3071 2001 3270 2072 quippe
3302 2001 3435 2056 nihil
3465 2002 3534 2057 de
3563 2002 3673 2071 his,

2073 2105 2194 2159 qua:
2228 2091 2485 2160 praedicta
2518 2102 2664 2159 sunt,
2696 2092 2799 2148 sibi
2846 2093 3149 2161 cohaerens,
3182 2104 3237 2150 et
3276 2096 3506 2151 invicem
3537 2112 3675 2151 con-

2075 2196 2271 2234 nexum
2303 2184 2723 2252 repromittitur.
2754 2183 2813 2238 In
2844 2184 3136 2241 Cherubim
3169 2200 3299 2241 vero
3330 2185 3674 2257 unumquod-

2074 2288 2179 2343 que
2206 2274 2403 2328 animal
2433 2290 2555 2329 cum
2595 2258 2703 2330 alio
2734 2286 3025 2346 cognatum
3053 2284 3158 2343 est,
3200 2275 3367 2333 facies
3397 2277 3552 2332 vituli
3597 2276 3677 2332 la-

2074 2365 2175 2420 ciei
2225 2366 2422 2431 leonis,
2456 2376 2511 2420 et
2543 2368 2722 2422 vultus
2770 2367 3005 2423 hominis
3054 2369 3225 2423 vultui
3300 2369 3514 2439 aquilae.
3558 2368 3677 2425 Non

2075 2456 2239 2527 igitur
2289 2472 2618 2527 magnopere
2661 2456 2879 2513 mireris
2924 2473 3049 2515 cum
3088 2460 3301 2515 Pharao
3326 2505 3341 2529 ,
3375 2471 3429 2516 et
3469 2476 3677 2531 praeco.

2074 2550 2211 2605 dens
2268 2566 2393 2607 eum
2443 2550 2966 2619 Nabuchodonosor,
2997 2554 3197 2625 aquilae
3245 2565 3678 2635 nuncupantur:

2073 2643 2253 2715 justus
2278 2659 2413 2700 vero
2439 2660 2647 2716 pennas
2673 2660 2954 2702 assumere
2983 2645 3193 2702 dicatur
3223 2647 3502 2717 ntaquila,
3536 2659 3593 2702 et
3622 2648 3677 2703 in

2078 2735 2173 2792 Dei
2202 2746 2358 2808 parte
2388 2737 2541 2794 dives
2564 2738 2789 2795 effectus
2818 2739 3013 2810 aquilae
3044 2741 3148 2797 sibi
3170 2756 3378 2812 pennas
3409 2750 3679 2812 praeparet

2075 2829 2143 2886 ad
2194 2831 2506 2887 volantium.
2567 2832 2763 2889 Verum
2817 2841 2875 2889 ut
2922 2832 2991 2889 ad
3042 2836 3384 2905 pr0positum
3429 2835 3674 2905 redeam,

2077 2926 2392 2996 specialiter
2417 2926 2674 2997 quiddam
2701 2927 3035 2997 significatur
3063 2927 3133 2984 de
3155 2928 3676 2999 Nabuchodonosor,

2079 3020 2203 3089 quia
2236 3035 2429 3090 magna
2459 3030 2513 3076 et
2547 3036 2864 3092 magnarum
2896 3022 3135 3087 alarum,
3161 3033 3217 3078 et
3246 3025 3331 3078 sui
3357 3024 3676 3079 extensione

2077 3111 2417 3189 longissima,
2457 3113 2723 3168 intantum
2758 3122 2816 3168 ut
2854 3130 3017 3170 ausus
3048 3114 3213 3170 fuerit
3252 3114 3478 3170 dicere:
3539 3115 3680 3170 Viri-

270 3251 277 3255 -
370 3216 535 3273 modo
571 3232 799 3289 serpens
836 3234 1011 3275 mreus
1056 3231 1215 3291 typus
1261 3219 1362 3275 fuit
1402 3220 1705 3275 Salvatoris
1744 3238 1754 3273 :
1796 3234 1974 3290 neque

2085 3205 2171 3259 bus
2209 3205 2420 3275 faciam,
2470 3206 2724 3275 sapientia
2765 3207 3059 3262 intellectus
3099 3211 3336 3279 auferam
3374 3209 3507 3278 ﬁnes
3550 3226 3678 3282 gen-

2079 3298 2231 3366 tium,
2278 3308 2325 3351 et
2361 3298 2603 3353 virtutem
2642 3316 2827 3354 eorum.
2856 3300 3022 3371 983
3059 3301 3334 3373 depascar,
3368 3310 3415 3355 et
3456 3316 3683 3354 commo-

2079 3392 2205 3447 vebo
2252 3393 2502 3457 civitates,
2548 3408 2663 3463 qua:
2705 3392 3085 3459 inhabitantur,
3132 3401 3177 3446 et
3219 3392 3390 3447 orbem
3430 3402 3682 3447 terrarum

2082 3489 2379 3543 universum
2424 3487 2857 3559 comprehendam
2904 3503 3059 3541 manu
3090 3496 3150 3542 ut
3188 3488 3390 3555 nidum,
3438 3496 3487 3542 et
3534 3488 3682 3559 quasi

2082 3583 2352 3654 confracta
2378 3598 2474 3636 ova
2506 3584 2741 3653 auferam
2766 3579 2923 3653 (Isai.
2950 3581 3029 3653 Χ).
3061 3580 3202 3637 Ecce
3238 3582 3336 3636 ista
3369 3590 3454 3636 est
3493 3590 3683 3636 exten-

2082 3675 2165 3730 sio
2189 3674 2397 3729 alarum
2423 3673 2561 3743 ejus.
2585 3672 2824 3730 Nec‘ho‘c
2853 3676 2901 3729 ei
2927 3673 3149 3743 sufficit,
3191 3690 3379 3729 verum
3411 3672 3681 3745 unguibus

2086 3768 2281 3837 plenus
2322 3778 2428 3831 est,
2471 3776 2526 3821 et
2565 3766 2756 3823 multis
2790 3766 3012 3837 plumis,
3047 3778 3103 3823 et
3134 3767 3296 3823 habet
3337 3767 3557 3823 ductum
3590 3768 3678 3823 in-

2086 3861 2265 3918 trandi
2311 3862 2363 3916 in
2395 3861 2683 3929 Libanum,
2715 3869 2774 3918 ut
2820 3863 2967 3917 cedri
3011 3862 3129 3933 ejus
3157 3877 3369 3918 summa
3400 3864 3680 3933 decerpat.

2084 3956 2355 4025 Quamdiu
2402 3957 2478 4023 hi,
2535 3958 2626 4028 qui
2675 3956 3157 4013 commorabantur
3199 3957 3253 4012 in
3295 3958 3521 4026 Libano,
3573 3970 3684 4013 non

2087 4059 2472 4123 peccaverunt,
2506 4050 2559 4106 id
2590 4059 2694 4120 est,
2727 4051 2985 4122 quamdiu
3013 4051 3070 4107 in
3098 4051 3459 4124 Jerosolymis
3494 4050 3678 4122 positi,

2089 4144 2288 4218 [Supp.
2319 4145 2451 4219 non]
2486 4153 2611 4201 sunt
2652 4148 2703 4201 in
2741 4146 3038 4201 sceleribus
3068 4146 3420 4217 deprehensi,
3451 4162 3559 4201 non
3598 4161 3689 4203 ac-

2090 4239 2235 4311 cepit
2266 4248 2586 4311 potestatem
2617 4241 2718 4297 ista
2747 4256 2939 4313 magna
2979 4240 3184 4312 aquila,
3224 4251 3282 4296 ut
3311 4240 3688 4312 ingrederetur

2091 4332 2145 4388 in
2186 4332 2474 4400 Libanum,
2522 4347 2698 4404 neque
2742 4334 3039 4403 assumpsit
3077 4333 3179 4388 sibi
3213 4334 3412 4399 electa,
3436 4336 3500 4393 ‘et
3540 4333 3689 4389 cedri

2093 4440 2279 4500 semen
2321 4427 2552 4498 regium,
2600 4434 2655 4482 ει
2698 4426 3004 4496 principum
3051 4425 3299 4493 stirpem.
3339 4424 3443 4478 Ista
3487 4424 3690 4494 quippe

2093 4527 2220 4572 sunt
2267 4517 2648 4573 teneritudinis
2679 4517 2820 4588 ejus,
2859 4533 2982 4587 qu:e
3016 4517 3253 4587 quodam
3294 4525 3538 4586 tempore
3583 4531 3690 4571 non

390 4613 579 4678 minis,
619 4623 675 4668 et
719 4613 912 4669 faciem
951 4614 1129 4670 leonis
1163 4629 1192 4667 a
1228 4613 1437 4668 dextris
1471 4623 1705 4683 quatuor
1735 4611 1992 4682 partium,
2016 4616 2071 4678 1)
2098 4610 2313 4666 fuerunt
2342 4612 2479 4667 duro
2505 4611 2671 4667 corde
2702 4628 2715 4665 :
2749 4619 2991 4666 attamen
3021 4613 3201 4680 rapuit
3225 4627 3310 4678 ea,
3347 4612 3470 4682 quia
3504 4627 3694 4682 pecca-

391 4716 450 4764 et
477 4706 672 4761 faciem
712 4708 890 4772 vituli,
922 4718 975 4764 et
1014 4708 1181 4779 982
1221 4705 1415 4762 faciem
1456 4706 1653 4777 aquila:
1683 4720 1711 4758 a
1758 4702 1995 4758 sinistris

393 4814 632 4872 quatuor
662 4800 893 4871 partium
928 4817 943 4861 ;
977 4815 1029 4856 et
1070 4802 1208 4866 haec,
1246 4815 1368 4871 quae
1399 4798 1455 4854 in
1482 4797 1776 4853 Cherubim
1807 4795 1997 4851 viden-

398 4903 506 4961 tur,
539 4892 592 4947 id
623 4901 730 4961 est,
776 4892 954 4960 aquila
981 4901 1036 4948 et
1072 4894 1180 4963 leo,
1216 4892 1412 4948 munda
1445 4900 1593 4946 sunt.
1625 4889 1771 4945 Nihil
1797 4889 2020 4975 quippe.

394 4985 738 5043 immundum
767 4996 851 5042 est
880 4987 932 5040 in
964 5001 1128 5041 curru
1154 4987 1270 5040 Dei.
1298 4985 1366 5041 Et
1385 4982 1659 5057 quomodo
1688 4992 1741 5037 tu
1774 4981 1843 5038 de
1864 4996 1995 5052 gen-

400 5080 547 5135 tibus
588 5079 839 5146 credens,
887 5078 1125 5135 mundus
1169 5077 1395 5134 effectus
1437 5093 1497 5132 es
1529 5096 1542 5131 :
1582 5076 1645 5131 Et
1683 5075 1823 5147 quod
1858 5073 1998 5129 Deus

400 5158 690 5239 mandavit,
718 5184 774 5228 tu
795 5189 857 5228 ne
881 5189 1149 5229 commune
1170 5173 1385 5237 dixeris,
1405 5170 1601 5227 dicitur
1625 5171 1695 5227 de
1717 5170 1997 5237 omnibus,

399 5283 522 5339 qum
545 5268 614 5323 de
634 5269 775 5324 caelo
800 5266 1087 5336 pendentia
1108 5276 1330 5323 ostensa
1358 5274 1485 5320 sunt
1513 5254 1673 5319 Petro
1704 5282 1716 5318 :
1741 5264 1821 5320 sic
1843 5279 2001 5319 mun—

400 5362 561 5418 datus
598 5372 684 5419 est
722 5362 810 5419 leo
836 5374 889 5419 et
917 5361 1120 5433 aquila,
1161 5377 1282 5433 qua:
1326 5364 1377 5415 in
1414 5359 1710 5416 Cherubim
1738 5375 2002 5429 apparue-

403 5464 549 5512 runt.
582 5456 689 5511 Nec
711 5471 818 5511 non
847 5465 930 5510 est
964 5420 1129 5521 aliud,
1340 5453 1394 5509 in
1425 5453 1627 5510 Christi
1658 5453 1889 5509 adventu
1920 5453 2030 5514 ιιι-⁸

407 5559 585 5605 turum
612 5550 932 5617 praedicatur
966 5567 977 5603 :
1011 5551 1164 5604 novit
1188 5547 1446 5603 mundum
1470 5547 1710 5613 leonem,
1743 5546 1999 5601 mundam

405 5654 461 5701 et
497 5646 757 5717 aquilam,
784 5659 905 5717 qua:
938 5653 1283 5715 nuncupatur
1307 5643 1584 5699 immunda
1615 5660 1627 5696 :
1656 5641 1841 5713 Lupus
1866 5643 2003 5696 enim

405 5751 453 5795 et
492 5741 613 5813 agni
642 5751 918 5813 pascentur
959 5739 1114 5796 simul
1157 5737 1314 5812 (Isai.
1348 5738 1448 5809 χι).
1498 5738 1681 5809 Lupus
1722 5738 1868 5794 enim
1911 5734 2005 5809 qui

408 5848 531 5888 cum
562 5847 666 5889 ove
694 5833 958 5891 innoxius
993 5832 1234 5904 pascitur
1267 5847 1376 5889 non
1414 5842 1500 5888 est
1532 5831 1671 5888 ultra
1702 5831 2006 5888 observan-

2099 4716 2294 4763 verunt
2316 4706 2369 4765 in
2404 4705 2715 4760 Dominum.
2747 4704 2935 4777 Aquila
2960 4705 3061 4759 ista
3092 4705 3330 4775 grandis,
3364 4714 3496 4772 ctc.,
3527 4706 3693 4759 totius

2099 4800 2624 4869 arboriscacumina
2652 4800 2704 4855 in
2734 4798 2988 4853 Chanaan
3016 4798 3312 4869 transtulit,
3347 4800 3473 4871 quia
3499 4798 3695 4870 figura-

2098 4893 2226 4949 liter
2258 4893 2679 4964 Babyloninrnm
2715 4900 2860 4955 terra
2888 4891 3163 4947 maledicti
3189 4888 3444 4947 Chanaan
3474 4892 3690 4946 dicitur.

2102 4987 2179 5043 De
2203 5002 2310 5057 quo
2341 4988 2416 5042 ait
2449 4985 2562 5041 Noe
2604 5004 2617 5040 :
2664 4984 2978 5040 Maledictus
3008 5001 3136 5057 puer
3167 4984 3436 5051 Chanaan,
3469 4985 3695 5057 famulus

2099 5080 2197 5133 erit
2231 5079 2484 5151 fratribus
2512 5079 2623 5133 suis
2652 5077 2802 5148 (Gen.
2836 5079 2933 5148 ιχ).
2966 5076 3025 5133 In
3055 5079 3272 5134 civitate
3300 5093 3515 5148 quoque
3538 5089 3698 5145 nego—

2103 5174 2380 5240 tiatorum,
2409 5172 2525 5227 sive
2548 5171 2928 5241 negotiatrice,
2959 5173 3075 5227 sive
3103 5171 3573 5238 transferentium,
3605 5176 3700 5223 aut

2102 5277 2251 5323 certe
2277 5278 2511 5333 murata,
2547 5270 2728 5336 posuit
2756 5265 2880 5334 hoc,
2912 5264 3058 5337 quod
3086 5266 3155 5321 de
3174 5265 3341 5319 cedro
3372 5263 3695 5331 abstulerat,

2103 5367 2159 5415 et
2184 5361 2393 5431 accepit
2421 5359 2525 5414 sibi
2551 5359 2618 5414 de
2647 5361 2859 5415 semine
2893 5368 3072 5423 terrae,
3097 5356 3211 5426 jam
3245 5372 3353 5410 non
3383 5354 3452 5409 de
3488 5353 3701 5409 altiori-

2102 5455 2219 5511 bus-
2246 5455 2440 5521 solum,
2486 5452 2583 5510 sed
2628 5458 2793 5509 etiam
2836 5452 2903 5509 de
2945 5450 3269 5518 minoribus,
3305 5460 3359 5504 et
3390 5449 3459 5503 de
3502 5448 3702 5518 populo

2106 5546 2441 5613 Judacorum,
2475 5555 2532 5602 et
2561 5546 2714 5602 dedit
2752 5545 2883 5600 illud
2927 5544 2982 5599 in
3024 5558 3275 5612 campum
3314 5540 3704 5609 frondiferum,

2108 5657 2271 5713 super
2300 5656 2496 5713 aquam
2536 5641 2763 5696 multam
2793 5637 3193 5709 respiciendum
3223 5637 3506 5693 constituit
3548 5636 3703 5705 illud,

2109 5744 2163 5792 et
2201 5748 2454 5792 exortum
2485 5746 2589 5804 est,
2624 5742 2683 5789 et
2713 5735 2912 5787 factum
2945 5738 3029 5787 est
3060 5730 3114 5785 in
3156 5730 3320 5787 vitem
3358 5729 3591 5786 firmam.
3625 5728 3711 5785 ln-

2111 5831 2358 5886 firmatus
2388 5839 2474 5885 est
2505 5842 2635 5885 vere
2661 5826 2897 5898 populus
2925 5826 3021 5883 Dei
3048 5825 3103 5883 in
3151 5824 3451 5897 Babylone,
3494 5834 3552 5881 et
3590 5823 3714 5882 ideo
