4150 6346
506 253 604 314 ‘I'll

1756 262 1812 319 3.
1861 261 2138 330 EUSEBII
2169 263 2548 320 HIERONYMI

3699 273 3810 330 772

501 389 680 445 neque
723 374 994 430 canticum
1051 373 1268 429 Domini
1317 381 1542 431 cantare
1586 384 1824 445 poterat,
1871 377 2060 433 dicens
2088 395 2100 430 :
2131 381 2186 440 Α
2211 393 2353 444 mur,
2379 389 2436 434 et
2464 380 2604 436 forte
2634 381 2898 437 audenter
2925 384 3312 454 promittimur,
3345 385 3489 458 quod
3519 399 3626 442 non
3656 391 3810 444 vale—

507 466 778 534 Quontodo
814 467 1136 519 cantabimus
1164 467 1425 520 canticum
1474 466 1682 522 Domini
1711 469 1760 521 in
1801 478 1938 522 terra
1968 470 2098 522 alie.-

503 577 572 614 na
605 559 780 629 (Psal.
811 561 1074 628 cxxxvr)?
1103 559 1315 616 Revera
1365 577 1471 615 non
1503 569 1715 632 poterat
1749 560 1960 616 inﬁrma
1995 577 2101 616 non

503 665 646 718 esse,
681 667 802 722 ρυλε
828 651 1062 718 plantata
1091 651 1266 707 fuerat
1300 655 1350 707 in
1407 654 1703 725 Babylone.
1765 654 1890 720 Quo
1942 664 2100 724 pacto

503 746 646 800 vires
681 744 936 815 pristinas
978 755 1306 812 reservaret,
1340 762 1462 816 qua:
1495 745 1618 800 vitis
1649 746 1946 818 Babyloiiia
1979 761 2101 802 esse

499 839 778 908 cmpisset.
809 839 940 906 Qum
971 840 1095 910 quia
1120 841 1172 895 in
1203 851 1388 895 salicta
1422 851 1570 895 terra
1598 841 1804 895 fructus
1827 857 1934 894 non
1960 840 2101 895 fece-

501 940 607 996 rat,
643 929 765 985 ideo
799 933 1061 986 translata
1090 933 1160 985 ab
1189 933 1390 1002 aquila,
1418 941 1476 990 et
1507 934 1558 988 in
1593 941 1733 987 terra
1764 933 1934 1002 posita
1963 933 2099 986 Cha-

503 1039 664 1089 naan,
707 1023 849 1080 facta
891 1034 977 1080 est
1025 1027 1078 1079 in
1118 1025 1284 1081 vitem
1334 1027 1625 1094 infirmam,
1667 1036 1721 1081 et
1765 1028 1818 1082 in
1851 1027 2098 1096 pusillam

501 1128 734 1172 statura.
768 1119 1034 1188 Quamdiu
1082 1121 1134 1174 in
1183 1129 1324 1174 terra
1353 1132 1538 1175 sancta
1573 1119 1694 1185 fuit,
1734 1121 1924 1190 ingens
1970 1121 2099 1174 vitis

503 1222 668 1268 erat:
715 1213 936 1284 quando
980 1229 1108 1270 vero
1141 1214 1399 1269 translata
1445 1226 1527 1268 est
1576 1215 1628 1268 in
1663 1214 1797 1268 ﬁnes
1849 1223 2101 1283 peccato-

503 1321 646 1370 rum,
679 1317 736 1362 et
779 1307 990 1362 inﬁrma
1033 1316 1086 1362 et
1121 1322 1285 1378 parva
1335 1305 1524 1361 eﬁ‘ecta
1559 1318 1663 1362 est.
1710 1307 1775 1360 Et
1811 1315 1865 1360 tu
1912 1305 2095 1375 igitur,

503 1400 659 1467 vitis,
685 1417 808 1471 quae
834 1418 918 1456 me
944 1399 1121 1464 audis,
1147 1403 1192 1456 si
1215 1402 1294 1456 vis
1319 1416 1442 1456 esse
1472 1415 1688 1469 magna,
1720 1399 1830 1452 noli
1855 1399 2005 1452 exire
2032 1398 2099 1450 de

502 1485 765 1549 Ecclesia:
796 1495 1020 1562 ﬁnibus,
1067 1509 1327 1570 permane
1370 1493 1598 1547 interra
1644 1501 1832 1546 sancta
1873 1489 2094 1543 Jerusa—

503 1587 630 1643 lem.
665 1587 822 1656 Quod
866 1590 910 1642 si
954 1599 1178 1660 propter
1211 1595 1432 1656 peccata
1473 1587 1526 1640 in
1569 1585 1752 1655 pejora
1799 1584 2095 1648 corrueris,

502 1684 854 1742 transfereris
878 1687 931 1740 in
956 1686 1120 1740 aliam
1149 1695 1374 1754 terram,
1403 1695 1462 1741 et
1485 1687 1602 1742 eris
1632 1688 1684 1741 in
1731 1686 1896 1740 vitem
1926 1684 2063 1754 pusil
2082 1712 2097 1724 -

2207 489 2329 527 mus
2375 474 2624 543 implere,
2674 475 2742 530 ad
2784 477 2992 532 minora
3051 479 3358 546 redeamus,
3403 491 3455 535 et
3501 483 3806 536 secundum

2206 580 2520 621 mensuram
2563 569 2870 625 intellectus
2905 571 3068 643 985
3102 572 3272 627 nostri
3309 574 3386 628 s'ic
3425 573 3600 643 potius
3631 589 3803 644 expo-

2206 673 2441 713 namus:
2492 660 2648 715 \'enit
2695 663 2759 716 ad
2802 663 2964 718 istum
3007 665 3294 732 Libsum,
3328 667 3428 721 hoc
3471 677 3573 734 est,
3612 667 3809 724 Eccle-

2203 752 2360 816 siam,
2397 753 2487 808 ubi
2517 753 2714 810 bestiae
2743 757 2860 824 Del,
2896 759 2988 813 ubi
3024 759 3308 815 incensum
3339 763 3652 816 orationum
3685 764 3808 833 ejus

2202 845 2534 915 celebratur,
2579 849 2684 903 ista
2713 865 2906 921 magna
2943 861 2998 907 et
3040 870 3166 909 vera
3207 855 3409 925 aquila,
3442 855 3808 912 Nabuchodo-

2204 953 2392 1005 nosor,
2425 941 2476 1016 id
2507 953 2588 996 est
2609 943 2880 1010 diabolus,
2913 954 2970 1000 et
2998 947 3199 1017 rapuit.
3231 932 3586 1004 Absitaulem
3613 965 3642 1003 a
3668 960 3809 1005 tem-

2205 1032 2430 1101 poribus
2461 1037 2660 1089 nestris
2685 1054 2698 1088 :
2727 1045 2786 1090 ut
2807 1038 2882 1105 de,
2903 1039 3130 1093 sunnnis
3155 1034 3320 1107 cedri,
3351 1041 3402 1095 id
3429 1051 3533 1107 est,
3561 1042 3628 1095 de.
3659 1057 3807 1111 pnn-

2203 1123 2418 1188 eipibus
2462 1135 2516 1179 et
2562 1127 2628 1182 de
2667 1128 2816 1198 regio
2856 1131 3070 1186 semine
3113 1131 3166 1184 in
3195 1129 3449 1187 Chanaan
3486 1133 3802 1188 transferat.

2155 1279 2164 1286 _
2203 1217 2457 1288 Oremus,
2494 1235 2561 1275 ne
2611 1221 2702 1275 ﬁat
2746 1223 2889 1292 quod
2931 1239 3080 1292 saepe
3119 1223 3322 1279 factum
3370 1234 3476 1280 est.
3519 1225 3803 1296 Assumpti

2203 1309 2353 1364 enim
2386 1320 2512 1364 sunt
2555 1313 2796 1382 quidam,
2841 1323 2894 1368 et
2938 1315 2992 1368 in
3025 1315 3358 1386 Babylonem
3393 1317 3662 1382 translati,
3705 1316 3802 1386 qui

2204 1398 2255 1452 in
2290 1402 2526 1456 Ecclesia
2573 1404 2839 1473 principes
2879 1405 3134 1474 fuerunt,
3179 1417 3234 1462 et
3278 1419 3495 1478 propter
3519 1419 3800 1480 peccatum

2206 1508 2360 1545 suum
2391 1493 2458 1548 de
2481 1494 2674 1550 Libani
2707 1499 3016 1554 summitate
3045 1500 3260 1554 sublati.
3294 1500 3468 1571 Super
3498 1502 3579 1556 bis
3603 1501 3798 1558 dicen-

2204 1583 2335 1640 dum
2381 1599 2463 1640 cst
2515 1589 2636 1658 quia
2679 1590 2857 1660 aquila
2906 1607 3095 1662 magna
3143 1607 3458 1662 magnorqu
3505 1593 3794 1664 unguium,

2205 1682 2405 1751 plumis
2435 1691 2664 1737 extensa
2695 1685 2968 1754 acceperit
3007 1685 3074 1740 de
3100 1686 3472 1742 cacuminibus
3498 1687 3646 1743 cedri
3676 1733 3689 1756 ,
3743 1698 3800 1743 et

431 1813 438 1820 -
503 1777 630 1842 lam.
663 1790 717 1834 et
763 1779 1016 1848 palmites
1046 1779 1122 1834 tui
1153 1780 1428 1848 decident,
1456 1791 1510 1836 et
1544 1779 1755 1838 radices
1797 1788 1903 1832 tuac
1928 1780 2098 1831 sicca-
2129 1779 2175 1840 Β
2204 1777 2476 1830 deraserit
2511 1795 2606 1832 eos
2649 1778 2716 1832 de
2757 1779 2986 1845 Libano,
3021 1779 3073 1833 id
3117 1790 3224 1844 est,
3258 1781 3326 1835 de
3369 1781 3698 1847 Jerusalem,
3744 1790 3799 1836 et

502 1869 723 1938 buntur,
776 1872 1046 1928 intantum
1091 1883 1147 1928 ut
1195 1883 1381 1944 postea
1423 1874 1702 1930 desideres
1750 1881 2098 1942 requiescere

501 1977 666 2035 super
697 1966 856 2020 aliam
888 1967 1152 2037 aquilam,
1180 1966 1350 2040 984,
1376 1976 1431 2022 ιιι
1462 1984 1604 2021 nunc
1631 1967 1851 2033 dicitur,
1879 1980 2097 2034 magna-

501 2073 622 2113 rum
664 2059 874 2114 alarum
914 2069 970 2116 et
1011 2061 1376 2130 plurimorum
1425 2062 1710 2132 unguium.
1761 2059 1971 2112 Bonum
2013 2069 2098 2111 est

499 2151 924 2207 condemnatqu
951 2154 1004 2207 in
1031 2154 1504 2210 culidemnationis
1528 2168 1848 2224 permanere
1878 2159 2097 2206 sentcn-

501 2248 597 2309 tia,
646 2247 908 2316 quamdiu
931 2249 980 2304 ei
1026 2249 1154 2304 libet
1181 2251 1274 2318 qui
1313 2247 1612 2302 damnavit.
1649 2247 1768 2301 Non
1815 2259 2096 2299 curramus

501 2339 758 2393 videntes
783 2340 850 2393 ad
881 2340 1260 2404 Pharaonem;
1283 2341 1328 2393 si
1356 2340 1502 2394 enim
1530 2339 1594 2394 ad
1632 2355 1758 2393 eum
1792 2339 2094 2402 currimus,

500 2439 694 2485 contra
722 2432 894 2487 Deum
933 2433 1184 2496 facimus,
1213 2435 1305 2502 qui
1336 2432 1472 2487 dixit
1500 2450 1514 2485 :
1552 2432 1661 2501 Ego
1687 2448 1804 2484 sum
1837 2431 2094 2484 Dominus

500 2523 645 2580 Deus
680 2537 818 2589 tuus,
851 2527 942 2598 qui
985 2538 1034 2582 te
1062 2529 1216 2583 eduxi
1261 2529 1325 2580 de
1363 2539 1503 2582 terra
1549 2526 1792 2600 JEgypti,
1839 2525 1902 2579 de
1942 2526 2094 2578 domo

496 2620 757 2673 servitutis
813 2616 1043 2690 (Dem).
1104 2620 1186 2674 Ad
1229 2619 1735 2675 Nabuchodonosor
1786 2619 1929 2673 enim
1984 2633 2089 2671 non

500 2722 606 2767 tam
649 2727 844 2782 sponte
871 2727 1256 2783 preperamus,
1289 2730 1448 2784 quam
1480 2712 1850 2774 condemnati,
1886 2722 1938 2766 et
1971 2725 2094 2780 pcr-

503 2807 657 2862 tractl
685 2809 750 2860 ad
780 2823 904 2862 eum
937 2823 1145 2864 sumus.
1179 2807 1440 2877 Sequitur
1465 2824 1479 2861 ι
1515 2805 1582 2859 Et
1607 2810 1805 2877 {uetiam
1833 2811 1903 2859 rst
1932 2805 2096 2870 altera

499 2900 679 2970 aquila
719 2913 908 2972 magna
945 2901 1148 2971 magnis
1192 2898 1318 2967 alis,
1361 2908 1410 2952 et
1448 2899 1671 2967 copiosis
1717 2896 1992 2967 unguibus.
2048 2904 2094 2949 et

441 2999 448 3006 '
499 3008 614 3045 ecce
656 2992 774 3045 uitis
823 2993 920 3044 ista
963 2992 1342 3062 amplexabitur
1369 3007 1504 3056 eaut,
1547 2991 1598 3044 id
1654 2997 1756 3056 est,
1801 2989 2092 3044 secmtdam

497 3084 986 3153 aquilam.'Evenit
1021 3099 1190 3154 stupe,
1224 3095 1280 3138 ut
1318 3085 1388 3138 ab
1418 3101 1522 3137 una
1555 3084 1834 3138 contraria
1883 3083 2097 3138 fortitu-

2201 1870 2536 1938 plantaverit
2587 1871 2638 1925 in
2692 1880 2834 1926 terra
2890 1872 3168 1926 Chanaan.
3211 1871 3327 1926 Non
3383 1872 3560 1928 solum
3615 1883 3798 1928 autem

2201 1961 2381 2031 aquila
2422 1963 2523 2018 ista
2551 1979 2761 2017 suuuna
2794 1965 2965 2032 cedri,
3011 1965 3064 2019 id
3092 1976 3196 2030 est,
3227 1965 3297 2021 de
3346 1970 3669 2036 optimatum
3701 1983 3799 2034 ne-

2202 2070 2354 2122 uere,
2387 2057 2492 2110 sibi
2522 2058 2776 2120 vindicat,
2821 2060 2990 2131 986
3017 2060 3108 2114 sed
3141 2069 3196 2114 et
3225 2069 3384 2116 term
3408 2075 3598 2116 semen
3634 2063 3796 2132 rapit,

2200 2159 2254 2206 et
2284 2150 2544 2205 transfert
2573 2154 2626 2206 in
2669 2160 2869 2206 terram
2902 2153 3158 2208 Chanaan
3186 2154 3402 2224 quando
3430 2154 3550 2224 quis
3591 2155 3660 2210 de
3705 2170 3802 2224 p0-

2202 2242 2326 2311 pulo
2353 2255 2564 2312 peccat,
2594 2253 2648 2298 et.
2679 2243 2748 2298 de
2784 2245 2874 2298 Dei
2907 2245 3062 2314 plebe
3093 2247 3294 2301 diaboli
3330 2248 3540 2317 laqueis
3586 2263 3798 2318 pracpe‘

2199 2335 2363 2388 ditur.
2389 2336 2733 2406 Quapropter
2756 2337 2947 2392 diebus
2977 2348 3030 2394 et
3062 2339 3310 2394 noctibus
3359 2348 3465 2394 tam
3510 2355 3608 2409 pro
3637 2342 3799 2396 nobis

2199 2441 2359 2494 quam
2401 2444 2494 2496 pro
2539 2427 2805 2482 fratribus
2855 2431 3056 2484 nostris
3100 2430 3193 2484 Dei
3249 2431 3603 2499 imploremus
3649 2435 3800 2487 anxi-

2201 2517 2348 2585 Iinn'i,
2386 2536 2453 2574 ne
2479 2522 2603 2588 quis
2625 2522 2690 2576 de
2717 2521 3017 2576 Jerusalem
3048 2521 3408 2578 transferatur
3433 2524 3484 2578 in
3515 2523 3798 2592 Chanaan,

2201 2629 2267 2668 ne
2297 2616 2565 2669 scillenlitl
2599 2616 2717 2684 ejus
2748 2616 2986 2682 deserta,
3017 2634 3046 2670 a
3070 2618 3347 2672 voluntate
3377 2618 3524 2672 illius
3546 2618 3613 2672 ad
3637 2619 3800 2673 aliam

2200 2707 2486 2764 tendamus
2515 2710 2774 2779 aquilam,
2800 2718 2854 2764 ct
2883 2712 3060 2765 veniat
3085 2727 3253 2779 super
3284 2726 3385 2765 nos
3415 2711 3489 2765 ira
3523 2714 3718 2780 major,
3746 2721 3801 2768 et

2197 2808 2481 2870 putrescat
2511 2803 2764 2857 universa
2799 2802 3078 2869 plantatio,
3115 2814 3166 2857 et
3198 2803 3407 2858 fructus
3445 2805 3648 2874 pariter
3675 2820 3798 2860 cum

2197 2894 2472 2949 radicibus
2500 2907 2742 2951 arescat.
2781 2897 3049 2950 Plantatio
3096 2897 3296 2968 quippe
3338 2899 3646 2954 Jerusalem
3691 2916 3798 2956 non

2200 2995 2380 3054 potest
2405 2989 2454 3041 in
2487 2990 2588 3042 alia
2617 3001 2762 3043 terra
2789 2988 2928 3044 ferre
2969 2989 3200 3056 fructus,
3236 3007 3343 3044 non
3388 2991 3515 3045 facit
3545 2991 3798 3061 palmites

2199 3078 2252 3131 in
2307 3079 2500 3136 ﬁnibus
2531 3081 2756 3145 alienis;
2787 3081 2884 3136 sed
2922 3084 3108 3136 statim
3137 3098 3257 3137 cum
3291 3083 3450 3153 gleba
3493 3098 3586 3136 sua
3621 3083 3795 3138 sicca-

497 3180 626 3234 dine
650 3181 715 3234 ad
747 3181 908 3234 aliam
935 3180 1350 3236 transferamur.
1386 3179 1632 3234 Jusserat
1655 3179 1799 3234 enim
1838 3179 1998 3242 Deus,
2036 3185 2091 3231 ut
2121 3166 2166 3229 C
2200 3183 2305 3238 tur,
2338 3175 2382 3228 si
2411 3191 2516 3228 non
2549 3175 2980 3244 perseveraverit
3008 3177 3060 3230 in
3085 3177 3359 3231 voluntate
3384 3176 3502 3242 Dei,
3533 3178 3664 3232 etin
3699 3180 3797 3232 lic-

496 3272 861 3329 lsraelitarnm
914 3275 1142 3344 populus
1193 3274 1296 3328 sub
1355 3272 1862 3329 Nabuchodonosor
1901 3273 2089 3342 jugum

494 3365 632 3420 colla
665 3366 1032 3432 subitteret,
1069 3375 1126 3420 ut
1157 3364 1392 3435 legimus
1431 3365 1481 3418 in
1519 3364 1776 3430 Jeremia,
1820 3364 2088 3418 intentum

499 3466 556 3511 ut
581 3463 1010 3512 cmnminaretur
1034 3458 1108 3524 ei,
1132 3457 1225 3527 qui
1254 3458 1322 3512 ab
1352 3456 1469 3526 ejus
1497 3458 1722 3514 servitio
1745 3457 2047 3512 declinaret
2075 3476 2085 3510 :

493 3561 552 3607 et
581 3567 648 3606 eo
678 3560 946 3622 tempore,
977 3569 1085 3624 quo
1110 3554 1402 3608 Jeremiam
1444 3554 1814 3622 exposuimus,
1862 3569 1924 3608 ea
1969 3568 2090 3624 quae

497 3646 652 3700 nobis
683 3647 854 3717 gratia
900 3647 1014 3712 Dei,
1057 3647 1337 3704 orantibus
1372 3647 1550 3713 vobis,
1605 3648 1792 3716 largita
1823 3657 1929 3714 est,
1976 3648 2092 3703 sive

495 3746 645 3794 certe
692 3749 983 3810 utcumque
1027 3741 1299 3796 sensimus
1344 3755 1614 3809 exponere
1655 3740 1836 3796 conati
1878 3755 2086 3795 sumus.

494 3832 682 3888 Noluit
705 3844 883 3888 autem
922 3833 974 3887 id
1003 3835 1204 3898 facere,
1230 3835 1372 3906 quod
1398 3833 1573 3888 fuerat
1603 3834 1963 3904 imperatum;
1993 3834 2088 3888 sed

497 3926 750 3996 palmites
781 3941 912 3982 suos
940 3927 1183 3982 extendit
1204 3928 1268 3982 sd
1299 3927 1641 3982 Pharaonem
1675 3928 1727 3980 in
1756 3926 1914 3996 gleba
1940 3925 2090 3996 plau-

497 4021 722 4075 tatiouis
759 4022 898 4089 ejus,
933 4021 1002 4074 ab
1041 4035 1107 4075 eo
1147 4019 1438 4076 constituta
1478 4029 1561 4073 est
1605 4020 1658 4074 in
1703 4034 1898 4088 eampo
1926 4033 2089 4087 super

495 4127 694 4184 aquam
741 4113 988 4175 multam,
1033 4121 1093 4166 ut
1137 4114 1346 4168 fructus
1389 4112 1608 4166 afferret
1651 4111 1958 4165 uberrimos
1989 4129 2000 4164 :
2035 4118 2091 4166 et

494 4207 714 4263 deserta
741 4205 1002 4279 Egypto,
1046 4221 1260 4260 rursum
1305 4204 1594 4276 Egyptum
1627 4204 1962 4273 concupivit,
1993 4219 2090 4273 pu-

501 4311 623 4357 tans
650 4302 1050 4357 se‘ubertatem
1081 4300 1366 4369 pristinam
1395 4305 1810 4353 consecuturam
1840 4315 1854 4354 :
1889 4299 1989 4354 hoc
2032 4298 2084 4352 in

493 4396 682 4468 primis
705 4397 974 4466 cogitans,
1001 4393 1145 4464 quod
1171 4393 1215 4448 si
1241 4391 1744 4447 Nabuchodonosor
1765 4390 1832 4445 ad
1855 4389 2088 4444 Pharao-

494 4504 615 4543 nem
651 4489 1092 4550 transeenderet,-
1118 4486 1330 4541 radices
1362 4483 1624 4549 ﬁrmaret,
1670 4485 1933 4539 evelleret
1974 4495 2079 4537 sta—

2194 3268 2359 3323 clesia
2389 3268 2532 3338 ejus,
2577 3270 2626 3322 id
2658 3279 2761 3331 est,
2797 3279 2850 3324 et
2886 3269 3042 3324 faelis
3073 3279 3128 3325 et
3155 3271 3500 3326 sermonibus
3527 3281 3582 3328 et
3620 3272 3795 3328 scien-

2195 3362 2266 3415 tia
2293 3361 2539 3416 vetitatis
2568 3361 2770 3416 (lbristi
2801 3361 2953 3426 Jesu,
2985 3363 3070 3417 cui
3101 3371 3188 3418 est
3213 3363 3388 3434 gloria
3416 3372 3471 3420 et
3508 3363 3793 3436 imperium

2194 3453 2248 3507 in
2272 3455 2472 3518 saecula
2505 3456 2856 3509 saeculorum.
2891 3449 3112 3530 Ament

2624 3607 2909 3665 ilUillLIA
2953 3607 3369 3668 DUODECIMA.

2195 3725 2269 3778 De
2301 3739 2366 3778 eo
2406 3727 2546 3792 quod
2596 3727 2854 3794 scriptum
2887 3736 2971 3782 est
3003 3745 3014 3779 :
3067 3725 3178 3782 Fili
3207 3728 3459 3794 hominis,
3489 3729 3572 3783 dir
3599 3731 3666 3784 ad
3697 3729 3790 3786 do-

2264 3811 2404 3936 218ml
2444 3803 2868 3938 e;ras)j)erritttcm,
2922 3799 3125 3853 nescitis
3167 3801 3293 3870 quid
3337 3803 3437 3854 ista
3481 3801 3778 3873 signiﬁcent

2331 3883 2416 3938 ap.
2453 3881 2559 3921 xvtt
2591 3908 2601 3920 .
3729 3917 3738 3926 .

2263 4027 2428 4099 985
2459 4027 2555 4096 Ea,
2595 4043 2714 4098 quae
2753 4029 2864 4098 jam
2920 4043 3080 4100 supra
3121 4032 3417 4086 memoravi
3463 4031 3529 4088 de
3577 4032 3787 4089 duabus

2191 4121 2388 4189 aquilis
2418 4103 2645 4191 magnis,
2675 4131 2731 4175 et
2761 4137 3074 4193 magnarum
3105 4123 3345 4192 alarum,
3376 4133 3433 4178 et
3463 4141 3784 4197 magnorum

2191 4214 2473 4283 unguium,
2520 4229 2624 4268 nec
2653 4230 2760 4267 non
2783 4230 2902 4283 qua:
2930 4216 3100 4284 prima
3129 4224 3183 4270 et
3209 4216 3444 4271 secunda
3473 4219 3654 4287 aquila
3676 4233 3786 4288 ges-

2192 4318 2412 4372 serunt,
2455 4321 2598 4361 nunc
2630 4306 2784 4376 quasi
2823 4306 2877 4360 in
2911 4308 3226 4376 prophetia,
3269 4309 3482 4364 scilicet
3533 4309 3793 4380 ﬁgurata,_

2193 4402 2306 4454 vult
2336 4417 2402 4454 ex
2432 4410 2587 4469 parte
2619 4415 2798 4456 sermo
2825 4400 3044 4456 divinus
3063 4415 3370 4472 exponere,
3409 4404 3564 4459 nobis
3594 4404 3660 4459 ad
3697 4406 3779 4459 ina

2197 4492 2546 4561 telligeudum
2579 4494 2892 4563 relinquens
2920 4509 3041 4564 quae
3073 4495 3188 4565 ipse
3217 4496 3423 4551 dimisit
3454 4497 3672 4552 intacta.
3704 4501 3782 4553 Ac

491 4593 694 4648 turam,
721 4581 932 4636 fructus
957 4581 1198 4636 afferret.
1225 4578 1336 4634 Sed
1360 4579 1413 4632 in
1438 4577 1768 4632 contrarium
1797 4591 1956 4647 quam
1984 4591 2081 4645 Ρη·
2116 4553 2170 4614 Ῑ)
2196 4553 2429 4651 primum
2477 4584 2718 4653 quidem,
2741 4553 2894 4642 Ilicet
2938 4553 3109 4656 saepe.
3134 4587 3246 4655 jam
3300 4588 3550 4655 dixerim,
3599 4599 3790 4662 tamen

494 4675 627 4728 tavit
655 4676 834 4750 omnia
863 4673 1202 4729 reciderunt.
1245 4671 1480 4727 Fructus
1517 4674 1720 4740 quippe
1763 4671 1882 4740 ejus
1911 4671 2087 4725 omnis

491 4769 844 4837 computruit,
871 4777 927 4822 et
957 4766 1366 4837 pabulationes,
1399 4777 1518 4835 qua
1545 4766 1740 4820 saltem
1772 4764 2000 4844 modica:
2033 4766 2083 4819 in

389 4903 396 4910 .
492 4863 832 4936 Babylonem
881 4873 1165 4928 venerant,
1215 4861 1513 4916 mutatione
1567 4859 1804 4931 regionis
1859 4875 2087 4915 exarue-

491 4967 638 5026 runt,
683 4960 953 5012 intantum
993 4965 1053 5011 ut
1099 4955 1359 5010 radicitus
1398 4954 1586 5010 evulsa
1617 4956 1708 5021 sit,
1747 4969 1816 5010 ne
1847 4953 1982 5008 ultra
2030 4955 2085 5007 in

489 5052 711 5108 brachio
735 5066 957 5123 magno,
981 5059 1072 5104 aut
1095 5049 1148 5102 in
1170 5047 1374 5119 populo
1399 5046 1632 5116 plurimo
1655 5047 2078 5101 convalesceret.

488 5148 628 5213 Quid
669 5149 724 5202 in
767 5163 826 5202 se
877 5147 994 5200 haec
1043 5152 1212 5208 tanta,
1262 5142 1350 5196 vel
1403 5143 1528 5196 talia
1575 5133 1858 5196 continent
1901 5155 2084 5195 sacra-

490 5241 708 5297 menta?
746 5239 877 5312 quid
919 5237 1292 5306 unusquisque
1321 5247 1504 5289 sermo
1534 5234 1840 5305 significat?
1881 5233 2082 5290 Possu-

485 5348 630 5402 mus,
657 5335 704 5390 si
738 5345 917 5389 tamen
943 5331 1244 5386 habeamus
1271 5326 1572 5396 auditores,
1604 5329 1672 5382 ad
1704 5327 1866 5381 aliam
1895 5342 2082 5396 quam-

485 5429 610 5486 dam
661 5427 968 5485 Jerusalem
1035 5424 1434 5490 conscendere,
1482 5432 1539 5478 et
1591 5423 1664 5479 ibi
1706 5422 2084 5477 demonstrare

484 5521 764 5594 quomodo
788 5520 969 5592 aquila
1002 5533 1195 5589 magna
1221 5515 1444 5570 ductum
1490 5527 1648 5572 suum
1679 5514 1890 5577 fecerit,
1923 5524 1982 5570 et
2025 5514 2076 5567 in

486 5617 650 5682 hanc,
677 5631 840 5687 quam
873 5628 1016 5670 tlllllc
1044 5627 1146 5668 nos
1176 5610 1546 5683 possidemus,
1577 5607 1906 5678 Babylonem
1932 5623 2078 5662 sum-

485 5710 709 5766 mitates
733 5709 852 5778 ejus
875 5708 1153 5765 detulerit.
1179 5706 1477 5760 Possumus
1502 5702 1802 5760 secretiora
1831 5701 2078 5772 quaedam

483 5802 552 5858 de
590 5803 878 5860 Pharaone
915 5802 1106 5872 loqui:
1135 5811 1350 5864 verum,
1381 5800 1512 5870 quis
1547 5807 1794 5878 uespere
1832 5809 2079 5855 coarcta-

2191 4674 2355 4729 etiam
2415 4691 2558 4730 nunc
2615 4677 2811 4746 aliquid
2864 4693 2970 4732 non
3021 4691 3218 4733 novrum
3274 4679 3473 4735 inferre
3519 4683 3778 4751 conabor,

2189 4769 2334 4839 quod
2360 4779 2557 4822 nostra:
2588 4771 2782 4822 anima!
2819 4770 3016 4824 tribuat
3039 4771 3296 4838 salutem,
3327 4775 3380 4828 in
3412 4788 3500 4840 eo,
3523 4775 3668 4845 quod
3697 4775 3779 4830 di-

2189 4871 2336 4917 ctum
2361 4875 2442 4917 eat
2461 4863 2528 4916 ad
2553 4863 2868 4932 prophetam
2894 4883 2905 4917 :
2941 4863 3038 4918 Dic
3058 4866 3127 4918 ad
3150 4866 3359 4920 deuiam
3386 4869 3776 4936 ansaricantem,

2189 4955 2304 5008 sive
2354 4956 2759 5010 ea'acerbautcm.
2805 4955 2923 5012 Non
2952 4959 3096 5012 enim
3138 4958 3346 5014 addidit
3393 4961 3614 5016 domum
3643 4977 3779 5016 exa-

2186 5049 2516 5116 cerbautem,
2550 5051 2664 5106 sive
2692 5061 3098 5122 exasperantem
3122 5067 3228 5107 me.
3260 5054 3328 5107 Et
3353 5053 3402 5108 si
3424 5055 3672 5116 volumus
3699 5055 3777 5110 vi-

2185 5140 2320 5197 dere
2346 5143 2656 5211 cujusmodi
2683 5145 2754 5198 sit
2788 5152 3064 5213 peccatum
3095 5147 3456 5216 exasperatus,
3491 5147 3774 5202 audiamus

2188 5249 2348 5304 quam
2378 5233 2552 5290 dulcia
2583 5238 2657 5304 ei,
2704 5237 2796 5305 qui
2828 5238 3100 5308 intelligit,
3137 5239 3348 5308 eloquia
3381 5240 3478 5295 Dei
3501 5251 3651 5305 sunt,
3693 5241 3776 5296 di-

2187 5319 2330 5381 centi
2381 5345 2394 5382 :
2451 5328 2620 5394 Quam
2662 5329 2836 5382 dulcia
2879 5331 3080 5401 gutturi
3131 5347 3242 5384 utea
3290 5330 3501 5402 eloquia
3547 5343 3638 5387 tua
3667 5333 3770 5403 (Is.

2186 5421 2401 5488 CXVIII).
2456 5420 2582 5475 Haec
2622 5422 2934 5476 naturaliter
2979 5421 3157 5476 dulcia
3205 5437 3325 5477 cum
3380 5426 3774 5495 assumpserint
3844 5493 3852 5504 ι

2185 5514 2492 5579 credentes,
2522 5525 2614 5569 aut
2644 5513 2753 5586 [AL
2784 5515 2862 5586 ut]
2889 5515 3028 5571 bene
3053 5516 3258 5579 vivunt.
3280 5525 3376 5572 aut
3399 5531 3528 5574 vere
3547 5529 3770 5574 contra-

2185 5609 2332 5665 rium
2355 5609 2578 5664 faciunt.
2603 5611 2670 5665 Et
2697 5609 2963 5679 siquidem
2986 5609 3140 5679 juxta
3167 5609 3400 5668 divinam
3425 5615 3666 5683 regulam
3691 5612 3774 5666 in-

2186 5706 2534 5778 grediuntur,
2558 5713 2842 5761 reservant
2871 5704 3090 5775 eloquia
3122 5705 3216 5760 Dei
3245 5705 3302 5760 in
3325 5721 3390 5760 eu
3419 5706 3644 5762 disicere
3665 5722 3772 5777 quo

2184 5808 2314 5854 nata
2333 5806 2475 5854 sunt.
2496 5796 2658 5853 Juxta
2679 5798 2989 5870 meiatuem
3019 5795 3187 5853 auitni
3209 5805 3418 5854 metu
3441 5809 3573 5868 pate
3597 5839 3610 5866 ,
3644 5797 3769 5869 quia
