4150 6346
359 262 461 317 Πὸ
856 260 1295 318 TRANSLATIO
1336 258 1776 317 IIOMILIARUM
1816 259 2136 318 ORIGEMS
2178 261 2243 319 IN
2288 262 2745 321 EZECIIIELEM.
2794 266 2953 322 IIOM.
2996 266 3112 323 Xll.
3546 272 3648 329 77$

358 378 791 434 conversationis
822 379 1082 435 bonitate
1128 388 1183 435 et
1218 388 1454 450 augeant
1497 378 1833 449 eloquiorum
1859 377 1952 433 Dei
1980 380 2032 440 Α
2058 377 2181 432 bant
2220 378 2346 443 illis,
2376 379 2568 450 scripta
2609 389 2727 433 sunt
2772 392 2939 436 autem
2970 396 3065 453 pro
3096 382 3265 448 nobis,
3298 383 3350 435 in
3378 398 3503 453 quos
3528 386 3656 453 lines

371 471 714 537 suavitatem,
743 472 1035 529 miscentes
1056 473 1395 529 dulcedinem
1433 473 1556 527 vitae
1598 472 1810 527 duleori
1838 484 1955 527 ser-
2055 472 2365 527 mentorum
2395 472 2749 526 decurrerunt.
2778 475 2941 529 instat
2961 490 3089 530 ecce
3113 486 3272 529 verus
3297 476 3656 531 Nabuchodo—

366 566 562 622 monis.
590 566 685 622 Sin
710 582 839 622 vero
870 568 990 637 quis
1022 575 1233 637 peccet,
1277 577 1331 623 et
1358 576 1509 621 extra
1554 568 1819 637 przreepta
1863 566 1954 620 Dei
2059 582 2244 633 nosor,
2275 582 2522 636 quzercns
2550 568 2757 637 aliquos
2796 583 2991 638 capere
3020 570 3089 624 de
3117 571 3291 625 nobis.
3326 569 3396 625 Et
3424 573 3655 640 primum

366 676 653 731 pervorsus
693 662 927 729 incedat,
972 663 1140 734 οθο
1179 663 1282 717 iste
1326 663 1598 731 accipiens
1644 660 1957 714 dulcissima
2059 662 2275 732 quidem
2300 664 2444 732 cupit
2476 662 2545 732 (si
2577 662 2692 717 ﬂeri
2718 664 2912 734 potest)
2938 664 3005 719 de
3028 660 3358 735 principibus
3394 660 3650 721 Ecclesite

363 755 576 823 eloquia
616 755 712 810 Dei
744 769 841 825 per
881 762 1130 809 naturain
1174 754 1500 809 amarissimi
1544 756 1750 823 peccati
1790 753 1962 823 (:itna-
2060 756 2301 823 captivos
2329 755 2431 809 sibi
2477 755 2695 810 ducere.
2724 755 2921 809 Verum
2949 756 3203 824 quamdiu
3237 756 3520 823 Ezechias,
3554 754 3671 810 Jo»

363 862 484 901 rum
516 849 717 917 quippe
751 856 1033 917 peccatum
1063 856 1168 909 est.
1200 847 1340 917 quod
1371 846 1720 902 dulcedinem
1747 860 1959 899 serium-
2061 850 2190 917 sias,
2224 856 2316 904 aut
2357 862 2506 905 certe
2544 852 2867 920 quicumque
2892 852 3071 919 justus
3116 864 3207 905 rex
3251 862 3441 922 regnat
3474 852 3527 904 in
3558 866 3655 922 po-
3690 830 3693 835 i

363 938 448 993 nis
480 938 850 1008 exterminat),
876 940 929 994 in
957 955 1200 994 amarum
1229 954 1482 1008 saporem
1508 952 1728 993 omnem
1769 937 1965 1008 redigit
2066 942 2212 1011 pulo,
2247 958 2352 995 non
2389 950 2568 1012 potest
2597 944 2697 996 iste
2725 942 3225 997 Nabuciiudonosiir
3253 944 3463 998 vinctos
3487 942 3656 999 abdu-

363 1031 703 1087 snavitatetn.
736 1031 892 1099 Quod
917 1031 1152 1087 dicimus
1180 1033 1393 1101 plenius
1418 1031 1844 1100 animadvertes,
1875 1042 1963 1084 ac-
2064 1046 2212 1102 cere,
2241 1044 2333 1090 aut
2363 1037 2635 1106 principes
2662 1044 2752 1090 aut
2785 1040 3039 1106 populum
3073 1037 3140 1092 de
3163 1037 3368 1091 .ludzea.
3395 1037 3448 1092 Si
3480 1048 3662 1092 autem

367 1124 576 1193 cipiens
614 1126 946 1194 exemplum.
986 1124 1155 1180 Herba
1198 1140 1320 1193 qute
1348 1123 1676 1177 absinthium
1717 1122 1966 1177 numina-

370 1226 476 1280 tur,
511 1218 833 1272 naturaliter
861 1232 1044 1273 amara
1065 1225 1150 1273 est
1179 1235 1192 1271 :
1227 1218 1367 1272 hanc
1391 1217 1440 1273 si
1466 1217 1765 1274 secundum
1791 1216 1967 1286 quali-

375 1316 563 1373 tatem,
594 1317 649 1362 et
678 1309 1039 1378 quantitatem
1066 1309 1245 1365 mellis
1276 1310 1327 1364 in
1361 1310 1466 1364 mel
1500 1308 1732 1378 injicias,
1766 1308 1965 1362 amari-

371 1400 560 1455 tudine
598 1417 695 1455 sua
723 1402 886 1457 vincit
915 1401 1034 1473 ejus
1075 1403 1402 1456 suavitatem
1443 1412 1497 1457 et
1538 1402 1683 1471 cogit
1717 1413 1964 1454 amarum

369 1505 493 1546 esse
522 1491 666 1560 quod
700 1490 863 1546 dulce
891 1502 993 1546 est.
1025 1492 1192 1561 liujus
1222 1492 1405 1546 herbas
1438 1494 1545 1547 vim
1578 1492 1743 1546 habet
1773 1504 1966 1560 pecca~

372 1592 506 1638 tum.
538 1583 593 1638 Si
620 1584 772 1652 plura
800 1598 1123 1654 peccavero,
1160 1584 1280 1654 plus
1313 1585 1699 1639 amaritudinis
1732 1586 1886 1637 mitto
1915 1582 1967 1636 in

373 1675 718 1731 dulcedinem
763 1691 1078 1732 sermonum
1133 1677 1248 1731 Dei.
1296 1676 1351 1732 Si
1393 1677 1599 1747 grande
1630 1677 1794 1731 fuerit
1824 1674 1970 1745 quod

2066 1144 2188 1195 nos,
2232 1132 2318 1200 qttl
2351 1130 2596 1184 videmur
2644 1128 2898 1185 Ecclesiae
2928 1140 3194 1199 praeesse,
3232 1133 3663 1200 peccaverimus,

2068 1227 2245 1280 locum
2296 1225 2487 1280 dantes
2529 1224 2745 1280 diabolo
2795 1224 3082 1280 adversum
3126 1224 3280 1278 Pultii
3336 1218 3665 1293 [incoeptum

2068 1319 2298 1375 dicentis
2331 1336 2343 1372 :
2379 1319 2556 1372 Nolite
2587 1317 2758 1371 locum
2790 1319 2916 1371 dare
2944 1317 3154 1371 diabolo
3186 1315 3349 1388 (Eph.
3385 1318 3462 1387 tv)
3491 1335 3502 1369 :
3538 1330 3673 1384 quo-

2069 1415 2358 1471 dammodo
2387 1430 2481 1484 per
2512 1412 2707 1468 delicta
2741 1423 2922 1468 nostra
2953 1455 2966 1479 ,
3002 1428 3120 1481 quae
3150 1413 3376 1467 iecimus
3409 1414 3459 1467 in
3499 1414 3662 1467 Jeru-

2071 1510 2263 1575 salem,
2284 1509 2622 1564 occasionein
2646 1508 2813 1579 988
2838 1506 3122 1561 tribuimus
3148 1505 3671 1571 Nabuchodonosor,

2072 1603 2488 1673 tttingrediatur
2531 1601 2804 1655 civitatem
2836 1608 3102 1665 sanctam,
3152 1604 3205 1654 et
3234 1599 3465 1653 abducat
3509 1608 3674 1667 qttos~

2074 1706 2305 1766 cumque
2332 1695 2584 1750 voluerit.
2637 1695 2738 1761 Qui
2784 1708 2914 1749 vero
2942 1706 3048 1749 non
3085 1700 3272 1763 peccat
3302 1688 3541 1749 excindit
3570 1693 3674 1747 Na—

372 1768 658 1838 dclinquo,
704 1776 878 1824 totum
907 1770 1192 1825 dulcorcm
1229 1770 1405 1825 mellis
1438 1780 1591 1824 verto
1620 1770 1673 1824 in
1710 1769 1965 1824 acerbum
2001 1776 2047 1837 Β
2076 1788 2520 1853 buchodunosm,
2556 1796 2612 1841 ιη
2660 1800 2765 1842 non
2815 1789 2985 1854 mm“
3015 1787 3065 1841 in
3091 1791 3293 1841 terram
3323 1786 3416 1840 Dei
3444 1785 3672 1856 ingredi.

372 1878 648 1932 saporem.
688 1863 758 1917 Et
808 1864 1011 1919 idcirco
1058 1865 1221 1929 Deus,
1262 1864 1361 1932 'qui
1395 1879 1704 1919 sermonem
1749 1877 1902 1916 suum
1939 1877 1967 1914 a

378 1957 762 2026 peccatoribus
802 1958 1179 2012 conculcalum
1210 1957 1511 2019 ulciscitur,
1556 1956 1847 2025 unicuique
1875 1970 1975 2025 pro

375 2050 639 2118 qualitate
684 2050 945 2105 amatoris
983 2050 1131 2114 vita},
1184 2060 1238 2104 et
1298 2065 1394 2118 pro
1440 2050 1604 2104 modo
1630 2048 1972 2111 intentionis.

376 2142 797 2196 amaritudinem
852 2158 1137 2213 pwnarum
1179 2143 1675 2212 suppliciorumque
1716 2140 1975 2196 restituit.

380 2234 448 2289 Et
476 2233 744 2306 siquidem
779 2250 899 2300 nos,
942 2236 1033 2305 qui
1064 2235 1181 2290 huic
1204 2235 1460 2303 dicimus,
1504 2245 1559 2291 et
1600 2236 1774 2290 semel
1806 2234 1982 2288 credi-

382 2342 503 2381 mus
532 2326 666 2393 Deo,
698 2328 1139 2396 peccaverimus,
1167 2344 1497 2399 exasperare
1525 2328 1751 2383 nitimur
1774 2341 1983 2382 sermo-

382 2436 507 2474 nem
534 2419 653 2490 ejus
686 2436 699 2473 :
732 2418 823 2490 qui
849 2436 980 2476 vero
1007 2421 1222 2490 penitus
1246 2439 1277 2476 a
1316 2422 1422 2476 [ide
1467 2422 1582 2491 ejus
1611 2420 1997 2483 recesserunt,

382 2528 560 2583 neque
589 2514 819 2582 ingressi
846 2524 967 2568 sunt
991 2514 1315 2580 Ecclesium,
1353 2514 1404 2568 hi
1432 2529 1538 2569 non
1572 2515 1772 2567 iaciunt
1799 2527 1982 2566 amara

382 2609 599 2679 eloquia
632 2605 748 2662 Dei.
770 2608 1051 2675 Quomodo
1078 2612 1220 2665 enim
1248 2619 1474 2680 possunt
1504 2609 1822 2663 suavitatem
1853 2621 1980 2660 exuo

381 2720 611 2774 Spei-are
626 2718 936 2758 sermonum
958 2704 1152 2772 quibus
1178 2702 1413 2757 nondum
1431 2698 1811 2757 crediderunt?
1831 2699 1983 2753 idco-

381 2814 489 2868 que
523 2800 677 2855 nobis
696 2798 800 2853 alia
823 2809 1108 2853 servantur
1123 2797 1284 2868 987
1319 2803 1589 2851 tormenta
1616 2795 1708 2864 qui
1737 2792 1987 2848 videmur

383 2890 646 2958 credere,
682 2901 736 2945 et
767 2893 820 2945 in
852 2892 969 2958 ipsa
999 2890 1327 2944 credulitate
1356 2902 1669 2958 peccamus,
1698 2885 1766 2939 ah
1793 2899 1986 2941 eorum

383 2987 682 3055 supplicio,
713 2986 803 3055 qui
832 3000 898 3040 ne
927 2985 1143 3039 initium
1174 2983 1393 3052 quidem
1418 2980 1754 3036 credulitatis
1782 2979 1988 3034 habue-

388 3088 536 3132 runt.
574 3078 639 3133 Et
671 3095 739 3132 ne
768 3079 1111 3132 solummodo
1151 3084 1401 3146 putemus
1442 3075 1667 3131 verbum
1703 3087 1802 3127 nos
1838 3086 1992 3126 exas-

2076 1880 2217 1950 Ergo
2247 1880 2500 1959 omnibus
2521 1880 2726 1935 viribus
2758 1880 3113 1934 excludamus
3147 1880 3670 1943 Nabuchodonosm,

2078 1980 2132 2027 ut
2156 1972 2223 2027 ad
2250 1974 2465 2029 beatum
2500 1973 2653 2027 istius
2686 1973 2942 2028 Ecclesize
2975 1976 3302 2027 conventum
3339 1987 3444 2025 non
3480 1984 3677 2041 appro—

2078 2071 2322 2137 pinquct.
2359 2064 2723 2123 Excludamus
2755 2064 2933 2123 autem
2961 2082 3082 2122 eum
3107 2060 3446 2122 assutnietttes
3469 2068 3674 2121 clavem

2080 2161 2343 2225 scientiae,
2377 2161 2729 2215 excludamus
2760 2176 2880 2214 eunt
2930 2164 3375 2227 conversatione,
3422 2169 3473 2213 et
3527 2158 3678 2213 factis

2084 2252 2241 2307 boiiis
2261 2293 2273 2317 ,
2310 2260 2367 2306 ut
2394 2266 2498 2305 ttnn
2529 2254 2702 2321 rapiat
2730 2266 2914 2322 regem
2941 2252 3244 2308 Jerusalem
3270 2297 3283 2319 ,
3320 2260 3372 2307 et
3405 2253 3676 2322 principes

2084 2345 2231 2412 eius,
2267 2350 2459 2398 utnon
2490 2344 2723 2399 abducat
2762 2358 2855 2399 eos
2899 2346 2949 2398 in
2986 2345 3313 2415 Babylonem
3344 2344 3673 2411 captivrtzitis

2085 2450 2197 2491 suat
2229 2438 2584 2505 triumphum.
2639 2438 2694 2492 Si
2715 2418 2855 2493 vero
2884 2438 3114 2506 aliquem
3151 2452 3216 2493 ex
3272 2437 3431 2492 nobis
3460 2437 3683 2490 vincere

2086 2532 2329 2601 potuerit
2361 2544 2537 2585 stertis
2578 2532 2828 2586 inimicus
2850 2574 2862 2593 ,
2913 2532 3061 2585 ducit
3096 2546 3217 2586 eum
3251 2533 3301 2585 in
3333 2531 3686 2601 Babylonem,

2090 2638 2197 2679 non
2234 2626 2284 2678 in
2315 2625 2491 2680 locum
2523 2626 2763 2695 amplum
2797 2626 3023 2693 alicujus
3056 2634 3216 2678 terrae
3242 2669 3255 2693 ,
3292 2623 3386 2678 sed
3420 2624 3471 2677 in
3522 2622 3692 2692 Baliy.

2091 2718 2273 2772 lonem
2300 2719 2517 2787 animae,
2551 2718 2603 2773 id
2631 2728 2733 2780 est,
2763 2717 3167 2772 confusionem.
3196 2709 3534 2785 Frequenter
3555 2715 3693 2770 dixi-
3742 2738 3747 2743 ο

2093 2826 2214 2866 mus
2246 2810 2578 2882 Babylonem
2612 2810 2987 2865 confusionem
3020 2809 3395 2877 interpretari.
3440 2806 3693 2877 Quicum-

2094 2919 2200 2975 que
2244 2906 2393 2959 enim
2450 2905 2517 2959 ab
2566 2918 2632 2959 eo
2683 2905 2859 2958 victus
2894 2902 3180 2957 abducitur
3216 2902 3269 2954 in
3316 2900 3692 2955 confusionem

2098 3000 2295 3055 mentis
2326 3014 2438 3053 suat
2466 2998 2793 3077 t’ansfertur
2836 2998 2887 3052 in
2914 2996 3264 3068 Babylonem.
3319 2994 3697 3063 Respiciamus

2098 3093 2165 3148 ad
2194 3094 2563 3163 quotidianam
2596 3092 2780 3147 vitam.
2812 3092 2869 3148 Si
2898 3092 3119 3162 quando
3139 3090 3438 3144 viderimus
3460 3089 3697 3143 animam

389 3188 585 3242 perare
608 3171 819 3226 Domini
850 3174 897 3227 si
925 3186 1233 3241 peccemus,
1257 3169 1515 3224 delictum
1548 3164 1795 3221 nostrum
1821 3180 1989 3235 usque
2016 3169 2061 3233 α
2094 3201 2124 3240 a
2155 3187 2413 3255 peccans,
2442 3200 2469 3238 α
2496 3186 2657 3251 mm,
2684 3198 2713 3240 ε
2738 3186 2974 3249 nisum,
2998 3185 3072 3238 at,
3099 3183 3200 3250 im,
3234 3196 3263 3237 θ
3290 3181 3601 3246 desideriis,
3629 3180 3701 3235 ab

387 3266 457 3321 ad
488 3267 655 3334 ipsius
699 3267 792 3320 Dei
824 3266 1073 3336 injuriam
1100 3266 1368 3336 pervenit.
1397 3264 1668 3332 Scriptum
1693 3271 1777 3316 est
1816 3261 1987 3323 enim,

388 3358 533 3427 quod
564 3358 659 3427 qui
693 3370 920 3428 peccat,
972 3374 1068 3429 per
1102 3357 1608 3428 pratvariCntionem
1647 3355 1781 3425 legis
1818 3355 1988 3408 Deunt

396 3449 709 3504 inhonorat.
743 3450 940 3505 Parum
974 3461 1095 3506 erat
1135 3451 1179 3504 si
1213 3448 1473 3504 dixisset:
1510 3447 1804 3503 inhonorat
1828 3462 1994 3518 ange-

399 3543 509 3598 lum
553 3563 566 3596 :
612 3560 755 3600 nunc
798 3554 1005 3611 autem,
1052 3560 1148 3615 per
1188 3546 1703 3612 praevaricationem
1731 3585 1745 3609 ,
1794 3544 1991 3611 inquit,

399 3637 535 3710 legis
583 3639 753 3694 Deum
806 3640 1119 3696 inlionorat.
1171 3640 1633 3709 Quotiescumque
1678 3638 1996 3707 praivarica-

398 3751 521 3789 mur
541 3736 712 3804 legem
742 3735 858 3801 Dei,
887 3736 1043 3791 toties
1066 3735 1459 3791 inhonoramus
1478 3737 1675 3800 Deum,
1716 3744 1771 3789 et
1792 3742 1997 3805 quanto

398 3828 607 3897 majora
651 3828 1014 3899 delinquimus
1042 3872 1057 3895 ,
1104 3840 1253 3884 tanto
1307 3828 1607 3898 majoribus
1652 3828 1997 3883 contumeliis

399 3921 673 3977 allicimus
700 3923 871 3977 Deum
900 3942 911 3976 :
943 3932 1152 3993 quanto
1182 3923 1335 3994 plura
1354 3937 1674 3993 peccamus,
1703 3932 1853 3976 tanto
1878 3922 1998 3991 plus

398 4017 790 4071 inltonoramus
820 4019 1035 4073 Patrem
1068 4028 1123 4072 et
1162 4015 1440 4071 Christum
1473 4016 1612 4084 ejus,
1644 4018 1786 4070 sicut
1820 4015 1997 4085 scrip-

398 4121 514 4165 tum
542 4123 623 4166 est
650 4130 663 4165 :
698 4111 906 4178 Quanto
937 4113 1100 4182 magis
1126 4112 1346 4183 putazis,
1377 4110 1634 4164 deteriora
1660 4109 1848 4163 mereri
1869 4126 1999 4178 sup-

398 4207 581 4277 plicia,
610 4202 715 4276 qui
765 4204 964 4259 Filium
1014 4204 1113 4258 Dei
1158 4202 1557 4272 conculcaverit,
1607 4212 1654 4257 et
1692 4204 2003 4273 sanguinem

402 4296 719 4352 Testamenti
746 4300 1005 4366 pollutum
1034 4298 1239 4352 duxerit
1258 4339 1279 4365 ,
1306 4298 1361 4351 in
1389 4315 1489 4366 quo
1515 4298 1877 4366 sanctiﬁcatus
1904 4305 2000 4363 est,

400 4403 449 4447 et
476 4394 687 4458 spiritui
715 4393 899 4466 gratia:
922 4391 1288 4446 contumeliam
1314 4391 1537 4462 fecerit?
1558 4390 1726 4458 igitur
1755 4390 2005 4461 quicum—
2044 4440 2045 4443 η

402 4502 510 4557 que
542 4498 728 4557 peccat
783 4497 1072 4556 exasperat
1097 4495 1152 4541 et
1175 4487 1561 4543 contutticliam
1590 4485 1742 4551 facit,
1767 4496 1821 4541 et
1848 4486 2007 4540 inito-

2095 3281 2323 3334 avaritia
2352 3280 2634 3346 confundi,
2664 3281 2898 3333 sciamus
2924 3279 3081 3332 istum
3107 3292 3229 3331 esse
3252 3288 3409 3339 (tuam
3439 3270 3692 3329 diabolus

2096 3372 2330 3426 abducat
2374 3372 2431 3425 in
2473 3370 2827 3441 Babylonem.
2891 3370 2947 3425 Si
2996 3384 3128 3423 vero
3185 3366 3467 3437 principali
3518 3363 3699 3438 cordis

2099 3464 2495 3533 tranquillitas,
2531 3464 2832 3531 serenitas,
2886 3476 2987 3532 pax
3033 3461 3270 3516 fructum
3304 3459 3512 3524 fecerit,
3560 3458 3701 3513 scia-

2099 3571 2221 3610 mus
2263 3554 2388 3625 quia
2436 3554 2740 3610 Jerusalem
2786 3563 3037 3619 versetur
3081 3554 3132 3607 in
3174 3569 3260 3623 ea,
3315 3552 3454 3608 visio
3497 3552 3701 3622 quippe

2100 3647 2251 3718 pacis
2301 3647 2634 3702 intrinsecus
2678 3658 2781 3701 est.
2820 3646 2883 3699 Et
2914 3646 3054 3699 ducit
3094 3662 3181 3699 eos
3209 3646 3277 3699 ad
3302 3660 3354 3699 se
3386 3646 3437 3697 in
3468 3643 3697 3715 Babylo-

2100 3757 2250 3809 nem,
2295 3748 2340 3794 et
2370 3722 2528 3795 sumit
2572 3741 2637 3794 de
2660 3740 2854 3795 semine
2883 3740 3029 3811 regni
3057 3780 3071 3804 ,
3105 3748 3153 3792 et
3182 3739 3410 3809 disponit
3436 3719 3502 3791 ad
3528 3738 3700 3806 ipsum

2102 3843 2484 3888 testamentum.
2511 3835 2712 3889 Omnes
2735 3834 2826 3903 qui
2859 3846 3169 3888 sermonem
3194 3831 3291 3885 Dei
3315 3831 3657 3900 suscepimus
3674 3870 3691 3897 ,

2104 3929 2316 3999 regium
2360 3942 2548 3983 semen
2581 3943 2786 3982 sumus.
2832 3927 3048 3982 Etenim
3085 3940 3255 3996 genus
3277 3926 3509 3980 eiectum
3544 3938 3701 3978 voca-

2104 4038 2251 4089 mur,
2277 4030 2337 4077 et
2364 4023 2546 4092 regale
2567 4022 2953 4088 sacerdotium,
2980 4037 3114 4092 gens
3136 4030 3342 4085 sancta,
3366 4018 3596 4090 potiuius
3617 4031 3703 4072 ac-

2103 4115 2414 4183 quisitionis
2448 4114 2491 4185 (i
2519 4114 2637 4170 Pet.
2671 4128 2730 4173 tt.
2762 4113 2843 4182 9).
2886 4115 2942 4171 Si
2972 4116 3091 4185 quis
3118 4128 3247 4183 ergo
3288 4129 3353 4168 ex
3394 4112 3573 4177 nobis,
3606 4109 3698 4180 qui

2107 4209 2160 4263 in
2188 4208 2385 4264 ordine
2409 4208 2607 4277 regalis
2641 4209 2866 4262 seminis
2901 4207 3178 4262 constituti
3211 4221 3420 4275 sumus,
3453 4221 3547 4275 per
3579 4218 3705 4273 pec-

2106 4312 2285 4356 catum
2312 4314 2475 4355 suum
2501 4300 2753 4369 captivus
2774 4300 3061 4354 abducitur
3089 4314 3117 4351 a
3149 4298 3365 4352 diabolo
3388 4334 3404 4362 ,
3433 4296 3575 4351 haud
3604 4296 3704 4351 du-

2109 4399 2251 4453 bium
2276 4406 2383 4462 est,
2404 4397 2537 4467 quin
2558 4396 2628 4451 de
2658 4396 2809 4466 regio
2831 4408 3033 4464 genere
3063 4394 3131 4448 sit
3155 4392 3419 4447 abductus
3448 4390 3501 4444 in
3527 4390 3705 4461 Baby-

2111 4490 2318 4553 lonem,
2346 4499 2401 4543 et
2428 4488 2591 4543 faciat
2620 4497 3003 4542 testamentum
3025 4500 3147 4539 cum
3176 4482 3704 4551 Nabuchodonosor,

407 4589 563 4633 norat
599 4590 704 4633 tam
741 4580 829 4633 Dei
859 4580 1111 4650 eloquia,
1141 4595 1261 4648 qua:
1304 4580 1583 4648 suscepit,
1626 4595 1793 4648 quam
1833 4594 2002 4646 cum,
2033 4559 2238 4654 unia
2280 4583 2395 4651 jam
2437 4590 2829 4636 testamentum
2880 4579 2974 4633 Dei
3021 4577 3313 4647 spreverit.
3369 4576 3709 4644 lmpossibile

405 4672 501 4741 qui
527 4672 732 4727 docuit.
766 4670 863 4726 Dic
892 4690 1028 4726 nunc
1059 4674 1127 4726 ad
1148 4674 1361 4727 domum
1384 4682 1783 4740 exasperantem
1814 4689 1831 4727 :
1867 4671 2007 4726 Nes-

407 4767 525 4820 citis
576 4766 701 4837 quid
743 4768 843 4819 sint
892 4768 1011 4832 ista,
1046 4766 1097 4820 id
1137 4776 1241 4832 est,
1289 4784 1408 4837 qua:
1460 4768 1514 4821 in
1559 4748 1823 4837 par-nbula
1861 4767 2005 4823 dicta

409 4868 541 4915 sunt
581 4860 903 4930 aquilarum.
954 4859 1073 4925 Dic,
1121 4877 1238 4914 cum
1274 4861 1463 4915 venerit
1492 4877 1584 4915 rex
1613 4858 1899 4931 Babylonis
1938 4860 2007 4914 ad

408 4952 732 5023 Jerusalem,
763 4964 810 5008 et
840 4955 1092 5023 acceperit
1125 4970 1297 5024 regem
1337 4956 1479 5025 ejus,
1508 4962 1553 5007 et
1585 4955 1845 5024 principes
1870 4956 2006 5024 ejus.

410 5048 683 5117 Quantum
716 5048 781 5102 ad
816 5048 1093 5102 historiam
1130 5048 1363 5118 pertinet
1404 5048 1798 5117 pr0phetantis,
1842 5062 2013 5116 expo-

413 5143 576 5195 situm
623 5152 707 5197 est
743 5159 755 5193 ;
800 5142 955 5207 Quod
1001 5141 1501 5196 Nabuchodonosor
1538 5142 1747 5196 venerit
1775 5143 1829 5198 in
1857 5141 2012 5195 Jeio-

414 5234 682 5306 soiymam
706 5275 721 5301 ,
768 5245 821 5288 ct
850 5236 1100 5304 captivos
1126 5234 1340 5289 duxerit
1364 5234 1683 5297 Sedecliiant
1708 5248 1893 5304 regem
1915 5235 2014 5287 Ju-

421 5327 575 5397 dzete,
602 5339 661 5384 et
690 5330 959 5401 principes
982 5373 995 5397 ,
1029 5330 1117 5400 qui
1136 5339 1289 5385 erant
1317 5344 1442 5385 cum
1470 5345 1561 5394 eo,
1592 5342 1797 5400 partem
1833 5329 2015 5400 populi

423 5420 734 5478 Judteorum
766 5423 851 5497 (IV
880 5423 1009 5495 Reg.
1035 5424 1161 5496 xxv)
1191 5443 1203 5480 :
1247 5440 1346 5479 nec
1378 5441 1483 5479 non
1509 5424 1675 5478 etiam
1695 5423 1826 5478 illud
1851 5423 2017 5478 adde-

423 5530 565 5580 mus,
600 5515 874 5586 quomodo
920 5517 1240 5586 plantavcrit
1278 5532 1374 5570 cos
1424 5518 1475 5569 in
1509 5528 1649 5572 terra
1708 5514 2019 5587 Babylonis.

427 5606 531 5663 Sed
553 5624 661 5662 non
689 5617 895 5663 stemus
921 5610 971 5662 iit
998 5609 1200 5676 littera,
1225 5624 1323 5665 nec
1352 5608 1653 5664 hmrearnus
1682 5608 1737 5663 in
1771 5609 2022 5678 historia,

427 5702 597 5773 magis
650 5712 831 5760 autem
878 5714 953 5770 tu,
996 5705 1086 5775 qui
1130 5704 1183 5759 in
1231 5705 1532 5775 Scripturis
1583 5704 1683 5759 Dci
1721 5705 2025 5775 profectum

428 5790 597 5884 habes
623 5835 637 5863 ,
670 5804 723 5852 et
752 5794 895 5852 nosti
926 5796 1052 5865 quia
1090 5797 1193 5852 ista
1224 5797 1396 5853 omnia
1441 5794 1733 5869 ﬁguraliter
1761 5798 2025 5870 continge-

2112 4680 2317 4746 quippe
2346 4685 2428 4730 est
2460 4676 2739 4731 hominem
2772 4675 2889 4729 sine
2923 4680 3250 4729 testamento
3279 4686 3423 4727 esse.
3451 4670 3510 4727 Si
3542 4670 3710 4727 habet

2113 4778 2501 4825 testamentum
2557 4768 2646 4820 liei
2696 4769 2747 4821 in
2792 4777 2878 4833 te,
2925 4778 3030 4821 non
3080 4775 3260 4837 potest
3322 4774 3711 4821 testamentum

2115 4873 2294 4920 tecum
2336 4860 2518 4918 facere
2567 4861 3089 4919 Nabuchodonosor.
3139 4862 3311 4917 Porro
3364 4861 3413 4916 si
3468 4857 3731 4931 repulisti-

2114 4965 2498 5012 testamentum
2530 4954 2630 5010 Dei
2663 4972 2756 5025 per
2786 4957 3285 5025 praevaricationem
3333 4956 3710 5010 munditiarum

2116 5047 2560 5119 ejus,suscepisti
2602 5057 2985 5104 testamentum
3011 5048 3531 5103 Nabuchodonosor.
3562 5046 3716 5102 Sui-

2122 5154 2273 5212 ptum
2302 5151 2386 5197 est
2405 5142 2553 5198 enim
2579 5161 2591 5196 :
2626 5142 2873 5213 Disponit
2900 5143 2969 5196 ad
2994 5158 3109 5196 eum
3134 5150 3496 5198 testamentum
3536 5152 3709 5206 suum,

2122 5244 2169 5291 et
2191 5236 2389 5290 inducit
2412 5252 2529 5291 eum
2551 5237 2605 5290 in
2634 5237 3074 5290 maledictionem.
3099 5237 3245 5292 Deus
3265 5238 3321 5290 in
3340 5236 3719 5290 benedictiontt

2124 5330 2408 5385 nobiscum
2475 5335 2859 5384 testamentum
2922 5327 3049 5383 facit
3112 5346 3125 5381 :
3207 5328 3719 5382 Nabuchodonosor

2126 5437 2263 5478 vero
2310 5432 2694 5478 testamentum
2756 5437 2917 5476 suum
2970 5421 3022 5487 in
3083 5420 3465 5476 maledictiono
3519 5419 3721 5474 conatis

2126 5516 2249 5571 tuit.
2301 5513 2418 5569 Non
2454 5521 2633 5584 potest
2668 5514 2719 5567 in
2772 5512 3149 5569 benedictione
3190 5526 3311 5566 esse
3351 5514 3447 5582 qui
3499 5522 3721 5581 pactum

2125 5608 2316 5665 iecerit
2343 5624 2465 5662 cum
2494 5606 3015 5662 Nabuchodonosor.
3050 5604 3308 5661 Seddicit
3337 5607 3468 5660 inibi
3492 5607 3717 5677 aliquis.
3780 5612 3785 5619 ’

2124 5705 2213 5772 qui
2248 5700 2308 5757 "in
2357 5702 2662 5773 Scripturis
2704 5698 2901 5757 disihis
2945 5713 3031 5757 est
3075 5702 3333 5757 eruditus:
3364 5721 3376 5757 :
3413 5701 3634 5760 invenio
3666 5706 3719 5759 in

2125 5793 2301 5869 κο
2324 5796 2443 5867 lege
2470 5796 2645 5869 Moysi
2672 5793 3091 5855 maledictionos
3114 5794 3512 5859 constitutioni
3535 5806 3722 5870 pecca-
