4150 6346
436 280 551 339 ⁸175

1690 279 1751 337 S.
1793 277 2063 337 EUSEBII
2103 275 2484 333 HIERONYMI

3635 272 3739 329 776
3780 272 3785 275 ⁷

444 404 620 454 torem
650 418 663 453 :
690 398 735 453 si
764 412 893 467 ergo
936 405 1209 467 praecepto
1251 394 1345 451 Dei
1379 395 1726 451 maledictum
1773 396 2042 450 constitu-
2072 399 2114 454 Α
2150 394 2514 460 praevaricans
2544 400 2953 453 testamentum.
2977 392 3308 462 Oportuerat
3334 407 3478 456 eum,
3509 392 3601 462 qui
3632 399 3741 446 tra-

449 500 564 549 tum
593 505 676 548 est
709 493 761 546 in
796 500 1133 561 peccatores,
1166 506 1262 545 cur
1298 505 1403 546 non
1459 501 1512 544 et
1537 489 1847 544 econtrario
1898 487 2041 557 apud

449 585 725 640 diabolum
752 584 995 653 qurcdam
1027 584 1333 639 benedictio
1355 584 1447 655 sit,
1468 592 1528 637 ut
1558 582 1648 636 alii
1678 582 1818 650 apud
1842 597 1962 637 cum
1988 582 2039 635 in

450 675 837 733 benedictione
879 674 1028 741 fiant,
1060 675 1152 730 alii
1206 676 1257 729 in
1305 673 1721 729 maledictione?
1751 673 1886 727 Huic
1911 688 2041 742 ergo

446 779 605 825 acute
626 778 682 824 et
710 769 974 823 acerrime
998 768 1355 838 interroganti
1383 766 1464 821 sic
1489 767 1727 821 conabor
1753 781 2042 821 occurrere

447 875 502 920 et
532 863 714 920 dicere
741 864 866 934 quia
891 871 947 918 et
972 863 1217 932 quaedam
1248 863 1318 916 sit
1346 860 1651 916 benedictio
1696 876 1724 913 a
1758 858 2043 914 Nabucho-

454 954 728 1023 donosor,
754 970 913 1027 quam
942 954 1087 1010 Deus
1118 951 1309 1025 procul
1332 951 1548 1021 abjiciat
1571 968 1599 1004 a
1625 950 1781 1006 nobis
1807 968 1821 1003 :
1850 959 1904 1005 et
1931 966 2043 1003 ma-

446 1048 667 1104 ledictio
693 1089 708 1115 ,
758 1047 826 1103 de
881 1062 984 1116 qua
1037 1061 1179 1101 nunc
1205 1046 1389 1100 dicere
1414 1044 1697 1105 debemus,
1730 1059 1850 1112 quae
1879 1042 2042 1111 digne

447 1155 614 1212 super
643 1151 964 1212 peccatores
987 1139 1151 1195 venit.
1197 1138 1328 1206 Qum
1375 1147 1459 1193 est
1506 1136 1668 1206 igitur
1728 1134 2039 1190 benedictio

447 1234 1000 1313 Nabuchqdonosor?
1030 1232 1261 1300 Quando
1288 1232 1486 1302 aliquis
1518 1230 1571 1284 in
1598 1228 1796 1283 mundo
1827 1229 1930 1282 isto
1967 1228 2039 1280 lo-

448 1334 641 1404 cuples
670 1332 836 1388 fuerit
857 1343 911 1387 et
942 1331 1171 1387 feliciter
1199 1331 1453 1400 gesserit,
1486 1335 1542 1383 et
1569 1326 1750 1381 omnia
1793 1324 1844 1380 ei
1885 1337 2041 1394 pros-

448 1444 581 1501 pero
609 1416 770 1484 cursu
803 1426 1079 1490 ﬂuxerint,
1104 1424 1375 1478 intantum
1407 1432 1465 1475 Ill.
1492 1420 1650 1483 illud,
1678 1418 1820 1489 quod
1871 1419 2041 1487 scrip-

447 1533 561 1580 tum
595 1532 709 1588 est,
740 1524 788 1577 ei
814 1522 982 1591 possit
1008 1516 1331 1588 aptari,Bos
1355 1520 1469 1588 ejus
1495 1531 1599 1569 non
1630 1514 1781 1583 faciet
1812 1512 2031 1566 abortio-

448 1634 567 1675 nem
600 1627 694 1673 :et
716 1618 759 1670 si
785 1616 1091 1670 universam
1124 1612 1308 1668 s:ccu|i
1340 1609 1528 1676 habuit
1572 1606 1995 1678 proSperitatem
2026 1648 2039 1673 ,

448 1711 758 1769 benedictio
780 1707 1282 1765 Nabuchodonosor
1310 1719 1473 1774 super
1496 1718 1618 1757 eum
1641 1710 1745 1756 est.
1786 1699 2044 1755 Maledic-

2145 486 2292 540 ditus
2325 487 2501 542 fuerat
2544 495 2874 541 testamento
2919 485 3442 548 Nabuchodonosor,
3469 485 3741 539 sustinere

2144 576 2468 647 supplicium
2502 596 2513 630 :
2549 593 2737 631 verum
2772 593 2879 631 non
2908 578 3160 642 sustinet,
3193 588 3247 632 et
3297 577 3501 631 idcirco
3541 575 3742 631 dicitur

2145 674 2213 729 de
2241 691 2327 736 eo,
2364 674 2478 729 Non
2511 675 2830 729 salvabit‘ur.
2862 674 2993 728 Vivo
3019 690 3135 746 ego.
3166 674 3291 727 dicit
3324 673 3579 727 Dominus
3600 672 3740 726 Ado-

2143 770 2253 834 nai,
2289 770 2391 822 nisi
2418 771 2469 822 in
2499 768 2611 822 loco
2632 770 2768 838 regis
2794 769 2884 839 qui
2911 768 3182 821 constituit
3208 784 3354 833 eum,
3398 767 3487 836 qui
3541 764 3741 835 spernit

2144 863 2560 917 maledirtionem
2590 874 2779 930 meam,
2811 873 2859 917 et
2881 872 3232 933 transgressus
3279 870 3351 915 est
3382 869 3743 915 testamentum

2144 973 2335 1011 meum.
2365 956 2693 1026 Estquidam
2726 958 2816 1026 qui
2848 956 3139 1009 inhonorat
3163 953 3600 1008 maledictiouem
3626 953 3740 1022 Dei,

2147 1057 2232 1104 est
2262 1061 2315 1101 et
2339 1048 2482 1102 alius
2534 1049 2625 1118 qui
2658 1049 2896 1101 honorat
2924 1065 3068 1103 eam.
3097 1047 3207 1102 Nec
3234 1046 3455 1102 dubium
3489 1055 3577 1101 est
3610 1045 3737 1116 quin

2144 1141 2199 1196 in
2231 1144 2482 1211 prmsenti
2511 1142 2579 1196 de
2607 1143 2712 1196 isto
2738 1153 3018 1213 qumratur
3048 1142 3220 1207 Deus,
3253 1142 3345 1212 qui
3396 1140 3739 1195 maledictio-

2146 1252 2270 1290 nem
2329 1231 2481 1290 suam
2526 1236 2955 1291 inb‘onoraverit.
2988 1235 3123 1289 Cum
3155 1234 3300 1289 enim
3350 1235 3470 1304 quis
3512 1232 3742 1288 traditus

2146 1329 2313 1385 fuerit
2340 1331 2651 1400 suppliciis,
2683 1340 2739 1384 ut
2789 1331 3108 1400 castigetur,
3159 1336 3215 1383 et
3256 1342 3361 1383 non
3419 1327 3743 1382 sustinuerit

2145 1423 2289 1494 quod
2323 1433 2653 1493 princeptum
2687 1433 2791 1490 est,
2827 1423 3122 1477 inhonorat
3150 1420 3588 1477 maledictiouem
3622 1420 3736 1475 Dei.

2147 1517 2201 1572 Si
2230 1532 2361 1577 vero
2392 1516 2713 1572 sustinuerit
2761 1531 2882 1571 cum
2913 1516 3059 1569 omni
3094 1513 3537 1581 mansuetudine,
3570 1525 3623 1567 et
3648 1513 3742 1566 be-

2148 1609 2482 1675 nedictione,
2540 1616 2597 1664 et
2652 1609 2949 1679 gratiarum
3000 1607 3216 1663 actione
3267 1606 3332 1660 ad
3380 1604 3583 1670 Deum,
3642 1605 3743 1660 iste

2148 1704 2380 1761 honorat
2434 1684 2895 1768 maledictiouem,
2951 1712 3005 1757 et
3064 1718 3187 1758 cum
3245 1702 3741 1759 honoravcritnia-

451 1806 528 1862 tio
559 1818 686 1859 vero
714 1804 767 1857 in
800 1819 886 1867 eo,
928 1800 1147 1872 quando
1171 1798 1366 1868 aliquis
1409 1796 1616 1851 recedit
1639 1810 1668 1849 a
1701 1794 1834 1859 Det),
1868 1804 1921 1847 et
1961 1791 2040 1844 ui-
2071 1792 2119 1853 B
2148 1799 2489 1855 [edictionem
2526 1842 2538 1866 ,
2588 1815 2813 1860 necesse
2854 1810 2935 1853 est
2983 1811 3042 1853 ut
3086 1800 3251 1854 etiam
3307 1799 3740 1854 benedictionem

451 1897 751 1954 hilominus
782 1896 836 1950 in
866 1904 1018 1965 parte
1046 1892 1247 1946 diaboli
1294 1890 1622 1945 constitutus
1652 1885 1893 1965 miseriis
1916 1898 2046 1951 sup-

450 1990 739 2064 pliciisque
771 1963 1076 2057 torquetur.
1095 1984 1219 2038 Vult
1242 1983 1406 2053 igitur
1430 1983 1589 2047 Deus,
1618 1988 1677 2033 ut
1698 1963 1839 2032 uuitc
1858 1978 2043 2045 Serip-

448 2092 570 2139 tura
606 2090 1022 2147 commeniorat,
1059 2085 1442 2134 testamentum
1475 2073 1663 2128 lsraeli
1698 2071 2042 2126 maledictio-

451 2193 574 2234 nem
625 2191 745 2231 esse
786 2174 926 2246 apud
958 2172 1490 2237 Nabuchodonosor.
1529 2169 1594 2221 Et
1631 2168 1750 2221 ideo
1781 2167 1906 2237 quia
1941 2181 2041 2220 vo-

448 2270 548 2327 luit
597 2286 862 2341 spernere
924 2276 1308 2324 testamentum
1371 2263 1871 2320 Nabuchodonosor
1947 2277 2039 2315 rex

459 2362 785 2427 Jerusalem,
817 2370 871 2416 et
921 2362 1141 2416 mittens
1182 2359 1403 2429 angelos
1446 2372 1573 2412 suos
1623 2360 1677 2409 in
1713 2353 2039 2425 Egyptum,

450 2466 836 2515 teSIametttum
864 2471 984 2511 cum
1019 2455 1302 2510 Pharaone
1356 2453 1534 2508 facere
1566 2460 1794 2505 conatus
1825 2457 1927 2513 est,
1968 2447 2043 2500 ait

458 2567 643 2608 sermo
671 2552 887 2606 divinus
917 2567 931 2603 :
967 2548 1090 2604 Non
1119 2549 1372 2619 dirigetur
1392 2589 1406 2614 ,
1442 2562 1545 2600 non
1575 2544 1877 2598 salvabitur.
1899 2540 2042 2609 Qua-

454 2654 682 2718 propter
708 2653 924 2714 oportet
956 2659 1055 2699 nos
1084 2647 1226 2699 terre
1249 2643 1541 2711 patienter,
1566 2654 1687 2694 cum
1714 2653 1742 2689 a
1776 2636 1886 2691 Deo
1933 2644 2040 2689 tra-

448 2740 631 2797 dimur
661 2740 871 2794 ultioni.
901 2736 1145 2793 Tradidit
1184 2735 1480 2807 quemdam
1511 2733 1580 2788 de
1606 2744 1750 2787 CLBIU
1778 2730 2039 2813 Ecclesia:

450 2834 750 2905 Apostolus
779 2833 996 2889 diabolo
1017 2833 1070 2887 in
1098 2833 1373 2888 interitum
1396 2829 1574 2886 carnis
1607 2848 1617 2883 :
1645 2839 1700 2884 et
1726 2826 1949 2882 tradidit
1985 2826 2038 2880 in

450 2927 634 2985 carnis
664 2927 967 2992 interitum,
1010 2940 1117 2981 non
1159 2935 1218 2980 ut
1260 2926 1517 2996 perderet
1559 2922 1835 2987 traditum,
1861 2919 1954 2974 sed
1984 2926 2040 2972 ut

446 3022 694 3092 spiritum
726 3019 907 3075 traditi
936 3027 1310 3074 conservaret.
1358 3017 1440 3072 Ex
1471 3031 1579 3087 quo
1604 3014 1887 3101 ﬁeriptura
1913 3012 1994 3066 ait
2020 3028 2035 3065 :

448 3114 679 3172 Tradere
698 3115 850 3169 istius
872 3114 1012 3167 modi
1033 3120 1229 3167 satance
1259 3113 1313 3164 in
1340 3112 1609 3165 interitum
1640 3109 1835 3171 carnis,
1861 3116 1916 3160 ut
1939 3104 2039 3173 spi-

2147 1893 2295 1949 illitts
2322 1905 2695 1963 consequatur
2728 1912 2738 1947 :
2770 1892 2837 1947 Et
2866 1903 3217 1965 transgressus
3264 1903 3340 1947 est
3381 1901 3740 1947 testamentum

2144 2002 2343 2051 meum,
2401 1992 2516 2040 cum
2572 1987 2684 2056 ipso
2738 1986 2790 2039 in
2835 1987 3007 2040 medio
3038 1984 3326 2056 Babylonis
3379 1985 3647 2050 morietur,
3698 1994 3743 2039 et

2143 2099 2245 2136 non
2275 2083 2328 2135 in
2358 2083 2546 2137 virtute
2571 2098 2779 2151 magna,
2806 2099 2967 2153 neque
2986 2083 3039 2135 in
3066 2084 3220 2136 turba
3245 2082 3405 2137 multa
3422 2083 3573 2153 faciet
3602 2080 3746 2136 Plia-

2143 2164 2247 2245 ναῆ
2267 2178 2477 2232 bellum.
2503 2177 2617 2231 Non
2651 2185 2832 2247 potest
2863 2178 2936 2245 ei,
2965 2176 3057 2247 qui
3105 2186 3476 2248 transgressus
3507 2178 3663 2231 fuerit
3690 2183 3746 2232 et

2145 2271 2558 2325 inhonoraverit
2589 2270 3201 2337 ntaledictionem‘Dci,
3253 2270 3465 2326 Pharao
3506 2271 3744 2327 tribuere

2144 2366 2428 2431 auxilium;
2451 2382 2642 2421 verum
2676 2366 2728 2421 in
2763 2368 2941 2422 medio
2968 2366 3264 2438 Babylonis
3298 2385 3393 2437 pro
3421 2384 3513 2424 sua
3537 2384 3745 2440 praeva-

2146 2460 2416 2515 ricatione
2443 2462 2729 2515 morietur.
2764 2460 2969 2515 Deinde
3005 2462 3250 2531 sequitur
3294 2470 3351 2518 et
3379 2473 3567 2517 ttat-rat
3613 2462 3741 2534 quid

2147 2566 2464 2627 peccatores
2498 2557 2716 2626 passuri
2765 2565 2914 2625 sunt,
2963 2566 3019 2611 et
3064 2567 3181 2625 post
3214 2556 3348 2612 ‘baac
3392 2559 3739 2628 prOSperiora

2145 2666 2377 2720 qumque
2430 2659 2855 2715 Commemorat,
2920 2648 3111 2705 dicens
3146 2668 3158 2705 :
3190 2650 3459 2719 Accipiam
3506 2666 3625 2724 ergo
3680 2651 3743 2706 de

2143 2743 2317 2797 electis
2349 2743 2513 2807 cedri,
2550 2752 2597 2795 et
2627 2744 2689 2796 de
2715 2744 2901 2796 vertice
2955 2744 3127 2796 cordis
3178 2759 3356 2811 eorum
3408 2744 3649 2810 arellam,
3695 2751 3743 2798 et

2142 2836 2390 2907 plantabo
2412 2836 2583 2903 ipsum
2610 2836 2664 2887 in
2693 2834 3114 2891 monteexcclso.
3134 2836 3265 2891 Post
3296 2836 3705 2892 maledictiones
3726 2878 3741 2904 ,

2144 2944 2281 2998 quas
2312 2944 2472 2998 supra
2510 2928 2965 2997 memoravimus,
2995 2932 3354 2999 repromissio
3385 2930 3743 2986 beatitudinis

2142 3027 2198 3075 et
2227 3021 2559 3074 dulcissimae
2592 3020 2999 3089 pollicitationis
3030 3020 3081 3075 in
3111 3021 3217 3075 line
3246 3022 3513 3076 sermonis
3538 3021 3746 3091 profer-

2145 3121 2233 3168 tur
2266 3130 2277 3166 :
2311 3113 2435 3183 quia
2462 3113 2572 3183 jam
2605 3114 2694 3183 qui
2718 3106 3002 3183 suppliciis
3032 3113 3373 3182 indigebant,
3403 3113 3616 3193 fuerant
3644 3126 3742 3186 pro

446 3211 577 3264 ritus
606 3207 779 3262 salvus
805 3208 900 3277 ﬁat
928 3208 983 3260 in
1013 3206 1301 3276 diejudicii
1344 3202 1556 3257 Domini
1591 3203 1720 3257 Jesu
1747 3199 1929 3273 (lCor.
1955 3199 2036 3271 v).
2069 3182 2114 3247 (ἶ
2147 3207 2390 3277 peccatis
2412 3208 2525 3261 suis
2554 3182 2819 3261 tormenta
2845 3208 3109 3278 perpessi.
3140 3208 3301 3279 991
3333 3207 3478 3289 [qu-.1
3512 3182 3741 3263 m‘em—el-

447 3303 709 3360 Traditur
744 3314 927 3357 autem
981 3302 1272 3355 tormentis
1306 3308 1578 3366 peccator,
1613 3307 1669 3351 ιιι
1718 3295 2042 3365 γεείρὶθιιίη

448 3396 710 3468 praesenti
736 3394 1023 3466 supplicia,
1045 3405 1101 3448 et
1135 3408 1231 3463 pro
1262 3395 1497 3465 peccatis
1519 3393 1634 3446 suis
1657 3391 1954 3456 cruciatus,
1990 3392 2043 3445 in

447 3492 629 3547 futuro
655 3487 999 3559 refrigerium
1027 3496 1410 3557 consequatur,
1444 3498 1497 3545 et
1523 3486 1628 3542 dici
1650 3487 1821 3557 possit
1842 3486 1910 3540 de
1936 3500 2000 3540 eo
2026 3502 2039 3537 ε

447 3584 679 3655 Recepit
707 3584 847 3640 mala
878 3599 974 3639 sua
1001 3582 1206 3663 in'vita
1249 3597 1365 3637 sua.
1395 3581 1450 3637 Si
1482 3580 1603 3651 quis
1653 3580 1816 3649 igitur
1863 3578 2042 3648 pretiis

446 3680 789 3738 excruciatus
814 3678 966 3750 juxta
1018 3678 1393 3744 maledictum,
1422 3676 1473 3730 in
1514 3690 1622 3745 quo
1670 3675 1812 3730 Deus
1862 3675 2044 3743 posuit

445 3781 784 3844 peccatores,
818 3772 1072 3827 maluerit
1102 3770 1291 3841 fugere
1321 3768 1585 3837 supplicia
1608 3809 1622 3833 ,
1650 3776 1705 3822 et
1734 3768 1949 3841 mittere
1975 3765 2040 3820 ad

449 3866 742 3939 rEgyptum
776 3880 872 3935 pro
895 3865 1114 3919 auxiliis
1145 3861 1550 3932 comparandis,
1578 3861 1645 3914 ad
1672 3860 2035 3927 Pharaonem,

443 3974 473 4013 a
495 3973 603 4030 quo
635 3958 890 4014 liberavit
915 3958 1061 4012 Deus
1084 3956 1339 4026 p0pulum
1387 3969 1567 4019 suum,
1602 3969 1708 4007 non
1753 3953 2038 4023 dirigetur,

451 4067 558 4107 non
590 4030 911 4106 salvabitur.
941 4049 997 4107 Si
1029 4049 1150 4119 quis
1188 4056 1366 4102 autem
1401 4045 1671 4117 patienter
1702 4044 2040 4100 maledictio-

445 4162 573 4203 nem
606 4145 952 4209 sustinuerit,
1008 4153 1063 4199 et
1102 4142 1369 4211 supplicia
1427 4140 1955 4207 Nabuchodonosor,
1986 4148 2041 4195 et

443 4249 658 4310 tempus
686 4246 1028 4309 peccatorum
1060 4248 1280 4290 suorum
1302 4235 1353 4288 in
1378 4232 1622 4289 cruciatu
1644 4232 2035 4303 compleverit:

439 4331 824 4405 quomodoille
836 4331 926 4401 qui
957 4327 1254 4384 secundum
1278 4326 1544 4396 Epistolas
1566 4326 1722 4381 Pauli
1745 4317 2036 4385 excrucia-

439 4435 526 4483 tus
555 4437 670 4492 est,
706 4435 765 4481 ut
791 4426 1019 4495 spiritus
1049 4424 1167 4493 ejus
1194 4424 1374 4478 salvus
1404 4423 1565 4485 ﬁeret
1593 4422 1643 4476 in
1683 4421 1771 4477 die
1812 4420 2033 4490 iudicii,

436 4521 544 4579 iste
569 4522 735 4594 990
762 4521 921 4574 linem
953 4521 1217 4588 optimum
1258 4526 1639 4587 consequetur.
1671 4516 1880 4570 lnducit
1903 4530 2034 4586 ergo

436 4631 559 4672 eum
587 4608 1047 4677 maledictionem,
1074 4625 1126 4667 et
1160 4611 1326 4667 duces
1369 4623 1525 4667 terrae
1557 4611 1674 4682 ejus
1699 4611 1951 4680 accipiet,
1976 4622 2034 4667 ut

433 4799 577 4873 quod
607 4798 675 4855 de
702 4810 887 4855 sancta
924 4810 1063 4853 terra
1095 4799 1147 4853 in
1178 4798 1503 4869 Babylonem
1535 4796 1877 4852 transfertur.
1903 4796 2033 4851 Nul-

434 4890 519 4947 lus
544 4892 745 4963 quippe
778 4890 936 4963 fortis
968 4891 1020 4945 in
1054 4890 1354 4960 Babylone,
1391 4890 1441 4943 id
1474 4901 1589 4956 est,
1628 4890 1680 4943 in
1711 4889 2029 4946 confusione

435 4988 636 5042 mentis
665 5000 796 5042 sum.
848 4984 1083 5039 Omnino
1141 4999 1246 5037 non
1300 4984 1687 5053 potestextolli
1729 4985 1911 5051 homo,
1939 4984 2030 5054 qui

430 5079 693 5136 confusus
722 5087 840 5146 est,
898 5086 958 5133 ut
1001 5077 1274 5134 custodiat
1322 5087 1706 5134 testamentum
1738 5093 1941 5143 meum,
1974 5087 2035 5133 ut

428 5180 633 5229 statuat
663 5170 813 5239 illud,
844 5182 899 5227 et
944 5170 1194 5227 discedat
1235 5172 1305 5226 ab
1340 5187 1425 5238 eo,
1476 5181 1534 5225 ttt
1587 5172 1763 5225 mittat
1810 5172 2031 5228 nuntios

428 5279 561 5322 suos
592 5268 645 5320 in
677 5263 971 5336 Egyptum
1000 5265 1162 5330 :Iste,
1182 5264 1305 5333 quia
1336 5262 1839 5319 Nabuchodonosor
1862 5281 2028 5336 prop.

429 5368 514 5417 ter
544 5368 763 5432 peccata
784 5374 879 5414 sua
901 5367 1167 5413 tormenta
1194 5356 1589 5427 perpetitur,et
1617 5359 1784 5412 mittit
1811 5361 2029 5416 nuntios

427 5467 560 5509 suos
590 5455 643 5508 in
658 5451 980 5524 Egyptum.
1007 5466 1112 5506 non
1150 5452 1332 5506 ferens
1357 5450 1729 5519 traditionem,
1757 5469 1858 5523 qua
1885 5452 2026 5508 bisti

428 5562 726 5606 concessus
755 5556 895 5603 esta
926 5547 1060 5612 Deo,
1091 5553 1151 5600 ut
1202 5544 1296 5600 det
1348 5544 1397 5600 ei
1447 5560 1615 5615 equos
1660 5545 1715 5599 et
1765 5547 2023 5615 populum

431 5644 684 5713 multum,
704 5642 754 5697 id
774 5643 957 5713 posuit
986 5639 1131 5711 quod
1170 5640 1223 5695 in
1257 5640 1379 5695 loco
1408 5638 1739 5709 prohibitum
1770 5648 1872 5693 est.
1902 5637 2023 5693 Non

432 5739 569 5795 enim
589 5736 955 5810 multiplicabis
983 5735 1075 5791 tibi
1094 5751 1251 5806 equos
1279 5733 1463 5804 (Deut.
1489 5733 1628 5807 xvu)
1647 5776 1659 5800 ,
1685 5732 1758 5788 ait
1780 5732 2024 5803 Scriptu-

440 5846 526 5893 ra.
559 5832 617 5890 Si
646 5832 930 5904 dirigatur,
962 5835 1006 5889 si
1036 5832 1334 5890 salvabitur
1371 5831 1463 5903 qui
1508 5829 1638 5889 facit
1677 5829 1939 5898 adversa,
1967 5841 2022 5888 et

2144 3286 2321 3369 ipsum
2340 3315 2489 3355 -vero
2543 3300 2933 3366 considerans,
2983 3310 3040 3355 et
3083 3286 3381 3370 diligenter
3422 3300 3579 3356 istius
3635 3302 3740 3357 loci

2145 3407 2360 3447 sensum
2383 3401 2741 3463 pertractans,
2766 3394 3004 3449 arbitror
3017 3394 3085 3449 de
3112 3395 3373 3463 aposmlis
3401 3395 3738 3465 prOphetari.

2144 3484 2238 3539 isti
2258 3487 2475 3556 'quippe
2500 3497 2625 3541 sunt
2650 3487 2718 3542 de
2748 3488 2938 3543 electis
2988 3487 3159 3551 cedri,
3190 3487 3258 3543 de
3290 3492 3608 3544 summitate
3628 3530 3643 3555 ,
3673 3489 3740 3544 de

2144 3579 2374 3646 vertice,
2400 3594 2535 3648 quos
2566 3579 2715 3635 dedit
2747 3581 2893 3636 Deus
2930 3578 2983 3635 in
3013 3581 3251 3636 virorem
3296 3583 3504 3651 smculi,
3536 3583 3736 3638 radens

2143 3671 2307 3726 corda
2340 3687 2551 3738 eorum,
2582 3683 2636 3728 et
2665 3673 2921 3744 plantans
2948 3689 3043 3729 eos
3073 3673 3124 3728 in
3152 3684 3332 3728 monte
3358 3674 3584 3729 excelso
3609 3675 3741 3730 Jesu

2142 3765 2361 3820 Christo
2382 3767 2610 3821 Domino
2634 3776 2845 3821 nostro.
2874 3766 2939 3821 Et
2960 3767 3273 3839 suspendam
3297 3768 3468 3837 ipsum
3496 3769 3547 3821 in
3568 3776 3739 3821 montc

2141 3860 2249 3913 alto
2280 3858 2469 3927 Israel,
2505 3872 2551 3915 ct
2608 3861 2879 3931 plantabo,
2927 3870 2974 3915 et
3024 3862 3273 3932 producet
3305 3864 3663 3933 propaginem,
3690 3872 3738 3916 et

2141 3953 2293 4024 faciet
2321 3955 2567 4023 fructum.
2606 3954 2878 4010 Fecerunt
2921 3954 3008 4009 isti
3060 3956 3407 4027 propagines,
3437 3957 3740 4012 attulerunt

2140 4043 2366 4102 fructus.
2386 4046 2452 4101 Et
2479 4048 2575 4101 erit
2600 4048 2653 4101 in
2684 4047 2890 4101 cedrum
2917 4065 3178 4119 magnam.
3207 4049 3502 4105 Considera
3532 4050 3744 4121 magni-

2140 4140 2381 4195 tudinem
2413 4130 2467 4196 et
2492 4142 2881 4197 sublimitatem
2912 4143 3176 4199 Ecclesia:
3205 4144 3428 4211 Christi,
3452 4155 3507 4199 ttt
3540 4145 3740 4201 intelli-

2139 4248 2232 4303 gas
2258 4233 2408 4303 juxta
2443 4234 2867 4304 promissionem
2897 4236 2987 4289 Dei
3032 4234 3231 4291 factum
3259 4252 3403 4299 esse,
3425 4238 3568 4306 quod
3599 4228 3736 4292 dici4

2139 4334 2227 4380 tur
2257 4345 2267 4379 :
2302 4325 2369 4379 Et
2406 4326 2503 4380 erit
2528 4328 2581 4381 in
2614 4328 2823 4382 cedrum
2848 4345 3111 4403 magnam,
3134 4340 3181 4385 et
3212 4332 3483 4402 requiescit
3506 4347 3658 4401 super
3675 4349 3733 4386 ea

2094 4454 2101 4461 -
2139 4421 2305 4474 omnis
2333 4421 2465 4485 avis,
2488 4430 2536 4475 et
2567 4438 2715 4476 omne
2742 4422 2951 4478 volatile
2976 4426 3068 4479 sub
3096 4426 3274 4479 umbra
3302 4430 3416 4499 ejus
3438 4431 3730 4497 requiescet.

2061 4575 2116 4636 D

435 4706 569 4763 ﬁant
598 4707 650 4762 in
683 4721 908 4777 regnum
938 4705 1158 4759 infirmi.
1199 4704 1476 4759 infirmum
1507 4704 1741 4758 ellicitur
1764 4718 1987 4773 regnum
2015 4743 2030 4767 ,
2077 4726 2085 4733 ι

2142 4514 2370 4567 Assume
2402 4514 2497 4567 tibi
2534 4530 2739 4582 pennas
2767 4518 3036 4571 sermonis
3069 4516 3188 4584 Dei,
3215 4527 3270 4572 ct
3305 4521 3508 4587 poteris
3540 4535 3736 4590 repan-

2140 4623 2262 4663 sare
2294 4609 2396 4663 sub
2425 4609 2523 4663 hac
2551 4609 2768 4673 arbore.
2797 4627 2918 4681 quae
2954 4612 3189 4681 plantata
3220 4624 3304 4667 est
3346 4612 3399 4667 in
3433 4623 3616 4668 mOntc
3641 4630 3734 4670 ex-

2140 4703 2305 4757 celso.
2344 4702 2410 4756 Et
2441 4705 2739 4771 requiescet,
2773 4714 2819 4758 et
2851 4708 3168 4779 prapagines
3220 4722 3330 4773 eius
3377 4708 3731 4761 restituentur.

2141 4796 2276 4851 Vide
2305 4797 2580 4867 quomodo
2608 4798 2658 4851 in
2681 4798 2818 4852 bona
2849 4811 3005 4868 parte
3028 4801 3315 4869 prophetia
3366 4799 3605 4852 finiatur.
3637 4798 3736 4854 Se-

2138 4890 2325 4961 quitur
2351 4891 2537 4946 enim':
2574 4889 2643 4945 Et
2671 4894 2979 4964 cognoscent
3002 4895 3176 4946 omnia
3202 4892 3345 4965 ligna
3374 4894 3564 4966 campi,
3596 4892 3733 4963 quod

2138 4999 2229 5054 ego
2262 4980 2643 5055 Dominus,qui
2668 4983 2888 5039 humilia
2918 4985 3726 5061 ligrtttn1992altum.l.iguum

2137 5079 2302 5131 altum
2332 5080 2566 5148 populus
2598 5079 2907 5135 Judazorum
2938 5090 3040 5148 cst,
3072 5088 3162 5150 qui
3194 5096 3337 5137 nunc
3390 5081 3726 5149 humiliatus,

2133 5173 2359 5228 sceleris
2387 5174 2468 5227 sui
2495 5189 2682 5243 poenas
2706 5176 2821 5242 luit,
2848 5178 2968 5246 quia
3000 5178 3050 5232 in
3080 5178 3247 5233 Deum
3277 5189 3520 5234 nostrum
3542 5177 3727 5234 Jesum

2132 5266 2406 5322 Christum
2440 5284 2632 5325 manus
2664 5287 2827 5327 ausus
2856 5282 2938 5327 est
2962 5273 3199 5329 mittere.
3226 5273 3295 5327 Et
3317 5275 3509 5330 extollo
3532 5275 3729 5347 lignum

2130 5360 2348 5417 humile.
2376 5362 2455 5417 Tu
2488 5380 2611 5419 eras
2643 5366 2845 5436 lignum
2885 5366 3091 5422 humile
3112 5409 3126 5433 ,
3158 5369 3361 5439 lignum
3412 5369 3682 5438 dejectum
3705 5411 3719 5437 ,

2135 5455 2336 5525 lignunt
2372 5466 2531 5512 terrze
2560 5457 2797 5525 hierens,
2832 5474 3017 5513 verum
3043 5460 3355 5516 sublimavit
3382 5471 3433 5516 te
3455 5461 3619 5517 Deus.
3665 5461 3728 5515 Et

2134 5552 2362 5621 arefacio
2394 5552 2589 5623 lignum
2621 5554 2803 5607 viride.
2833 5552 3060 5623 Ligunm
3095 5555 3270 5609 viride
3291 5555 3728 5611 circumcisiouis

2132 5653 2214 5700 est
2237 5644 2492 5714 populus,
2519 5644 2611 5714 qui
2644 5645 2916 5714 quondam
2949 5646 3222 5715 pullulans
3271 5658 3325 5701 et
3355 5646 3557 5703 ﬂorens
3584 5646 3684 5701 l‘uit
3709 5686 3724 5713 ,

2130 5750 2319 5791 verum
2350 5736 2515 5791 nimia
2550 5753 2693 5791 nunc
2746 5738 2992 5795 siccitate
3041 5741 3340 5796 contabuit.
3375 5738 3474 5797 Ubi
3525 5743 3724 5812 quippe

2131 5851 2277 5892 nunc
2303 5835 2515 5893 vividus
2544 5850 2726 5896 sermo
2755 5837 2896 5910 apud
2929 5838 3060 5895 eos!
3087 5838 3180 5895 ubi
3200 5840 3462 5896 virtutum
3486 5835 3723 5896 chorus?
