4150 6346
330 257 438 314 τἸῚ

830 251 1279 314 TRANSLATIO
1314 249 1757 313 HOMILlARUM
1793 247 2119 311 ORIGENIS
2159 250 2224 310 IN
2263 251 2728 315 EZECHIELEM.
2770 256 2937 319 HOM.
2977 258 3117 319 XIII.

3533 266 3639 324 778

334 375 407 433 Et
434 370 742 431 revirescere
769 376 907 448 facio
932 376 1130 450 lignum
1155 376 1381 432 aridum.
1412 375 1493 431 Tu
1536 374 1682 431 fuisti
1718 374 1923 445 lignum
1950 371 2004 435 Α
2030 374 2276 429 adversus
2306 374 2610 444 Dominum,
2662 389 2709 433 et
2736 381 2982 437 adversus
3010 380 3273 438 Christum
3316 384 3452 456 ejus.
3485 382 3640 441 Unde

333 468 565 534 aridum,
594 481 648 527 et
674 470 801 528 fecit
831 479 884 527 te
911 471 1248 528 revirescere
1274 468 1480 526 Christi
1504 468 1789 525 adventus.
1816 467 1930 538 Ego

332 560 593 619 Dominus
624 564 827 620 locutus
859 580 993 629 sum,
1026 572 1073 619 et
1101 564 1311 634 faciam.
1343 562 1554 631 Quibus
1568 560 1753 626 dictis,
1779 569 1836 615 ut
1876 568 1929 614 et

330 668 433 711 nos
458 656 878 726 revirescamus,
895 657 1169 713 utfructus
1190 656 1467 712 valeamus
1482 654 1707 716 afferre.
1733 661 1790 709 ut
1809 667 1932 724 ger-

326 746 546 805 minans
575 749 781 821 lignum
812 758 869 806 et
918 764 1027 806 non
1078 749 1283 807 siccum
1331 749 1655 815 efﬁciamur,
1685 755 1745 802 ut
1789 760 1928 801 nun-

323 856 492 913 quam
525 843 594 900 ad
650 844 868 901 radices
914 853 1138 902 nostras
1176 851 1415 916 ponatur
1459 842 1687 912 securis,
1723 858 1845 915 quae
1874 842 1927 897 in

322 937 626 1012 Evangelio
649 940 1002 1013 praedicatur,
1020 942 1280 998 attentius
1304 940 1493 998 Jesum
1519 940 1796 998 Christum
1823 938 1930 995 Do-

322 1036 544 1094 minum
574 1046 825 1096 nostrum
851 1054 978 1096 cum
1014 1039 1180 1097 Patre
1228 1053 1330 1097 suo
1381 1054 1696 1111 precemur,
1728 1038 1816 1095 cui
1846 1046 1931 1096 est

312 1129 507 1201 gloria
534 1140 590 1189 et
617 1132 907 1205 imperium
930 1133 985 1189 in
1013 1135 1212 1192 swcula
1238 1134 1589 1191 saeculorum.
1614 1134 1805 1190 Amen.

676 1316 958 1374 HOMILIA
1003 1314 1264 1373 DECIMA
1306 1315 1586 1373 TERTIA.

323 1453 405 1511 De
435 1468 505 1511 eo
526 1454 671 1525 quod
702 1454 903 1527 dicitur
937 1473 950 1509 :
986 1455 1096 1510 Fili
1124 1455 1371 1522 hominis,
1402 1453 1515 1511 leva
1547 1451 1929 1527 planctumsu-

397 1544 490 1598 per
518 1524 690 1599 regem
719 1526 881 1600 Tyri,
902 1536 949 1583 et
977 1545 1111 1600 pone
1142 1528 1338 1599 facient‘
1366 1537 1507 1583 tuam
1547 1524 1735 1582 contra
1767 1524 1927 1581 Sido-

393 1616 513 1654 nem
537 1600 689 1673 (Cap.
723 1599 915 1673 χχιιι).

2034 479 2088 523 ct
2127 469 2254 524 alibi
2300 470 2355 524 iu
2390 469 2620 526 Psalmis
2666 474 2924 530 scribitur
2964 494 2977 531 :
3039 476 3149 549 Ego
3203 477 3351 544 dixi,
3412 477 3486 532 dii
3521 478 3640 533 estis

2032 570 2081 615 et
2128 560 2227 629 ﬁlii
2275 560 2486 619 Excelsi
2534 580 2707 620 omnes
2745 584 2762 617 :
2796 584 2883 622 vos
2928 579 3100 623 autent
3145 579 3200 624 ut
3254 570 3488 625 homines
3532 587 3641 624 mo-

2031 657 2279 725 riemini,
2332 667 2380 714 et
2426 667 2692 731 tamquam
2750 678 2883 716 unus
2943 663 3005 715 de
3057 664 3378 734 principibus
3444 664 3643 720 cadetis

2034 748 2206 821 (Psal.
2242 751 2452 823 Lxxxr).
2480 753 2545 809 Et
2567 762 2653 809 est
2674 754 2747 809 ibi
2776 770 2958 811 sermo
2982 755 3052 812 de
3078 757 3226 813 nullo
3255 758 3470 828 penitus
3493 758 3643 829 prin-

2032 844 2153 917 cipe
2177 846 2473 916 corporali.
2521 848 2578 903 Si
2610 848 2775 919 igitur
2804 858 2887 905 est
2916 849 3137 919 quidam
3180 850 3441 923 princeps
3480 853 3638 923 regni

2031 939 2342 1009 Persarum,
2367 942 2413 997 si
2442 951 2527 997 est
2549 942 2803 1014 princeps
2832 943 3205 1001 lsraelitarum
3229 944 3482 1010 Michael,
3507 960 3641 1001 con-

2030 1044 2326 1106 sequenter
2351 1044 2408 1092 et
2436 1035 2565 1108 Tyri
2595 1036 2849 1108 princeps
2877 1046 2962 1094 eSt
2994 1053 3009 1092 :
3035 1046 3091 1093 et
3119 1037 3186 1093 de
3214 1037 3301 1093 his
3330 1053 3476 1094 nunc
3496 1038 3646 1108 prin-

2030 1126 2243 1198 cipibus
2273 1128 2625 1200 propheticus
2652 1144 2835 1186 sermo
2867 1130 3126 1202 loquitur.
3158 1131 3427 1201 Quoniam
3458 1146 3640 1193 autem

2030 1228 2088 1277 et
2118 1220 2187 1277 de
2216 1220 2406 1294 Moyse
2438 1222 2818 1279 testimonium
2867 1224 3101 1294 polliciti
3150 1241 3360 1295 sumus,
3393 1230 3641 1286 ausculta

2030 1314 2176 1386 quod
2220 1315 2515 1387 sequitur:
2551 1316 2777 1383 Quando
2817 1317 3078 1373 diuidebat
3121 1320 3416 1376 Altissimus
3446 1331 3641 1395 gentes,

2032 1423 2149 1463 cum
2175 1408 2531 1465 disseminavit
2554 1409 2694 1480 ﬁlios
2715 1411 2906 1479 Adam,
2930 1412 3117 1466 statuit
3145 1414 3275 1482 ﬁnes
3303 1416 3537 1486 gentium
3561 1433 3646 1471 se-

2030 1503 2262 1558 cundum
2292 1520 2565 1559 numerum
2588 1503 2896 1576 angelorum
2920 1503 3041 1575 Dei,
3071 1505 3217 1573 sive,
3244 1517 3299 1562 ut
3328 1508 3531 1564 melius
3553 1508 3649 1564 ha-

2029 1597 2123 1653 bet
2150 1596 2463 1669 (secundum
2508 1613 2781 1677 numerum
2811 1597 3045 1669 filiorum
3093 1596 3289 1670 Israel)
3317 1608 3366 1654 et
3398 1604 3542 1672 facta
3572 1612 3647 1655 est

2032 1710 2153 1763 pars
2183 1692 2402 1748 Domini
2442 1695 2667 1767 papulas
2698 1694 2809 1765 ejus
2837 1692 3003 1749 Jacob
3056 1692 3236 1766 (Deut.
3287 1694 3487 1768 xxxu).
3539 1696 3651 1753 Alii

388 1760 557 1833 $1
580 1758 905 1862 Ρξπθξβξξυξ
932 1760 1092 1862 “Emis
1121 1761 1191 1862 a_b
1217 1760 1492 1862 θιξίδθοξδίδ
1511 1756 1786 1862 disfmlere
1810 1771 1928 1862 δεξί’
1956 1790 2005 1851 Β
2031 1756 2265 1859 principi
2291 1756 2541 1846 facta'es't
2564 1802 2692 1858 pars
2718 1756 2922 1860 Tyrus,
2955 1756 3336 1862 alii‘Babylon,
3368 1756 3495 1845 aliis
3524 1790 3649 1846 aliae

317 1867 543 1910 mortem
568 1854 835 1928 principis
862 1854 1017 1927 Tyri,
1051 1862 1113 1910 ut
1155 1854 1347 1911 laudes
1377 1853 1494 1923 ejus
1523 1852 1819 1923 culpasque
1846 1850 1931 1906 di-

317 1964 513 2007 camus
544 1967 558 2005 :
594 1965 697 2007 nec
726 1964 833 2007 non
852 1950 1068 2021 jussum
1100 1959 1209 2019 est,
1242 1958 1301 2004 ut
1340 1946 1410 2004 de
1465 1946 1753 2002 Pharaone
1802 1960 1930 2017 rege

316 2042 547 2116 (Egypti
577 2044 758 2117 aliqua
804 2053 1186 2102 retractemus.
1220 2042 1501 2115 Plangitur
1546 2042 1731 2112 itaque
1780 2040 1930 2111 priu-

315 2151 452 2209 ceps
474 2138 602 2210 Tyri
630 2157 644 2193 :
681 2155 781 2197 nec
827 2138 1131 2211 putandum
1163 2146 1248 2195 est
1277 2138 1421 2193 hunc
1455 2136 1734 2192 hominem
1782 2149 1924 2191 esse.

316 2230 385 2287 In
440 2231 623 2289 medio
678 2232 882 2305 quippe
928 2231 1235 2290 Cberubim
1285 2231 1465 2286 nullus
1517 2227 1799 2284 hominum
1846 2235 1931 2283 est

317 2339 565 2399 creatus,
597 2339 653 2388 et
678 2331 731 2386 in
758 2331 1015 2402 paradiso
1072 2331 1191 2399 Dei,
1222 2330 1269 2386 si
1316 2329 1644 2401 simpliciter
1685 2326 1927 2384 litteram

313 2426 631 2497 sequimur,
666 2426 950 2483 hominum
973 2426 1156 2483 nullus
1176 2434 1263 2484 est
1286 2425 1584 2482 enutritus.
1618 2424 1832 2480 Etcum
1872 2423 1929 2478 in

315 2518 581 2589 paradiso
608 2518 960 2589 deliciarum,
992 2519 1159 2577 sicuti
1211 2519 1475 2583 diximus,
1526 2531 1690 2573 nemo
1720 2514 1887 2572 fuerit
1914 2531 1928 2569 :

314 2627 471 2669 nunc
500 2612 705 2671 dicitur
733 2615 992 2687 princeps
1021 2613 1153 2688 Tyri
1185 2614 1243 2671 in
1301 2612 1561 2686 paradiso
1607 2611 1929 2671 deliciarum

312 2717 488 2764 natus
516 2716 684 2781 atque
704 2710 970 2766 nutritus.
1003 2710 1138 2777 Quis
1186 2720 1277 2766 est
1311 2709 1417 2766 iste
1466 2708 1727 2779 princeps
1752 2705 1931 2782 Tyri?

313 2801 624 2862 Veniamus
650 2805 721 2862 ad
750 2805 1054 2876 Danielem,
1084 2813 1140 2863 et
1165 2806 1513 2863 occasionem
1544 2804 1928 2878 intelligentia:

310 2898 687 2969 reperientes,
721 2899 975 2958 dicamus
997 2917 1105 2957 non
1137 2916 1261 2959 esse
1290 2902 1566 2973 principes
1597 2916 1924 2974 corporeos,

310 2993 391 3051 de
409 2994 611 3067 quibus
640 3010 787 3053 nunc
811 2997 1097 3070 quaeritur.
1120 2997 1250 3055 Post
1272 2998 1553 3055 Danielem
1577 2997 1645 3054 ab
1663 2996 1930 3067 Apostolo

310 3097 576 3160 petamus
605 3091 941 3163 exemplum.
1000 3091 1212 3149 Deinde
1261 3106 1482 3149 rursum
1533 3093 1926 3163 prophetarum

2033 1884 2288 1940 nationes
2318 1902 2329 1937 :
2360 1891 2523 1955 atque
2547 1882 2621 1938 ita
2648 1883 2701 1938 in
2728 1881 2875 1939 hunc
2896 1883 3121 1939 modum
3150 1884 3426 1955 principes
3457 1897 3650 1955 posse-

2029 1980 2237 2037 derunt
2263 1994 2453 2036 omnes
2484 1979 2624 2036 fines
2649 1978 2916 2050 gentium.
2948 1978 3004 2037 Si
3035 1979 3157 2051 quis
3178 1990 3359 2037 autem
3388 1989 3543 2052 putat
3562 1982 3645 2042 le-

2028 2088 2164 2145 gens
2193 2075 2247 2129 in
2276 2072 2575 2144 Scripturis
2598 2073 2756 2145 quasi
2790 2073 2859 2131 de
2880 2073 3195 2131 hominibus
3220 2074 3453 2142 dictum,
3485 2076 3648 2132 intel-

2028 2168 2163 2237 ligat
2205 2167 2369 2224 altius
2422 2167 2713 2239 spiritalis,
2737 2177 2793 2224 et
2821 2182 2853 2222 a
2893 2168 3044 2224 nullo
3097 2168 3391 2239 judicatus.
3440 2169 3646 2241 Digno-

2030 2267 2259 2316 scuntur
2284 2261 2431 2317 enim
2462 2260 2712 2332 quaedam
2754 2260 2824 2318 de
2849 2260 3356 2318 Nabuchodonosor
3380 2276 3513 2334 rege
3538 2263 3644 2319 As-

2030 2356 2329 2427 syriorum,
2374 2370 2494 2427 quae
2533 2370 2643 2411 non
2673 2355 3008 2411 conveniunt
3039 2371 3291 2427 personae
3322 2357 3464 2428 ejus.
3497 2357 3647 2413 Dixit

2030 2449 2178 2505 enim
2213 2468 2224 2503 :
2257 2448 2327 2503 In
2358 2449 2664 2520 fortitudine
2693 2448 2906 2520 faciam,
2955 2458 3001 2504 et
3048 2451 3307 2522 sapientia
3350 2451 3643 2507 intellectus

2032 2543 2271 2614 auferam
2296 2544 2425 2613 fines
2447 2544 2705 2617 gentium,
2736 2554 2785 2599 et
2818 2544 3145 2600 commovebo
3175 2545 3404 2601 ciuitates
3432 2544 3640 2600 inhabi-

2032 2645 2187 2705 tatas,
2227 2646 2277 2692 et
2318 2637 2493 2693 orbem
2542 2647 2802 2693 terrarum
2849 2655 3057 2694 omnem
3109 2639 3568 2710 comprehendam,
3597 2651 3643 2695 et

2031 2730 2310 2786 ascendam
2325 2746 2479 2802 super
2496 2731 2671 2786 sidera
2696 2730 2896 2799 caeli,et
2914 2731 3095 2797 nubes,
3120 2742 3176 2788 et
3209 2732 3442 2804 reliqua,
3477 2744 3525 2787 et
3555 2749 3643 2788 ero

2030 2822 2221 2879 similis
2249 2824 2508 2880 altissimo
2536 2823 2693 2896 (Isai.
2721 2826 2802 2895 χ).
2838 2825 2968 2881 llaec
2999 2824 3524 2883 Nabuchodonosor.
3553 2827 3647 2883 Sic

2032 2931 2088 2979 et
2128 2924 2389 2995 princeps
2416 2924 2547 2997 Tyri
2583 2933 2639 2981 et
2682 2923 2917 2980 Pharao.
2950 2922 3139 2996 Neque
3186 2926 3333 2981 enim
3374 2924 3641 2982 intantum

2032 3018 2271 3089 agitatus
2298 3027 2383 3075 est
2412 3017 2568 3075 furiis
2596 3034 2758 3075 verus
2790 3026 2847 3074 et
2876 3032 3178 3090 corporeus
3200 3018 3438 3088 Pharao,
3473 3031 3533 3075 ut
3557 3019 3642 3075 di-

2031 3119 2185 3169 ceret
2215 3129 2228 3167 :
2264 3112 2386 3167 Mea
2415 3121 2537 3168 sunt
2574 3114 2827 3183 ﬂumina,
2860 3122 2906 3166 et
2940 3130 3031 3185 ego
3072 3113 3171 3184 feci
3200 3130 3282 3167 ea.
3314 3112 3429 3168 Hoc
3463 3121 3642 3169 autem

310 3180 639 3238 testimonia
673 3198 958 3242 vocemus.
989 3184 1087 3241 His
1113 3184 1371 3242 omnibus
1421 3184 1586 3241 etiam
1615 3184 1708 3242 ille
1756 3200 1919 3257 copu-

2025 3212 2155 3261 ante
2215 3204 2415 3261 lectum
2474 3180 2583 3261 est-
2612 3204 2666 3260 in
2727 3180 3039 3276 prophetia,
3072 3180 3208 3277 qua:
3235 3212 3322 3261 est
3350 3205 3638 3262 adversum

308 3273 513 3334 landus
545 3277 828 3347 estlocus,
861 3280 1007 3351 quia
1035 3279 1224 3353 Moyse
1243 3281 1300 3337 in
1342 3279 1770 3338 Deuteronomio
1811 3296 1924 3337 non

307 3380 550 3429 tacetur.
574 3374 692 3446 Age
720 3390 862 3431 nunc
890 3374 1239 3447 rreplicemus
1282 3376 1563 3447 exempla,
1596 3375 1927 3447 incipientes

305 3482 348 3523 a
377 3467 625 3526 Daniele.
656 3467 929 3541 Princeps,
960 3471 1058 3540 ait,
1091 3471 1295 3525 videtur
1324 3468 1781 3541 Michael.lbique
1801 3486 1926 3526 rur-

306 3575 460 3630 sum,
510 3563 750 3635 princeps
788 3562 981 3634 Israel,
1006 3562 1172 3635 (Dan.
1208 3562 1265 3636 ι)
1294 3580 1307 3617 ;
1355 3573 1409 3619 et
1434 3562 1491 3619 in
1514 3563 1916 3634 consequenti:

307 3656 545 3714 Michael
573 3658 857 3733 adjuuabat
883 3659 1172 3733 principem
1196 3659 1343 3733 regni
1369 3658 1535 3731 992
1562 3659 1812 3732 gentium.
1836 3656 1921 3714 Ad

306 3749 431 3809 haec
457 3751 623 3809 addat
649 3754 946 3826 Apostolus
976 3772 990 3810 :
1024 3752 1215 3810 Gloria
1240 3763 1410 3809 autem
1433 3763 1482 3808 et
1507 3752 1765 3810 honoret
1814 3770 1919 3823 pas:

306 3850 451 3904 omni
468 3851 705 3923 operanti
736 3850 948 3921 bonum,
972 3849 1162 3907 Judteo
1184 3850 1413 3923 primum
1436 3857 1485 3906 et
1504 3848 1711 3906 Greece.
1727 3850 1795 3905 Et
1822 3849 1919 3906 ad-

298 3941 500 4015 juvare
522 3945 829 4017 principem
856 3945 1248 4015 lsraelitarum,
1275 3945 1574 4018 principem
1603 3945 1757 4019 regni
1776 3946 1920 4003 Grae-

302 4052 528 4106 corum,
555 4039 793 4097 fortasse
809 4040 922 4111 jam
945 4039 1148 4096 factum
1180 4049 1285 4097 est.
1315 4039 1373 4096 In
1427 4039 1669 4097 adventu
1716 4040 1917 4113 quippe

302 4130 525 4189 Domini
560 4133 670 4191 mei
726 4133 853 4191 Jesu
900 4134 1129 4203 Christi,
1176 4133 1435 4207 princeps
1482 4134 1655 4191 Israel
1705 4133 1916 4205 adjuvit

301 4228 612 4300 principem
642 4231 798 4303 regni
824 4230 1164 4298 Grmcorum,
1192 4240 1253 4287 ut
1278 4239 1471 4303 gentes
1504 4244 1915 4303 consequeren-

302 4332 393 4381 tur
423 4326 680 4395 salutem,
707 4335 765 4384 et
795 4327 875 4384 illi
902 4327 1203 4396 credendo,
1232 4328 1597 4386 salvareutur.
1631 4332 1808 4401 Atque
1837 4330 1911 4385 ita

299 4417 357 4477 in
386 4420 535 4477 hunc
555 4421 776 4479 modum
797 4422 1002 4479 dicitur
1044 4423 1268 4495 quidam
1320 4422 1580 4495 princeps
1601 4424 1754 4495 regni
1778 4423 1912 4480 Per-

298 4526 513 4583 sarum,
530 4514 671 4571 sicut
694 4514 874 4572 dictus
891 4524 977 4573 est
998 4515 1232 4572 Michael
1246 4516 1905 4588 princepslsraelitarum,

2028 3296 2394 3359 Pharaonem.
2424 3295 2610 3367 Neque
2634 3312 2891 3369 umquam
2918 3296 3223 3369 principem
3246 3297 3421 3366 illum,
3452 3298 3504 3353 id
3532 3308 3635 3365 est,

2026 3406 2351 3464 corporeum
2378 3391 2745 3459 Pharaonem,
2777 3392 3076 3450 draconem
3124 3401 3525 3464 nuncupasset,
3561 3392 3640 3448 di-

1982 3540 1987 3543 .
2024 3500 2155 3542 cens
2187 3503 2200 3540 :
2231 3484 2372 3541 Ecce
2393 3503 2487 3559 ego
2518 3502 2673 3559 super
2702 3484 3037 3542 Pharaonem
3060 3486 3359 3553 draconem,
3392 3487 3483 3556 qui
3505 3486 3642 3543 sedit

2022 3580 2079 3634 in
2106 3579 2276 3635 medio
2299 3580 2579 3650 ﬂuminum
2612 3577 2835 3652 [Egypti
2859 3622 2874 3648 ,
2927 3579 3020 3652 qui
3051 3580 3213 3647 dicit,
3243 3597 3358 3635 mea
3384 3588 3505 3635 sunt
3530 3583 3637 3651 ﬂu-

2022 3674 2189 3744 mina,
2219 3690 2313 3748 ego
2342 3674 2443 3745 feci
2472 3689 2533 3730 ea
2580 3672 2799 3748 (Ezech.
2831 3671 3008 3747 nix).
3038 3674 3241 3732 Verum
3283 3675 3389 3731 hoc
3418 3675 3473 3731 in
3513 3674 3636 3730 loco

2022 3767 2243 3840 proprio
2269 3776 2605 3837 reservetur,
2633 3767 2781 3839 quod
2811 3782 2956 3825 nunc
2975 3768 3186 3825 idcirco
3209 3768 3629 3840 assumpsimus,

2024 3869 2084 3917 ut
2109 3876 2210 3933 per
2242 3864 2522 3919 notionem
2563 3862 2969 3934 Scripturarum
3001 3861 3346 3919 manifestius
3392 3863 3549 3919 fieret
3580 3862 3633 3918 id

2019 3953 2165 4025 quod
2215 3953 2503 4012 videbatur
2536 3954 2832 4011 occultum.
2864 3955 3167 4012 Adversum
3213 3955 3315 4012 hos
3353 3956 3631 4027 principes

2019 4056 2105 4105 est
2128 4047 2289 4106 nobis
2312 4064 2513 4123 pugna.
2557 4049 2627 4105 Et
2660 4050 2808 4106 beati
2834 4050 3071 4120 aposwli
3101 4049 3192 4121 qui
3224 4048 3379 4105 missi
3416 4048 3634 4105 fuerant

2015 4141 2087 4199 ad
2114 4142 2548 4214 praedicandum,
2595 4142 2815 4213 quando
2843 4141 2912 4198 ab
2944 4142 3061 4212 bis,
3100 4142 3191 4214 qui
3222 4142 3360 4199 ﬁnes
3387 4142 3628 4214 gentium

2014 4236 2398 4307 possederant,
2432 4236 2686 4293 homines
2716 4235 3087 4305 abducebant,
3115 4235 3468 4306 patiebantur
3489 4236 3626 4292 insi-

2014 4329 2158 4388 dias.
2196 4330 2357 4387 Verbi
2382 4329 2557 4402 gratia
2585 4331 2791 4387 dictum
2823 4331 2895 4387 sit
2920 4347 2933 4385 :
2964 4330 3199 4401 lngressi
3231 4338 3366 4386 sunt
3394 4331 3627 4401 apostoli

2013 4424 2240 4499 Tyrum,
2273 4435 2601 4497 persecutus
2627 4433 2713 4482 est
2740 4440 2836 4483 eos
2866 4424 3122 4495 princeps
3148 4424 3277 4496 Tyri
3321 4442 3333 4478 :
3361 4425 3628 4484 ascende-

2012 4532 2139 4579 runt
2194 4521 2578 4589 Antiochiam,
2626 4520 2964 4592 impugnavit
3017 4533 3113 4576 eos
3160 4519 3417 4591 princeps
3472 4523 3623 4593 regni

299 4619 358 4666 et
382 4610 525 4667 alius
554 4611 895 4670 Graecorum.
924 4613 1046 4671 Non
1078 4624 1205 4671 sunt
1235 4630 1369 4687 ergo
1396 4615 1450 4671 hi
1489 4613 1739 4672 homines
1759 4655 1774 4681 ,
1806 4627 1908 4670 nec
1932 4620 1988 4683 1)
2011 4617 2179 4693 995
2204 4617 2380 4691 Syriae
2413 4634 2429 4676 :
2464 4617 2569 4673 iste
2594 4624 2757 4684 erat,
2796 4614 2888 4685 qui
2919 4612 3163 4693 bellabat
3204 4614 3467 4670 adversus
3501 4629 3621 4682 eos,

297 4705 601 4763 secundum
631 4707 877 4766 locorum
914 4710 1205 4780 vocabula,
1240 4712 1294 4767 in
1347 4712 1547 4783 quibus
1591 4712 1910 4782 imperant,

296 4802 682 4862 nominantur.
714 4803 869 4860 Unde
900 4815 953 4861 et
981 4805 1280 4877 Apostolus
1308 4806 1466 4878 quasi
1498 4820 1607 4862 non
1637 4804 1706 4861 de
1729 4804 1908 4859 homi-

293 4894 461 4951 nibus
493 4895 799 4967 disputans,
831 4898 908 4952 ait
936 4914 950 4951 :
982 4898 1316 4971 Sapientiam
1335 4900 1476 4955 enim
1499 4897 1761 4970 loquimur
1777 4899 1910 4953 inter

295 4990 577 5060 perfectos,
608 4991 922 5063 sapientiam
960 5002 1131 5048 autem
1182 5009 1287 5049 non
1315 4992 1475 5067 hujus
1503 4993 1685 5049 surculi
1704 5034 1721 5060 ,
1746 5008 1908 5063 neque

297 5079 413 5154 [AL
444 5084 649 5158 nempe]
699 5086 996 5159 principum
1042 5088 1223 5142 sa'culi
1272 5088 1444 5156 istius,
1494 5088 1585 5157 qui
1624 5087 1899 5142 destruun-

294 5185 424 5243 tur;
477 5180 569 5234 sed
618 5180 879 5252 loquimur
910 5179 1008 5236 Dei
1040 5182 1352 5255 sapientiam
1392 5183 1450 5237 in
1498 5181 1741 5254 mysterio
1784 5179 1901 5235 abs-

293 5288 536 5344 consum,
602 5292 757 5347 quam
804 5277 1192 5348 praedestinavit
1243 5277 1386 5333 Deus
1431 5286 1557 5333 ante
1601 5277 1795 5333 saecula
1846 5276 1900 5331 in

296 5367 519 5430 gloriam
581 5380 854 5440 nostram,
917 5388 1072 5443 quam
1145 5374 1326 5428 nullus
1372 5373 1673 5447 principum
1722 5370 1902 5428 steculi

294 5454 450 5509 ίειίαε
522 5467 778 5533 cognovit.
860 5465 921 5523 Si
963 5467 1102 5523 enim
1176 5468 1567 5540 cognovissent,
1617 5481 1901 5540 numquam

295 5547 584 5605 Dominum
632 5560 810 5623 glariw
856 5562 1238 5634 crucifixissent
1285 5563 1330 5635 (Ι
1351 5562 1475 5620 Cor.
1512 5566 1598 5638 ιι).
1648 5563 1716 5619 Et
1755 5560 1903 5635 quod

295 5643 457 5700 istius
477 5643 665 5701 saeculi
686 5644 958 5716 principes
982 5658 1371 5715 Ctuoiﬁxertlnl
1390 5658 1729 5717 Salvatorem
1742 5658 1907 5730 993

297 5748 354 5796 et
394 5737 711 5809 Dominum,
765 5738 1050 5809 prophetia
1102 5741 1255 5797 testis
1299 5751 1404 5809 est,
1458 5751 1650 5804 dicens
1706 5768 1722 5805 :
1772 5750 1911 5803 Asti-

300 5839 469 5890 terunt
496 5848 643 5907 reges
677 5842 848 5904 teme,
876 5843 923 5890 et
953 5834 1210 5908 principes
1249 5850 1593 5896 convenerunt
1640 5841 1700 5899 in
1749 5858 1912 5899 unum

584 5928 863 5993 PATROL.
912 5928 1118 5992 XXV.

2010 4692 2121 4768 non
2150 4725 2345 4768 omnes
2374 4710 2465 4782 qui
2494 4708 2849 4778 putabantur,
2877 4692 2940 4762 ut
2972 4704 3140 4762 ludas
3162 4705 3430 4776 proditor.
3475 4706 3623 4775 Quo-

2010 4807 2175 4864 modo
2205 4802 2468 4861 enimille
2494 4817 2604 4858 non
2637 4799 3021 4873 principaliter
3056 4798 3329 4869 putandus
3374 4809 3460 4857 est
3490 4814 3618 4870 pro-

2007 4899 2218 4956 didisse
2256 4897 2599 4954 Salvatorem
2652 4912 2666 4951 :
2700 4894 2782 4950 sic
2819 4894 2983 4950 etiam
3028 4893 3295 4964 apostolis
3339 4892 3617 4960 omnibus,

2004 4994 2100 5064 qui
2148 4990 2583 5063 persecutionem
2635 4988 2781 5060 passi
2832 4997 2979 5055 sunt,
3029 4988 3170 5044 alius
3210 4986 3313 5044 fuit
3363 4987 3619 5058 princeps

2005 5083 2424 5157 persecutionis.
2454 5080 2732 5151 Scriptum
2759 5090 2845 5137 est
2871 5081 3073 5151 quippe
3096 5079 3165 5136 de
3193 5078 3331 5135 Juda
3364 5096 3378 5134 :
3413 5078 3479 5133 Et
3503 5086 3620 5149 post

2006 5179 2291 5237 buccellam
2318 5177 2550 5233 introivit
2568 5177 2622 5230 in
2650 5175 2807 5231 illum
2836 5175 3063 5232 Satanas
3091 5174 3276 5245 (Joan.
3307 5189 3401 5230 xm
3420 5176 3461 5245 ).
3490 5173 3610 5229 Non

2004 5283 2090 5331 est
2112 5273 2258 5331 enim
2280 5271 2438 5329 nobis
2459 5284 2636 5344 pugna
2657 5268 2928 5327 adversus
2946 5283 3170 5325 carnem
3192 5278 3247 5324 et
3267 5267 3607 5339 sanguinem,

2005 5368 2135 5426 licet
2162 5367 2455 5425 videantur
2481 5380 2549 5423 ex
2575 5381 2744 5423 carne
2782 5373 2841 5423 et
2880 5364 3150 5437 sanguine
3180 5362 3273 5435 qui
3303 5376 3403 5418 nos
3426 5378 3615 5433 perse-

2004 5472 2267 5537 quuntur.
2295 5461 2414 5518 Non
2446 5475 2545 5519 eos
2585 5460 2867 5517 oderimus
2889 5500 2904 5527 ,
2930 5459 3061 5530 quin
3089 5455 3271 5527 potius
3300 5456 3613 5528 diligamus,

2006 5558 2139 5615 licet
2178 5557 2384 5614 inimici
2438 5556 2597 5613 nobis
2643 5553 2813 5612 velint
2859 5567 3211 5623 permanere;
3255 5553 3619 5611 misereamur

2011 5667 2225 5719 eorum,
2256 5649 2587 5708 daemonium
2616 5646 2845 5713 habent,
2868 5646 3150 5716 patiuntur
3174 5646 3462 5703 insaniam.
3493 5646 3614 5705 Non

2014 5754 2123 5801 tam
2167 5744 2226 5801 hi
2253 5752 2381 5801 sunt
2426 5742 2716 5798 adversum
2764 5753 2885 5805 nos,
2918 5738 3010 5810 qui
3053 5751 3152 5795 nos
3192 5748 3616 5812 persequuntur,

2016 5854 2178 5912 quam
2208 5838 2308 5909 illi,
2341 5837 2432 5909 qui
2456 5834 2624 5893 corda
2652 5847 2843 5891 eorum
2874 5831 3244 5905 repleverunt.
3288 5832 3486 5892 Verum
3510 5834 3618 5891 Doo

3141 5928 3222 5992 25
