4100 6336
508 277 614 334 7T9

1783 271 1840 325 S.
1883 267 2160 326 EUSEBII
2195 265 2586 325 "IERONYMI

3715 271 3746 328 ῗ
3759 273 3827 330 \1'5

504 390 634 447 mini
668 387 1026 458 deprecemur
1057 384 1339 447 auxilium,
1381 391 1440 436 ut
1470 381 1717 437 inﬁrmos
1748 380 1982 438 habeant
2017 396 2110 436 co-
2140 387 2184 447 Α
2217 381 2360 436 mine
2401 379 2679 451 princeps,
2711 394 2832 434 cum
2863 381 3122 451 princeps
3157 379 3434 438 hominem
3461 383 3593 438 itere
3617 383 3831 439 deline-

511 494 674 540 natus
703 482 838 538 tanti
883 479 1176 535 adversarii
1217 485 1406 532 contra
1446 477 1736 531 humanam
1768 478 2001 531 animam
2034 476 2115 530 di-

513 578 798 640 micantes,
825 584 874 628 et
904 573 1152 628 dicamus
1186 592 1200 627 :
1237 570 1354 626 Nisi
1384 571 1506 643 quia
1536 570 1789 625 Dominus
1815 581 1923 625 erat
1949 571 2002 624 in
2022 587 2114 624 no-

505 670 605 735 bis,
639 671 691 723 in
721 685 778 722 eo
805 684 922 721 cum
947 675 1287 737 exsurgerent
1333 664 1564 720 homines
1618 666 1672 720 in
1725 681 1842 729 nos,
1897 664 2114 734 forsitan

505 767 648 820 uiuos
707 764 1045 835 rleglutissent
1091 777 1209 816 nos.
1249 759 1418 830 Igitur
1463 769 1548 816 est
1599 760 1818 830 quidam
1863 761 2118 831 princeps

512 857 672 930 Tyri,
703 866 759 913 et
785 855 1074 926 prophetia
1107 868 1214 909 non
1264 853 1332 908 de
1362 853 1560 924 Hyram
1617 868 1714 908 nos
1763 852 1956 918 docet;
2013 851 2118 908 hoc

505 951 705 1024 quippe
729 963 928 1005 nomen
959 948 1013 1003 in
1044 946 1210 1003 tertio
1241 946 1550 1018 Regnorum
1577 946 1719 1002 libro
1743 946 2008 1016 scriptum
2033 953 2121 1002 est

501 1043 594 1116 (lll
634 1042 765 1115 Reg.
812 1041 890 1114 ν),
940 1058 1048 1096 non
1095 1041 1164 1096 de
1218 1041 1324 1096 alio
1353 1040 1600 1112 principe
1645 1038 1796 1111 Tyri,
1845 1054 2022 1110 neque
2051 1039 2120 1098 de

504 1152 784 1208 quoquam
816 1134 1077 1200 homine;
1112 1149 1220 1190 non
1251 1149 1352 1190 nos
1383 1133 1618 1190 humana
1651 1133 1851 1189 docent
1882 1134 2118 1204 eloquia,

502 1231 600 1306 sed
637 1229 855 1297 divina,
894 1239 947 1284 et
977 1228 1226 1299 quaedam
1283 1226 1598 1293 ineﬂ‘abilia,
1648 1237 1705 1282 et
1751 1236 1963 1284 sacrata
2019 1227 2120 1283 sub

509 1322 758 1395 personis
783 1322 1088 1377 hominum.
1119 1320 1332 1376 Pharao
1356 1320 1518 1376 homo
1543 1331 1629 1375 est
1655 1339 1665 1374 :
1687 1320 1834 1375 aliud
1859 1320 2117 1390 quiddam

506 1415 730 1471 erudiar
787 1414 1094 1485 intelligere
1133 1413 1495 1470 Pharaonem.
1551 1412 1619 1468 Et
1666 1411 1832 1468 Nabal
1881 1411 2119 1468 Carmeli

506 1506 673 1562 homo
701 1515 807 1572 est,
840 1515 895 1561 et
929 1505 1126 1577 Hyram
1157 1504 1325 1562 homo
1355 1504 1400 1574 (l
1427 1504 1558 1577 Reg.
1595 1503 1727 1575 xxv)
1776 1522 1788 1558 :
1841 1504 1936 1560 sed
1973 1505 2116 1560 aliud

507 1602 611 1658 sub
647 1617 836 1658 eorum
863 1600 1070 1658 doceor
1098 1600 1302 1670 efﬁgie.
1342 1599 1478 1668 Quis
1516 1608 1602 1654 est
1642 1608 1822 1656 tantus
1870 1607 1926 1654 ct
1971 1599 2114 1666 talis,

507 1694 605 1766 qui
633 1711 662 1749 a
691 1695 1071 1765 corporalibus
1109 1693 1468 1760 conscendat,
1503 1693 1594 1762 qui
1628 1710 1654 1746 a
1701 1692 2007 1749 visibilihus
2040 1693 2121 1746 in-

2215 474 2308 529 rit.
2345 474 2520 530 llomo
2564 484 2647 530 est
2694 475 2966 540 Ezechiel,
2993 489 3050 532 et
3079 478 3222 532 lilius
3255 478 3492 532 hominis
3526 497 3537 532 :
3569 479 3659 549 qui
3693 495 3833 534 vero

2220 568 2515 639 plangitur,
2549 567 3054 626 Nabuchodonosor
3097 583 3204 637 est,
3233 588 3328 626 rex
3363 571 3684 643 Babylonis.
3717 573 3832 626 Ac-

2217 667 2340 737 cipe
2366 679 2420 722 ct
2449 679 2501 722 tu
2535 668 2979 723 lamentationem
3013 677 3160 724 tuam
3195 685 3357 738 super
3387 685 3570 740 regem
3597 670 3838 741 Babylo-

2221 764 2323 830 nis,
2359 772 2415 816 et
2441 762 2593 818 dices
2625 780 2638 816 :
2677 763 2953 830 Quomodo
2981 763 3169 834 quievit
3203 765 3292 832 qui
3317 764 3617 833 repetebat?
3657 773 3715 820 et
3743 779 3840 820 re—

2221 855 2385 928 liqua.
2415 855 2714 912 Considera
2747 858 2800 912 in
2831 869 3092 928 quantam
3115 873 3268 928 spem
3295 866 3525 913 vocatus
3551 859 3652 926 sis,
3673 873 3710 912 o
3733 857 3842 912 ho-

2222 963 2332 1020 mo,
2357 951 2448 1022 qui
2467 963 2632 1007 carne
2659 952 3029 1008 circumdatus
3059 953 3195 1008 dicis
3229 971 3243 1007 :
3269 951 3434 1018 Quasi
3457 951 3540 1007 iac
3567 967 3648 1008 me
3665 953 3845 1009 emul-

2219 1046 2354 1112 sisti,
2377 1047 2670 1118 coagulasu'
2698 1056 2869 1102 autem
2901 1064 2978 1100 me
3007 1047 3076 1102 ad
3101 1047 3500 1102 similitudinem
3525 1048 3690 1114 casei,
3717 1057 3846 1104 cute

2221 1150 2267 1194 et
2296 1142 2533 1196 carnibus
2565 1157 2644 1195 me
2672 1142 2863 1196 antisti
2885 1183 2898 1208 ,
2938 1141 3143 1196 ossibus
3171 1150 3222 1196 et
3249 1141 3417 1196 nervis
3451 1156 3532 1196 nte
3561 1140 3852 1196 contesistt'
3893 1195 3904 1202 ,

2221 1233 2364 1306 (Job.
2402 1231 2479 1305 χ).
2512 1233 2591 1288 Tu
2633 1249 2787 1305 ergo,
2844 1234 2935 1304 qui
2988 1232 3056 1288 de
3101 1232 3411 1288 conditiono
3441 1244 3527 1287 ttta
3578 1232 3847 1300 dolebas,

2222 1342 2348 1383 cccc
2375 1326 2606 1398 plangis,
2651 1337 2706 1382 et
2737 1326 2836 1384 ille
2865 1327 2954 1397 qui
2985 1337 3154 1382 carne
3197 1339 3303 1384 non
3332 1335 3421 1382 est
3445 1325 3851 1393 circumdatus,

2220 1434 2250 1475 a
2277 1428 2329 1474 te
2359 1420 2632 1490 plangitur
2663 1436 2675 1472 :
2710 1431 2934 1474 vocatus
2961 1435 3020 1475 es
3044 1420 3186 1474 enim
3221 1420 3272 1473 in
3301 1434 3419 1473 eam
3444 1434 3618 1492 spem,
3646 1418 3718 1475 de
3741 1435 3855 1490 qua

2220 1514 2314 1570 illc
2343 1513 2558 1570 cecidit.
2605 1513 2839 1569 Peccato
2878 1513 3066 1582 Israel,
3101 1513 3246 1568 salus
3281 1511 3537 1583 gentibus
3565 1513 3860 1568 subintro-

2221 1608 2323 1682 vit,
2351 1607 2579 1662 Andeho
2609 1605 2819 1677 aliquid
2848 1608 3117 1660 sacratius
3139 1603 3346 1670 dicere,
3375 1605 3430 1660 in
3456 1604 3640 1660 locum
3675 1622 3858 1677 attge-

2221 1701 2422 1768 lorum,
2459 1701 2548 1770 qni
2584 1708 2835 1766 ruerunt,
2869 1710 2922 1752 tu
2956 1713 3287 1753 ascensurus
3319 1712 3400 1763 es,
3433 1706 3488 1752 et
3517 1698 3858 1768 mysterium

511 1788 748 1844 visibilis
797 1788 1221 1857 contempletur,
1269 1798 1326 1844 et
1357 1788 1528 1856 possit
1560 1787 1990 1858 unumquodque
2023 1789 2118 1840 ho—
2151 1797 2194 1856 δ
2223 1793 2366 1864 quod
2399 1791 2692 1862 aliquando
2735 1791 2841 1846 illis
2883 1791 3150 1846 creditum
3197 1799 3313 1854 est,
3347 1789 3445 1843 tibi
3502 1787 3856 1846 credendum

509 1899 626 1938 runt
655 1881 954 1937 secundum
987 1881 1078 1936 Dei
1107 1880 1419 1951 intelligere
1465 1881 1838 1936 voluntatem?
1873 1881 2005 1948 Quis
2035 1893 2119 1934 est

506 1991 635 2047 ergo
663 1975 916 2046 princeps
941 1976 1065 2038 iste,
1090 1975 1387 2043 discamus,
1416 1985 1474 2031 ut
1497 1985 1892 2046 cognoscentes
1914 1976 2122 2030 latnen-

508 2072 794 2139 tationem,
849 2071 1012 2127 etiam
1043 2070 1192 2141 quod
1225 2085 1370 2124 nunc
1407 2083 1570 2138 super
1601 2084 1663 2124 ea
1693 2069 1909 2132 dicitur,
1945 2070 2117 2124 evite-

439 2205 444 2208 -
510 2180 650 2221 mus.
686 2165 964 2234 Plangitur
1007 2165 1266 2234 princeps
1311 2162 1460 2234 Tyri.
1509 2165 1682 2230 Quam
1733 2162 1908 2218 bonus
1951 2162 2117 2228 Deus,

508 2262 600 2332 qui
631 2261 794 2316 etiam
821 2277 940 2329 eos,
970 2262 1063 2330 qui
1094 2276 1156 2314 se
1187 2268 1541 2329 negaverunt,
1573 2258 1768 2314 delicti
1803 2258 1872 2312 Et
1898 2257 2000 2312 hoc
2026 2272 2121 2312 ve-

507 2354 588 2410 nit
634 2355 798 2410 ctiam
842 2369 906 2410 es
958 2355 1162 2409 amoris
1199 2353 1417 2409 affectu.
1449 2351 1621 2408 Nemo
1665 2352 1865 2422 quippe
1919 2351 2122 2421 plangit

457 2493 466 2503 .
507 2465 672 2520 quem
703 2449 813 2506 odit
851 2465 862 2502 :
898 2457 954 2504 et
1000 2448 1092 2520 qui
1142 2447 1438 2518 plangitur,
1492 2447 1771 2516 plangitur
1815 2446 2033 2516 quidem
2065 2456 2122 2501 ut

511 2553 760 2599 mortuus
792 2561 804 2596 :
838 2558 1030 2598 verum
1077 2544 1230 2610 quasi
1261 2542 1440 2596 adhuc
1467 2551 1766 2611 quaeratur,
1799 2540 1953 2610 quasi
1987 2540 2120 2596 vivis

506 2638 786 2696 desiderio
815 2638 907 2704 sit,
939 2636 1202 2706 diligitur.
1239 2636 1304 2690 Et
1327 2635 1629 2692 Jerusalem
1665 2635 1886 2705 quando
1913 2632 2124 2702 plangi-

507 2744 618 2796 tur,
648 2733 914 2801 scriptum
947 2741 1030 2785 est
1061 2749 1075 2785 :
1112 2729 1175 2784 Et
1201 2734 1401 2801 factum
1429 2739 1503 2784 est
1527 2739 1798 2800 postquam
1831 2736 2014 2796 captus
2046 2735 2120 2781 est

513 2827 703 2894 lsrael,
739 2835 785 2880 et
814 2825 1048 2881 desolata
1074 2835 1148 2880 est
1175 2825 1491 2890 Jerusalem,
1528 2823 1660 2878 sedit
1679 2822 1936 2876 Jet'emius
1967 2825 2118 2892 flens,

509 2932 558 2976 et
586 2923 876 2976 lamentans
905 2920 1326 2975 lamentationem
1359 2921 1512 2976 istam
1536 2936 1690 2987 super
1725 2917 2039 2986 Jerusalem,
2073 2929 2122 2972 et

510 3019 583 3072 ait
615 3035 633 3072 .'
663 3015 936 3082 Quomodo
961 3016 1100 3070 sedet
1124 3014 1237 3068 sola
1268 3013 1470 3080 civitas,
1501 3029 1614 3082 qua:
1638 3012 1868 3068 abundat
1895 3013 2121 3082 populis,

512 3110 654 3178 facta
677 3118 751 3162 est
783 3118 833 3164 ut
856 3107 1013 3184 vidua
1043 3123 1156 3176 qua:
1182 3105 1532 3177 multiplicata
1566 3115 1674 3159 erat
1701 3108 1754 3157 in
1783 3105 2080 3160 nationibus
2105 3119 2123 3158 .'

2224 1887 2353 1950 erit,
2395 1886 2462 1940 de
2505 1901 2610 1954 quo
2643 1887 2842 1938 dicitur
2890 1902 2900 1936 :
2944 1883 3218 1950 Qumnodo
3247 1883 3430 1936 cecidit
3480 1883 3731 1953 Lucifer,
3767 1886 3861 1955 qui

2227 1997 2379 2034 mane
2406 1980 2712 2034 oriebatur?
2734 1979 2814 2034 Tu
2840 1993 2974 2033 vero
3006 1979 3090 2031 lux
3123 1978 3296 2032 fartus
3323 1985 3382 2032 es
3411 1978 3624 2041 mundi,
3659 1987 3724 2030 tu
3751 1990 3858 2047 pro

2225 2077 2317 2132 illo
2352 2077 2527 2132 foetus
2569 2092 2626 2131 es
2659 2075 2880 2130 Lucifer
2911 2091 2923 2128 :
2958 2089 3094 2129 unus
3121 2073 3190 2130 de
3231 2073 3409 2128 stellis
3444 2082 3562 2128 erat
3600 2073 3860 2140 Lucifer,

2225 2172 2313 2241 qui
2347 2172 2416 2227 de
2443 2171 2580 2227 caelo
2614 2171 2744 2234 ruit,
2776 2181 2824 2225 et
2859 2179 2918 2223 tu
2951 2169 2999 2223 si
3030 2181 3208 2224 tamen
3235 2169 3304 2224 de
3350 2171 3556 2223 semine
3577 2183 3643 2224 es
3670 2171 3862 2225 Abru-

2224 2261 2370 2328 ham,
2407 2264 2548 2318 inter
2574 2263 2762 2318 stellas
2791 2264 2914 2317 ραιιί
2962 2262 3393 2332 computaberis.
3449 2262 3654 2316 Eduxit
3701 2264 3860 2318 enim

2221 2356 2389 2428 996
2417 2355 2688 2409 Abraham
2720 2353 2886 2420 iuras,
2921 2364 2974 2408 et
3004 2354 3144 2408 dixit
3179 2355 3229 2407 ei
3265 2354 3404 2407 Deus
3441 2371 3454 2406 :
3491 2352 3750 2423 Respice,
3786 2356 3863 2410 sic

2225 2451 2320 2503 erit
2349 2463 2519 2502 semen
2552 2457 2696 2501 tuum
2729 2446 2883 2516 (Gen.
2929 2451 3050 2516 xv).
3107 2447 3218 2501 Hoc
3273 2455 3454 2500 autem
3513 2454 3650 2501 tunc
3705 2449 3860 2514 erit,

2223 2541 2445 2612 quando
2490 2541 2664 2595 SIOHLB
2704 2542 2900 2595 cadent
2933 2550 2988 2593 ut
3021 2539 3149 2594 folia
3181 2540 3249 2594 de
3287 2520 3458 2606 cmlo',
3505 2551 3554 2594 et
3587 2541 3704 2596 erit
3750 2543 3864 2598 alia

2221 2637 2392 2707 gloria
2423 2635 2575 2699 solis,
2601 2646 2653 2690 et
2676 2636 2781 2690 alia
2805 2635 2978 2706 gloria
3013 2635 3175 2698 lunm,
3201 2635 3305 2687 alia
3330 2633 3500 2704 gloria
3525 2634 3858 2690 stellarum.

2227 2733 2397 2790 Stella
2426 2735 2564 2786 enim
2597 2732 2663 2785 ab
2694 2730 2846 2784 stella
2877 2730 3052 2798 differt
3097 2731 3150 2783 in
3193 2730 3451 2793 claritate,
3483 2730 3557 2784 sic
3581 2740 3636 2782 "at
3671 2745 3865 2785 resur-

2227 2831 2385 2880 rectio
2427 2834 2746 2878 mortuorum
2795 2822 2839 2894 (ι
2881 2820 3002 2876 Cor.
3053 2820 3166 2892 xv).
3203 2819 3400 2875 Verum
3451 2820 3564 2874 noli
3615 2821 3864 2888 gloriari

2223 2924 2516 2977 adversum
2551 2919 2859 2974 istiusmodi
2886 2933 3094 2983 ramos,
3123 2917 3216 2986 qui
3251 2917 3306 2970 in
3335 2916 3666 2971 inﬁdelitate
3703 2919 3864 2972 ceeib

2223 3017 2445 3083 derunt,
2479 3024 2534 3069 ct
2554 3017 2706 3068 fracti
2729 3027 2862 3067 sunt
2891 3012 3065 3081 (Rom.
3096 3009 3172 3081 ιι)
3208 3027 3220 3063 :
3252 3020 3308 3064 tu
3339 3010 3460 3077 quin
3490 3010 3543 3062 in
3568 3009 3681 3062 [ide
3711 3021 3862 3076 stas,

2229 3111 2333 3164 ildo
2353 3121 2406 3165 et
2437 3109 2720 3163 ascendas.
2759 3108 2825 3162 Et
2872 3122 2968 3176 per
2997 3108 3098 3160 hoc
3129 3103 3272 3175 quod
3300 3103 3509 3175 plangis
3537 3104 3865 3176 principem

511 3204 750 3274 princeps
774 3202 829 3256 in
854 3200 1150 3272 regionibus
1179 3200 1316 3269 facta
1349 3209 1420 3254 est
1454 3199 1505 3252 in
1534 3197 1781 3252 tributum
1810 3195 2029 3266 (Titi-en.
2051 3198 2116 3266 ι).
2148 3206 2193 3269 C
2227 3205 2376 3272 Tyri,
2410 3214 2466 3258 ει
2493 3220 2554 3257 ea
2583 3217 2706 3257 cum
2746 3199 3422 3268 lamentatimiedeplem,
3447 3203 3867 3271 quaesuperius

511 3295 796 3366 Plangitur
840 3302 896 3350 et
943 3294 1473 3350 NabllchOtiOIIOaOI‘.
1525 3291 1624 3348 Ubi
1672 3301 1800 3348 sunt
1847 3292 2119 3361 haarescs,

511 3391 604 3446 ubi
629 3401 754 3446 sunt
779 3391 872 3462 qui
904 3390 1052 3446 aiunt
1078 3390 1212 3446 istos
1237 3391 1289 3442 in
1323 3388 1690 3457 perditionem
1724 3399 1938 3442 creatos
1969 3387 2124 3444 esse?

509 3485 885 3542 Criminantur
917 3487 1082 3558 995
1112 3483 1453 3550 Creatorem,
1487 3492 1546 3538 ut
1573 3499 1631 3538 sc
1674 3483 1992 3538 criminibus
2031 3482 2123 3535 ali-

513 3583 749 3638 solvant.
783 3583 986 3652 Accipe
1021 3583 1463 3638 lamentationem
1517 3581 1676 3634 istam
1728 3593 1897 3648 super
1939 3592 2122 3647 regem

513 3675 826 3748 Babyl0nis,
853 3683 906 3730 et
932 3675 1083 3731 dices
1118 3693 1130 3727 :
1165 3674 1436 3739 Quomodo
1464 3674 1682 3728 cessarit
1713 3673 1800 3740 qui
1832 3672 2127 3743 repetebat?

510 3770 772 3841 quomodo
817 3771 1005 3840 quievit
1053 3769 1140 3836 qui
1185 3767 1454 3836 exigebat?
1497 3767 1552 3820 In
1600 3783 1780 3836 regem
1833 3766 2126 3836 Babylonis

513 3864 618 3917 ista
667 3864 928 3918 dicuntur
962 3881 971 3917 :
1011 3863 1283 3930 Quomodo
1316 3861 1496 3916 cecidit
1537 3859 1746 3930 Lucifer
1776 3861 1839 3913 de
1865 3861 2010 3919 cwlo,
2041 3859 2126 3928 qui

515 3970 666 4010 mane
685 3956 941 4010 oriebatur
962 3998 978 4022 ,
1009 3956 1263 4010 contritus
1291 3964 1364 4008 est
1391 3955 1442 4007 in
1473 3963 1663 4006 terram
1688 3951 1844 4023 (1δαί.
1881 3953 2032 4020 xw)?
2063 3952 2128 4006 Et

514 4049 611 4104 ille
641 4049 710 4104 de
739 4049 882 4105 calo
911 4048 1132 4113 cecidit,
1165 4058 1212 4102 et
1253 4051 1348 4102 iste
1378 4048 1704 4118 signaculum
1745 4046 2123 4113 similitudinis,

514 4158 710 4197 corona
743 4142 962 4204 decoris,
995 4141 1047 4194 in
1085 4139 1343 4194 Par-adito
1369 4140 1681 4193 drliciarum
1709 4141 1952 4193 nutritus.
1989 4139 2127 4198 Ecce

517 4252 710 4293 omnes
731 4236 799 4293 de
822 4235 964 4292 cmi-0
982 4234 1272 4300 cecidisse,
1291 4251 1396 4288 non
1420 4234 1776 4290 descendisse
1797 4233 2125 4290 referuntur.

516 4332 781 4387 Dominus
826 4345 958 4386 vero
992 4344 1148 4386 meus
1179 4329 1260 4388 de.
1288 4328 1430 4388 caelo
1469 4327 1777 4392 descendit,
1825 4337 1872 4383 et
1911 4330 2001 4400 qui
2039 4329 2127 4384 de-

515 4425 745 4494 scendit,
779 4425 888 4497 ipse
912 4432 990 4480 est
1013 4422 1156 4492 ﬁlius
1197 4420 1444 4500 horninis.
1467 4419 1540 4476 At
1571 4435 1681 4486 non
1719 4420 1862 4478 sicut
1887 4431 2124 4476 satanas.

515 4516 634 4573 Non
677 4519 824 4572 ειιῑιιι
855 4516 1137 4576 descendit
1181 4515 1250 4572 de
1297 4514 1470 4596 coelo,l
1501 4529 1696 4594 ,neque
1724 4514 1770 4568 ei
1821 4514 1945 4568 mali
1979 4514 2131 4584 quic—

2227 3297 2679 3365 interposuimus,
2731 3294 2987 3356 educere,
3042 3303 3111 3349 tte
3149 3292 3288 3348 forte
3331 3295 3384 3346 iu
3436 3291 3522 3346 his
3561 3291 3738 3348 hortis
3773 3311 3866 3349 rc-

2230 3404 2437 3461 pertus,
2471 3407 2590 3461 qua:
2617 3390 2872 3460 princeps
2914 3389 3042 3459 Tyri
3073 3389 3279 3454 habuit,
3311 3389 3478 3442 etiam
3507 3396 3562 3443 tu
3617 3389 3868 3459 incipias

2229 3501 2420 3548 ruete,
2465 3488 2508 3538 si
2543 3486 2820 3554 paululum
2878 3486 3046 3537 lueris
3089 3483 3369 3553 girriatus,
3421 3489 3478 3536 et
3527 3491 3642 3538 non
3667 3494 3869 3538 coetu-

2227 3580 2396 3634 dieris
2419 3580 2566 3632 etnni
2584 3579 2944 3631 t-nstotliaror
2967 3587 3138 3631 tuum.
3161 3576 3295 3631 Vide
3321 3577 3522 3646 quippe
3545 3575 3682 3642 Quid
3713 3577 3870 3631 dicat

2227 3674 2294 3728 ad
2321 3672 2618 3742 principem
2641 3670 2771 3742 Tyri
2803 3690 2812 3724 :
2839 3670 2918 3724 Tu
2942 3669 3265 3740 signaruimu
3293 3667 3676 3724 similitudinis.
3720 3669 3870 3725 Volo

2227 3780 2390 3820 nosse
2417 3764 2548 3834 quid
2567 3763 2751 3828 fuerit,
2797 3775 2854 3818 ιιι
2885 3763 3230 3833 signaculum
3284 3761 3664 3817 similitudinis
3715 3779 3875 3818 nuu-

2228 3867 2458 3926 cupatus
2491 3858 2582 3911 sit.
2615 3857 2748 3910 Cum
2785 3855 3105 3924 proieceris,
3168 3856 3422 3923 accepisti
3463 3855 3870 3924 signaculum;

2225 3950 2486 4022 quoniam
2515 3951 2660 4006 Deus
2693 3951 3005 4020 rerchnjus
3057 3959 3209 4019 pater
3265 3965 3430 4020 quem
3484 3948 3756 4019 signavit,
3811 3960 3874 4006 et

2229 4050 2398 4113 misit,
2463 4057 2516 4104 et
2574 4047 2696 4103 ideo
2744 4063 2963 4118 semper
3005 4047 3292 4102 credentes
3337 4045 3623 4115 signantur
3665 4062 3706 4100 ει
3755 4046 3874 4102 Do-

2229 4143 2397 4197 mino.
2423 4142 2540 4197 iam
2579 4151 2765 4196 autem
2813 4150 2867 4196 et
2909 4153 3200 4196 commune
3223 4138 3574 4208 proverbium
3597 4139 3790 4203 venit,
3815 4147 3876 4194 ut

2230 4235 2479 4290 dicamus
2505 4251 2518 4289 :
2555 4235 2672 4302 ille,
2695 4243 2751 4290 et
2781 4234 2872 4290 ille
2897 4248 3012 4288 non
3042 4233 3254 4302 accepit
3275 4231 3641 4304 signaculum,
3675 4243 3742 4290 et
3776 4233 3876 4290 ille

2229 4329 2572 4400 signaculum
2639 4329 2822 4382 halmt.
2887 4328 3022 4397 Quis
3078 4327 3244 4384 habet
3301 4326 3687 4397 signaculum?
3769 4328 3876 4384 Ille

2229 4438 2392 4492 quem
2419 4421 2668 4492 signavit
2695 4421 2858 4477 Deus.
2891 4419 3116 4476 Audebo
3141 4417 3346 4490 aliquid
3377 4418 3586 4482 dicere,
3616 4418 3764 4488 quia
3788 4420 3872 4474 si-

2227 4517 2468 4587 gnaculo
2491 4517 2596 4572 isto
2629 4516 2720 4572 ille
2743 4516 2992 4587 signatus
3019 4525 3126 4580 est,
3151 4516 3243 4584 qui
3269 4513 3518 4583 baptizat
3547 4513 3605 4568 in
3635 4512 3876 4584 Spiritu

513 4627 678 4682 qnam
709 4612 1004 4675 acciderat,
1038 4611 1085 4668 si
1111 4608 1688 4688 descetidissegﬁudi
1711 4609 1910 4686 desum
1940 4610 2127 4666 (licen-
2155 4615 2204 4676 D
2231 4620 2452 4679 sancte,
2483 4620 2542 4666 et
2571 4611 2717 4683 igne,
2753 4611 2844 4666 ille
2872 4609 2968 4680 qui
2992 4609 3220 4680 largitur
3251 4608 3542 4680 imaginem
3571 4608 3873 4675 caelestis,

520 4717 629 4761 tem
656 4723 670 4760 :
709 4704 953 4762 Videbam
979 4703 1838 4778 Satatmntqpasifulgur-deﬁcio
1863 4704 2128 4758 cadentem

518 4798 671 4871 (Luc.
706 4797 782 4869 κ),
816 4813 926 4853 non
957 4783 1644 4882 deaccndcutemcyerum
1675 4789 1788 4854 non
1813 4798 1988 4854 solum
2013 4799 2131 4853 Sal-

515 4902 672 4948 vator
715 4907 747 4949 e
781 4893 925 4949 caelo
948 4891 1277 4954 descendit:
1303 4891 1881 4965 quotidieappliitudo
1909 4893 2130 4950 descen-

515 4989 618 5056 dit,
645 4996 700 5044 et
735 4987 984 5042 ascendit
1027 5001 1192 5056 super
1241 4987 1412 5040 lilium
1445 4985 1688 5058 namque
1719 4984 1901 5057 (Joan.
1936 4985 1996 5058 t).
2033 4986 2130 5040 Vi-

512 5084 668 5140 debis
696 5083 846 5139 enim
878 5079 1082 5138 ctelum
1124 5089 1377 5151 apertum
1401 5125 1416 5148 ,
1463 5091 1517 5138 et
1560 5081 1782 5150 angelos
1817 5081 1912 5136 Dei
1937 5096 2126 5138 ascen-

513 5177 705 5234 dentes
734 5185 790 5232 et
817 5173 1217 5232 descendentes
1260 5189 1426 5243 super
1447 5173 1922 5242 ‘ﬁlittmhominis.
1972 5175 2038 5230 Et
2071 5183 2125 5229 tu

513 5282 774 5344 exspecta
824 5271 1202 5328 ascensionem
1251 5278 1420 5328 wall}.
1453 5268 1686 5352 Tantum
1734 5285 1762 5324 a
1810 5275 1966 5326 ruina
1992 5283 2124 5325 con-

507 5382 687 5437 surge,
705 5375 762 5422 ct
774 5365 897 5422 audi
927 5384 940 5420 :
969 5359 1568 5434 Exsurge,.lerusaleut,
1593 5364 1933 5430 saginatum
1953 5363 2128 5432 Spera

510 5461 640 5529 quia
661 5463 770 5518 scis
794 5458 1212 5536 ascensurusﬂio
1259 5458 1460 5518 emtum
1479 5472 1504 5522 ;.
1523 5465 1737 5514 etcave
1767 5473 1834 5512 ne
1868 5457 1962 5514 tibi
1991 5473 2128 5528 quo-

511 5571 620 5623 que
649 5556 866 5612 dicatur
898 5555 1224 5627 :-N_utuquid
1261 5556 1352 5627 qui
1381 5555 1522 5622 cuit
1540 5595 1554 5619 ,
1581 5569 1688 5610 non
1733 5555 2005 5626 resurget?
2031 5564 2124 5610 aut

504 5663 714 5705 aversus
733 5661 839 5705 non
861 5660 1186 5706 committetur
1205 5647 1344 5720 (λεν.
1377 5645 1532 5716 vat)?
1559 5647 1650 5702 Va:
1669 5648 1766 5718 qui
1793 5656 2121 5704 convertun-

505 5746 592 5794 tur
617 5743 974 5800 conversione
1005 5744 1259 5813 pastum,
1293 5742 1429 5798 dicit
1458 5741 1744 5798 Dominus.
1779 5741 1846 5798 Et
1884 5740 1988 5796 iste
2019 5741 2119 5797 ita-

503 5847 620 5910 que
645 5832 716 5892 ds
739 5833 830 5893 his
847 5851 986 5894 um
1011 5846 1116 5904 est,
1141 5836 1233 5908 qui
1259 5845 1510 5907 ruerunt,
1535 5843 1598 5898 et
1616 5833 1894 5910 plangitur
1913 5836 1982 5894 ab
2015 5833 2113 5892 ho-

2231 4706 2324 4777 qui
2353 4706 2554 4762 format
2579 4716 2632 4762 te
2658 4705 2726 4762 ad
2747 4706 3056 4776 superiora,
3087 4712 3146 4760 ut
3175 4704 3318 4759 ultra
3347 4718 3458 4758 non
3492 4713 3690 4773 portes
3722 4705 3878 4760 ima-

2230 4802 2409 4871 gine
2463 4800 2766 4858 terrestris.
2797 4797 2977 4866 Cave,
3034 4802 3220 4864 homo,
3273 4812 3341 4852 nc
3389 4795 3660 4852 saeculum
3709 4797 3877 4854 istud

2229 4895 2562 4964 egrediens,
2605 4894 2887 4966 signaculo
2929 4891 3136 4950 diaboli
3173 4893 3249 4948 sis
3298 4893 3622 4962 impressus.
3672 4890 3879 4952 [labet

2229 4991 2429 5059 quippe
2452 4989 2548 5044 ille
2575 4989 2945 5060 signaculum.
2973 4986 3152 5044 Sicuti
3178 4984 3522 5056 portavimus
3547 4985 3879 5058 imaginem

2230 5083 2539 5148 terrestris,
2565 5084 2734 5148 unde,
2764 5081 2850 5138 vel
2870 5081 3109 5152 quando,
3143 5080 3228 5136 vel
3252 5080 3344 5150 qui
3363 5078 3727 5152 signiﬁcavit,
3759 5081 3882 5138 hoc

2229 5177 2386 5247 signo
2412 5175 2816 5246 portaverimus
2839 5174 3130 5245 imaginem
3162 5171 3456 5228 terrestris.
3493 5170 3714 5228 Circuit
3741 5174 3878 5230 dia-

2231 5270 2422 5334 bolus,
2453 5280 2510 5326 et
2547 5271 2746 5326 lustrat
2773 5269 2977 5334 omnia,
3009 5267 3201 5326 volens
3236 5275 3292 5322 et
3325 5266 3445 5336 ipse
3474 5264 3700 5337 signare
3731 5267 3880 5324 sub-

2225 5365 2402 5433 jectos
2442 5364 2563 5420 sibi.
2591 5363 2781 5434 Signat
2807 5372 2987 5418 autem
3016 5361 3356 5434 singulorum
3382 5357 3552 5418 corda
3584 5362 3878 5418 conside-

2229 5475 2380 5526 rans,
2411 5469 2466 5516 et
2490 5460 2760 5532 imprimit
2781 5459 2836 5516 in
2861 5458 2942 5516 eis
2972 5459 3199 5530 lignram
3234 5454 3444 5534 terreni
3467 5469 3566 5528 per
3593 5456 3874 5524 perc-sta,

2231 5569 2326 5622 per
2355 5554 2510 5619 vitia,
2559 5561 2620 5610 ut
2652 5563 2876 5626 portent
2905 5552 3196 5624 imaginem
3231 5549 3533 5606 terresu'io-
3574 5537 3724 5593 Αιιάί
3765 5540 3876 5599 Je-

2228 5646 2498 5717 suna-quid
2521 5646 2872 5718 respondeat,
2897 5647 3115 5718 quando
3135 5646 3422 5704 imaginem
3445 5639 3502 5690 et
3525 5630 3878 5704 inscriptio-

2227 5757 2350 5798 nem
2374 5740 2612 5798 Caesaris
2633 5741 2936 5806 postulatur
2957 5747 2970 5784 ε
2997 5728 3100 5800 Qui
3121 5727 3272 5785 habet
3295 5741 3448 5782 aures
3474 5727 3737 5784 audiendi
3763 5748 3879 5788 au-

2225 5833 2339 5888 aiat
2381 5824 2598 5900 (Matth.
2630 5822 2899 5896 x1);Nam
2926 5823 3056 5897 quia
3087 5837 3196 5884 non
3228 5814 3466 5884 habebat
3494 5833 3620 5880 eam
3648 5819 3876 5904 imagi-
