4150 6346
520 303 629 369 785

1759 293 1816 351 S.
1862 286 2137 351 EUSEBII
2176 288 2561 351 HIERONYMI

3720 285 3829 346 784

518 423 613 496 qui
657 426 850 477 cuncta
905 417 1215 489 intelligere
1267 415 1561 488 possimus,
1616 428 1788 485 pauca
1817 413 2123 481 videamus,
2152 416 2206 477 Α
2232 422 2397 483 atque
2439 412 2711 469 dicentem
2749 426 2764 463 :
2798 408 2920 466 Mea
2966 416 3084 465 sunt
3112 408 3351 480 ﬂumina,
3385 413 3431 463 et
3464 421 3561 481 ego
3593 404 3692 478 feci
3735 405 3832 460 illa

524 514 802 585 quomodo
853 512 1142 569 duodecim
1193 511 1318 568 istis
1356 508 1635 582 lapidibus
1667 509 1889 566 indutus
1940 509 2126 565 fuerit.

527 609 586 665 Si
616 608 706 663 cui
729 606 928 663 divinae
957 606 1154 661 litterae
1183 618 1329 660 cura:
1357 611 1485 658 sunt
1516 601 1607 674 (ad
1648 616 1811 673 quam
1840 617 1954 657 rem
1986 615 2131 671 saepe

524 700 885 759 exhortamur
914 698 1317 764 adolescentes,
1346 696 1441 752 sed
1474 704 1533 752 ut
1576 694 1756 765 video,
1790 695 1925 750 nihil
1969 694 2133 765 proli-

524 797 727 864 cimus,
781 793 1163 851 tantummodo
1218 801 1465 863 tempora
1518 798 1907 847 consumentes
1950 807 1963 845 :
2019 805 2128 843 non

526 890 675 948 enim
704 892 981 964 potuimus
1027 889 1241 959 aliquos
1286 902 1479 943 eorum
1525 886 1591 941 ad
1626 884 1677 941 id
1709 883 2032 957 perducere,
2073 891 2132 939 ut

526 985 704 1042 sacris
753 982 1119 1041 voluminibus
1160 980 1499 1052 insisterent)
1556 989 1612 1035 et
1661 978 1947 1034 duodecim
2004 975 2131 1033 illos

524 1078 759 1150 lapides,
793 1086 848 1133 et
872 1083 1071 1133 caetera
1103 1073 1352 1147 requirat
1385 1074 1437 1129 in
1455 1072 1781 1144 Scripturis,
1814 1071 2057 1127 inveniet
2080 1079 2135 1125 et

524 1172 584 1227 in
637 1169 969 1242 Apocalypsi
999 1167 1191 1225 eodem
1240 1166 1427 1232 modo,
1482 1174 1646 1235 atque
1677 1162 1871 1219 ordine
1914 1176 2125 1218 nuncu-

528 1274 711 1339 patos.
737 1263 929 1333 Quiihi
958 1262 1169 1337 primus
1195 1280 1209 1317 :
1240 1270 1298 1319 et
1317 1261 1407 1317 hic
1430 1260 1640 1332 primus
1666 1266 1751 1314 est
1777 1257 2011 1329 positus,
2038 1255 2134 1328 qui

527 1358 805 1417 secundus
839 1356 1137 1423 secundus,
1168 1356 1259 1427 qui
1290 1356 1485 1412 tertius
1517 1353 1735 1419 tertius,
1780 1351 1872 1423 qui
1903 1358 2132 1422 quartus

528 1463 775 1527 quartus,
810 1460 972 1522 atque
1002 1451 1075 1507 ita
1104 1464 1277 1520 usque
1321 1447 1389 1504 ad
1435 1445 1823 1503 duodecimum
1865 1443 2129 1515 lapidem,

524 1548 661 1604 ordo
706 1555 954 1603 servatus
1000 1553 1104 1600 est.
1150 1542 1259 1599 Cur
1285 1556 1437 1615 ergo,
1468 1549 1524 1598 et
1567 1555 1732 1611 super
1775 1553 1881 1610 quo
1921 1536 2132 1609 lapides

530 1639 625 1697 isti
668 1640 723 1696 in
772 1635 1103 1710 Apocalypsi
1142 1636 1442 1707 nuncupati
1491 1633 1662 1689 sunt?
1712 1631 1914 1704 Utique
1966 1644 2132 1702 super

472 1732 477 1733 “
530 1740 716 1803 portas
737 1730 1041 1788 Jerusalem
1069 1729 1330 1793 caelestis,
1363 1727 1548 1799 ibique
1569 1725 1795 1793 dicitur,
1811 1724 1937 1796 quia
1954 1724 2128 1797 prima

2233 506 2449 582 (Eeech.
2486 505 2660 580 xxix).
2694 504 2833 562 Novi
2881 519 2984 577 ego
3028 503 3374 561 diﬂ‘erentias
3419 501 3728 565 ﬂuminum,
3780 508 3837 555 ct

2231 602 2346 657 scio
2368 600 2589 656 ﬂumina
2619 600 2677 656 in
2708 598 2909 671 quibus
2946 598 3114 654 draco
3140 597 3351 664 sedeat,
3380 609 3548 666 super
3572 608 3693 665 quin
3729 592 3835 647 ﬂu-

2229 694 2374 750 mina
2406 693 2485 760 hi,
2528 694 2621 765 qui
2651 691 2719 748 de
2746 691 2914 748 Israel
2943 690 3089 762 capti
3113 690 3354 757 fuerant,
3396 688 3677 756 sedentes,
3707 700 3833 742 cum

2230 803 2452 845 carmen
2477 787 2608 844 Sion
2637 801 2834 843 canere
2857 802 2966 842 non
2989 795 3240 859 possent,
3272 784 3500 852 ﬂebant,
3530 782 3833 839 secundum

2232 882 2285 937 id
2313 880 2458 952 quod
2485 880 2537 935 in
2569 879 2808 937 Psalmis
2845 878 3106 951 scriptum
3136 887 3257 935 est:
3293 878 3464 950 Super
3482 876 3701 948 ﬂumina
3725 874 3834 929 Ba-

2233 974 2435 1046 bylonis
2454 975 2560 1029 illic
2581 974 2825 1041 sedimus,
2859 982 2907 1027 et
2938 974 3171 1044 ﬂeuimus
3196 970 3373 1044 (Psal.
3397 985 3616 1035 cxxxvx,
3653 970 3731 1039 1).
3765 965 3835 1021 ΕΙ.

2230 1068 2345 1124 scio
2372 1067 2523 1122 aliud
2567 1068 2791 1132 ﬂumen,
2826 1066 2984 1137 cujus
3013 1066 3248 1137 impetus
3280 1062 3520 1121 lmtilicat
3544 1062 3828 1118 civitatem

2232 1160 2351 1227 Dei,
2388 1160 2546 1232 juxta
2575 1160 2879 1217 Psalmistte
2908 1176 3098 1218 vocem
3130 1160 3365 1217 dicentis
3394 1177 3405 1213 :
3440 1158 3705 1214 Fluminis
3735 1158 3836 1211 im-

2232 1263 2383 1326 petus
2416 1255 2646 1326 lwtiﬁcat
2673 1256 2929 1310 civitatem
2959 1252 3081 1310 Dei.
3118 1253 3213 1311 Vis
3250 1253 3442 1310 audire
3473 1253 3598 1326 quis
3623 1258 3707 1308 est
3733 1251 3839 1308 istc

2231 1345 2454 1413 ﬂuvius,
2507 1348 2661 1418 cujus
2704 1349 2940 1419 impetus
2992 1347 3235 1405 laetificat
3303 1346 3513 1420 1001
3562 1344 3834 1401 civitatem

2236 1441 2371 1497 Dei?
2410 1440 2571 1498 Jesus
2618 1439 2869 1497 Christus
2914 1440 3177 1497 Dominus
3226 1448 3419 1496 noster
3462 1447 3546 1495 est
3601 1437 3832 1505 ﬂuvius,

2231 1532 2388 1604 cujus
2416 1533 2653 1604 impetus
2682 1533 2927 1589 laetiﬁcat
2947 1532 3228 1589 civitatem
3260 1532 3383 1588 Dei.
3417 1531 3525 1588 Iste
3545 1539 3630 1587 est
3650 1530 3741 1603 qui
3761 1530 3838 1586 ait

2234 1642 2332 1698 per
2363 1626 2560 1683 Isaiam
2602 1646 2615 1681 :
2664 1626 2805 1683 Ecce
2853 1644 2947 1701 ego
2989 1627 3195 1683 declina
3236 1628 3293 1682 in
3325 1643 3414 1682 vos
3456 1626 3608 1699 quasi
3646 1626 3836 1696 ﬂuvius

2234 1723 2379 1794 pacis
2409 1720 2565 1796 (Isai.
2598 1725 2775 1794 nvi).
2807 1722 2935 1781 Scio
2962 1738 3064 1795 ego
3090 1721 3358 1794 quosdam
3381 1735 3505 1778 esse
3526 1720 3720 1776 ﬂuvios
3748 1734 3837 1776 re-

526 1831 684 1897 porta
718 1823 993 1895 t0pazium
1022 1822 1115 1889 sit,
1145 1818 1385 1878 secunda
1434 1818 1785 1891 smaragdus,
1831 1818 1991 1874 tertia
2017 1831 2139 1873 car-
2168 1818 2213 1880 Β
2241 1818 2568 1888 promissos,
2592 1816 2685 1889 qui
2716 1832 2782 1873 ex
2830 1816 2935 1873 hoc
2973 1816 3144 1873 ﬂuvio
3171 1826 3417 1873 manant.
3448 1816 3637 1873 Omnis
3664 1816 3832 1884 enim,

528 1915 822 1986 bunculus,
856 1923 1048 1987 quarta
1077 1914 1391 1985 sapphirus,
1427 1923 1591 1984 atque
1639 1914 1710 1968 ita
1742 1912 1796 1968 in
1827 1913 1975 1968 hunc
2017 1926 2132 1968 mo—

526 2007 656 2065 dum
690 2008 744 2063 in
766 2006 1009 2079 singulas
1032 2015 1221 2078 portas
1242 2005 1452 2086 singuli.
1469 2003 1682 2075 lapides
1705 2004 2129 2061 distribuuntur.

524 2101 585 2159 Si
641 2100 982 2157 intellexeris
1036 2110 1223 2172 portas
1280 2099 1610 2168 Jerusalem,
1665 2108 1718 2156 et
1772 2110 1961 2171 portas
2009 2098 2135 2155 lilize

528 2195 686 2264 Sion,
718 2193 807 2251 ubi
840 2202 896 2251 et
924 2202 1143 2264 oportet
1183 2201 1237 2250 te
1268 2207 1467 2249 canere
1496 2193 1628 2249 Deo.
1662 2192 1896 2248 Cantabo
1918 2193 2131 2265 quippe,

528 2288 629 2354 ait,
678 2303 855 2343 omnes
899 2286 1077 2342 laudes
1131 2295 1246 2341 tuas
1292 2286 1348 2340 in
1392 2286 1553 2356 portis
1604 2286 1818 2357 1000
1846 2286 1974 2355 ﬁlia:
2002 2286 2135 2341 Sion

528 2379 707 2453 (Psal.
738 2395 813 2446 ιχ,
844 2377 934 2450 15)
970 2395 985 2433 :
1014 2378 1060 2434 si
1104 2376 1560 2434 animadverteris
1605 2378 1885 2449 quomodo
1917 2378 2137 2435 indutus

529 2476 604 2532 sit
633 2475 835 2547 aliquis
854 2474 1142 2532 duodecim
1180 2473 1480 2545 lapidibus,
1513 2485 1567 2530 et
1593 2474 1877 2546 ingressus
1916 2474 2138 2532 Jerusa-

529 2566 665 2636 lem,
709 2575 768 2623 et
796 2580 891 2638 per
928 2565 1066 2622 alias
1107 2574 1295 2638 portas
1326 2566 1631 2638 ingressus,
1680 2567 1996 2639 conspicies
2024 2569 2137 2625 vir-

528 2659 688 2732 gines
717 2658 1031 2716 duodecim.
1061 2659 1119 2715 In
1150 2659 1290 2717 libro
1322 2660 1586 2727 Pastoris,
1622 2668 1648 2698 ιι
1678 2660 1733 2716 in
1766 2677 1874 2732 quo
1902 2662 2130 2734 angelus

529 2752 913 2826 pmnitentiam
961 2752 1145 2822 docet,
1191 2752 1479 2812 duodecim
1509 2755 1755 2827 virgines
1789 2755 1992 2812 habent
2040 2773 2139 2813 no-

528 2846 680 2903 mina
722 2861 843 2915 sua,
880 2845 1062 2916 Fides,
1092 2846 1470 2915 Continentia,
1498 2858 1555 2904 et
1594 2858 1799 2905 caetera
1842 2865 1856 2903 :
1906 2852 2139 2921 potestis

529 2940 733 3013 quippe
760 2940 964 3013 legere,
994 2940 1039 2997 si
1070 2940 1260 2997 vultis.
1309 2941 1522 2998 Deinde
1562 2943 1782 3013 quando
1814 2944 1981 3001 turris
2009 2945 2140 3001 tedi-

530 3034 748 3102 iicatur,
790 3047 917 3089 cum
946 3033 1317 3105 assumpseris
1348 3034 1697 3091 fortitudines
1719 3035 2012 3107 virginum,
2048 3051 2140 3108 pa-

530 3128 670 3185 riter
695 3129 934 3200 accipies
962 3139 1018 3185 et
1047 3128 1102 3185 id
1127 3127 1271 3201 quod
1299 3128 1367 3185 de
1391 3130 1562 3199 portis
1584 3114 1818 3186 dicitur:
1847 3146 2141 3190 ornamen-

2236 1913 2328 1984 qui
2357 1912 2558 1969 biberit
2588 1928 2655 1969 ex
2698 1928 2837 1984 aqua
2869 1914 2995 1982 ista,
3041 1913 3192 1970 sitiet
3234 1928 3454 1970 rursum
3487 1928 3499 1965 :
3533 1911 3639 1978 Qui
3665 1921 3837 1966 autem

2237 2006 2414 2060 biberit
2443 2022 2508 2060 ea:
2531 2023 2689 2077 aqua,
2714 2024 2868 2078 quam
2897 2023 2990 2077 ego
3012 2007 3224 2074 dedero,
3254 2007 3327 2063 ait
3358 2005 3542 2073 Iesus,
3570 2020 3673 2058 non
3702 2004 3836 2058 sitiet

2233 2098 2290 2153 in
2338 2108 2611 2167 retentum,
2641 2098 2731 2153 sed
2763 2100 2861 2155 erit
2885 2101 3076 2171 ﬂuuius
3116 2101 3169 2154 in
3198 2116 3257 2155 eo
3285 2101 3402 2171 fons
3431 2114 3579 2171 aqua:
3610 2096 3839 2152 salientis

2235 2191 2291 2246 in
2330 2193 2485 2246 vitam
2513 2203 2783 2263 (sternam,
2817 2202 2865 2247 et
2892 2194 3115 2265 ﬂumina
3142 2194 3205 2248 de
3238 2201 3409 2247 ventre
3436 2196 3549 2265 ejus
3577 2191 3840 2263 egredien-

2244 2293 2329 2339 tur
2352 2281 2534 2356 (Joan.
2562 2284 2660 2356 ιν).
2698 2284 2879 2341 Habes
2910 2283 3075 2357 igitur
3100 2284 3299 2341 ﬂuvios
3326 2294 3567 2352 sanctos,
3593 2299 3623 2337 a
3645 2280 3839 2353 quibus

2239 2377 2434 2447 procul
2465 2385 2551 2433 est
2580 2377 2767 2433 draco.
2798 2377 3088 2444 Quomodo
3116 2377 3261 2434 enim
3287 2379 3389 2433 tria
3427 2386 3554 2433 sunt
3583 2374 3841 2447 impossi-

2236 2467 2373 2524 bilia
2399 2468 2530 2524 mihi
2558 2468 2627 2525 ad
2668 2470 3113 2542 intelligendum,
3138 2471 3229 2527 via
3256 2471 3531 2543 serpentis
3558 2484 3718 2539 supra
3746 2482 3843 2540 pe-

2241 2569 2405 2629 tram,
2442 2562 2602 2618 Petra
2625 2576 2803 2620 autem
2830 2574 2943 2621 erat
2971 2565 3234 2638 Christus,
3263 2574 3322 2622 et
3361 2581 3469 2622 non
3501 2574 3587 2621 est
3615 2565 3698 2620 via
3727 2578 3846 2620 ser-

2241 2658 2425 2729 pentis
2455 2659 2544 2713 ubi
2568 2667 2654 2715 est
2693 2659 2855 2716 Jesus
2884 2676 2898 2715 :
2932 2660 3011 2717 sic
3041 2675 3149 2717 non
3177 2676 3404 2733 possum
3436 2662 3489 2716 in
3523 2660 3732 2733 1002
3759 2658 3844 2713 his

2239 2749 2560 2808 ﬂuminibus
2607 2752 2862 2810 draconis
2915 2754 3162 2812 invenire
3206 2753 3461 2827 vestigia.
3518 2753 3617 2809 Est
3662 2762 3842 2809 autem

2239 2842 2461 2915 quidam
2492 2845 2710 2914 ﬂuvius,
2727 2862 2889 2919 quem
2912 2847 3078 2905 draco
3101 2847 3252 2914 fecit.
3273 2847 3410 2905 dicit
3432 2847 3632 2920 quippe
3652 2847 3841 2913 draco,

2239 2945 2296 2993 et
2324 2940 2693 2997 comminatur
2718 2943 2858 2999 Deus
2883 2952 2991 3000 tam
3005 2943 3435 3016 draconi,quam
3451 2942 3630 2999 ﬂuviis
3648 2943 3701 2997 in
3720 2940 3843 3013 qui—

2243 3032 2346 3088 bus
2374 3041 2459 3090 est
2479 3033 2646 3090 draco
2674 3052 2685 3088 :
2711 3034 2835 3091 Mea
2859 3047 2979 3092 sunt
2990 3038 3231 3107 ﬂumina,
3259 3046 3308 3092 et
3334 3052 3428 3109 ego
3444 3037 3545 3109 feci
3563 3034 3679 3089 illa.
3702 3033 3844 3090 Audi

2248 3124 2569 3183 haereticum
2598 3143 2721 3184 cum
2759 3129 2911 3185 omni
2934 3130 3175 3187 versutia
3208 3140 3263 3187 et
3292 3129 3511 3202 ingenio
3541 3127 3845 3200 praedican—

533 3231 649 3280 tum
678 3223 880 3296 quippe
912 3222 1010 3280 tibi
1053 3230 1140 3279 est
1180 3238 1524 3296 unaquaeque
1556 3224 1749 3292 virtus,
1783 3234 1947 3298 atque
1978 3228 2050 3283 ila
2082 3228 2136 3285 in
2165 3218 2211 3287 C
2243 3229 2375 3289 tem,
2398 3223 2631 3279 necdum
2661 3224 2883 3281 venisse
2912 3225 3099 3282 Jesum
3121 3225 3419 3282 Christum.
3455 3224 3559 3282 Ista
3588 3235 3713 3281 sunt
3742 3224 3846 3282 ﬂu—

533 3320 681 3377 hunc
730 3320 951 3377 modum
1008 3318 1449 3391 superaediﬂcant
1493 3318 1850 3377 fundamento
1901 3321 2134 3392 Christi,

532 3431 643 3472 non
691 3414 868 3471 solum
913 3428 1113 3470 aurum
1139 3422 1196 3469 et
1239 3421 1548 3484 argentum,
1598 3429 1788 3471 verum
1828 3424 1886 3473 et
1930 3417 2141 3488 lapides

531 3507 829 3579 pretiosos.
880 3505 1227 3563 Prohibitum
1280 3516 1368 3563 est
1414 3516 1598 3563 autem
1645 3509 1920 3567 aedificare
1970 3512 2138 3585 ligna,

536 3602 723 3659 fenum
754 3609 813 3659 et
854 3599 1112 3672 stipulam
1146 3600 1193 3672 (I
1220 3599 1340 3656 Cor.
1373 3599 1480 3672 III).
1513 3602 1665 3659 Intus
1696 3612 1781 3659 est
1829 3604 1998 3676 igitur
2035 3606 2143 3663 iste

531 3696 675 3767 lapis
703 3694 1093 3753 duodecimus.
1127 3694 1195 3750 Et
1239 3695 1399 3751 nobis
1442 3695 1623 3753 adhuc
1669 3698 1992 3769 imperatum
2034 3709 2140 3770 est,

533 3800 594 3848 ut
624 3790 873 3847 dicamus
917 3790 985 3846 de
1013 3789 1161 3861 Tyro
1190 3797 1247 3846 et
1290 3790 1517 3859 Sidone,
1547 3800 1605 3848 et
1651 3792 1943 3851 Pharaone
1980 3814 1993 3850 :
2045 3811 2143 3852 an-

535 3885 712 3957 gustia
757 3886 1024 3956 temporis
1060 3900 1237 3955 neque
1268 3886 1553 3958 superiora
1580 3904 1701 3959 quae
1740 3890 2007 3962 coepimus
2038 3892 2142 3949 im-

534 3981 689 4053 plere
709 3980 979 4053 permisit,
1015 3987 1071 4036 et
1100 3978 1218 4036 haec
1241 3996 1361 4052 quae
1388 3983 1645 4039 volumus
1674 3996 1961 4055 enarrare,
1983 3991 2140 4059 quasi

535 4072 832 4133 commenti
861 4087 1015 4129 more
1039 4072 1460 4145 perstringenda
1500 4085 1631 4131 sunt
1672 4075 1939 4134 breviter.
1973 4078 2139 4136 Com-

540 4169 771 4227 minatio
812 4176 899 4226 est
936 4167 991 4225 in
1039 4167 1324 4237 Sidonem,
1359 4184 1481 4240 quae
1506 4171 1903 4243 interpretatur
1930 4174 1958 4214 δ
1990 4193 2143 4232 rena-

538 4274 694 4320 tores.
729 4263 916 4318 Anima
945 4271 1122 4318 nostra
1151 4262 1284 4318 sicut
1315 4279 1498 4333 passer
1527 4274 1701 4337 erepta
1749 4278 1823 4323 est
1853 4270 1917 4325 de
1956 4272 2140 4344 laqueo

533 4357 835 4413 venantium
864 4353 1035 4427 (Psal.
1080 4354 1300 4425 cum).
1330 4354 1390 4411 Si
1420 4356 1685 4415 Hebraice
1730 4360 1898 4434 legis,
1943 4364 2137 4437 habes,

535 4452 599 4505 ile
621 4449 808 4523 laqueo
836 4449 1199 4506 Sidoniorum.
1233 4448 1400 4520 Igitur
1430 4449 1642 4506 Sidonii
1671 4466 1964 4513 venatores
1989 4468 2138 4529 sunt,

533 4552 589 4601 et
614 4544 992 4612 comminatio,
1023 4558 1146 4615 qua:
1195 4542 1256 4597 lit
1304 4544 1356 4599 in
1390 4559 1507 4613 eos,
1557 4556 1783 4619 propter
1808 4557 1865 4606 te
1894 4550 1974 4620 lit,
2008 4571 2143 4626 quo-

536 4639 682 4694 niam
711 4639 905 4696 volunt
950 4646 1001 4694 te
1025 4652 1245 4709 capere,
1274 4646 1331 4694 et
1358 4638 1648 4711 diligenter
1679 4642 1979 4703 observant
2006 4624 2140 4720 quo-
2168 4624 2221 4687 D

534 4735 700 4789 modo
729 4730 1012 4787 auditores
1056 4730 1459 4803 Scripturarum
1500 4733 1568 4790 de
1600 4734 1844 4795 Ecclesia
1876 4743 2133 4813 avellant,

536 4823 809 4896 quomodo
836 4821 906 4879 de
938 4822 1136 4880 ﬂnibus
1182 4823 1390 4880 Judmae
1420 4825 1488 4881 ad
1521 4827 1657 4884 lines
1700 4829 1920 4889 Sidonis
1963 4843 2141 4893 trans-

534 4918 715 4975 ferant
756 4934 768 4971 :
801 4931 992 4974 verum
1021 4925 1077 4973 tu
1107 4918 1255 4973 omni
1285 4919 1533 4976 custodia
1564 4936 1723 4979 serva
1749 4940 1847 4981 cor
1879 4935 2051 4999 tuum,
2085 4943 2141 4990 et

535 5010 689 5068 disce
717 5007 843 5082 quia
872 5009 1230 5066 comminatio
1253 5011 1305 5066 in
1338 5023 1627 5070 venatores
1652 5016 1729 5071 tui
1758 5034 1920 5076 causa
1948 5022 2035 5079 sit.
2061 5025 2139 5084 Dc

535 5102 825 5160 Pharaone
852 5116 981 5158 vero
1023 5100 1136 5173 jam
1163 5101 1345 5174 aliqua
1377 5118 1562 5161 sermo
1603 5112 1948 5181 memoravit,
1990 5115 2139 5174 amr-

534 5214 693 5256 mans
719 5214 844 5257 eum
883 5198 1181 5255 draconem
1209 5198 1492 5257 sedentem
1535 5199 1590 5256 in
1633 5204 1814 5260 medio
1846 5207 2127 5270 ﬂuminum

610 5346 639 5375 ιι
668 5336 847 5414 Habes
879 5334 997 5414 Irata
1024 5333 1123 5414 lib_.
1161 5348 1243 5414 tu,
1275 5332 1457 5414 Simil.
1488 5334 1556 5401 9,
1586 5350 1712 5414 cap.
1746 5338 1781 5392 2
1812 5350 1871 5414 et
1899 5358 2020 5414 cap.
2053 5349 2141 5407 I6.

536 5408 695 5482 Saepe
727 5410 870 5463 hunc
902 5406 1164 5472 Pastoris,
1191 5405 1308 5482 sive
1341 5404 1552 5482 Hermae
1586 5404 1783 5465 librum
1810 5404 1995 5471 laudat
2015 5404 2136 5477 OriQ

534 5474 725 5553 geries,
755 5494 857 5535 nec
886 5486 1069 5553 tamen
1101 5492 1200 5553 pro
1241 5474 1520 5553 Canonico
1557 5493 1822 5553 umquam
1865 5474 2131 5550 obtrudit.

534 5546 677 5627 Quin
707 5546 1091 5627 immohomil.
1122 5546 1425 5627 9nin_Num.
1452 5547 1520 5627 in
1547 5546 1746 5627 libello,
1770 5554 1967 5627 inquit,
1994 5546 2133 5619 Pas}—

533 5620 711 5696 toris:
740 5624 786 5696 si
814 5622 898 5696 cui
938 5632 1109 5677 tamen
1142 5620 1421 5691 Scriptura
1454 5620 1548 5674 illa
1584 5620 1880 5696 recipienda
1909 5620 2111 5692 videtur

531 5695 729 5750 δῖηιίιὶα
750 5692 1114 5767 designantur,
1264 5680 1274 5691 '
1690 5680 1701 5696 ι
1750 5680 1759 5682 ν
1913 5680 2096 5692 νην-ν..
2118 5680 2133 5707 ,

575 5788 1015 5874 ‘b‘Hieronymo
1044 5786 1374 5874 imposuisse
1406 5788 1499 5874 hic
1532 5788 1901 5874 ipse_videt_ur
1948 5801 2140 5874 Orige-

533 5860 621 5918 nis
647 5859 825 5928 locus,
855 5859 1112 5917 scribenti
1140 5860 1195 5915 in
1228 5869 1525 5919 comment.
1551 5859 1608 5919 in
1643 5864 1993 5931 Ezechielem

2240 3317 2409 3386 mina,
2442 3319 2493 3375 in
2521 3319 2723 3390 quibus
2748 3330 3001 3377 versatur
3026 3322 3215 3389 draco,
3248 3330 3303 3379 et
3342 3322 3461 3394 ipse
3510 3323 3637 3379 fecit
3675 3338 3759 3392 ea,
3789 3332 3847 3381 et

2239 3409 2374 3466 dicit
2404 3410 2599 3468 draco:
2629 3411 2752 3467 Mea
2777 3424 2895 3469 sunt
2917 3415 3158 3484 ﬂumina,
3184 3425 3232 3471 et
3252 3431 3345 3487 ego
3368 3415 3471 3486 feci
3491 3415 3607 3472 illa.
3636 3416 3847 3474 Idcirco

2240 3505 2533 3577 diligenter
2559 3507 2797 3576 attende,
2841 3525 2970 3565 cum
3014 3525 3214 3581 aquam
3242 3509 3472 3577 biberis,
3515 3526 3583 3567 ne
3616 3511 3755 3569 forte
3780 3510 3851 3568 de

2241 3599 2339 3656 illo
2385 3600 2551 3657 ﬂuvio
2581 3602 2761 3670 bibas,
2807 3603 2861 3659 in
2892 3619 3001 3674 quo
3028 3602 3171 3661 sedit
3200 3602 3417 3660 draco:
3461 3603 3558 3660 sed
3605 3604 3732 3660 bibe
3782 3619 3848 3660 ex

2242 3713 2382 3771 aqua
2425 3700 2568 3766 viva,
2602 3709 2658 3757 et
2682 3701 2751 3758 de
2772 3716 2840 3759 eo
2869 3701 3060 3773 ﬂuvio,
3088 3702 3139 3758 in
3167 3718 3277 3774 quo
3304 3710 3389 3759 est
3418 3718 3603 3760 sermo
3646 3702 3766 3773 Dei,
3794 3702 3849 3758 in

2240 3810 2350 3865 quo
2380 3793 2641 3851 Dominus
2669 3804 2859 3852 noster
2900 3794 3063 3853 Jesus
3110 3793 3388 3867 Christus,
3432 3796 3517 3853 cui
3560 3807 3641 3853 est
3671 3794 3851 3867 gloria

2241 3897 2298 3945 et
2326 3888 2616 3960 imperium
2650 3889 2702 3945 in
2737 3889 2938 3946 saecula
2970 3889 3323 3947 saeculorum.
3353 3890 3551 3947 Amen.

2576 4006 2861 4065 HOMILIA
2900 4005 3164 4064 DECIMA
3201 4006 3513 4077 QUARTA.

2243 4099 2319 4156 De
2346 4114 2413 4156 eo
2448 4099 2594 4172 quod
2622 4099 2820 4156 dicitur
2844 4117 2857 4155 :
2890 4099 3053 4155 Porta
3080 4100 3189 4156 lucc
3221 4099 3400 4156 clausa
3426 4101 3557 4168 erit,
3593 4118 3698 4174 non
3728 4118 3849 4174 ape-

2316 4174 2509 4245 r_ictur,
2555 4181 2601 4225 et
2640 4188 2789 4245 nemo
2820 4188 2911 4245 per
2948 4190 3065 4245 eam
3108 4174 3382 4245 transibit,
3421 4175 3547 4245 quia
3592 4172 3848 4229 Dominus

2315 4242 2457 4298 Deus
2486 4244 2724 4301 transibit
2746 4242 2839 4317 per
2858 4261 2968 4301 eam
2993 4244 3152 4317 (Cap.
3179 4244 3351 4317 κων).

2323 4379 2531 4453 1001
2568 4378 2637 4434 Et
2675 4380 2747 4435 ait
2774 4378 3029 4437 Dominus
3064 4385 3137 4437 ad
3156 4399 3309 4438 cum:
3340 4382 3506 4440 Porta
3536 4386 3643 4441 hinc
3671 4386 3850 4442 clausa

2244 4472 2342 4529 erit
2364 4516 2378 4540 ,
2426 4490 2527 4528 non
2561 4475 2849 4546 aperietur,
2887 4486 2933 4530 ct
2977 4493 3125 4532 nemo
3160 4494 3251 4550 per
3282 4495 3395 4534 eam
3429 4481 3700 4547 transibit,
3726 4481 3852 4552 quia

2246 4563 2501 4621 Dominus
2532 4565 2670 4622 Dens
2699 4566 2870 4624 Israel
2897 4570 3140 4625 transibit
3168 4589 3259 4643 per
3284 4590 3397 4627 eam
3420 4616 3434 4642 ,
3466 4583 3511 4628 ct
3536 4574 3845 4646 egredietur.

2246 4659 2314 4715 Et
2352 4662 2447 4716 erit
2486 4662 2685 4717 clausa.
2715 4662 2905 4719 Portas
2942 4665 3129 4735 plures
3172 4667 3361 4739 templi
3403 4668 3699 4740 describit,
3726 4684 3850 4740 spe-

2244 4752 2456 4810 cialiter
2484 4755 2736 4812 Ezechiel
2781 4757 2923 4813 lilius
2965 4760 3199 4815 hominis
3223 4804 3237 4828 ,
3271 4771 3326 4817 et
3353 4762 3496 4834 quod
3528 4762 3597 4819 de
3621 4762 3850 4835 singulis

2244 4843 2596 4919 descripserit
2628 4849 2821 4919 portis,
2844 4867 2991 4908 nunc
3017 4869 3206 4910 rursus
3235 4856 3465 4927 exponit
3496 4856 3602 4923 his,
3634 4857 3724 4929 qui
3754 4857 3852 4914 ha-

2245 4939 2376 4995 bent
2398 4955 2560 4997 aures
2588 4942 2653 4998 ad
2677 4943 3007 5003 audiendum
3029 4991 3046 5017 ,
3077 4947 3146 5005 de
3177 4959 3333 5020 porta
3362 4958 3675 5009 sanctorum
3698 4962 3850 5010 exte-

2246 5035 2392 5092 riore
2430 5052 2549 5108 quae
2590 5039 2813 5111 respicit
2852 5054 3043 5099 contra
3091 5043 3368 5102 Orientem
3397 5090 3410 5115 ,
3458 5054 3515 5103 et
3556 5048 3741 5104 clausa
3779 5046 3851 5104 sit

2240 5141 2475 5201 semper.
2501 5129 2572 5185 Et
2612 5133 2688 5187 ait
2729 5133 2982 5193 Dominus
3020 5140 3088 5191 (ιιι
3126 5156 3279 5196 eum:
3314 5139 3479 5195 Porta
3513 5142 3623 5197 haec
3664 5140 3848 5196 clausa

2244 5224 2341 5277 ενίι
2360 5265 2373 5288 ι
2418 5240 2523 5280 non
2565 5228 2827 5297 aperietur
2847 5273 2860 5298 ,
2903 5243 2949 5287 et
2977 5250 3127 5289 nemo
3156 5252 3249 5305 per
3270 5252 3384 5290 eam
3425 5235 3695 5305 transibit,
3725 5235 3847 5308 quia

2254 5361 2531 5444 ngn,de
2562 5361 2667 5444 hoc
2697 5366 3272 5444 ps_al_mi_testimonio:
3310 5372 3413 5429 Ubi
3464 5387 3558 5444 nos
3601 5371 3839 5444 legimus.

2238 5428 2593 5515 Xenantium,
2626 5437 2681 5491 in
2698 5428 2976 5515 'Hebraico
3027 5444 3279 5515 scriptum
3306 5453 3404 5501 est.
3458 5428 3837 5501 Sidonibrum.

2240 5500 2549 5561 Monuimus
2567 5523 2699 5564 vero
2722 5524 2821 5565 nos
2850 5512 2907 5567 in
2935 5528 3059 5569 eum
3080 5500 3284 5586 locum,
3304 5516 3356 5573 in
3383 5500 3616 5572 Ileb'rmo
3636 5519 3838 5599 ωνωρπν

2242 5595 2492 5679 (caesim,
2528 5617 2636 5657 non
2679 5603 2919 5679 Sidonim
2943 5607 3075 5679 legi,
3099 5619 3153 5664 et
3176 5609 3350 5667 loces.
3380 5621 3656 5679 aucupem,
3686 5595 3842 5679 vena:-

2244 5676 2405 5724 torem
2442 5687 2575 5749 vero
2620 5675 2840 5745 preprie
2864 5674 3024 5749 dici,
3062 5680 3233 5749 Sajad
3260 5685 3377 5736 της.
3425 5674 3567 5733 Vide
3603 5691 3726 5749 qua:
3771 5674 3840 5731 ad

2244 5744 2923 5825 escusandumimemoriae
2953 5744 3166 5818 lapsum
3198 5749 3251 5805 in
3290 5744 3635 5825 Hieronymo
3661 5748 3842 5825 \jicto—

2242 5816 2356 5889 r_ius
2387 5816 2659 5889 congerit,
2715 5816 2982 5889 nobisque
3012 5816 3220 5877 notata
3268 5832 3399 5877 sunt
3444 5837 3474 5878 a

2245 5884 2550 5943 Ezechielis
2578 5895 2745 5959 caput
2772 5884 2940 5962 supra
2968 5907 3088 5964 pag.
3125 5893 3259 5960 307;
3293 5901 3408 5950 not.

3559 5820 3840 5878 laudatum
