4150 6346
327 350 430 407 783

822 350 1265 409 TRANSLATIO
1305 350 1748 410 HOMILIARUM
1786 350 2113 411 ORIGENIS
2150 351 2219 409 ΙΝ
2257 352 2721 413 EZECHIELEM.
2763 357 2931 417 HOM.
2978 358 3120 417 XIV.

3519 360 3625 420 786

326 470 580 527 Dominus
596 470 734 527 Deus
759 470 927 527 Israel
946 470 1263 543 ingredietur
1282 487 1371 544 per
1386 486 1516 538 eam,
1541 479 1589 525 et
1603 470 1916 543 egredietur,
1948 470 2003 533 Α
2027 469 2293 527 universae
2336 481 2597 527 creaturae
2644 474 2918 544 incognita
2944 515 2960 543 ,
3002 485 3056 531 et
3101 476 3195 532 uni
3244 476 3626 534 tantummodo

323 576 368 622 et
398 567 496 623 erit
529 567 732 624 clausa.
766 567 834 623 Et
871 566 1032 623 aliam
1072 582 1292 623 causam
1334 566 1484 622 addit
1513 583 1608 622 cur
1639 566 1821 621 clausa
1854 566 1925 621 sit

325 671 517 733 porta,
548 677 655 718 non
696 663 869 718 solum
912 664 1035 734 quia
1074 663 1339 719 Dominus
1368 662 1511 719 Deus
1549 662 1801 717 transibit
1826 676 1925 732 per

322 771 475 823 eam,
518 755 613 811 sed
652 756 778 827 quia
804 765 860 813 et
885 755 993 811 dux
1021 756 1239 812 sedebit
1263 756 1318 812 in
1347 772 1433 826 ea,
1463 764 1521 812 ut
1549 755 1801 812 comedat
1829 771 1925 827 pa-

320 863 443 904 nem
488 862 675 905 coram
713 848 945 905 Domino
984 847 1462 927 secundum_viam
1502 848 1730 918 Eloam,
1779 847 1924 918 quod

321 940 712 1011 interpretatur
727 940 1033 996 vestibulum
1044 940 1299 1015 portaz.Et
1314 941 1633 1014 ingredietur
1642 943 1923 997 secundum

320 1035 455 1088 riam
478 1036 622 1106 ejus,
664 1042 712 1089 et
742 1035 1052 1107 egredietur.
1091 1034 1349 1091 Dominus
1381 1035 1521 1090 Deus
1550 1034 1924 1092 universitatis

318 1126 572 1183 conditor
600 1143 694 1198 per
721 1127 959 1199 aliquam
991 1136 1208 1199 portam
1227 1171 1241 1196 ,
1284 1143 1407 1198 quae
1437 1143 1504 1184 ex
1532 1128 1780 1185 sensibili
1806 1143 1925 1183 ma-

322 1220 456 1275 teria
484 1230 590 1290 est,
614 1228 776 1292 atque
796 1220 979 1277 clausa
999 1235 1216 1292 semper
1237 1219 1534 1291 ingreditur
1548 1230 1602 1276 et
1621 1219 1922 1292 egreditur,

318 1321 375 1369 et
404 1312 523 1383 ejus
552 1327 741 1381 causa,
767 1311 860 1385 qui
890 1312 1086 1369 coelum
1118 1321 1428 1383 terramque
1455 1310 1723 1381 fundavit,
1752 1312 1925 1384 ingre-

319 1409 476 1466 diens
498 1418 553 1466 et
576 1409 861 1483 egrediens
884 1424 1149 1482 nusquam
1172 1416 1330 1481 porta
1359 1406 1923 1466 reserabiturNerum

320 1502 423 1557 alia
465 1503 608 1559 ratio
650 1512 735 1559 est
774 1511 945 1574 portae
985 1503 1313 1569 exterioris,
1358 1512 1412 1558 et
1456 1500 1753 1558 secundum
1780 1501 1923 1557 viam

320 1602 655 1650 sanctorum.
689 1593 822 1662 Quae
843 1602 927 1649 est
956 1609 1087 1663 ergo
1113 1594 1199 1649 illa
1226 1595 1385 1661 ratio,
1412 1602 1472 1649 ut
1496 1595 1679 1659 clausa
1712 1610 1927 1665 perma-

320 1690 483 1746 neat?
508 1689 868 1762 Supradictus
896 1689 1002 1744 dux
1029 1690 1101 1745 ibi
1130 1688 1306 1757 sedet,
1329 1699 1390 1745 ut
1420 1704 1579 1746 nemo
1602 1705 1726 1746 eum
1744 1689 1926 1746 videat

319 1782 599 1839 sedentem
641 1781 787 1856 [Leg.
817 1780 1092 1855 edentem]
1119 1797 1311 1851 panem
1344 1783 1397 1837 in
1423 1790 1720 1853 conspectu
1745 1781 1926 1838 Domi-

2026 573 2173 621 nola.
2209 564 2394 636 Neque
2425 566 2571 622 enim
2611 566 2859 638 quicquid
2900 568 3052 624 novit
3081 567 3255 640 ﬁlius,
3286 568 3391 626 hoc
3421 568 3625 626 mundo

2023 662 2254 732 aperuit.
2283 660 2400 717 Non
2431 663 2575 732 capit
2604 671 2875 729 creatura,
2910 662 3053 732 quod
3082 666 3228 734 capit
3256 663 3407 747 Deus
3422 679 3436 730 ;
3476 671 3535 720 et
3563 670 3627 719 ut

2023 753 2091 810 ad
2121 755 2327 824 majora
2354 756 2566 811 veniam
2591 797 2605 823 ,
2639 770 2747 811 non
2777 755 2998 825 capiunt
3027 756 3178 828 signa
3208 756 3489 829 aequaliter
3516 771 3612 814 co-

2024 848 2345 918 gnitionem.
2382 847 2509 903 Plus
2548 856 2666 903 erat
2714 847 2770 903 in
2810 848 2983 904 Paulo
3023 863 3184 920 quam
3215 849 3271 905 in
3299 849 3629 922 Timotheo,

2026 953 2148 995 cum
2179 949 2326 998 esset
2352 956 2449 997 vas
2483 940 2791 997 electionis.
2812 941 2881 996 Et
2916 956 3048 998 vere
3082 956 3341 1014 magnum
3378 944 3431 1000 in
3462 944 3631 1001 domo

2026 1050 2121 1091 vas
2142 1078 2158 1106 ,
2185 1036 2546 1093 Thimothcus
2581 1052 2802 1094 rursum
2823 1039 2976 1110 capit
3002 1054 3124 1110 quae
3151 1053 3254 1110 ego
3287 1053 3484 1111 capere
3514 1056 3631 1098 non

2026 1147 2271 1204 possum.
2306 1133 2373 1188 Et
2397 1143 2482 1189 est
2505 1134 2735 1189 forsitan
2767 1134 2991 1206 aliquis,
3015 1136 3108 1207 qui
3135 1133 3300 1192 etiam
3330 1150 3420 1192 me
3447 1136 3630 1194 minus

2025 1226 2235 1296 capiat:
2269 1234 2396 1283 sunt
2429 1226 2676 1298 quaedam
2718 1242 2841 1299 quae
2877 1227 3034 1283 solus
3069 1226 3325 1283 Christus
3359 1228 3538 1300 capit,
3572 1239 3631 1287 et

2026 1322 2233 1379 idcirco
2245 1322 2427 1377 clausa
2448 1323 2704 1392 estjanua
2720 1323 2907 1393 templi
2928 1323 3044 1379 Dei.
3062 1322 3196 1392 Quae
3213 1330 3299 1380 est
3315 1324 3461 1379 enim
3483 1322 3623 1380 ista?

2026 1414 2282 1471 obsecro.
2317 1413 2603 1479 Exterior,
2631 1429 2755 1487 quae
2784 1422 2937 1470 extra
2966 1414 3277 1472 mundanas
3303 1430 3391 1471 res
3409 1456 3425 1484 ,
3453 1423 3509 1472 et
3546 1415 3632 1472 in-

2026 1521 2339 1578 corporeas,
2364 1515 2440 1574 et,
2464 1515 2524 1561 ut
2550 1507 2622 1564 ita
2650 1508 2851 1574 dicam,
2876 1510 3270 1566 immateriales
3298 1508 3497 1581 aperit.
3522 1508 3631 1567 Ne-

2028 1616 2133 1671 que
2174 1601 2323 1656 enim
2365 1600 2563 1656 frustra
2608 1601 2840 1671 positum
2886 1611 3005 1671 est,
3045 1602 3372 1659 exteriorem
3407 1602 3629 1674 januam

2027 1712 2248 1767 semper
2278 1711 2403 1752 esse
2428 1696 2691 1752 clausam.
2723 1696 2854 1765 Quae
2884 1706 2971 1753 est
3007 1697 3108 1752 ista
3142 1696 3308 1767 janua
3348 1696 3634 1753 exterior?
3662 1720 3665 1721 ν

2028 1790 2377 1845 Sanctorum.
2394 1788 2573 1863 Quare
2599 1789 2820 1844 clausa?
2844 1791 2972 1861 quia
3003 1789 3270 1846 Dominus
3287 1789 3430 1846 Deus
3454 1789 3629 1846 Israel

320 1876 394 1931 ni.
444 1876 550 1945 Qui
591 1876 707 1932 haec
763 1875 1051 1932 observate
1093 1877 1255 1948 legit,
1292 1892 1475 1933 nonne
1515 1877 1919 1949 quodammodo
1950 1879 1997 1940 Β
2024 1883 2175 1941 solus
2208 1883 2517 1954 ingreditur
2544 1891 2601 1938 et
2637 1882 2913 1955 egreditur
2936 1898 3036 1955 per
3065 1898 3206 1939 eam.
3237 1882 3417 1952 Quare
3447 1883 3628 1955 ingre-

324 1969 534 2043 1002
566 1969 897 2041 Scripturam
921 1970 1070 2026 audit
1099 1971 1412 2041 loquentem
1440 1989 1453 2024 :
1488 1970 1658 2043 Surge
1683 1974 1770 2043 qui
1799 1972 1923 2027 dor-

317 2065 453 2118 mis?
480 2063 670 2119 Nonne
697 2064 1006 2119 Stimulatur
1035 2074 1093 2119 ut
1121 2073 1383 2137 exsurgat
1407 2080 1437 2120 a
1467 2068 1722 2131 mortuis,
1746 2075 1799 2121 et
1829 2081 1918 2133 ea,

317 2174 439 2230 quae
480 2161 666 2216 clausa
696 2169 858 2229 sunt,
894 2160 1139 2232 quaerat?
1168 2161 1280 2232 Ego
1311 2160 1578 2217 audenter
1604 2160 1805 2228 dicam,
1834 2176 1922 2217 se-

314 2255 550 2310 cretiora
583 2270 809 2327 quaeque
838 2257 1020 2311 clausa
1051 2271 1194 2325 esse,
1224 2265 1279 2312 et
1307 2256 1678 2314 manifestiora
1707 2272 1921 2314 resera-

317 2357 391 2416 ta,
415 2358 471 2405 et
488 2362 594 2404 non
617 2362 741 2406 esse
761 2350 965 2404 clausa.
983 2348 1306 2420 Aperientes
1327 2366 1388 2405 ea
1416 2366 1536 2421 quae
1558 2350 1744 2407 clausa
1766 2360 1914 2419 sunt,

314 2439 431 2495 lucc
457 2456 559 2497 nos
583 2440 847 2506 dicimus;
873 2440 969 2497 sed
992 2441 1280 2513 Evangelia
1314 2452 1615 2498 testantur:
1640 2441 1729 2497 Va?
1751 2442 1914 2510 vobis,

309 2532 515 2598 scribta,
544 2542 590 2586 et
618 2534 859 2604 phariswi
890 2534 1191 2607 Itypocritw,
1222 2544 1272 2590 et
1302 2534 1444 2589 vobis
1472 2535 1597 2607 legis
1620 2536 1917 2590 doctoribus

310 2642 415 2696 rte,
444 2626 570 2698 quia
598 2626 785 2680 tulistis
816 2626 1009 2682 clavem
1037 2629 1291 2694 scientiw,
1325 2638 1371 2683 et
1397 2629 1497 2702 ipsi
1528 2646 1630 2684 non
1658 2630 1912 2699 intrastis,

311 2730 359 2774 et
388 2719 732 2791 ingredientes
769 2720 1103 2789 prohibuistis
1129 2720 1279 2791 (Luc.
1310 2722 1410 2794 χι).
1444 2722 1540 2777 Est
1572 2722 1736 2795 igitur
1765 2739 1916 2795 quie-

307 2813 433 2868 dam
464 2813 633 2869 clavis
656 2813 903 2870 scientiae
931 2814 996 2869 ad
1025 2830 1111 2883 ea,
1141 2830 1264 2886 qua:
1294 2815 1643 2885 suntclausa,
1665 2831 1916 2873 reseran-

303 2906 413 2962 da“:
445 2917 503 2963 ct
530 2917 655 2964 sunt
684 2909 906 2981 plurimi
931 2952 945 2973 ,
980 2924 1157 2981 neque
1182 2910 1285 2982 ipsi
1316 2894 1715 2981 ingredientes,
1740 2926 1915 2983 neque

302 3014 401 3055 cos
430 3001 831 3070 permittentes,
869 3002 964 3074 qui
996 3002 1204 3073 ingredi
1230 3002 1436 3058 volunt.
1469 3003 1537 3059 Et
1567 3004 1618 3058 in
1651 3004 1759 3060 alio
1789 3006 1914 3061 loco

303 3108 503 3150 sensus
534 3095 934 3167 Scripturarum
968 3095 1103 3152 liber
1141 3095 1342 3153 dicitur
1368 3112 1492 3153 esse
1523 3098 1769 3168 signatus
1798 3116 1811 3153 :
1848 3098 1913 3153 Et

301 3197 457 3240 erunt
482 3204 739 3242 sermones
760 3187 881 3244 libri
897 3189 1067 3257 istius,
1092 3190 1239 3261 quasi
1265 3205 1522 3245 sermones
1546 3190 1666 3245 libri
1690 3192 1914 3263 signati:

2025 1976 2213 2033 ditur?
2241 1986 2297 2032 ut
2324 1976 2763 2048 cognoscatur.A
2789 1976 2938 2048 quo?
2967 1992 2995 2031 a
3029 1977 3190 2033 duce.
3214 1976 3349 2046 Quis
3378 1976 3447 2033 ad
3473 1975 3626 2033 clau-

2022 2086 2137 2126 sam
2166 2079 2377 2142 portam
2404 2070 2511 2126 dux
2542 2070 2681 2127 iste?
2710 2070 2961 2128 Salvator
2990 2081 3093 2140 est,
3118 2070 3212 2143 qui
3235 2084 3429 2143 panem
3450 2084 3627 2127 come-

2021 2165 2122 2232 dit,
2147 2166 2240 2237 qui
2271 2173 2483 2235 portam
2513 2179 2636 2219 cum
2666 2164 2827 2220 Patre
2850 2164 3078 2231 claudit,
3113 2163 3206 2234 qui
3235 2162 3469 2236 spiritali
3502 2177 3627 2232 pas-

2018 2260 2160 2315 citur
2180 2259 2325 2314 cibo.
2342 2256 2489 2313 Meus
2510 2259 2654 2313 cibus
2676 2267 2771 2322 est,
2796 2257 3005 2325 dicens,
3024 2267 3078 2311 ut
3098 2258 3285 2328 faciam
3305 2256 3628 2312 voluntatem

2019 2355 2170 2424 ejus,
2202 2352 2288 2423 qui
2334 2350 2473 2405 misit
2512 2368 2624 2415 me,
2668 2361 2725 2404 ut
2773 2350 3037 2421 perﬁciam
3084 2349 3299 2423 1005
3337 2366 3468 2421 opus
3509 2353 3625 2423 ejus

2020 2445 2207 2518 (Joan.
2222 2446 2319 2518 tv).
2334 2444 2532 2500 Clausa
2552 2453 2636 2499 est
2659 2444 2844 2514 itaque
2858 2443 3021 2514 janua
3043 2452 3102 2498 ut
3122 2457 3285 2500 nemo
3310 2442 3496 2498 videat
3516 2456 3625 2497 ma-

2016 2555 2183 2611 gnum
2215 2537 2558 2594 sacerdotem
2590 2551 2787 2609 panem
2824 2534 2879 2591 in
2902 2537 3105 2592 sanctis
3128 2543 3442 2613 sanctorum
3471 2549 3627 2591 com-

2020 2633 2295 2689 edentem.
2322 2630 2403 2687 Ad
2435 2630 2555 2686 haec
2575 2639 2756 2686 autem
2789 2628 3072 2700 probanda
3096 2644 3218 2699 quae
3242 2628 3500 2694 dicimus,
3530 2629 3626 2700 qui

2016 2729 2324 2785 Leviticum
2346 2728 2476 2798 legit
2492 2725 2998 2799 (Levit.vn),ablato
3017 2741 3085 2782 ex
3102 2725 3268 2783 corde
3283 2724 3628 2782 suovelami-

2020 2839 2108 2893 ne,
2125 2827 2328 2895 poterit
2343 2836 2643 2893 agnoscere
2659 2821 2979 2893 mysterium
2998 2819 3367 2875 sacerdotum.
3385 2818 3463 2874 lbi
3476 2818 3629 2890 quip-

2020 2933 2086 2989 pe
2103 2917 2171 2973 de
2184 2916 2466 2972 sacriﬁciis
2480 2914 2707 2982 etcibis,
2723 2930 2844 2986 quae
2857 2914 2961 2970 soli
2978 2913 3294 2971 sacerdotes
3306 2912 3627 2981 comedunt,

2016 3009 2272 3067 refertur.
2309 3009 2448 3066 Sunt
2490 3009 2711 3080 quidam
2760 3008 2865 3064 cibi
2907 3007 3319 3075 sacerdotales,
3348 3023 3489 3077 quos
3515 3023 3627 3065 non

2012 3105 2255 3163 comedit
2281 3105 2540 3161 sacerdos
2569 3105 2624 3159 in
2656 3103 2822 3159 domo
2846 3116 2940 3158 sua
2962 3145 2979 3171 ,
3022 3117 3129 3160 non
3157 3118 3281 3158 cum
3310 3102 3469 3171 ﬁliis,
3500 3102 3635 3160 licet

2013 3196 2384 3253 sacerdotales
2419 3197 2528 3251 sint
2552 3239 2565 3263 ,
2602 3212 2710 3252 non
2738 3210 2862 3252 cum
2896 3210 3102 3262 uxore,
3134 3194 3264 3252 licet
3302 3194 3545 3266 legitime
3573 3196 3629 3251 ei

300 3296 455 3351 quem
490 3282 535 3334 si
564 3279 798 3335 dederint
829 3278 1025 3336 homini
1062 3280 1262 3337 litteras
1294 3284 1562 3350 nescienti,
1592 3284 1814 3339 dicentes
1842 3286 1909 3350 ei.
1940 3280 1985 3342 C
2019 3292 2297 3365 nupserit;
2327 3292 2423 3348 sed
2451 3292 2503 3347 in
2534 3291 2657 3347 loco
2686 3299 2878 3347 sancto
2904 3289 3147 3347 comedit
3174 3304 3291 3358 eos,
3310 3295 3365 3345 et
3386 3287 3633 3344 comedit

303 3374 416 3445 lege
439 3418 454 3441 ,
492 3381 542 3427 et
570 3374 741 3441 dicet,
774 3375 941 3428 nescio
972 3373 1171 3429 litteras
1196 3392 1214 3429 :
1251 3385 1302 3430 et
1333 3375 1528 3431 dabunt
1561 3394 1678 3432 eum
1717 3378 1915 3434 homini

300 3468 487 3522 scienti
527 3469 761 3537 litteras,
795 3470 1023 3526 dicentes
1051 3472 1119 3537 ei,
1151 3471 1284 3544 lege,
1314 3480 1360 3526 et
1388 3472 1542 3539 dicet,
1573 3490 1677 3527 non
1705 3489 1914 3541 possum

302 3560 508 3632 legere,
556 3561 789 3631 signatus
830 3570 906 3617 est
940 3563 1077 3615 enim
1122 3560 1289 3635 (Isai.
1329 3564 1538 3637 xxvm).
1579 3564 1914 3623 Manifestius

299 3663 484 3710 autem
509 3656 838 3711 voluntatem
860 3656 1019 3728 hujus
1035 3658 1297 3730 exempli,
1311 3659 1669 3732 Apocalypsis
1686 3660 1913 3718 Joannis

301 3749 582 3818 continet,
618 3764 970 3805 memorans:
1012 3750 1256 3806 Circuivit
1301 3758 1515 3826 angelus
1553 3753 1765 3824 dicens,
1798 3756 1913 3824 quis

300 3842 487 3913 dignus
529 3842 731 3913 aperire
757 3842 1031 3914 signacula
1056 3885 1072 3911 ,
1107 3853 1152 3897 et
1191 3837 1387 3900 solvere
1415 3864 1498 3913 ea,
1528 3856 1575 3901 et
1604 3848 1770 3920 legere
1795 3865 1912 3919 qua:

297 3937 493 4009 scripta
534 3940 697 3992 sunt?
736 3936 803 3992 Et
832 3956 981 3993 nemo
1018 3940 1250 3995 inventus
1286 3951 1358 3996 est
1396 3943 1449 3997 in
1486 3944 1640 4011 melo,
1671 3961 1832 4015 neque
1858 3945 1911 3999 in

300 4042 438 4087 terra
480 4049 641 4104 neque
662 4032 756 4087 sub
784 4042 920 4089 terra
940 4079 954 4104 ,
988 4035 1075 4104 qui
1100 4037 1257 4108 possit
1290 4037 1491 4109 aperire
1521 4039 1793 4110 signacula
1816 4080 1829 4106 ,
1864 4050 1913 4095 et

300 4126 471 4199 legere
512 4145 627 4199 qua'
656 4130 849 4202 scripta
877 4140 1026 4184 erant
1062 4131 1112 4183 in
1156 4132 1307 4186 libro.
1342 4131 1449 4187 Sed
1479 4150 1571 4205 ego
1600 4134 1808 4206 ﬂebam.
1840 4133 1911 4189 Et

304 4223 437 4276 renit
464 4224 674 4293 quidam
696 4224 764 4277 ad
791 4241 870 4279 me
895 4234 940 4279 et
966 4225 1096 4280 dixit
1124 4226 1250 4279 mihi
1271 4244 1287 4281 :
1317 4225 1425 4279 noli
1452 4230 1598 4299 flere.
1637 4227 1767 4283 Ecce
1789 4230 1913 4283 vicit

302 4315 381 4369 leo
402 4315 465 4369 de
486 4317 622 4370 tribu
638 4315 803 4385 Juda,
826 4317 983 4372 rudia,
1005 4327 1051 4373 et
1079 4319 1288 4391 1003
1309 4336 1469 4391 genus
1488 4320 1679 4391 David,
1705 4322 1913 4387 aperire

302 4407 495 4460 librum
539 4416 587 4460 ct
618 4409 813 4463 solvere
845 4410 1114 4481 signacula
1143 4412 1276 4481 ejus.
1309 4410 1377 4465 Et
1403 4414 1639 4485 aperuit,
1683 4415 1769 4486 qui
1799 4424 1910 4469 erat

301 4498 366 4552 de
391 4499 522 4553 tribu
543 4497 710 4568 Juda,
738 4512 782 4555 et
806 4503 1154 4574 manifestat'it
1178 4520 1292 4572 qua:
1322 4514 1469 4559 erant
1498 4506 1692 4579 scripta
1716 4506 1904 4579 (Apoc.

298 4591 378 4664 v).
410 4591 677 4658 Quamdiu
714 4610 820 4649 non
848 4595 996 4651 venit
1030 4595 1169 4650 Deus
1200 4611 1381 4663 meus,
1417 4598 1599 4653 clausa
1631 4610 1752 4656 erat
1779 4600 1869 4655 lex
1890 4642 1905 4669 ,

2017 3389 2087 3445 ibi
2113 3402 2296 3444 escam
2318 3386 2371 3441 in
2387 3386 2592 3444 sanctis
2616 3383 2726 3459 [ΑΙ.
2743 3383 2954 3456 sancta]
2977 3392 3315 3440 sanctorum.
3338 3380 3627 3451 Quomodo

2016 3482 2276 3539 sacerdos
2302 3495 2409 3536 non
2433 3479 2672 3537 comedit
2696 3492 2876 3535 escam
2899 3479 2954 3533 in
2981 3477 3148 3533 domo
3169 3491 3291 3543 sua,
3320 3474 3492 3532 autin
3516 3474 3627 3531 alio

2015 3589 2288 3646 quoquam
2321 3575 2465 3637 loco,
2498 3571 2593 3629 sed
2625 3572 2679 3627 in
2711 3571 2913 3627 sanctis
2939 3580 3299 3626 sanctorum:
3332 3568 3413 3625 sic
3435 3566 3625 3625 Salva-

2017 3678 2102 3725 tor
2130 3682 2285 3723 meus
2316 3667 2465 3722 solus
2490 3664 2728 3721 comedit
2757 3679 2975 3735 panem,
3017 3662 3175 3718 nullo
3204 3662 3423 3718 valente
3450 3675 3626 3718 come-

2017 3762 2151 3818 dere
2171 3775 2293 3816 cum
2327 3774 2414 3814 eo.
2443 3758 2540 3813 Est
2566 3765 2744 3812 autem
2773 3754 2994 3827 quidam
3017 3755 3196 3823 locus,
3222 3755 3279 3809 in
3302 3768 3411 3823 quo
3439 3767 3626 3810 come-

2016 3856 2176 3925 dens,
2201 3864 2256 3911 et
2276 3868 2363 3909 me
2386 3867 2569 3909 secum
2596 3849 2826 3905 attrahit
2846 3848 2914 3905 ad
2935 3845 3446 3906 vescendnszcee
3463 3846 3627 3915 enim,

2016 3949 2212 4022 inquit,
2245 3949 2313 4002 ad
2341 3948 2533 4002 ostium
2560 3955 2662 4012 sto,
2692 3956 2739 3999 et
2771 3944 2947 4016 pulso,
2977 3943 3021 3998 si
3044 3944 3159 4015 quis
3180 3941 3308 3997 mihi
3336 3939 3624 4013 aperuerit,

2014 4042 2285 4115 ingrediar
2327 4042 2396 4096 ad
2434 4057 2552 4095 eum
2575 4085 2589 4109 ,
2623 4047 2671 4093 et
2700 4037 2907 4093 ctenabo
2935 4052 3055 4091 cum
3092 4052 3185 4103 eo,
3216 4043 3262 4090 et
3294 4034 3628 4106 ipsemecum

2015 4136 2201 4209 (Apoc.
2235 4132 2336 4207 ιιι).
2372 4134 2449 4188 Ex
2480 4147 2588 4204 quo
2612 4140 2873 4203 apparet,
2905 4139 2962 4187 et
3006 4129 3174 4185 alium
3216 4142 3381 4199 posse
3404 4140 3630 4185 ctenare

2014 4244 2140 4286 cum
2167 4244 2254 4285 eo.
2289 4227 2459 4283 Porro
2486 4226 2734 4299 quaedam
2776 4238 2903 4281 esca
2934 4233 3038 4293 est,
3064 4238 3169 4294 qua
3198 4221 3353 4278 solus
3382 4229 3629 4277 tantum-

2014 4320 2178 4378 modo
2199 4320 2461 4378 vescitur.
2512 4317 2805 4374 Excellens
2834 4315 3032 4385 quippe
3058 4313 3128 4370 ab
3156 4313 3411 4393 universa
3438 4311 3630 4369 condi—

2016 4414 2163 4469 tione
2203 4422 2398 4468 natura
2444 4409 2563 4480 ejus
2586 4450 2603 4477 ,
2648 4417 2705 4465 et
2730 4407 2801 4463 ab
2832 4406 3090 4462 omnibus
3124 4413 3411 4476 segregata
3434 4448 3450 4473 ,
3497 4401 3631 4460 facit

2013 4522 2135 4562 eum
2159 4504 2535 4577 quotidianum
2560 4516 2755 4573 panem
2780 4500 2849 4556 de
2880 4498 3061 4555 Patris
3084 4505 3278 4553 natura
3303 4494 3625 4553 comedere.

2013 4599 2398 4670 Unusquisque
2428 4601 2679 4652 nostrum
2718 4593 2854 4664 petit
2892 4606 3092 4663 panem
3119 4588 3496 4662 quotidianum
3523 4632 3539 4657 ,
3571 4598 3630 4646 et

298 4687 517 4742 clausus
546 4702 727 4743 sermo
756 4688 1128 4759 propheticus,
1156 4690 1329 4745 velata
1357 4692 1521 4748 lectio
1548 4694 1751 4749 veteris
1772 4693 1904 4750 Tes-
1935 4691 1991 4752 D
2017 4700 2207 4762 petens
2238 4690 2617 4762 quotidianum
2648 4702 2848 4759 panem
2867 4728 2881 4754 ,
2915 4701 3023 4741 non
3067 4684 3320 4743 eumdem
3352 4698 3455 4742 nec
3483 4684 3631 4757 ejus-

301 4782 564 4847 tamcnti,
608 4792 663 4838 et
709 4797 879 4854 usque
925 4782 991 4838 ad
1033 4783 1171 4839 hanc
1217 4783 1360 4839 diem
1392 4831 1405 4855 ,
1453 4786 1670 4857 quando
1711 4786 1910 4859 legitur

296 4876 534 4948 Moyses,
556 4876 919 4933 velamentum
945 4877 999 4933 in
1021 4878 1186 4934 corde
1208 4878 1523 4935 Iudaeorum
1544 4890 1628 4937 est
1646 4882 1905 4951 positum.

299 4972 441 5027 Sunt
470 4980 650 5027 autem
680 4971 920 5042 quidam,
947 4971 1039 5043 qui
1064 4983 1247 5029 amant
1272 4975 1664 5042 velamentum,
1696 4984 1752 5032 et
1778 4976 1911 5032 ode-

297 5073 427 5119 runt
446 5079 541 5120 eos
563 5065 655 5136 qui
677 5065 745 5121 de
768 5066 1035 5123 velamine
1061 5068 1516 5140 interpretantur:
1537 5070 1631 5126 sed
1659 5085 1757 5127 nos
1775 5086 1910 5128 con-

302 5168 583 5214 vertamur
599 5158 667 5213 ad
693 5160 999 5229 Dominum,
1016 5171 1093 5229 ut,
1115 5164 1297 5219 ablato
1316 5165 1609 5235 velamine,
1627 5166 1903 5223 dicamus:

302 5251 418 5306 Nos
437 5262 608 5307 autem
627 5269 800 5307 omnes
823 5254 1044 5309 revelata
1065 5256 1196 5325 facie
1220 5257 1437 5328 gloriam
1463 5256 1563 5312 Dei
1583 5259 1908 5328 speculantes

296 5346 354 5400 in
371 5347 605 5399 eamdam
628 5346 903 5419 imaginem
922 5349 1353 5420 transformamur
1373 5368 1404 5404 a
1423 5351 1589 5423 gloria
1606 5352 1662 5407 in
1682 5351 1908 5423 gloriam

300 5438 372 5508 (ll
404 5439 523 5496 Cor.
574 5441 675 5514 ut).
710 5442 913 5500 Verum
952 5453 1039 5502 est
1078 5444 1326 5516 quaedam
1360 5456 1549 5516 porta,
1584 5455 1639 5501 et
1674 5462 1814 5513 una,
1853 5455 1910 5502 et

299 5531 511 5601 clausa,
534 5549 633 5604 per
652 5550 817 5606 quam
842 5552 1006 5593 nemo
1029 5536 1266 5594 transiit.
1285 5535 1423 5595 Sunt
1442 5537 1641 5610 quippe
1658 5537 1909 5608 quaedam

2012 4785 2135 4842 dem
2161 4798 2433 4839 mensurae
2462 4796 2587 4837 eum
2619 4780 2838 4851 accipit,
2863 4794 3053 4835 verum
3076 4791 3297 4851 semper
3328 4777 3386 4834 in
3417 4778 3629 4835 oratio-

2014 4882 2178 4938 nibus
2208 4878 2382 4951 puris,
2415 4888 2471 4934 et
2493 4876 2694 4932 munda
2718 4873 3078 4943 conscientia,
3105 4873 3160 4929 in
3193 4872 3355 4931 factis
3376 4874 3627 4945 iustitiae,

2013 4972 2388 5047 quotidianum
2421 4970 2767 5027 comedimus
2784 4983 3008 5040 panem.
3034 4966 3093 5024 Si
3123 4967 3247 5040 quis
3276 4982 3415 5024 vero
3444 4966 3631 5023 minus

2012 5083 2183 5140 purus
2213 5074 2342 5136 est,
2387 5065 2496 5121 alio
2526 5063 2689 5121 modo
2718 5062 3097 5132 quotidianum
3125 5062 3374 5120 comedit
3401 5075 3626 5134 panem.

2013 5160 2279 5216 Dominus
2318 5169 2504 5215 autem
2531 5198 2546 5225 ,
2578 5157 2669 5229 qui
2709 5157 2952 5213 omnium
2979 5156 3150 5228 judcx
3176 5163 3294 5223 est,
3323 5154 3418 5210 det
3462 5152 3627 5210 nobis

2017 5270 2210 5327 panem
2232 5253 2529 5320 viventem,
2546 5250 2607 5307 ut
2629 5251 2794 5308 cibati
2813 5266 2901 5317 eo.
2916 5260 2972 5307 et
2987 5249 3328 5307 corroborati
3350 5251 3626 5320 possimus

2015 5347 2068 5403 in
2091 5347 2293 5404 coelum
2315 5345 2421 5402 iter
2445 5345 2652 5416 facere,
2681 5343 3055 5416 glorificantes
3077 5342 3251 5398 Deum
3274 5341 3629 5413 omnipoten-

2014 5450 2150 5512 tem,
2177 5457 2276 5513 per
2298 5440 2579 5499 Christum
2606 5440 2815 5505 Jesum,
2834 5438 2921 5493 cui
2945 5445 3031 5495 est
3059 5434 3231 5509 gloria
3252 5445 3310 5493 et
3335 5435 3627 5508 imperium

2015 5535 2069 5592 in
2097 5536 2299 5592 saecula
2330 5535 2683 5591 saeculorum.
2715 5532 2945 5601 Amemj

1486 5753 2480 5801 ’ψ
