4100 6336
449 319 551 379 79!

1331 319 1399 375 IN
1436 318 2019 378 LAMENTATIONES
2055 316 2373 376 JEBEMUE
2412 314 2854 375 TRACTATUS.

3628 307 3743 371 792

444 432 652 501 ciplina
697 432 879 489 cordis
922 440 1030 500 est,
1074 430 1295 502 quando
1341 433 1503 489 homo
1548 434 1802 505 intelligit
1840 434 2041 490 malum
2069 436 2122 497 Α
2148 433 2328 505 pliciis
2355 434 2579 503 dignum
2604 448 2728 489 esse
2752 452 2766 487 :
2792 432 2918 504 quia
2951 428 3741 505 prmvaricatoeexstititman-

447 520 632 570 suum,
663 516 717 561 et
742 505 810 560 de
842 506 989 560 malo
1027 505 1093 559 ad
1126 506 1324 560 bonum
1358 509 1719 569 convenitur.
1755 517 1813 561 et
1836 507 2042 577 justum

450 578 845 643 omnipotentis
867 578 960 633 Dei
980 577 1243 646 judicium
1272 578 1392 633 aliis
1417 579 1700 648 praedicat,
1721 578 1863 634 sicut
1882 578 2041 634 Jeru-

450 651 753 723 saletnqua:
776 650 992 723 dicebat
1015 668 1027 703 :
1051 648 1095 703 0
1119 666 1204 704 vos
1227 667 1398 723 omnes
1414 652 1503 723 qui
1522 651 1752 705 transitis
1780 652 2040 721 perviam,

448 722 699 775 attendite
722 732 766 775 et
791 722 973 789 videte,
1008 724 1051 776 si
1083 732 1155 775 est
1180 722 1329 794 do_lor
1366 722 1500 778 sicut
1529 722 1678 778 dolor
1707 739 1888 789 meus;
1916 738 2042 794 quo-

449 794 592 865 niam
618 794 946 848 vindemiavit
982 811 1061 848 me
1101 809 1197 863 per
1225 792 1510 852 Chaldaios
1548 806 1601 851 et
1640 810 1734 865 per
1766 792 2045 850 Romanos

450 864 704 937 ducendo
748 865 800 920 in
835 867 1235 937 captivitatem,
1270 867 1362 936 qui
1391 864 1661 937 quondam
1707 868 2043 936 plantaverat

450 934 506 990 in
539 945 681 991 terra
708 934 1176 1006 repromissionis.
1206 939 1271 992 Et
1292 934 1556 995 hoc—tecit
1577 934 1932 993 sicutlocutus
1946 950 2040 1006 est,

451 1023 567 1085 per‘
577 1022 775 1085 servos
790 1026 928 1085 suos
955 1011 1273 1081 prophetas,
1302 1012 1451 1066 indie
1473 1014 1662 1085 furoris
1679 1013 1782 1078 sui,
1811 1010 1914 1067 hoc
1933 1021 2039 1080 est,

457 1080 508 1133 in
537 1079 625 1135 die
654 1082 926 1136 vindictae.

526 1152 686 1228 diem.
725 1154 866 1228 Mem
915 1157 1307 1226 interpretatur
1346 1173 1408 1211 ex
1438 1158 1580 1228 ipsis.
1610 1156 1749 1224 Quid
1781 1172 1848 1211 ex
1875 1157 2045 1227 ipsis?

450 1241 521 1280 ex
555 1225 685 1296 ipsis
707 1227 932 1292 Judacis,
964 1225 1357 1298 quiperierant
1380 1225 1477 1298 per
1506 1225 2046 1297 inﬁdelitatem,fue-

450 1306 579 1370 runt
608 1299 865 1370 apostoli,
892 1314 1027 1369 quos
1051 1300 1212 1355 modo
1233 1302 1472 1370 appellat
1496 1301 1739 1357 Ecclesia
1762 1301 2043 1370 'ossa,quia

450 1368 675 1423 fuerunt
694 1368 977 1426 fortissimi
1003 1374 1067 1426 ad
1086 1368 1369 1428 toleranda
1395 1373 1655 1438 adversa;
1681 1385 1737 1428 et
1767 1368 2045 1429 sicutcor-

454 1454 557 1508 pus
606 1451 943 1497 sustentatur
997 1444 1065 1499 ab
1118 1445 1370 1512 ossibus,
1414 1446 1489 1499 ita
1531 1445 1775 1501 Ecclesia
1826 1444 2042 1499 illorum

453 1512 738 1587 exemplis,
775 1524 828 1568 et
851 1515 978 1582 ﬁde,
1010 1526 1063 1571 et
1090 1517 1357 1571 doctrina.
1381 1515 1559 1585 Super
1590 1518 1712 1572 illos
1742 1530 1875 1587 ergo
1905 1517 2044 1571 misit

453 1582 625 1659 ignem
647 1586 713 1659 de
742 1587 902 1656 caelo,
929 1589 1148 1658 quando
1174 1588 1266 1644 die
1290 1582 1647 1645 Pentecostes
1675 1582 1907 1659 Spiritus
1920 1604 2045 1642 san-

454 1664 573 1709 ctus
604 1656 656 1710 in
687 1657 885 1729 linguis
919 1656 1085 1730 igneis
1120 1676 1284 1730 super
1310 1675 1406 1716 eos
1439 1656 1743 1717 descendit}
1772 1660 2045 1729 Expandit

451 1734 576 1789 rete,
622 1734 999 1804 mandatorum
1046 1748 1289 1802 suorum,
1346 1732 1562 1804 pedibus
1610 1733 1771 1797 meis;
1800 1732 2045 1787 convertit

454 1814 534 1850 me
562 1812 861 1868 retrorsum,
890 1802 991 1858 hoc
1012 1814 1114 1872 est,
1142 1804 1210 1861 de
1232 1802 1375 1859 vitiis
1405 1806 1469 1859 ad
1490 1805 1745 1867 virtutes,
1764 1820 1830 1859 ne
1857 1819 2043 1875 perge-

451 1884 575 1945 rent
600 1875 893 1929 secundum
917 1892 1084 1945 opera
1109 1878 1308 1932 carnis.
1344 1877 1529 1930 Posuit
1562 1892 1641 1930 me
1672 1876 1982 1941 desolatam,
2016 1892 2046 1930 a

452 1941 607 1996 bonis
626 1941 1013 2015 temporalibus
1030 1947 1137 2020 [ΑΙ.
1164 1948 1549 2021 temporibus],
1564 1950 1649 2004 vel
1664 1963 1803 2003 asuo
1822 1948 2043 2015 auxilio,

453 2023 511 2066 et
560 2030 589 2066 a
636 2032 731 2071 sua
764 2022 1079 2087 praesentia,
1111 2032 1217 2075 to:a
1245 2022 1348 2087 die,
1386 2022 1435 2075 id
1465 2032 1569 2084 est,
1617 2030 1728 2074 toto
1776 2029 2044 2089 tempore,

456 2101 667 2161 maerore
697 2092 1001 2161 confectam.
1031 2093 1170 2148 Ecce
1194 2093 1436 2147 diximus
1458 2092 1756 2148 secundum
1785 2093 2046 2161 Spiritua-

457 2157 565 2239 _l_cm
592 2157 1281 2239 intelligentiam,_primutn
1299 2157 2045 2239 propterinterpretationem

450 2230 668 2310 litteras,
702 2230 820 2303 quae
866 2230 1082 2310 proprie
1122 2237 1189 2291 ad
1213 2230 1466 2293 eumdem
1517 2230 1735 2310 sensum
1774 2237 2041 2310 pertinet:

455 2307 735 2378 videamus
763 2318 816 2361 et
846 2308 912 2361 ad
960 2309 1219 2364 litteram.
1254 2310 1390 2363 Dicit
1417 2323 1549 2378 ergo
1578 2308 1880 2363 Jerusalem
1912 2329 1926 2363 :
1970 2308 2048 2364 De

454 2373 656 2451 excelso
683 2378 822 2432 solio
853 2394 954 2434 suo
983 2381 1121 2434 misit
1150 2384 1342 2450 ignem,
1381 2373 1753 2435 trih'ulationis
1783 2390 1841 2435 et
1869 2381 2045 2451 capti-

453 2447 655 2522 vitatis.
706 2451 759 2503 in
798 2452 996 2505 ossibus
1014 2455 1139 2507 meis
1171 2447 1190 2507 Ξ
1225 2463 1270 2506 et
1302 2453 1519 2506 erudivit
1550 2469 1648 2519 me,
1686 2468 1782 2522 per
1822 2447 2049 2508 tribula-

454 2520 677 2595 tionem.
713 2536 832 2592 qua:
865 2526 1009 2579 nolui
1040 2525 1247 2579 erudiri
1279 2539 1378 2595 per
1410 2542 1600 2595 pacem
1630 2520 2045 2581 et'suavitatem.

452 2590 661 2648 Caetera
690 2590 879 2664 patent
902 2598 953 2650 in
984 2611 1167 2652 sensu.

531 2664 679 2741 Jun.
721 2667 838 2722 Nun
883 2668 1276 2738 interpretatur
1301 2669 1689 2741 sempiternum.
1734 2668 2045 2725 Notandum

453 2737 579 2802 quia
614 2738 733 2801 ista,
768 2757 887 2809 quae
926 2742 980 2795 in
1013 2737 1112 2795 hac
1135 2737 1706 2805 sententia'dicuntur,
1734 2742 1957 2811 pr0prie
1978 2743 2044 2796 ad

450 2811 886 2888 tetnpusultinue
904 2813 1235 2888 captivitatis
1265 2815 1561 2882 pertinent.
1590 2814 1775 2888 ldest,
1810 2813 1874 2888 ad
1900 2815 2046 2868 diem

442 2878 889 2955 jitdicii,qttattdo
922 2878 1205 2939 tradentur
1232 2878 1422 2940 omnes
1455 2885 1672 2955 reprobi
1699 2886 1876 2954 pcenis
1903 2900 2048 2939 sem-

447 2951 703 3018 piternis.
738 2954 993 3027 Yigilavit
1016 2958 1228 3026 jugum,
1265 2957 1353 3010 vel
1381 2951 1677 3020 damnatio,
1700 2951 2045 3027 'iuiquitatum

450 2975 698 3018 puerilis.
746 2975 992 3027 γιθιιαυιι
1016 2975 1228 3026 Jugum,
1265 2975 1353 3010 γει
1381 2975 1677 3020 damnatio,
1712 2975 1783 3009 im
1826 2975 2045 3011 ωιαιιιηι

450 3038 698 3098 mearum,
737 3026 839 3081 hoc
865 3037 967 3096 est,
998 3038 1211 3098 tempus
1234 3028 1485 3083 vindictae
1522 3028 1759 3082 advenit.
1788 2975 1855 3080 1n
1888 3046 2045 3082 manu

448 3097 585 3165 ejus.
631 3098 684 3170 in
715 3108 982 3166 potestate
1021 3101 1413 3170 omnipotentis
1443 3100 1536 3155 Dei
1570 3099 1890 3154 coadunata:
1919 3111 2046 3154 sunt

447 3181 639 3221 omnes
671 3168 981 3237 iniquitates
1025 3168 1191 3235 litem,
1229 3182 1274 3223 et
1306 3173 1561 3242 imposita:
1584 3172 1717 3224 collo
1748 3188 1879 3225 meo.
1910 3172 2042 3239 Quis

449 3253 703 3308 umquam
733 3230 863 3305 vidit
890 3243 1117 3313 vigilare
1149 3230 1330 3311 iugum
1348 3230 1506 3297 ?'Per
1530 3243 1743 3312 juguin,
1791 3252 1850 3295 ut
1896 3230 2041 3298 dixi-
2071 3230 2116 3291 (ἶ

449 3325 588 3375 mus,
629 3314 945 3380 intelligitur
977 3315 1221 3368 vindicta
1242 3325 1295 3368 ει
1323 3314 1620 3381 damnatio,
1657 3330 1776 3377 qua:
1806 3322 1933 3369 tunc
1965 3316 2045 3369 vi-

447 3382 625 3456 gilare
671 3384 891 3452 dicitur,
950 3386 1167 3456 quando
1222 3385 1375 3455 punit
1423 3400 1573 3453 reos,
1627 3385 1871 3441 dormire
1913 3402 2045 3443 vero

444 3453 666 3523 quando
691 3472 719 3509 a
752 3453 981 3523 ﬂagello
998 3468 1195 3513 cessat.

520 3526 761 3602 Samech.
825 3530 1056 3586 Samech
1116 3532 1508 3599 interpretatur
1571 3531 1918 3602 adjutorium.
1981 3531 2047 3586 Et

444 3598 569 3665 quia
614 3600 942 3665 adjutorium
986 3598 1374 3671 omnipotentis
1423 3602 1516 3656 Dei
1546 3598 1771 3657 recessit
1796 3602 1863 3657 ab
1889 3602 2048 3657 Jeru-

443 3672 640 3736 salem,
670 3673 879 3729 abstulit
904 3673 1023 3744 ipse
1045 3671 1301 3728 Dominus
1328 3690 1501 3728 omnes
1522 3674 1824 3744 magniﬁcos
1855 3676 1965 3740 eius
1983 3676 2047 3729 de

445 3743 616 3797 medio
643 3748 781 3816 ejus.

515 3818 637 3870 Ain.
665 3818 767 3872 Ain
800 3819 1190 3889 interpretatur
1219 3820 1357 3889 fons,
1386 3816 1474 3872 vel
1498 3819 1697 3872 oculus.
1736 3818 1879 3872 Fons
1910 3833 2042 3887 ergo

444 3887 807 3959 lacrymarum
850 3887 1149 3946 est'oculus
1175 3908 1189 3945 :
1220 3887 1288 3944 et
1331 3890 1457 3960 quia
1509 3890 1767 3943 Dominus
1807 3892 2046 3945 torcular

444 3960 817 4016 tribulationis
851 3963 977 4031 lilia:
1027 3963 1180 4024 Sion,
1228 3960 1432 4015 idcirco
1463 3961 1724 4028 propheta
1766 3960 2038 4031 plorabat,

440 4040 496 4085 et
524 4032 717 4103 oculus
742 4033 862 4102 ejus
888 4030 1195 4088 deducebat
1218 4048 1411 4101 aquam
1439 4034 1825 4103 lacrymarum.

516 4101 614 4157 Fe.
640 4103 713 4158 Fc
736 4101 1123 4174 interpretatur
1147 4106 1273 4170 oris,
1307 4101 1629 4159 subauditur
1648 4105 2039 4159 demonstratio.

443 4173 709 4242 Expandit
735 4176 863 4230 Sion
883 4173 1065 4229 manus
1079 4192 1224 4229 suas.
1250 4177 1351 4229 Per
1377 4179 1753 4230 extensionem
1783 4192 2040 4232 manuum

436 4246 699 4301 debemus
738 4247 1049 4317 intelligere
1098 4247 1507 4301 tribulationem
1560 4247 1873 4312 maximam,
1920 4264 2041 4317 qua}

436 4317 761 4389 plerumque
805 4319 1130 4374 extensione
1177 4334 1431 4373 manuum
1476 4319 1820 4383 ostenditur;
1863 4321 2043 4374 solent

437 4391 581 4443 enim
614 4393 872 4445 mulieres
907 4391 1275 4459 parturientes
1315 4392 1366 4443 in
1406 4391 1569 4444 nimia
1604 4391 2041 4447 tribulationect

435 4463 712 4517 anxietate
754 4462 977 4531 positzn,
1019 4462 1318 4518 extendere
1355 4476 1582 4527 manus,
1608 4470 1919 4530 suspectam
1954 4464 2043 4517 ha-

435 4532 629 4587 bentes
663 4546 914 4599 mortem,
941 4534 1071 4605 quia
1102 4535 1293 4590 volunt
1325 4549 1539 4604 parere,
1568 4543 1621 4587 et
1648 4549 1755 4587 non
1786 4542 2037 4604 possunt,

2146 500 2399 562 datorum
2420 500 2553 571 "Dei,
2574 506 2762 561 dicens
2790 500 2911 560 cum
2942 504 3244 560 Jerusalem
3272 522 3286 557 :
3314 501 3498 557 Justus
3517 512 3593 558 est
3619 500 3735 556 Do-

2145 579 2334 651 minus,
2364 579 2486 651 quia
2515 596 2571 651 os
2599 582 2711 651 ejus
2735 577 3159 651 adiracundiam
3186 577 3478 651 prouocaui.

2216 648 2383 721 Capit.
2407 649 2561 719 Coph
2591 648 2981 719 interpretatur
2996 649 3213 703 vacatio.
3236 648 3434 721 Allusit
3456 661 3588 721 ergo
3611 661 3742 721 pro:

2142 718 2309 794 pheta
2347 722 2416 778 ad
2448 718 2952 791 interpretationem
2993 723 3210 784 litterae,
3240 730 3295 775 et
3325 718 3463 774 dixit
3491 736 3506 773 :
3543 718 3739 794 Vocavi

2145 790 2335 849 amicos
2354 810 2512 861 meos,
2541 804 2586 848 et
2610 796 2708 867 ipsi
2740 794 3048 864 deceperunt
3072 810 3171 861 me,
3204 794 3583 863 promittentes
3601 790 3739 846 mihi

2185 883 2360 923 acem.

2148 884 2482 995 Ρθῖῗεῗιὶεε
2532 940 2919 1010 interpretatur
2956 940 3165 1010 capitis,
3208 936 3551 1010 subauditur,
3580 935 3740 1010 intel-

2146 1012 2328 1066 lectus.
2362 1012 2463 1066 Per
2492 1020 2655 1081 caput
2677 1007 2810 1082 ergo
2830 1007 3092 1067 debemus
3123 1011 3430 1081 intelligere
3460 1007 3735 1082 principa-

2146 1083 2352 1139 litatem
2386 1080 2582 1139 mentis
2609 1082 2702 1139 ubi
2723 1080 2809 1138 est
2836 1083 3177 1147 intellectus;
3202 1082 3328 1154 quia
3350 1082 3533 1136 sicuta
3558 1080 3742 1154 capite

2147 1165 2406 1227 regttntur
2438 1157 2715 1211 membra:
2751 1154 2821 1209 ita
2861 1172 2890 1211 a
2924 1165 3104 1212 mente
3133 1153 3494 1225 disponuntur
3538 1153 3739 1227 volun-

2148 1224 2282 1283 tates
2310 1229 2747 1299 etcogitationes.
2781 1227 2931 1289 Vide.
2957 1227 3198 1295 Domine,
3222 1224 3464 1298 quoniam
3487 1224 3730 1299 tribulor,

2148 1310 2320 1355 venter
2337 1295 2477 1355 meus
2499 1300 2834 1354 conturbatus
2854 1310 2947 1355 est.
2972 1300 3111 1366 Quid
3137 1295 3498 1367 per'vetttrem
3523 1295 3733 1351 debea-

2146 1388 2268 1427 mus
2297 1372 2625 1441 intelligere,
2651 1372 2791 1426 idem
2819 1372 3086 1443 pr0plteta
3110 1372 3239 1425 alibi
3257 1368 3737 1443 ostentlitdicetis:

2154 1443 2397 1499 Ventrem
2430 1439 2601 1497 meum
2632 1444 2781 1499 doleo
2798 1439 2832 1509 ,⁷
2851 1439 3077 1499 ventrem
3103 1460 3268 1498 meum
3296 1442 3469 1507 doleo,
3493 1439 3597 1497 hoc
3624 1448 3740 1508 est,

2148 1530 2343 1572 sensus
2364 1515 2546 1571 cordis
2577 1518 2679 1570 mei
2709 1517 3019 1573 conturbati
3052 1527 3198 1571 sunt.

2222 1588 2348 1643 Sen.
2386 1589 2495 1643 Sen
2529 1589 2924 1654 interpretatur
2955 1589 3204 1644 dentiant.
3237 1586 3377 1658 Quid
3419 1584 3744 1658 peridenles

2149 1659 2454 1731 intelligere
2493 1659 2790 1715 debemus?
2814 1660 3014 1715 Dentes
3057 1662 3149 1731 qui
3190 1657 3442 1731 frangunt
3469 1657 3652 1731 cibum
3682 1664 3745 1712 et

2148 1729 2378 1797 molunt,
2425 1740 2480 1787 et
2509 1746 2538 1784 a
2567 1732 2763 1802 quibus
2813 1734 2867 1787 in
2894 1729 3092 1802 corpus
3119 1729 3444 1798 traducitur,
3473 1729 3741 1802 debemus

2152 1803 2453 1875 intelligere
2482 1800 2739 1859 doctores
2760 1815 2814 1858 et
2840 1800 3223 1874 praedicatores
3249 1805 3337 1875 qui
3363 1801 3611 1857 mandata
3638 1800 3743 1855 Dei

2152 1876 2445 1942 ruminant,
2478 1886 2532 1930 et
2557 1877 2646 1946 qui
2683 1876 2943 1944 plangunt
2972 1891 3100 1931 suos
3121 1886 3177 1932 et
3208 1878 3442 1932 aliorutn
3474 1881 3657 1946 reatus
3685 1880 3747 1928 ει

2151 1962 2330 2002 casus.
2358 1949 2433 2003 Ex
2457 1964 2687 2015 quorum
2714 1964 2945 2017 persona
2976 1949 3213 2019 loquitur
3236 1948 3499 2019 propheta
3516 1945 3742 2019 dicens:

2151 2020 2437 2074 Audierant
2472 2020 2667 2073 inimici
2697 2022 2794 2093 mei
2820 2023 2945 2089 quia
2970 2018 3249 2093 ingemisco
3282 2038 3299 2075 :
3339 2029 3383 2072 et
3409 2018 3569 2073 lictati
3588 2026 3740 2093 sunt,

2152 2093 2395 2162 quoniam
2419 2102 2474 2146 tu
2503 2093 2693 2162 fecisti,
2727 2092 2779 2146 id
2809 2101 2912 2158 est,
2947 2103 2998 2147 tu
3027 2090 3346 2162 permisisti,
3371 2101 3428 2146 ut
3453 2104 3555 2162 ego
3587 2090 3746 2162 inge-

2153 2160 2536 2229 tnisccrem,et
2568 2163 2645 2217 illi
2678 2160 3038 2221 exsultareuti
3071 2165 3230 2233 Quod
3266 2180 3396 2219 vero
3439 2160 3745 2230 subjungit,

2150 2236 2432 2289 Adduxiin
2453 2238 2589 2290 diem
2618 2236 3014 2304 consolationis,
3047 2247 3094 2289 et
3126 2238 3250 2305 [ient
3279 2236 3470 2290 similes
3496 2234 3618 2298 ntei,
3648 2233 3747 2302 qui

2154 2325 2239 2364 me
2259 2308 2598 2373 afﬂixerunt,
2623 2309 2689 2361 ad
2714 2319 2925 2379 tempus
2942 2320 3247 2363 extremum
3272 2306 3617 2363 referendum
3633 2314 3747 2379 est,

2151 2391 2204 2436 et
2246 2391 2329 2434 est
2360 2384 2694 2451 prieteritnm
2730 2378 2837 2446 pro
2861 2380 3039 2435 futuro
3071 2381 3331 2449 positum.
3366 2380 3623 2444 Adduces,
3664 2378 3753 2431 itt-

2151 2454 2286 2521 quit,
2320 2454 2453 2505 diem
2484 2454 2855 2507 consolationis
2877 2469 3025 2517 metr,
3056 2462 3110 2506 et
3132 2464 3327 2508 caztera
3358 2466 3478 2519 quae
3500 2464 3753 2521 sequuti:-
3838 2454 3853 2471 κ

2152 2520 2261 2579 tur.
2293 2523 2445 2578 Fient
2474 2526 2671 2578 sintilcs
2699 2526 2818 2591 mei,
2854 2540 2960 2579 non
2987 2525 3037 2579 in
3064 2527 3259 2595 gloria,
3284 2524 3381 2579 sed
3405 2521 3582 2595 qualia
3608 2520 3747 2595 mihi

2155 2598 2417 2661 iecerunt,
2452 2597 2575 2650 talia
2603 2597 2890 2664 recipient.
2922 2597 2979 2651 ln
3014 2593 3115 2651 hoc
3139 2612 3272 2666 ergo
3298 2596 3427 2650 fient
3453 2594 3556 2647 mei
3587 2593 3755 2666 sitni-

2151 2672 2254 2735 les,
2280 2670 2403 2738 quia
2432 2671 2569 2723 sicut
2598 2684 2697 2738 ego
2725 2663 2798 2721 l'ui
2842 2684 3080 2724 maerens
3105 2678 3161 2723 et
3195 2663 3410 2731 dolens,
3436 2667 3563 2721 dum
3601 2663 3755 2718 ami-

2152 2755 2312 2811 gerer
2355 2740 2422 2794 ab
2452 2740 2571 2795 eis:
2607 2743 2678 2795 ita
2724 2750 2780 2795 et
2812 2740 2888 2795 illi
2914 2751 3080 2795 erunt
3107 2741 3359 2796 dolentes
3388 2747 3443 2793 et
3464 2747 3754 2809 gementes

2153 2814 2315 2880 positi
2348 2813 2398 2865 in
2428 2813 2623 2880 pinnis.

2226 2884 2356 2958 Tau.
2388 2883 2510 2958 Tan
2549 2885 2941 2955 interpretatur
2969 2886 3119 2958 signa
3148 2884 3345 2955 plurali
3374 2896 3618 2958 numero.
3645 2882 3755 2936 Ju-

2150 2956 2256 3009 diei
2313 2956 2451 3010 sicut
2502 2956 2699 3011 habent
2735 2958 2924 3027 viginti
2970 2956 3105 3012 duas
3134 2958 3363 3020 litteras,
3415 2956 3754 3027 iniquarum

2150 3027 2346 3082 ordine
2378 3029 2566 3083 ultima
2597 3040 2680 3083 est
2710 3026 2841 3083 tau:
2888 3032 2957 3083 ita
3008 3038 3063 3083 et
3091 3029 3281 3098 viginti
3321 3028 3455 3083 duos
3484 3026 3655 3080 libros
3696 3027 3754 3080 iit

2150 3100 2349 3170 quibus
2378 3100 2536 3168 plena
2567 3112 2647 3154 est
2692 3101 2930 3170 cognitio
2960 3110 3159 3156 sancta:
3200 3100 3503 3170 Trinitatis,
3536 3113 3661 3165 qua:
3694 3098 3756 3152 in

2150 3169 2339 3241 viginti
2362 3173 2577 3227 duobus
2605 3169 3051 3227 libris'consistit.
3090 3175 3147 3226 Ιίι
3181 3174 3307 3243 quia
3332 3169 3601 3243 mandata?
3624 3185 3755 3223 om-

2152 3243 2449 3312 nipotentis
2485 3244 2603 3309 Dei,
2633 3261 2752 3314 qua:
2784 3245 2837 3299 in
2866 3245 2978 3300 illis
3008 3256 3325 3309 narrantur,
3357 3242 3755 3314 observabant,

2151 3317 2391 3386 loquitur
2422 3316 2687 3386 propheta
2719 3317 2907 3400 dicens
2940 3335 2951 3369 :
2996 3315 3339 3400 ingrediatur
3369 3313 3757 3400 omnemiaiuiit

2150 3405 2327 3442 eorum
2372 3405 2547 3443 coram
2584 3402 2650 3455 te,
2698 3399 2745 3443 et
2784 3389 3039 3443 vindemia
3066 3386 3206 3454 illos,
3238 3390 3371 3441 sicut
3417 3386 3759 3440 vindemiasti

2152 3477 2230 3513 me
2273 3472 2479 3531 prapter
2506 3461 2805 3530 iniquitates
2834 3477 2994 3515 meas.
3035 3461 3334 3515 Possumus
3375 3468 3429 3512 et
3466 3459 3639 3531 aliter;
3664 3458 3757 3512 di-

2149 3548 2276 3588 cere
2303 3529 2378 3587 de
2395 3534 2852 3601 interpretatione
2876 3533 3041 3601 hujus
3061 3534 3278 3587 litterm.
3301 3532 3435 3587 Volo
3457 3529 3747 3597 noveritis,

2150 3604 2274 3671 quia
2310 3607 2410 3659 huc
2437 3620 2605 3674 usque
2632 3606 2773 3674 apud
2807 3604 3206 3669 Samaritanos,
3239 3615 3324 3658 tau
3344 3604 3523 3658 littera
3547 3602 3755 3656 simili-

2151 3675 2392 3731 tudinem
2414 3677 2591 3731 crncis
2617 3678 2797 3745 habet,
2824 3692 3152 3747 quamquam
3185 3676 3327 3744 apud
3354 3676 3752 3747 llebrmoscor-

2148 3759 2302 3816 rupta
2337 3750 2442 3813 sit;
2473 3748 2705 3819 ideoque
2729 3766 2822 3818 per
2844 3745 2963 3813 tau,
2984 3748 3127 3819 quod
3148 3748 3537 3819 interpretatur
3558 3745 3746 3819 signa.

2149 3819 2521 3893 intelliguntur
2567 3817 2644 3875 illi
2692 3817 2782 3893 qui
2831 3817 3172 3890 signaculum
3222 3819 3402 3893 crucis
3444 3818 3635 3893 Christi
3684 3817 3749 3893 in

2148 3889 2327 3945 fronte
2359 3902 2413 3947 et
2455 3893 2508 3945 in
2557 3889 2725 3948 corde
2771 3889 2975 3959 ferunt,
3011 3905 3067 3948 et
3117 3908 3213 3962 per
3266 3890 3423 3946 iidem
3476 3890 3755 3959 passionis

2147 3962 2372 4035 Christi,
2414 3962 2646 4019 credunt
2688 3981 2747 4019 se
2792 3968 2987 4020 Salvari
3040 3980 3220 4035 posse.
3271 3962 3531 4031 Exposito
3581 3962 3755 4035 unius

2152 4033 2427 4103 alphabeti
2460 4036 2673 4101 ordine,
2710 4038 2904 4105 reliqui
2936 4032 3161 4107 trcs'qui
3193 4045 3517 4107 sequuntur,
3549 4032 3753 4107 eodem

2146 4120 2309 4160 sensu
2348 4117 2475 4161 sunt
2522 4108 2904 4177 intelligendi:
2958 4106 3190 4175 ideoque
3222 4109 3442 4176 dignum
3486 4106 3752 4160 duximus

2147 4193 2254 4249 non
2278 4194 2402 4233 esse
2423 4183 2791 4234 necessarium
2824 4180 3058 4248 idipsum
3077 4196 3170 4249 per
3198 4181 3442 4249 singulos
3466 4188 3747 4247 repetere.

2217 4248 2323 4303 Sed
2357 4250 2629 4305 admoneo
2672 4259 2748 4317 te,
2779 4267 2811 4304 ο
2855 4253 3051 4317 lector,
3080 4248 3139 4305 ut
3165 4248 3415 4321 quamvis
3457 4250 3614 4302 aliam
3664 4249 3752 4301 in-

2145 4323 2593 4389 terpretationem
2629 4323 2852 4378 istarum
2886 4324 3197 4378 litterarum
3229 4324 3280 4377 in
3325 4323 3443 4376 aliis
3481 4322 3613 4375 locis
3659 4335 3753 4375 re-

2147 4394 2341 4460 perias,
2379 4409 2484 4449 non
2518 4394 2637 4449 ideo
2666 4397 2762 4450 ista
2799 4395 3044 4465 ahjicias.
3075 4397 3201 4464 quia
3231 4395 3340 4449 suis
3367 4396 3420 4448 in
3447 4394 3584 4449 locis
3614 4408 3754 4462 pro-

2145 4465 2314 4535 priam
2359 4467 2757 4535 expositionem
2791 4480 2845 4520 et
2884 4482 3104 4522 sensum
3155 4467 3465 4533 requirunt.
3513 4475 3571 4518 ut
3610 4479 3752 4517 cou-

2138 4533 2292 4605 jungi
2321 4533 2531 4605 possint
2553 4539 2939 4608 sequentibus:
2968 4539 3106 4593 sicut
3134 4539 3184 4593 in
3214 4538 3441 4592 Psalmis
3465 4536 3757 4592 invenitur

434 4614 489 4659 et
512 4619 641 4687 prae.
660 4607 828 4661 nimio
854 4607 1045 4661 dolore
1067 4606 1215 4676 quod
1240 4622 1464 4687 oration
1494 4606 2033 4687 valentcxprimere,
2070 4629 2115 4687 ι)
2141 4624 2168 4659 a
2212 4608 2444 4687 diversis
2481 4606 2806 4687 auctoribus
2852 4625 2972 4687 esse
3007 4611 3346 4687 expositum.
3383 4608 3753 4687 Quadruplici

433 4678 751 4731 extensione
778 4694 1035 4733 manuum
1060 4679 1375 4734 ostendunt.
1407 4678 1498 4733 Sic
1524 4690 1577 4733 et
1610 4677 1913 4733 Jerusalem
1943 4694 2034 4745 po-

432 4751 536 4803 sita
570 4750 621 4803 in
652 4751 893 4805 maxima
922 4751 1190 4821 angustia,
1225 4751 1495 4818 expandit
1527 4765 1717 4805 manus
1750 4765 1897 4819 suas,
1936 4750 2031 4805 sed

433 4837 541 4893 non
562 4823 660 4892 fuit
684 4823 771 4893 qui
800 4824 1155 4877 consolaretur
1179 4839 1311 4876 eam.

504 4891 667 4948 suae.
697 4891 839 4951 Sade
866 4904 1024 4950 sonat
1039 4895 1299 4966 justitiam
1330 4911 1347 4947 :
1379 4903 1431 4948 ct
1451 4894 1683 4963 justum,
1711 4896 1795 4951 vel
1819 4895 2028 4965 justitia

429 4973 534 5032 est,
572 4976 629 5021 ut
658 4967 818 5022 homo
854 4968 905 5022 in
941 4966 1292 5023 tribulatione
1317 4968 1667 5031 constitutus,
1701 4971 2031 5025 contiteatur

430 5037 519 5095 vel
536 5037 686 5109 justo
723 5040 928 5112 judicio
952 5039 1205 5114 Dei_talia
1235 5053 1295 5097 se
1324 5038 1454 5111 pati,
1491 5047 1545 5095 et
1573 5038 1869 5110 majoribus
1894 5054 2029 5111 sup-

2144 4694 2271 4748 ergo
2314 4680 2606 4750 alphabeto
2651 4684 2957 4751 composuit
2998 4682 3260 4739 Jeremias
3294 4680 3753 4736 Lamentationes

2141 4768 2287 4816 suas,
2319 4754 2443 4821 quia
2474 4753 2603 4807 illos
2632 4753 2965 4823 deplorabat
2986 4757 3073 4825 qui
3105 4771 3171 4810 ex
3200 4766 3429 4825 quatuor
3453 4754 3753 4808 elementis

2139 4834 2479 4890 constantes,
2509 4826 2642 4879 iram
2673 4829 3066 4896 omnipotentis
3102 4828 3193 4883 Dei
3224 4837 3416 4882 contra
3447 4842 3507 4882 se
3537 4826 3755 4880 excita-

2142 4907 2349 4970 verant,
2382 4897 2836 4966 transgrediendo
2879 4908 3147 4970 praecepta
3176 4899 3348 4968 illius,
3378 4910 3433 4955 et
3458 4899 3753 4970 sequendo

2138 4967 2470 5038 voluptatem
2501 4970 2706 5025 carnis.
