4150 6346
396 259 505 317 εοο
1856 269 2035 328 ΡΒᾹΞΙ

2069 272 2248 329 Ατιο.
2817 240 2841 260 ’
3599 291 3703 348 eis

766 406 900 416 ...η-.-
1204 410 1281 415 A-_,
1298 412 1319 415 μ
1408 414 1413 417 ς
1436 413 1495 417 .m,
1518 415 1893 428 a--.._._____
1961 421 2016 427 ____
2043 421 2048 429 ,
2065 422 2083 430 _
2100 422 2141 430 ___
2172 422 2230 432 __,.

1546 415 1896 428 5.“

1902 420 2236 432 -————_—.

1107 450 1737 465 *ειη-’ς

1528 598 2544 737 ΡΡιᾸΕΡΑΤῙΟ.

1824 814 2278 846 Ἣ

472 918 909 1024 lnAduodecim
944 926 1229 995 minores
1264 935 1616 1017 prephetas
1643 937 2274 999 Commentariorum
2313 940 2538 1022 viginti
2565 942 2792 1017 libros,
2822 960 2988 1023 quos
3019 960 3251 1021 nempe
3282 929 3463 1017 sunt,
3496 952 3692 1024 quot-

390 1035 520 1096 que
556 1019 815 1086 t'uerunt
849 1027 964 1088 abs
995 1029 1394 1114 Hieronymo
1432 1038 1823 1105 elucubrati,
1866 1040 2077 1098 tomus
2115 1037 2235 1099 iste
2272 1040 2335 1099 in
2377 1019 2517 1120 ejus
2556 1019 2903 1121 partitione
2944 1019 3212 1123 operum
3247 1048 3472 1103 sextus
3511 1019 3693 1105 com—

391 1123 711 1201 plectitur.
747 1129 1024 1193 Tantum
1054 1134 1134 1195 ab
1162 1135 1283 1199 hac
1320 1140 1477 1202 illud
1510 1140 1796 1218 excipias
1835 1142 2215 1202 recensione
2246 1141 2565 1221 Specimen
2604 1145 3045 1208 Commentarii
3082 1146 3145 1205 in
3179 1143 3437 1205 Abdiam
3470 1192 3483 1211 ,
3521 1146 3688 1222 quod

391 1239 526 1283 sua:
559 1225 842 1290 facturus
882 1235 1263 1298 eruditionis
1298 1240 1653 1317 perieulum
1680 1289 1695 1318 ,
1729 1239 1797 1302 in
1833 1240 2256 1303 adolescentia
2304 1257 2686 1323 provocatus
2741 1248 2969 1308 ardore
3019 1255 3075 1306 et
3126 1246 3336 1306 studio
3386 1247 3692 1324 Scriplu~

389 1340 607 1386 rarum
644 1332 1089 1397 adumbravit:
1123 1341 1532 1418 postmodum
1572 1341 1831 1421 ingenio
1863 1361 1975 1421 per
2001 1351 2253 1405 aetatem
2286 1347 2487 1425 magis
2518 1349 2809 1423 subacto,
2839 1347 3070 1407 delevit
3107 1348 3268 1424 ipse,
3310 1366 3387 1407 ex
3422 1346 3692 1425 t-jusqtm

388 1428 589 1489 animi
628 1436 942 1498 sententia
972 1438 1104 1517 jam
1142 1440 1249 1502 diu
1280 1442 1433 1503 olim
1468 1444 1811 1504 intercidit.
1846 1445 2004 1505 Nam
2034 1447 2204 1523 quod
2246 1449 2326 1507 ab
2363 1447 2459 1506 his
2495 1449 2657 1509 alios
2690 1452 3035 1509 autumant
3082 1447 3244 1509 docti
3278 1447 3445 1523 viri,
3494 1447 3693 1505 Tille-

390 1535 677 1595 montius
723 1555 803 1597 ex
854 1557 1063 1619 eoque
1092 1544 1509 1607 Martianaaus
1536 1591 1550 1619 ,
1596 1547 1921 1608 exstitisse
1956 1549 2290 1610 Bre‘viores
2319 1552 2387 1612 in
2418 1549 2744 1611 duodecim
2778 1551 3125 1630 Prophetas
3168 1549 3655 1613 Commentarios
3678 1590 3693 1616 ,

396 1652 563 1714 quos
594 1638 694 1700 vel
724 1639 859 1721 ipse
888 1642 953 1706 S.
981 1645 1218 1708 Doctor
1252 1659 1472 1727 postea
1500 1652 1861 1730 respuerit,
1900 1670 2048 1713 cum
2080 1653 2247 1715 idem
2286 1673 2450 1733 opus
2504 1656 2790 1717 uberiori
2845 1664 2939 1716 est
2992 1655 3241 1716 calamo
3279 1662 3655 1734 persecutus
3680 1696 3696 1725 ,

388 1740 493 1841 vel
524 1743 788 1820 sequior
818 1753 969 1807 astas
1002 1750 1176 1813 ultro
1214 1771 1407 1831 passa
1433 1756 1516 1816 sit
1548 1756 1851 1817 interire:
1890 1775 2007 1819 nos
2045 1759 2109 1818 iu
2148 1761 2469 1839 generalis
2506 1760 2899 1838 prtefationis
2956 1769 3134 1839 parte
3182 1761 3387 1825 altera
3435 1762 3579 1841 (ubi
3618 1761 3694 1823 de

390 1838 759 1920 hujusmodi
797 1846 1174 1930 Hieronymi
1206 1856 1458 1934 scriptis
1491 1858 1765 1935 egimus,
1796 1878 1939 1937 qua:
1968 1860 2306 1922 doctorum
2340 1862 2671 1924 hominum
2706 1863 2948 1942 judicio
2996 1864 3396 1926 intercidisse
3433 1874 3694 1943 tempo-

396 1962 541 2006 rum
574 1947 814 2026 injuria
849 1953 1330 2029 existimantur,
1385 1961 1572 2019 nobis
1624 1962 1990 2022 econtrario
2043 1981 2399 2041 numquam
2442 1966 2765 2025 exstitisse
2804 1983 3183 2044 persuasum
3224 1967 3340 2045 est)
3386 1968 3467 2026 ab
3516 1966 3693 2025 omni

394 2052 686 2113 veritatis
720 2056 931 2131 specie
969 2058 1321 2121 abhorrere
1358 2064 1832 2137 contendimus,
1870 2064 2182 2143 bonisque
2205 2066 2439 2143 opinor
2465 2068 2864 2144 argumentis
2897 2068 2979 2130 ita
3008 2068 3346 2135 evicimus,
3378 2074 3442 2126 ut
3472 2068 3694 2129 nullus

391 2151 778 2215 dubitationi
834 2156 1014 2217 locus
1066 2159 1267 2221 videri
1325 2164 1617 2240 reliquus
1678 2164 1900 2241 possit.
1956 2163 2260 2223 Errorem
2307 2165 2590 2225 diximus
2648 2184 2727 2224 ex
2784 2183 2861 2227 eo
2914 2173 3164 2241 natum,
3202 2166 3370 2242 quod
3405 2169 3697 2243 putarint

392 2257 628 2320 eruditi
664 2259 822 2331 viri,
855 2261 1114 2337 quando
1147 2281 1213 2324 se
1246 2264 1335 2325 ait
1371 2264 1430 2325 S.
1474 2266 1728 2337 Doctor,
1777 2266 1844 2327 in
1884 2264 2211 2326 duodecim
2255 2265 2605 2345 Prophetas
2654 2266 2899 2342 aliquid
2957 2283 3098 2325 esse
3153 2273 3694 2341 commentatum,

393 2365 687 2447 singulos
719 2386 1015 2447 quosque
1045 2371 1276 2433 debere
1323 2372 1638 2451 intelligi,
1676 2372 1913 2450 quibus
1965 2371 2469 2449 interpretandis
2532 2386 2796 2447 operam
2855 2385 3038 2430 suam
3102 2370 3437 2430 collocarit
3479 2392 3493 2430 :
3550 2390 3694 2432 cum

396 2472 762 2534 econtrario
798 2474 973 2536 ἁπλῶς
1003 2474 1106 2535 ille
1140 2474 1467 2537 duodecim
1501 2473 1845 2554 Prophetas
1888 2474 2231 2535 nominans
2257 2517 2272 2543 ,
2304 2491 2471 2541 eum
2512 2471 2770 2551 preprie
2808 2470 3110 2541 Librum,
3144 2469 3293 2547 quid
3328 2470 3418 2531 sic
3450 2472 3695 2534 inseri-

394 2573 593 2649 bitur,
624 2577 1044 2640 intellexerit.
1078 2578 1305 2641 Allatis
1345 2580 1428 2640 ibi
1483 2579 1547 2639 in
1581 2578 1748 2641 hanc
1778 2597 1913 2639 rem
1940 2580 2079 2639 sive
2114 2577 2527 2654 testimoniis,
2557 2577 2691 2640 sive
2723 2576 3065 2655 exemplis,
3098 2576 3217 2637 hoc
3249 2576 3505 2635 demum
3540 2595 3697 2638 sane

393 2673 796 2738 luculentum
830 2679 1093 2742 accedat
1126 2679 1452 2742 corollarii
1483 2680 1628 2741 loco
1658 2697 1739 2739 ex
1776 2678 2047 2757 Dialogo
2080 2682 2305 2739 contra
2339 2676 2809 2748 Luciferianos,
2847 2695 3024 2736 num.
3058 2675 3251 2753 5,ubi
3289 2675 3454 2738 Osee
3476 2678 3691 2737 locum

394 2776 572 2841 hunc
608 2782 1006 2861 singularem
1046 2803 1127 2845 ex
1169 2801 1308 2864 cap.
1351 2802 1420 2845 1x
1452 2783 1833 2846 laudaturus
1880 2783 1941 2842 S.
1988 2783 2175 2845 Pater
2206 2802 2220 2841 :
2256 2781 2591 2861 Sacriﬁcia
2624 2798 2837 2841 eorum
2883 2789 3193 2860 tainquam
3215 2781 3402 2860 panis
3448 2782 3655 2843 luctus
3682 2801 3701 2840 :

397 2876 618 2941 Omnes
648 2882 757 2962 qui
790 2883 1169 2946 manducant
1226 2904 1318 2957 ea,
1376 2882 1998 2955 contaminabuntur,
2054 2882 2174 2944 hoc
2204 2883 2333 2958 ait,
2372 2884 2438 2943 in
2474 2901 2808 2945 noemach
2860 2883 3187 2961 prophetis
3244 2885 3520 2944 inveniri
3580 2884 3692 2964 (ιι).

398 2982 666 3060 Caetera,
705 3004 783 3047 ne
819 2994 1033 3049 actum
1066 3003 1280 3066 agam,
1317 3005 1399 3049 ex
1434 2984 1692 3049 laudata
1726 2985 2011 3064 generali
2061 2983 2460 3065 praefatione,
2500 3003 2676 3044 num.
2711 2984 2815 3061 29,
2848 2984 2900 3045 si
2932 2986 3087 3045 tanti
3122 2989 3307 3061 sunt,
3357 2985 3579 3046 malim
3630 2990 3704 3047 ut

396 3094 674 3167 repetas.

482 3192 691 3265 Nunc,
723 3197 795 3253 ut
832 3194 907 3255 de
942 3192 1040 3254 his
1069 3191 1276 3254 dicam
1308 3188 1830 3260 Commentariis,
1860 3206 2025 3265 quos
2058 3192 2266 3247 tomus
2297 3186 2400 3247 hic
2431 3186 2714 3259 exhibet,
2750 3192 2943 3264 atque
2974 3186 3164 3247 unice
3193 3187 3254 3247 S.
3290 3186 3525 3247 Doctor
3557 3188 3703 3248 elu—

398 3293 731 3365 cubravit,
772 3294 991 3354 mirari
1032 3293 1153 3354 hoc
1202 3292 1484 3372 primum
1532 3290 1745 3359 subit,
1794 3307 1942 3350 cum
1980 3288 2107 3349 sint
2136 3306 2357 3347 omnes
2392 3287 2473 3347 ab
2501 3304 2634 3347 uno
2670 3291 2933 3346 auctore
2972 3285 3313 3357 adornati,
3350 3287 3705 3365 eademque

398 3394 650 3454 ratione
686 3392 1221 3470 splendidissimis
1263 3410 1345 3453 ex
1391 3390 1564 3450 omni
1618 3389 2009 3466 antiquitate
2060 3387 2396 3449 sententiis
2428 3386 2505 3448 ad
2547 3386 2835 3446 nativum
2875 3386 3219 3464 Scripturze
3272 3406 3534 3447 sensum
3585 3389 3689 3447 in—-

400 3493 843 3573 vestigandum
877 3491 1133 3564 referti,
1190 3492 1300 3553 alii
1349 3498 1561 3553 tamen
1612 3498 1917 3570 praestare
1948 3490 2090 3551 aliis
2126 3490 2486 3562 videantur,
2523 3488 2902 3565 meliorique
2940 3490 3110 3566 apud
3146 3490 3415 3549 lectores
3444 3489 3698 3551 fortuna

400 3595 518 3656 uti.
572 3595 734 3657 Sunt
791 3595 901 3675 qui
952 3611 1063 3655 eos
1121 3594 1320 3654 velint
1370 3593 1613 3655 caeteris
1650 3592 2064 3665 antecellere,
2104 3592 2212 3667 qui
2249 3590 2556 3670 Aggaaum
2591 3589 3704 3669 interpretantur;aliisfelegantior

400 3696 630 3760 Naumi
686 3697 1009 3778 expositio
1061 3696 1316 3772 dicitur,
1360 3712 1554 3774 quam
1593 3695 1729 3772 ipse
1762 3696 2006 3755 Auctor
2038 3695 2102 3755 in
2141 3693 2386 3771 AbdlEB,
2433 3699 2496 3755 et
2532 3693 2890 3766 Abacuehi,
2942 3700 3002 3753 et
3036 3693 3378 3772 Sophoniaa
3408 3696 3694 3776 Prologis

402 3798 643 3862 laudat.
679 3798 818 3861 Hac
849 3798 1000 3859 item
1029 3797 1106 3859 de
1136 3814 1335 3860 causa
1364 3798 1472 3859 alii
1506 3797 1668 3859 Osee
1699 3797 2252 3875 eXplanationem,
2283 3802 2502 3875 utpote
2550 3814 2745 3875 quam
2789 3797 2854 3857 in
2890 3797 3067 3858 Joele
3118 3802 3179 3857 et
3231 3798 3468 3859 Amoso
3519 3818 3701 3861 com-

402 3904 679 3977 mendet,
733 3903 1001 3983 reliquis
1058 3900 1424 3981 praeferunt.
1483 3901 1616 3980 Ego
1669 3902 1720 3961 si
1771 3900 1938 3961 hanc
1982 3900 2189 3961 iniero
2242 3898 2769 3977 disputationem,
2820 3897 3026 3976 deque
3084 3899 3275 3959 unius
3332 3903 3699 3977 praestantia

402 4008 843 4071 contenderim
894 4007 1270 4069 facturusne
1322 4021 1535 4082 operte
1571 4004 1848 4082 pretium
1888 4004 2030 4077 sim,
2077 4020 2195 4064 nec
2225 4002 2378 4064 satis
2417 4002 2571 4074 scio,
2613 4018 2730 4061 nec
2787 4000 2840 4060 si
2894 4001 3131 4076 sciam,
3192 4000 3402 4063 dicere
3446 4004 3695 4064 ausim:

405 4108 642 4188 quippe
671 4108 782 4186 qui
830 4112 890 4167 et
938 4122 1195 4167 summa
1242 4121 1468 4165 omnes
1504 4122 1648 4164 cum
1697 4102 2011 4183 dignitate
2044 4109 2218 4164 stare
2254 4100 2546 4178 videam,
2595 4106 2655 4161 et
2702 4101 2923 4161 malim
2956 4101 3322 4163 econtrario
3353 4103 3703 4182 legentium

405 4206 653 4270 animos
686 4204 766 4267 ad
798 4204 939 4283 ipsa
970 4204 1206 4267 acriter
1239 4203 1510 4281 intendi,
1548 4220 1692 4282 quae
1721 4202 2087 4263 divinarum
2127 4204 2191 4263 in
2228 4203 2381 4283 ipsis
2414 4203 2780 4263 litterarum
2815 4220 3118 4282 veraeque
3152 4204 3484 4283 sapientiae
3514 4207 3708 4269 insti—

405 4313 540 4369 tuta
572 4307 1008 4369 continentur.
1037 4307 1336 4368 Attamen
1362 4304 1620 4365 silentio
1645 4303 1805 4364 illud
1834 4303 2353 4381 praetereundum
2379 4320 2505 4363 non
2535 4302 2639 4378 sit,
2665 4302 2836 4381 quod
2866 4302 3359 4365 Commentariis
3390 4305 3456 4365 in
3473 4306 3707 4369 Jonam

406 4413 669 4469 sanctus
728 4406 1129 4487 Augustinus
1164 4410 1428 4466 tantum
1468 4402 1875 4464 tribuendum
1910 4405 2193 4482 putavit,
2231 4408 2300 4464 ut
2331 4404 2568 4465 nedum
2604 4421 2839 4483 magna
2873 4405 3017 4465 illos
3051 4405 3383 4467 voluntate
3415 4411 3711 4488 comple-

405 4514 709 4583 cteretur,
739 4508 848 4570 sed
880 4513 942 4570 et
971 4526 1177 4587 nuper
1203 4512 1446 4569 exortae
1470 4506 1965 4585 Pelagianorum
1996 4507 2225 4569 haeresi
2257 4507 2442 4586 quasi
2476 4508 2963 4586 propugnacula
2994 4527 3344 4587 murosque
3375 4514 3708 4579 tutissima:

405 4610 548 4672 ﬁdei
590 4618 720 4672 tota
761 4611 1151 4673 confidentia
1187 4617 1566 4690 epponeret.
1621 4608 1868 4671 Peccati
1920 4610 2259 4689 originalis
2318 4608 2711 4675 catholicum
2761 4610 2987 4689 dogma
3038 4612 3421 4677 testimoniis
3471 4618 3708 4681 exinde

406 4715 620 4796 petitis
658 4716 1000 4794 insigniter
1031 4714 1430 4776 constabiliri
1464 4712 1631 4774 datis
1664 4712 1992 4790 Epistolis,
2026 4730 2191 4790 quas
2222 4716 2287 4774 et
2316 4729 2430 4772 nos
2464 4712 2632 4773 inter
2664 4712 3209 4791 Hieronymianas
3235 4720 3708 4793 recensuimus,

408 4833 539 4877 non
569 4816 767 4876 semel
807 4814 1134 4893 professus
1173 4818 1289 4874 est.
1324 4813 1527 4875 Multo
1557 4817 1774 4873 autem
1814 4798 2208 4873 luculentius
2244 4811 2355 4871 lib.
2389 4830 2499 4884 ιιι,
2534 4812 2609 4873 de
2640 4814 3058 4874 Peccatorum
3098 4818 3345 4877 meritis
3384 4825 3445 4879 et
3475 4821 3711 4882 remis-

409 4917 587 4978 sione
620 4935 684 4976 n.
718 4914 815 4976 12.
856 4935 869 4975 :
899 4914 1101 4993 Illud,
1134 4916 1368 4992 inquit,
1407 4915 1560 4982 scio,
1591 4912 1760 4994 quod
1787 4914 1969 4976 etiam
1998 4914 2067 4975 S.
2104 4914 2557 4992 Hieronymus,
2606 4915 2717 4994 qui
2762 4915 3060 4996 hodieque
3088 4916 3155 4977 in
3191 4918 3422 4981 litteris
3476 4925 3712 4986 Eccle-

408 5018 684 5081 siasticis
720 5036 857 5078 cum
888 5016 1246 5078 excellentis
1273 5015 1578 5077 doctrinae
1604 5017 1770 5095 fama
1807 5033 1878 5074 ac
1910 5013 2123 5075 labore
2157 5023 2466 5081 versatur,
2499 5014 2579 5075 ad
2606 5015 2903 5094 quasdam
2924 5017 3252 5078 solvendas
3278 5020 3345 5080 in
3370 5022 3500 5082 suis
3525 5022 3711 5085 libris

408 5122 804 5203 quwstiones,
862 5122 1044 5182 etiam
1096 5119 1213 5180 hoc
1256 5119 1667 5181 certissimum
1693 5116 1947 5178 adhibet
1973 5117 2105 5177 sine
2137 5117 2271 5178 ulla
2302 5117 2760 5195 disceptatione
2809 5117 3250 5181 documentum
3281 5141 3301 5181 :
3335 5141 3476 5183 nam
3508 5125 3576 5185 in
3614 5146 3709 5202 eo,

407 5225 577 5308 quod
619 5225 689 5287 in
730 5225 961 5285 Ionam
988 5220 1357 5302 prophetam
1388 5220 1646 5299 scripsit
1675 5217 2171 5295 Commentario,
2205 5237 2343 5279 cum
2370 5217 2452 5278 ad
2481 5236 2619 5279 eum
2645 5219 2914 5280 venisset
2940 5220 3172 5298 locum,
3203 5220 3314 5284 ubi
3341 5242 3710 5287 commemo-

406 5338 639 5391 rantur
673 5326 858 5390 etiam
898 5326 1158 5408 parvuli
1190 5324 1437 5405 jejunio
1495 5322 1839 5402 castigati:
1889 5319 2124 5400 Major,
2162 5321 2411 5401 inquit,
2462 5328 2617 5383 aetas
2656 5320 2907 5401 incipit,
2946 5327 3005 5383 et
3041 5341 3247 5402 usque
3280 5325 3357 5385 ad
3392 5330 3707 5395 minorem

408 5430 721 5510 pervenit.
755 5427 985 5488 Nullus
1015 5427 1186 5488 enim
1216 5426 1462 5502 absque
1490 5427 1779 5503 peccato,
1809 5438 1926 5482 nec
1965 5420 2017 5481 si
2049 5420 2241 5481 unius
2274 5420 2534 5501 quidem
2567 5421 2691 5483 diei
2726 5421 2917 5484 fuerit
2947 5422 3077 5487 vita
3108 5423 3274 5503 ejus,
3303 5430 3361 5486 et
3401 5445 3715 5496 numera—

407 5529 572 5593 biles
602 5528 756 5589 anni
788 5527 935 5587 vitae
960 5526 1153 5586 illius.
1181 5523 1243 5585 Si
1276 5523 1446 5584 enim
1478 5523 1678 5585 stellae
1701 5540 1828 5584 non
1854 5528 2006 5585 sunt
2034 5522 2288 5584 munda:
2319 5524 2382 5583 in
2414 5529 2761 5603 conspectu
2786 5525 2926 5601 Dei,
2956 5532 3205 5603 quanto
3240 5530 3445 5609 magis
3481 5537 3714 5599 vermis

410 5636 477 5694 et
504 5628 801 5710 putredo,
830 5634 891 5691 et
925 5628 987 5689 hi
1021 5628 1130 5707 qui
1166 5630 1427 5707 peccato
1459 5625 1841 5689 offendentis
1876 5626 2080 5689 Adam
2118 5632 2425 5689 tenentur
2456 5628 2750 5690 obnoxii.
2785 5628 2975 5690 Hunc
3025 5629 3459 5696 doctissimum
3508 5640 3715 5704 virum

482 5779 562 5853 (ιι)
594 5775 730 5833 Vide
758 5776 924 5833 etiam
952 5772 1166 5847 prmfat.
1199 5774 1661 5848 interpretationis
1688 5788 1755 5830 ex
1780 5772 2026 5831 Hebraeo.

688 5872 966 5933 ΡΑτκοι.
1024 5868 1232 5932 XXV.

3196 5875 3273 5938 26
