4150 6346
495 271 600 334 813
1933 279 2324 340 romano.
3681 297 3784 360 εη

487 403 604 474 pro
639 393 916 458 triennio
947 397 1436 462 rescribendum
1475 401 1838 478 contendit,
1889 401 2394 464 reclamantibus
2430 419 2564 466 una
2601 407 2902 468 omnibus
2935 425 3088 470 mss.
3125 397 3446 490 editisque
3475 413 3686 496 libris,
3719 423 3784 478 et

483 493 656 572 quod
689 495 896 576 pluris
929 505 1022 562 est
1044 541 1059 572 ,
1091 507 1264 562 recta
1299 501 1438 582 ipsa
1469 507 1828 582 temporum
1863 505 2132 566 ratione.
2165 503 2334 566 Salis
2361 505 2618 570 abunde
2645 507 2814 570 hanc
2833 511 3314 578 confutavimus
3341 493 3780 598 conjecturam

483 597 902 662 eruditissimi
938 603 1328 684 caeteroquin
1370 605 1528 682 viri,
1587 606 1804 680 etgjcui
1843 619 2100 670 summa
2143 607 2360 670 omnia
2399 607 2770 682 tribuimus,
2831 613 2908 674 ad
2968 615 3390 692 epistolarum
3441 597 3506 680 in
3563 625 3784 684 nostra

481 701 866 764 recensione
899 701 978 766 57
1029 711 1091 766 et
1136 707 1218 768 60
1276 707 1780 788 Chronologicas
1827 711 2048 772 Notas.
2100 709 2508 790 Quamquam
2553 711 2732 776 aliud
2785 718 3268 792 prmtcrmittere
3315 739 3440 782 non
3493 743 3780 804 possum,

480 801 654 878 quod
685 801 868 864 illum
897 823 978 866 ex
1007 815 1450 888 prmconcepta
1497 809 1802 890 Opinione
1847 811 1912 872 in
1947 829 2234 874 errorem
2283 813 2618 878 induxisse
2653 815 2832 878 video
2855 863 2870 890 ,
2909 837 3052 880 cum
3085 821 3160 882 ad
3191 801 3534 902 Sophonim
3585 835 3783 909 caput

479 905 742 968 tertium
791 909 1039 972 laudari
1075 913 1190 974 abs
1219 911 1618 994 Hieronymo
1663 913 2176 978 Commentarios
2205 915 2270 976 in
2307 915 2540 978 Ionam
2583 919 2932 980 contendit.
2983 920 3274 1001 Cumque
3327 943 3454 986 non
3491 905 3776 1004 dubitet,

481 1005 678 1070 hosce
729 1009 858 1072 illis
913 1015 1302 1090 posteriores
1353 1033 1522 1094 esse,
1571 1017 1768 1078 immo
1799 1019 1942 1096 plus
1973 1033 2162 1096 aequo
2205 1021 2400 1082 etiam
2437 1019 2708 1084 disserat
2739 1041 2754 1086 :
2797 1029 2864 1084 ut
2899 1025 2984 1088 ab
3017 1025 3136 1088 hac
3171 1041 3242 1088 se
3272 1029 3572 1106 expediat
3606 1030 3777 1092 dit‘ti-

477 1107 748 1188 cultate,
783 1111 1116 1174 Breoiores
1147 1107 1308 1178 alios
1327 1115 1849 1194 Commentarios,
1873 1133 2038 1196 quos
2069 1135 2264 1200 supra
2293 1119 2694 1196 ostendimus
2727 1139 3052 1204 nusquam
3087 1127 3438 1204 exstitisse,
3471 1131 3556 1192 ibi
3585 1134 3774 1212 quasi

481 1209 682 1292 digito
719 1215 928 1276 notari
961 1217 1080 1292 ait,
1113 1217 1366 1298 hocque
1402 1219 1520 1280 sibi
1561 1223 1742 1300 putat
1777 1221 2162 1299 palmarium
2225 1221 2550 1284 invenisse
2580 1227 2904 1302 quomodo
2925 1243 3090 1306 Opus
3115 1233 3462 1308 astrueret,
3491 1209 3781 1312 auctore,

495 1323 564 1380 ut
617 1319 740 1382 sibi
797 1322 1072 1400 videtur,
1123 1321 1528 1404 tldejubente.
1565 1325 1646 1386 At
1679 1343 1834 1388 vero
1865 1325 2024 1386 nihil
2054 1343 2306 1404 eorum,
2341 1343 2486 1406 quae
2523 1323 2643 1388 sibi
2683 1329 2890 1408 tingit,
2919 1349 3000 1393 eo
3027 1333 3200 1406 loco,
3236 1339 3350 1396 aut
3385 1335 3568 1398 ullibi
3605 1339 3784 1400 inve-

495 1423 660 1486 nias.
693 1415 860 1500 Quin
897 1429 1262 1492 econtrario
1297 1439 1444 1494 cum
1477 1429 1718 1510 passim
1751 1429 1836 1491 ibi
1873 1427 2052 1492 Jonas
2091 1429 2456 1492 testimonia
2493 1447 2610 1508 pro
2643 1449 2714 1492 re
2751 1437 2902 1494 nata
2933 1433 3153 1496 laudet
3181 1433 3244 1494 S.
3283 1435 3498 1514 Pater,
3531 1437 3780 1500 nullam

481 1537 602 1588 nec
631 1529 832 1592 verbo
865 1535 1050 1594 tenus
1081 1535 1194 1594 alis
1223 1545 1290 1595 sc
1311 1527 1612 1596 adornati
1645 1532 1712 1592 in
1749 1549 1894 1593 eum
1927 1531 2310 1612 prephetam
2337 1529 2796 1596 Commentarii
2827 1535 3220 1598 mentionem
3247 1537 3484 1616 ingerit
3513 1561 3528 1602 :
3555 1549 3782 1620 estque

479 1628 601 1692 hoc
645 1631 854 1711 ipsum
901 1633 1234 1696 silentium
1291 1629 1708 1696 exsull'landaa
1737 1633 1828 1694 illi
1861 1631 2152 1712 opinioni
2187 1631 2628 1693 utilissimum.
2681 1633 2996 1696 Cmterum
3027 1639 3096 1698 ut
3125 1637 3204 1698 ad
3239 1637 3612 1714 genuinam,
3653 1655 3784 1718 qua

475 1729 550 1790 de
589 1745 800 1794 sermo
831 1735 968 1798 erat
997 1780 1014 1810 ,
1063 1737 1590 1816 explanationem
1637 1737 1816 1798 Jonte
1867 1734 2124 1796 redeam
2147 1779 2162 1807 ,
2197 1733 2376 1796 illam
2409 1753 2620 1812 neque
2654 1737 2866 1798 serius
2901 1753 2978 1798 eo
3007 1755 3202 1816 quem
3225 1737 3534 1818 diximus,
3569 1759 3780 1806 nona-

475 1839 722 1916 gesimo
757 1843 1032 1920 septimo
1067 1861 1266 1926 supra
1307 1844 1832 1906 trecentesimum
1871 1861 2046 1904 anno
2083 1841 2340 1904 differre
2373 1842 2614 1918 patitur
2648 1841 2924 1904 alterum
2955 1840 3228 1920 ejusmet
3263 1841 3326 1902 S.
3361 1843 3566 1906 Patris
3597 1848 3781 1908 testi-

477 1939 761 2000 monium
811 1941 876 2002 in
929 1942 1428 2006 Commentariis
1483 1945 1548 2005 in
1603 1943 1886 2006 Matthmi
1941 1949 2134 2022 Cilpul
2185 1941 2664 2006 duodecimum.
2699 1944 2790 2004 De
2835 1942 2978 2016 hoc,
3037 1943 3248 2022 inquit
3285 1945 3506 2026 (signa
3535 1947 3781 2012 scilicet

477 2034 680 2117 Jona)
709 2039 962 2118 plenius
993 2043 1061 2102 in
1089 2043 1568 2107 Commentariis
1587 2045 1772 2106 J0me
1795 2043 2118 2124 prophetae
2145 2043 2628 2128 disputavimus.
2655 2043 2906 2108 Scilicet
2937 2045 3098 2105 nihil
3131 2054 3224 2106 est
3257 2047 3548 2122 dubium,
3575 2055 3634 2110 et
3661 2067 3780 2112 suo

475 2155 592 2198 nos
629 2139 770 2204 loco
801 2145 1174 2207 certissimis
1203 2149 1602 2228 argumentis
1641 2145 2100 2226 probabimus,
2127 2145 2192 2208 S.
2227 2147 2566 2210 Doctorem
2597 2147 2676 2209 ad
2707 2143 2992 2210 medium
3025 2149 3432 2226 insequentis
3475 2155 3630 2214 anni
3659 2153 3780 2218 398

473 2241 846 2306 Matthaium
879 2267 992 2326 per
1021 2267 1216 2328 quam
1247 2259 1632 2330 preperante
1665 2251 1918 2312 calamo
1951 2249 2355 2326 exposuisse.

555 2343 1094 2424 EXplanationem
1133 2351 1352 2414 Abdita
1383 2352 1666 2414 huicmel
1697 2369 1896 2428 anno,
1933 2352 2032 2412 cui
2063 2345 2572 2414 Commentarios
2605 2351 2672 2410 in
2707 2351 2972 2424 Jon'am,
3015 2353 3153 2428 pari
3205 2369 3524 2414 consensu
3563 2361 3776 2420 ascri—

473 2445 634 2507 bunt
661 2451 916 2526 eruditi,
967 2455 1126 2532 quin
1175 2457 1370 2518 etiam
1421 2456 1518 2516 his
1557 2456 1734 2518 illam
1767 2455 1994 2516 ordine
2024 2471 2100 2516 ac
2141 2453 2450 2532 temporis
2487 2453 2912 2532 prmrogativa
2953 2455 3356 2534 praecessisse
3405 2463 3770 2524 autumant.

472 2547 562 2610 Ac
595 2551 908 2614 rationem
939 2556 1222 2632 quidem,
1257 2571 1402 2635 qum
1441 2559 1646 2634 prima
1693 2553 1902 2617 fronte
1949 2553 2312 2616 certissima
2353 2553 2663 2624 videatur,
2723 2571 2804 2614 ex
2851 2555 2992 2632 ipso
3047 2560 3346 2632 repetunt
3393 2555 3772 2640 Hieronymi

475 2653 874 2730 testimonio,
930 2659 1098 2736 quod
1151 2661 1337 2720 modo
1393 2659 1802 2722 laudavimus
1837 2679 1869 2720 e
1909 2657 2284 2738 praefatione
2334 2655 2960 2720 Commentariorum
2997 2657 3060 2716 in
3099 2659 3334 2719 Amos:
3375 2655 3582 2722 Tertio
3611 2671 3762 2740 post

475 2751 652 2834 longi
683 2759 976 2836 temporis
1011 2755 1332 2822 silentium
1363 2761 1628 2824 Abdiam
1659 2769 1712 2823 et
1737 2759 1974 2824 Ionam
2005 2759 2118 2822 tibi
2147 2759 2486 2840 imperanti
2533 2757 2856 2822 cdisserui.
2887 2759 3318 2822 Nihilosecius
3373 2763 3572 2824 multo
3609 2767 3766 2826 mihi

473 2859 662 2920 aliter
691 2877 1072 2938 persuasum
1111 2869 1230 2934 est,
1265 2882 1340 2926 ac
1371 2881 1528 2944 pace
1557 2865 1832 2926 dixerim
1865 2869 2138 2942 receptae
2183 2861 2376 2940 vulgo
2415 2861 2776 2930 sententias,
2815 2864 3062 2922 tantum
3109 2863 3312 2930 abest,
3349 2867 3418 2924 ut
3446 2869 3772 2944 συγχρὸνους

472 2957 668 3021 hasce
711 2969 925 3040 putem
963 2963 1476 3036 lucubrationes,
1509 2965 1664 3042 quin
1701 2965 1910 3042 potius
1947 2965 2248 3034 alteram,
2281 2966 2422 3024 sive
2445 2978 2590 3040 quae
2613 2961 2880 3022 Abdiam
2916 2961 3250 3038 explanat,
3281 2963 3528 3044 integro
3557 2985 3778 3030 recen-

477 3063 702 3125 tiorem
749 3081 886 3127 esse
921 3067 1108 3127 velim
1139 3067 1612 3144 quinquennio.
1653 3067 1730 3126 Et
1783 3085 1932 3128 vero
1979 3067 2210 3136 dicam,
2251 3081 2368 3126 cur
2400 3081 2526 3124 non
2561 3063 2642 3123 sit
2673 3063 2764 3123 illi
2801 3063 3170 3124 testimonio
3205 3065 3774 3148 acquiescendum,

474 3171 586 3228 aut
617 3171 788 3228 certe
817 3185 946 3246 qua
978 3171 1060 3230 sit
1089 3169 1458 3247 acceptione
1492 3165 1970 3248 explicandum.
2003 3167 2162 3228 Nam
2203 3165 2642 3246 Hieronymus
2663 3181 2782 3246 par
2811 3165 2976 3226 istud
3011 3167 3470 3246 prephetarum
3501 3173 3620 3232 sub
3645 3191 3776 3238 una

468 3266 748 3350 jungens
803 3271 1204 3348 recensione,
1261 3289 1391 3332 non
1445 3287 1578 3348 quo
1624 3275 1976 3348 utrumque
2007 3287 2186 3332 anno
2223 3270 2624 3346 exposuerit,
2664 3267 2772 3330 sed
2809 3285 3000 3344 quem
3033 3267 3194 3344 ipsi,
3249 3269 3468 3331 habito
3499 3275 3576 3334 ad
3617 3275 3774 3334 reli-

475 3389 750 3450 quorum
783 3373 1305 3454 explanationem
1341 3377 1658 3452 respectu,
1691 3371 2008 3442 ordinem,
2037 3371 2176 3432 sive
2205 3367 3154 3442 locum'obtinerent,domiisse
3185 3369 3408 3430 voluit.
3433 3371 3564 3432 Sub
3595 3373 3780 3434 tertia

475 3469 674 3550 igitur
711 3473 878 3534 serie
913 3489 990 3536 ac
1025 3473 1218 3536 veluti
1257 3473 1460 3534 classe
1503 3473 1698 3550 locat,
1731 3471 1922 3550 idque
1951 3477 2026 3532 ut
2055 3471 2492 3546 verissimum,
2542 3471 2624 3530 ita
2659 3475 2720 3531 et
2753 3469 3082 3547 proposito
3141 3487 3258 3530 suo
3299 3473 3452 3532 satis
3509 3475 3762 3534 abunde

477 3571 634 3634 fuit:
673 3591 886 3652 neque
931 3574 1102 3636 enim
1139 3577 1300 3654 quot
1328 3591 1652 3636 annorum
1684 3557 1950 3654 periodo
1986 3573 2214 3636 classis
2249 3573 2384 3650 ipsa
2413 3567 2816 3644 deﬁniretur,
2845 3569 3057 3630 dicere
3091 3571 3504 3650 instituerat;
3534 3585 3596 3636 et
3625 3595 3772 3637 cum

475 3675 590 3748 ait,
619 3683 766 3754 post
797 3675 978 3755 longi
1009 3675 1302 3756 temporis
1333 3674 1654 3736 silentium
1684 3675 1935 3736 duobus
1969 3675 2144 3736 hisee
2181 3672 2511 3754 prephetis
2545 3669 3040 3750 interpretandis
3075 3673 3440 3735 admovisse
3477 3693 3770 3757 manum,

473 3777 798 3856 integrum
825 3775 1048 3838 lectori
1085 3775 1346 3854 reliquit
1371 3817 1388 3850 ,
1423 3775 1644 3850 immo,
1681 3775 1733 3836 si
1773 3773 1922 3854 quid
1961 3773 2166 3852 video,
2209 3791 2335 3834 non
2381 3773 2656 3832 obscure
2693 3771 2938 3844 innuit,
2989 3771 3256 3850 longum
3307 3772 3464 3834 illud
3517 3778 3771 3840 tametsi

475 3885 702 3946 incerti
721 3884 1032 3962 temporis
1063 3884 1368 3962 spatium,
1403 3883 1676 3944 necdum
1713 3882 1794 3942 ab
1829 3881 1908 3942 iis
1937 3897 2101 3958 quos
2135 3877 2416 3942 secunda
2465 3877 2672 3938 classe
2721 3875 3068 3946 recensuit,
3115 3873 3222 3934 sed
3275 3875 3441 3936 inter
3483 3877 3774 3956 ipsorum

475 3989 750 4050 invicem
817 3987 1276 4067 prophetarum
1313 3987 1494 4049 Jonas
1527 3983 1876 4063 Abdimque
1925 3983 2394 4064 expositionem
2443 3983 2697 4060 putare.
2753 3975 3042 4038 Profecto
3095 3993 3210 4038 nec
3259 3977 3340 4040 ad
3391 3977 3772 4062 Hieronymi

475 4085 734 4164 quidem
763 4089 858 4148 est
897 4091 1198 4164 mentem,
1231 4087 1402 4163 quod
1433 4085 1712 4147 triennio
1749 4085 2179 4156 concluditur,
2213 4082 2478 4160 longum
2517 4085 2806 4156 tempus;
2842 4077 3004 4136 bene
3037 4093 3216 4151 vero,
3249 4079 3300 4138 si
3337 4079 3508 4156 quod
3547 4087 3776 4162 posui-

475 4203 652 4262 mus,
691 4187 846 4251 illud
875 4235 894 4265 ,
943 4195 1006 4250 et
1057 4189 1498 4266 quinquenni.
1559 4185 1730 4265 quod
1777 4189 2046 4264 insuper
2100 4185 2462 4246 intercessit
2501 4185 2582 4245 ab
2617 4182 2820 4258 Jona,
2869 4181 3152 4260 spatium
3183 4199 3316 4244 una
3347 4189 3772 4262 computavit.

473 4289 748 4354 Proinde
785 4309 904 4354 nec
935 4291 1151 4352 debuit
1187 4289 1248 4351 S.
1289 4293 1472 4352 Pater
1503 4291 1564 4350 in
1603 4289 1763 4348 duas
1793 4291 2139 4366 utramque
2163 4284 2688 4348 lucubrationem
2741 4283 2984 4344 classes
3039 4282 3406 4362 dispertiri,
3463 4287 3530 4346 in
3587 4307 3774 4352 suam

476 4411 806 4472 quamque
837 4411 952 4472 pro
989 4391 1296 4470 temporis
1334 4391 1582 4450 ratione
1615 4387 1938 4460 tribuens;
1991 4404 2138 4448 nam
2179 4387 2294 4446 etsi
2331 4385 2604 4444 multum
2639 4383 2806 4442 inter
2845 4399 2914 4442 se
2955 4387 3142 4443 aetate
3189 4381 3448 4462 distent,
3501 4389 3660 4464 quin
3711 4399 3776 4452 et

475 4497 685 4576 major
716 4497 796 4558 ab
825 4495 989 4556 Jona
1021 4493 1096 4555 ad
1134 4493 1430 4570 Abdiam,
1475 4509 1672 4570 quam
1703 4509 1738 4553 a
1771 4489 2092 4570 superiori
2126 4487 2334 4550 classe
2362 4489 2436 4550 ad
2466 4489 2678 4566 ipsum
2704 4485 2936 4548 Ionam
2975 4485 3390 4546 interstitium
3429 4489 3509 4548 sit
3551 4517 3566 4556 ε
3613 4513 3775 4554 ροη-

467 4599 648 4660 εευιιο
679 4601 892 4658 tamen
929 4611 1062 4656 una
1099 4593 1554 4674 comprehendi
1587 4591 1780 4668 serie,
1818 4609 1962 4652 cum
2000 4605 2131 4650 non
2165 4587 2326 4648 alios
2359 4591 2708 4664 prophetas
2739 4589 2872 4646 tota
2905 4583 3016 4644 illa
3047 4583 3308 4660 periodo
3345 4585 3536 4649 fuerit
3561 4591 3774 4664 inter,—

481 4709 796 4786 pretatus,
829 4701 1080 4780 hosque
1124 4699 1298 4779 ipsos
1347 4699 1456 4758 uni
1507 4697 1841 4774 eidemque
1893 4693 2306 4756 Pammachio
2339 4689 2759 4768 inscripserit.
2797 4685 2934 4748 Hoc
2983 4693 3382 4792 praenotato,
3433 4693 3544 4792 qui
3599 4713 3772 4758 unus

469 4805 686 4866 fuerat
713 4803 1022 4864 intitutm
1045 4797 1498 4878 disputationis
1531 4815 1794 4874 scopas,
1819 4815 1946 4858 non
1973 4795 2103 4858 alia
2129 4793 2206 4854 de
2233 4807 2431 4852 causa
2455 4789 2724 4850 Abdiam
2755 4787 3148 4850 recensendo
3175 4787 3555 4880 prmposuit,
3579 4815 3774 4876 quam

477 4903 656 4984 quod
679 4904 806 4964 sibi
841 4901 1255 4964 succedentes
1289 4899 1634 4980 prophetas
1659 4898 1741 4960 ad
1765 4897 2124 4976 Scriptura:
2155 4893 2416 4956 obvium
2453 4893 2660 4970 magis
2693 4889 2984 4950 ordinem
3022 4893 3422 4954 memoravit.
3465 4897 3778 4978 Alioquin

475 4997 634 5069 huic
663 5005 945 5088 primum
977 5005 1354 5066 existimare
1385 4999 1772 5080 impendisse
1805 5017 2098 5080 cperam,
2127 5015 2338 5076 neque
2377 5012 2490 5076 per
2523 4990 2930 5054 adversariae
2969 4991 3250 5052 rationes
3287 4993 3450 5058 licet.
3483 4999 3648 5074 Quid
3677 5001 3776 5064 his

479 5121 712 5194 nempe
739 5109 982 5172 clarius
1015 5115 1114 5170 est
1141 5107 1356 5172 Verbis
1381 5107 1654 5187 prologo
1685 5105 1748 5164 in
1783 5103 1994 5182 ipsum
2019 5101 2250 5162 Ionam
2281 5121 2294 5158 :
2332 5099 2536 5158 Tanto
2567 5102 2713 5174 post
2739 5103 3014 5174 tempore
3039 5115 3077 5154 α
3107 5095 3284 5158 Jona
3313 5097 3780 5180 interpretandi

479 5221 652 5273 sumo
673 5205 1112 5290 principium?
1131 5205 1310 5268 Nihil
1343 5209 1440 5266 est
1469 5203 1666 5284 igitur
1697 5221 1828 5282 quo
1853 5199 2148 5282 vulgaris
2196 5199 2596 5260 innitebatur
2629 5195 3046 5258 fundamento
3089 5199 3410 5262 sententia
3439 5221 3452 5260 :
3481 5201 3612 5278 jam
3649 5223 3780 5284 qua

488 5303 566 5374 de
593 5321 790 5374 causa
829 5325 946 5372 nos
975 5309 1450 5388 quinquennio,
1480 5309 1615 5368 sive
1652 5307 1730 5368 ad
1775 5321 2018 5368 annum
2047 5321 2256 5382 usque
2293 5301 3014 5380 quadringentesimum
3049 5304 3310 5363 tertium
3351 5303 3544 5366 hosce
3567 5305 3776 5370 Com—

479 5415 830 5479 mentarios
859 5413 1284 5492 protelamus,
1336 5409 1754 5490 aperiendum
1786 5413 1903 5469 est.
1941 5407 2236 5468 Palmare
2285 5407 2740 5484 argumentum
2781 5405 3118 5480 ipsiusmet
3153 5407 3436 5466 auctoris
3489 5409 3778 5484 praefatio

473 5521 548 5580 in
581 5519 754 5578 hunc
771 5515 1014 5576 librum
1041 5511 1418 5592 suppeditat
1451 5529 1530 5572 ex
1563 5525 1780 5570 rerum
1805 5525 1976 5586 quas
2009 5509 2230 5570 narrat
2261 5505 2452 5564 serie.
2485 5503 2604 5564 Sed
2631 5503 2720 5564 ait
2749 5503 2832 5562 ab
2863 5519 2938 5562 eo
2971 5505 3260 5580 tempore
3289 5523 3420 5584 quo
3451 5509 3777 5584 specimen

483 5619 675 5699 hujus
709 5615 1264 5680 Commentariiin
1291 5605 1720 5674 adolescent-io
1767 5611 2150 5680 tenta-verat,
2185 5604 2454 5682 triginta
2483 5605 2618 5683 jam
2673 5619 2872 5662 annos
2933 5601 3000 5660 in
3051 5603 3168 5662 Dei
3211 5623 3400 5683 opere
3453 5627 3523 5668 ac
3563 5609 3783 5672 labore

453 5709 776 5784 sudasse:
807 5717 1098 5794 illudque
1131 5709 1348 5795 ipsum
1375 5717 1634 5791 tempus
1669 5707 1862 5788 quale
1887 5707 2110 5780 'l'uerit,
2143 5705 2412 5766 interius
2451 5703 2768 5774 declarat,
2819 5699 3068 5778 quando
3117 5705 3348 5780 egressi
3369 5753 3384 5782 ,
3435 5707 3734 5786 inquiens
3765 5758 3780 5782 ,

483 5821 568 5884 ini
601 5814 976 5888 Pommachi,
1007 5813 1274 5876 scholam
1309 5813 1650 5886 rhetorum,
1683 5807 1926 5870 diverso
1957 5805 2164 5869 studio
2193 5803 2540 5885 ferebamur
2565 5823 2584 5862 :
2609 5799 2856 5882 quando
2885 5819 2994 5878 ego
3027 5809 3082 5860 et
3119 5801 3178 5863 11
3187 5803 3782 5874 eliodorns(horis—
