4100 6336
331 270 435 328 813i
1569 274 1627 331 S.
1674 273 1948 334 EUSEBII
1990 272 2381 332 lllERONYllll
3529 272 3635 331 816

329 389 521 453 simus
539 388 784 468 pariter
799 386 1083 453 habitare
1099 388 1415 453 Chalcidis
1438 388 1844 453 solitudinem
1870 389 2241 451 nitebamur.
2267 391 2379 451 Est
2410 405 2559 451 vero
2584 388 2802 452 isthmc
2831 390 3174 471 perspicua
3204 388 3359 453 anni
3390 390 3639 452 trecen—

334 491 544 552 tesimi
576 493 1038 572 septuagesimi
1088 493 1255 554 tertii
1290 498 1441 554 nota
1466 538 1480 567 ,
1520 510 1714 571 quam
1745 510 1828 553 ex
1858 491 2383 571 Hieronymianae
2433 491 2998 571 peregrinationis,
3040 493 3311 570 ejusque
3344 492 3634 569 priorum

334 595 759 674 scriptionum
797 596 1051 659 indiciis
1086 597 1242 659 satis
1272 597 1612 659 manifesto
1644 595 2123 669 constituimus,
2163 600 2231 655 ut
2257 595 2471 656 videre
2507 602 2603 656 est
2633 614 2715 655 ex
2749 596 3170 675 epistolarum
3215 612 3251 657 a
3299 595 3506 676 prima
3554 591 3635 655 ad

326 696 774 759 duodecimam
809 715 1020 778 usque
1047 699 1522 779 chrenelogicis
1555 698 1980 778 argumentis.
2014 698 2126 758 His
2166 715 2361 775 porro
2389 698 2689 758 trecentis
2738 698 3150 777 septuaginta
3204 696 3409 757 tribus
3442 694 3633 758 annis

325 801 378 861 si
420 800 581 861 alios
632 801 895 879 triginta
943 801 1288 875 addideris,
1320 803 1432 880 qui
1462 802 1543 864 ab
1573 820 1674 873 eo,
1715 808 1782 863 ut
1822 802 1958 880 ipse
1994 802 2104 871 ait,
2149 800 2423 877 puerilis
2470 799 2710 877 ingenii
2746 800 3081 881 praeludio,
3110 799 3188 861 ad
3218 798 3336 860 hoc
3376 806 3636 859 malum

327 900 666 962 senectutis
701 919 866 983 epus
900 903 1441 977 intercesserunt,
1496 904 1707 981 ipsum
1750 905 1881 981 jam
1921 908 2140 963 teneas
2190 902 2901 980 quadringentesimum
2948 903 3247 977 tertium,
3297 903 3400 965 cui
3450 918 3627 965 anno

325 1005 569 1064 librum
597 1004 1045 1085 ascripsimus.
1078 1006 1287 1083 Atque
1321 1006 1472 1067 huic
1501 1006 1761 1083 quidem
1791 1004 2029 1065 rationi
2064 1006 2312 1064 tantum
2347 1002 2715 1076 tribuimus,
2748 1009 2818 1064 ut
2853 1004 2976 1066 hac
3006 1021 3139 1067 una
3172 1004 3356 1067 salva
3382 1021 3484 1066 res
3519 1004 3634 1081 sit;

320 1105 373 1166 si
412 1105 574 1167 alias
604 1106 767 1167 inire
801 1104 983 1180 velis,
1023 1110 1085 1168 et
1128 1106 1504 1185 Hieronymi
1540 1106 1683 1168 vita:
1714 1105 2011 1186 vestigia,
2051 1112 2112 1167 et
2165 1106 2449 1184 plurium
2478 1122 2561 1166 ex
2593 1105 2733 1184 ejus
2788 1106 3044 1186 scriptis
3092 1108 3385 1171 ordinem
3440 1114 3635 1187 atque

321 1212 575 1274 aetatem
611 1210 936 1289 susdeque
968 1216 1202 1273 vertas.

402 1313 493 1373 De
542 1310 812 1389 reliquis
845 1309 911 1369 in
944 1306 1322 1372 Zachariam
1377 1315 1439 1371 et
1489 1310 1874 1372 Malachiam
1897 1354 1912 1383 ,
1969 1311 2308 1389 tribusque
2359 1311 2502 1371 aliis
2533 1313 2597 1372 in
2627 1310 2896 1388 Oseam,
2925 1312 3203 1387 Joelem,
3233 1316 3296 1377 et
3325 1314 3636 1378 Amosum

322 1416 819 1477 Commentariis
856 1416 1153 1493 expedita
1182 1434 1285 1477 res
1325 1420 1420 1477 est
1460 1433 1540 1475 ex
1571 1415 1757 1476 toties
1794 1414 2057 1476 laudato
2088 1414 2151 1474 S.
2192 1414 2400 1475 Patris
2429 1414 2820 1490 testimonio,
2852 1415 3025 1494 quod
3062 1417 3297 1480 criticis
3325 1418 3633 1482 observa-

333 1518 623 1579 tionibus
654 1516 815 1577 nihil
846 1516 1078 1594 reliqui
1111 1515 1295 1586 l'ecit;
1326 1518 1613 1594 satisque
1645 1517 2009 1577 luculenter
2041 1533 2172 1576 uno
2209 1533 2431 1576 omnes
2468 1516 2739 1597 illigavit
2771 1535 2964 1592 anno,
2995 1518 3104 1599 qui
3134 1519 3302 1581 sexti
3334 1523 3632 1585 consula-

325 1627 427 1680 tus
448 1617 717 1681 Arcadii
743 1616 1044 1695 Augusti,
1072 1625 1125 1676 et
1160 1617 1367 1679 Anitii
1402 1616 1597 1677 Probi
1618 1617 1803 1697 fastis
1838 1635 2061 1678 nomen
2090 1617 2412 1697 imposuit.
2440 1618 2559 1679 Hic
2589 1624 2686 1680 est
2712 1636 2925 1682 annus
2953 1621 3631 1703 quadringentesimus

322 1723 545 1786 sextus
585 1718 741 1800 (non
777 1723 1046 1780 octavus
1075 1764 1090 1794 ,
1124 1723 1193 1778 ut
1224 1724 1367 1799 post
1410 1718 1771 1778 Victoriam
1823 1717 1984 1779 false
2019 1718 2442 1779 Martiaans
2474 1718 2754 1800 colligit)
2790 1721 3341 1786 consentientibus
3372 1724 3433 1785 in
3467 1725 3634 1789 hanc

321 1822 636 1903 epocham
666 1821 1079 1882 monimentis
1112 1820 1418 1883 Veterum
1448 1820 1799 1882 universis.

327 1958 3629 1997 ψ

931 2093 1074 2206 S.
1153 2088 1867 2204 EUSEBII
1947 2091 3018 2208 HIERONYMI

1424 2303 1996 2370 STRIDONENSIS
2040 2304 2533 2369 PRESBYTERI

1086 2477 1109 2503 ⁸
1149 2475 2871 2611 (ΙΟΜΜΕΝΤΑΒΙΟΗΠΜ

640 2720 887 2878 ΙΝ
1020 2711 1634 2878 OSEE
1771 2708 3298 2877 PBOPHETAM

1618 3008 1626 3017 ·
1672 2962 1947 3026 LIBRI
2021 2961 2271 3022 TRES

1423 3122 1579 3208 AD
1655 3116 2513 3207 PAMMACHIUM.

1717 3296 2235 3343 ,αποοΦ-

1600 3429 2316 3606 aptataque.

386 3804 443 3861 Si
474 3802 527 3857 in
562 3796 1054 3871 Explanationibus
1082 3793 1324 3850 omnium
1355 3790 1743 3862 prephctarum
1787 3802 1913 3843 san-
1949 3770 2003 3831 Α
2027 3786 2285 3841 Dominus
2329 3801 2484 3857 super
2539 3785 2800 3855 [notitiam
2851 3802 2999 3842 suam
3041 3788 3222 3859 (Matt.
3272 3805 3401 3845 xxiv
3430 3832 3444 3857 ,
3489 3790 3623 3861 65)?

307 3896 384 3953 cti
411 3894 651 3965 Spiritus
697 3890 1003 3961 indigemus
1047 3887 1307 3949 adventu,
1348 3894 1408 3939 ut
1450 3883 1604 3953 cujus
1652 3879 1915 3935 instinctu
2024 3880 2158 3947 Quis
2187 3880 2333 3935 enim
2368 3895 2474 3935 non
2510 3880 2693 3935 statim
2734 3880 2789 3935 in
2817 3880 3000 3937 fronte
3028 3880 3150 3938 libri
3196 3884 3624 3951 scandalizetur,

310 3989 501 4059 scripti
528 3994 675 4053 sunt,
702 3984 846 4039 illius
868 3981 1203 4039 revelatione
1236 3978 1546 4047 pandantur
1578 3994 1589 4030 :
1624 3982 1679 4030 ct
1701 3974 1756 4028 in
1781 3974 1916 4029 Isaia

306 4092 477 4152 atque
530 4075 861 4149 Apocalypsi
917 4075 1189 4144 signatum
1248 4068 1480 4140 legimus
1542 4065 1679 4139 (Isa.
1745 4082 1915 4130 xstx;

312 4174 481 4244 Apoc.
510 4170 567 4242 ν)
590 4169 809 4236 librum,
839 4181 1004 4237 quem
1026 4163 1233 4220 Scriba:
1254 4171 1310 4217 et
1337 4161 1622 4226 Pharisaei,
1647 4158 1738 4229 qui
1760 4157 1920 4228 Legis

316 4266 534 4325 litteras
581 4276 746 4316 nesse
791 4275 851 4316 se
886 4258 1097 4329 jactant
1144 4254 1325 4327 (Joan.
1382 4253 1482 4323 γι),
1529 4268 1636 4307 non
1691 4258 1922 4321 possunt

320 4357 527 4427 legere,
555 4354 683 4426 quia
713 4353 960 4424 signatus
984 4356 1096 4417 est,
1131 4346 1423 4416 nullusque
1446 4344 1679 4401 inveniri
1710 4343 1915 4414 potuit',

318 4448 423 4505 nisi
462 4449 548 4504 leo
592 4447 664 4502 de
712 4445 858 4499 tribu
893 4442 1049 4506 Juda,
1083 4455 1243 4511 quem
1291 4439 1528 4509 signavit
1560 4438 1701 4491 Deus
1734 4436 1915 4501 Pater,

312 4544 404 4616 qui
431 4542 547 4611 eius
574 4551 757 4612 posset
791 4553 1039 4595 reserare
1078 4534 1335 4606 mysteria
1371 4554 1381 4586 :
1423 4543 1624 4603 quanto
1655 4533 1823 4603 magis
1864 4533 1915 4586 in

316 4635 702 4706 explanatione
740 4632 879 4687 Osee
913 4633 1191 4702 prepheta:
1231 4627 1470 4683 orandus
1503 4636 1587 4681 cst
1618 4626 1878 4681 Dominus
1901 4670 1914 4693 ,

317 4738 524 4783 etcum
564 4726 729 4780 Petro
761 4722 1052 4778 dicendum
1097 4738 1110 4773 :
1156 4718 1400 4775 Edissere
1437 4718 1580 4773 nobis
1612 4717 1917 4790 parabolam

314 4821 471 4876 istam
529 4816 761 4890 (Matth.
803 4832 929 4881 χιιι,
967 4815 1087 4880 16).
1131 4814 1445 4868 Prmscrtim
1501 4828 1623 4867 cum
1671 4812 1919 4867 obscuri-

313 4922 483 4968 tatem
509 4909 806 4966 voluminis
846 4909 900 4963 in
937 4909 1041 4962 line
1071 4915 1306 4961 testetur
1334 4908 1449 4977 ipse
1475 4948 1489 4973 ,
1519 4906 1611 4976 qui
1640 4907 1866 4976 scripsit
1902 4924 1913 4958 :

322 5008 453 5077 Quis
478 5009 688 5078 sapiens
718 5015 767 5059 et
796 5004 1049 5074 intelliget
1083 5002 1213 5066 ista,
1245 5001 1544 5070 intelligens
1572 5009 1619 5054 et
1646 5012 1917 5075 cognoscet

301 5117 364 5156 ea
419 5102 577 5173 (Osee
620 5096 897 5168 x1v,lO)?
944 5095 1098 5163 Quod
1128 5111 1235 5149 non
1265 5109 1364 5164 pro
1405 5094 1762 5165 impossibili,
1808 5096 1904 5151 sed

301 5208 407 5264 pro
431 5192 641 5248 difﬁcili
666 5190 930 5246 debemus
951 5189 1226 5258 accipere,
1246 5187 1400 5257 juxta
1424 5187 1557 5241 illud
1584 5189 1897 5260 Evangelii:

2025 3980 2079 4028 et
2110 3972 2255 4026 dicat
2291 3992 2300 4026 :
2335 3972 2474 4027 Osee
2509 3972 2717 4043 primus
2744 3974 2986 4029 omnium
3025 3975 3412 4047 prophetarum
3449 3994 3631 4035 mere-

2028 4067 2219 4123 tricem
2250 4068 2504 4136 accipere
2530 4068 2755 4138 jnbctur
2775 4083 3026 4135 uxorem,
3051 4076 3106 4125 et
3136 4085 3247 4125 non
3274 4071 3629 4126 contradicit?

2024 4159 2144 4214 Non
2178 4160 2372 4215 saltem
2407 4160 2550 4215 nolle
2580 4176 2639 4215 se
2672 4160 2930 4229 simulat,
2962 4172 3018 4216 ut
3047 4177 3161 4218 rem
3201 4172 3414 4233 turpem
3448 4164 3630 4220 facere

2025 4254 2272 4310 videatur
2318 4256 2547 4320 invitus;
2603 4255 2700 4311 sed
2748 4257 3067 4326 exsequitur
3108 4256 3265 4312 laetus
3310 4258 3627 4329 imperium,

2025 4348 2179 4418 quasi
2212 4346 2513 4418 optaverit,
2544 4347 2697 4418 quasi
2722 4347 2893 4401 multo
2922 4358 3167 4417 tempore
3194 4363 3315 4404 eum
3346 4348 3630 4420 pudicitia:

2024 4457 2249 4498 vacasse
2277 4443 2537 4512 poeniteat
2565 4459 2577 4495 :
2608 4457 2729 4498 cum
2756 4441 3070 4498 honestiora
3091 4453 3147 4499 et
3174 4443 3380 4513 absque
3407 4452 3630 4514 peccato

2025 4544 2242 4589 sanctos
2264 4536 2413 4588 viros
2437 4533 2703 4601 renuisse,
2737 4532 2966 4589 Domine
2990 4530 3016 4570 δ
3034 4533 3281 4603 jubente,
3310 4535 3623 4606 legerimus.

2024 4629 2239 4699 Moyses
2271 4629 2506 4682 mittitur
2548 4630 2613 4681 ad
2662 4626 3029 4693 Pharaonem,
3082 4636 3136 4682 et
3181 4627 3289 4683 dux
3340 4627 3629 4685 lsraelitici

2023 4723 2207 4793 pepuli
2238 4721 2590 4776 constituitur
2617 4736 2630 4773 :
2661 4728 2717 4775 et
2742 4729 2920 4775 tamen
2954 4734 3060 4775 non
3095 4719 3497 4787 imbecillitate,
3528 4720 3627 4776 sed

2026 4816 2329 4871 humilitate
2379 4812 2678 4882 respondet
2728 4831 2738 4865 :
2784 4812 3015 4867 Provide
3051 4813 3217 4866 alium
3259 4829 3411 4885 quem
3452 4815 3626 4867 mittas

2025 4909 2224 4982 (Exod.
2267 4925 2346 4975 tv,
2394 4907 2505 4980 l5).
2549 4906 2815 4964 Jeremias
2847 4923 3078 4979 puerum
3104 4923 3226 4965 esse
3258 4923 3318 4964 se
3357 4907 3521 4975 dicit,
3558 4923 3627 4964 ne

2025 5014 2339 5076 peccantem
2372 5011 2565 5073 arguat
2588 5002 2892 5057 Jerusalem
2927 5000 3147 5072 (Jerem.
3183 5001 3245 5073 ι).
3274 5000 3531 5058 Ezechiel
3558 5001 3629 5057 de

2024 5099 2170 5154 omni
2216 5113 2419 5168 genere
2446 5096 2740 5167 leguminis
2772 5111 2838 5152 ac
2870 5095 3134 5152 sementis
3164 5112 3329 5150 unum
3369 5097 3630 5152 subcinc-

2026 5190 2215 5245 ricium
2267 5205 2459 5258 panem
2510 5190 2721 5255 facere,
2754 5199 2806 5245 et
2838 5203 3073 5259 coquere
3105 5188 3255 5244 illutn
3298 5189 3353 5243 in
3388 5188 3630 5244 humano

296 5288 428 5354 Quis
451 5297 603 5361 putas
626 5296 698 5343 est
731 5302 906 5357 servus
932 5282 1104 5354 ﬁdelis
1128 5292 1174 5336 et
1196 5282 1600 5354 prudensquem
1630 5283 1895 5337 constituit
1935 5275 1985 5334 B
2024 5293 2273 5339 stercore
2299 5284 2544 5354 jubctur,
2576 5292 2633 5339 ct
2669 5284 2744 5337 ait
2777 5302 2790 5339 :
2825 5282 3191 5354 Nequaquam,
3233 5282 3477 5349 Domine,
3504 5284 3631 5355 quia

375 5478 401 5507 ⁸
429 5466 730 5524 Universos
761 5466 813 5519 in
840 5462 1133 5519 duodecim
1157 5461 1455 5532 prephetas
1483 5506 1496 5529 ,
1531 5461 1621 5531 qui
1654 5461 1755 5515 hoc
1785 5476 1920 5516 con-

292 5542 535 5595 tinentur
575 5547 726 5592 tomo
759 5582 773 5603 ,
816 5536 1131 5607 Hieronymi
1158 5534 1599 5607 Commentarios
1635 5532 1917 5607 exegimus

300 5613 365 5664 ad
395 5613 530 5665 duos
556 5625 696 5664 mss.
729 5609 952 5663 codices
984 5604 1567 5661 PalatinoNaticanos
1599 5605 1917 5673 antiquissi-

298 5697 455 5745 mos,
487 5682 726 5737 alterum
762 5681 896 5745 175,
931 5679 1166 5734 alterum
1205 5679 1325 5745 174,
1358 5677 1603 5730 numeris
1649 5686 1918 5746 praenota-

292 5764 408 5808 los.
443 5753 549 5807 Sex
590 5766 814 5822 quoque
854 5750 1197 5821 posteriores
1245 5747 1542 5820 prophetas
1606 5750 1671 5803 ad
1713 5748 1915 5819 regina:

293 5826 614 5885 Succorum
668 5824 911 5879 codicem
962 5839 1109 5877 num.
1153 5824 1255 5883 93,
1302 5836 1433 5876 sane
1465 5834 1725 5892 perquam
1759 5830 1912 5876 vetu-

2022 5471 2187 5529 stum,
2218 5472 2384 5533 atque
2412 5463 2791 5519 emendatum.
2825 5462 2902 5518 Ex
2930 5471 3089 5531 parte
3118 5473 3301 5521 autem
3324 5482 3471 5523 nunc
3498 5466 3623 5535 bes,

2024 5550 2168 5589 nunc
2202 5535 2347 5599 illos,
2381 5551 2505 5590 cum
2537 5536 2657 5590 aliis
2681 5536 3056 5607 consuluirmus
3074 5540 3294 5607 optimae
3320 5547 3461 5594 nota:
3485 5555 3620 5595 mss.

2021 5620 2159 5677 quos
2181 5622 2279 5660 suo
2306 5622 2549 5676 quosque
2574 5607 2692 5663 loco
2724 5606 3087 5663 laudabimus.

2091 5676 2119 5716 ι)
2147 5677 2258 5734 Vox
2306 5682 2512 5748 iubente
2561 5680 2612 5735 in
2674 5678 2934 5735 Palatinis
2988 5695 3117 5735 mss.
3159 5689 3209 5737 et
3246 5681 3473 5738 Victorii
3505 5683 3618 5739 edi-

2022 5750 2167 5808 tione
2200 5767 2305 5805 neu
2333 5751 2583 5807 habetur.
