4150 6346
434 310 538 366 8l7

1145 310 1797 368 (ῘΟΜΜΕΝΤΛΠΙΟΒΗΜ
1838 309 1900 366 ΙΝ
1942 311 2122 370 USEE
2164 312 2588 372 PROPHETAM
2630 316 3008 375 PROLOGUS.

3634 315 3742 375 818

437 464 719 520 numquam
748 446 1074 502 immundum
1105 449 1334 503 introivit
1362 449 1414 503 in
1439 467 1494 505 os
1519 467 1684 505 meum
1712 449 1927 523 (Ezech.
1958 467 2032 517 tv,
2064 433 2101 494 Α
2141 450 2260 504 bitis
2292 449 2421 522 [ΑΙ.
2450 451 2663 507 habetis
2689 451 2706 524 ]
2737 453 2994 508 vobiscum
3037 471 3055 508 :
3086 470 3164 508 me
3211 463 3379 508 autem
3408 468 3514 508 non
3542 468 3747 525 semper

438 541 551 616 Η).
605 541 672 597 Ει
721 541 864 599 Osee
888 543 1115 604 audiens
1162 559 1191 598 a
1243 545 1477 602 Domino
1530 564 1541 599 :
1586 546 1772 620 Accipe
1816 562 2032 602 uxorem

439 636 780 708 fornicariam
812 635 968 706 (Osee
989 653 1028 705 ι,
1050 635 1129 710 9.),
1157 651 1266 692 non
1300 637 1534 694 frontem
1565 647 1742 708 rugat,
1775 653 1882 694 non
1905 654 2040 695 moe-

437 746 620 786 rorem
642 730 849 801 pallore
872 730 1253 797 testatur,’non
1270 731 1674 797 verecundiam,
1693 742 1901 786 mutato
1929 731 2034 803 [Αι.

437 823 766 880 verecundia
809 824 1039 897 mutato]
1080 839 1344 896 genarum
1384 825 1603 891 rubore,
1659 825 2036 892 demonstrat;

442 916 537 972 sed
567 917 740 987 pergit
767 916 833 971 ad
861 916 1110 987 lupanar,
1135 928 1190 971 et
1216 927 1457 973 scortum
1481 918 1632 974 ducit
1657 919 1724 973 ad
1754 919 2036 974 lectulum.

440 1009 508 1064 Et
551 1024 657 1062 non
691 1017 717 1044 ³
764 1007 946 1063 initiat
987 1008 1135 1064 illam
1170 1008 1446 1078 pudicitia:
1486 1010 1805 1074 matronali;
1840 1010 1935 1064 scd
1983 1025 2041 1064 se

439 1100 786 1156 luxuriosum
828 1116 890 1155 ac
929 1111 1183 1174 nepotem
1212 1101 1429 1172 probat.
1473 1103 1575 1171 Qui
1621 1103 1767 1158 enim
1799 1103 2041 1159 adhaeret

442 1195 741 1264 meretrici,
776 1211 942 1250 unum
969 1211 1092 1251 cum
1121 1211 1184 1251 ea
1207 1211 1406 1266 corpus
1432 1195 1668 1252 efficitur
1715 1196 1756 1270 (l
1789 1195 1905 1252 Cor.
1937 1199 2037 1268 vt).

442 1291 572 1348 llaec
601 1290 767 1362 igitur
795 1290 1082 1347 audientes
1110 1291 1236 1362 quid
1257 1306 1542 1361 possumus
1571 1291 1908 1361 respondere
1935 1291 2039 1347 nisi

445 1385 576 1441 illud
629 1383 1004 1457 propheticum
1049 1403 1062 1439 :
1109 1383 1236 1451 Quis
1285 1385 1492 1458 sapiens
1529 1395 1573 1439 et
1624 1385 1877 1458 intelliget
1916 1385 2038 1454 ista,

445 1478 740 1551 intelligens
776 1489 827 1532 et
865 1487 1136 1549 cognoscet
1177 1479 1278 1532 ea?
1320 1478 1476 1550 (Osee
1505 1494 1615 1546 xtv,
1652 1476 1766 1549 10.)
1807 1477 1959 1534 Unde
1989 1489 2045 1534 et

445 1573 604 1628 nobis
632 1571 923 1627 dicendum
947 1581 1031 1626 est
1059 1585 1182 1626 cum
1207 1571 1383 1627 David
1415 1590 1428 1626 :
1461 1572 1654 1627 Revela
1677 1570 1854 1626 oculos
1879 1589 2038 1640 meos,

444 1673 492 1718 ct
522 1665 862 1719 considerabo
891 1663 1154 1719 mirabilia
1180 1664 1242 1718 de
1273 1665 1383 1738 lege
1416 1675 1506 1719 tua
1535 1663 1656 1738 (Ps.
1690 1680 1884 1731 cxvttt,
1915 1663 2040 1738 18);

447 1766 506 1812 ut
538 1756 848 1812 introducat
880 1771 980 1812 nos
1009 1773 1104 1812 rex
1137 1758 1190 1812 in
1221 1757 1532 1813 cubiculum
1568 1773 1722 1812 suum
1760 1757 1931 1826 (Cant.
1967 1760 2039 1826 ι),

2143 541 2398 596 habebitis
2423 542 2640 613 (Matth.
2668 560 2814 609 xxvi,
2842 545 2926 613 10,
2957 545 3068 616 ii).
3095 545 3164 601 Et
3185 561 3254 602 ne
3277 556 3601 617 putaremus
3625 544 3745 600 leve

2143 650 2268 691 esse
2295 636 2442 706 quod
2475 636 2706 702 fecerat,
2730 645 2786 692 et
2816 637 3046 692 nardum
3079 638 3362 709 pisticum,
3393 638 3446 694 id
3478 645 3601 705 est,
3635 653 3742 693 un-

2142 740 2400 801 guentum
2427 730 2828 794 fidelissimum,
2856 730 2921 784 ad
2950 731 3093 786 aliud
3125 733 3278 803 quid,
3303 742 3358 788 et
3389 748 3495 790 non
3527 732 3596 788 ad
3630 731 3742 787 Ec-

2143 824 2367 880 clesiam
2405 841 2530 881 esse
2560 824 2937 892 referendum,
2973 826 3065 880 dat
3089 827 3247 882 nobis
3280 828 3623 886 occasionem
3650 828 3738 883 in-

2147 917 2466 988 telligentize
2487 926 2541 972 et
2575 932 2783 987 magna:
2809 918 2958 984 fidei,
2980 934 3175 989 magna
3198 922 3421 989 premia
3446 920 3741 991 repromit-

2146 1011 2231 1077 tit,
2266 1010 2456 1066 dicens
2501 1030 2513 1066 :
2549 1001 2732 1078 Amen,
2764 1028 2912 1065 amen
2939 1013 3055 1065 dico
3079 1011 3242 1078 vobis,
3277 1013 3579 1086 ubicumque
3607 1029 3744 1085 prat-

2145 1105 2378 1160 dicatum
2401 1106 2556 1174 fuerit
2579 1105 2676 1160 hoc
2697 1105 3041 1178 Evangelium
3070 1106 3122 1160 in
3149 1115 3254 1161 toto
3284 1108 3475 1162 mundo
3502 1152 3517 1177 ,
3543 1108 3749 1162 dicetur

2145 1198 2284 1269 quod
2311 1198 2422 1253 htcc
2453 1199 2571 1270 fecit
2601 1199 2656 1252 in
2688 1199 2988 1253 memoriam
3029 1201 3141 1270 ejus
3174 1197 3282 1272 [AL
3315 1198 3481 1273 mei].
3511 1201 3638 1257 Haec
3665 1212 3750 1256 est

2148 1293 2407 1347 meretrix
2430 1292 2499 1348 de
2529 1308 2634 1363 qua
2659 1292 2902 1363 loquitur
2926 1293 3188 1348 Dominus
3215 1293 3280 1348 ad
3299 1292 3516 1349 Judaros
3541 1311 3557 1349 :
3583 1295 3745 1349 Amen

2146 1385 2259 1438 dico
2290 1385 2428 1439 vobis
2455 1425 2470 1452 ,
2503 1385 2791 1440 meretrices
2847 1395 2893 1439 et
2950 1385 3212 1457 publicani
3245 1387 3534 1457 praecederet
3573 1403 3660 1442 vos
3689 1388 3747 1441 in

2144 1492 2303 1547 regno
2328 1473 2427 1530 Dei
2459 1475 2681 1546 (Matth.
2717 1493 2826 1544 xxi,
2854 1475 2966 1547 51).
2998 1477 3101 1532 Vos
3123 1478 3270 1533 enim
3300 1479 3522 1533 missum
3551 1479 3617 1533 ad
3645 1493 3740 1535 vos

2149 1569 2347 1624 Filium
2377 1569 2552 1640 patris
2579 1570 2800 1624 familiae
2822 1579 2876 1624 et
2907 1570 3198 1625 Dominum
3231 1571 3430 1638 vineae,
3458 1571 3553 1643 qui
3588 1571 3744 1642 plan-

2150 1663 2287 1718 tavit
2316 1677 2434 1718 eam
2456 1705 2469 1727 ,
2496 1663 2775 1732 suscipere
2803 1662 3076 1718 noluistis.
3107 1663 3216 1718 Ista
3256 1667 3519 1720 meretrix
3555 1665 3750 1736 explo-

2151 1766 2368 1812 ratores
2394 1771 2547 1812 meos
2567 1755 2704 1812 duos
2725 1756 3060 1811 fortissimos
3080 1757 3330 1827 juvenes,
3354 1773 3583 1829 quorum
3611 1759 3749 1814 alte-

447 1863 500 1908 et
531 1851 778 1906 velamen
807 1850 958 1922 quod
985 1861 1114 1906 ante
1144 1851 1332 1907 oculos
1364 1851 1537 1923 Moysi
1571 1853 1808 1923 positum
1844 1852 1942 1907 fuit
1988 1853 2039 1907 in
2073 1832 2120 1892 B
2146 1867 2265 1906 rum
2323 1853 2374 1906 in
2429 1851 2903 1907 circumcisionem
2934 1851 3056 1906 misi
3083 1897 3097 1920 ,
3138 1852 3369 1908 alterum
3419 1852 3488 1909 ad
3517 1862 3744 1924 gentes,

449 1946 680 2001 lectione
721 1946 924 2002 veteris
966 1945 1303 2000 Testamenti
1338 1945 1552 2016 (Exod.
1584 1946 1787 2018 xxxiv),
1828 1947 1982 2002 tollat
2012 1960 2041 2000 a

451 2038 606 2095 nobis
635 2037 710 2111 (ΙΙ
738 2037 864 2096 Cor.
898 2039 1012 2111 ιιι).
1052 2039 1246 2094 Statim
1276 2040 1422 2094 enim
1455 2050 1511 2095 ut
1560 2041 1780 2095 locutus
1811 2049 1897 2094 est
1941 2041 2041 2094 Do-

446 2136 663 2190 minus:
717 2133 900 2203 Pater,
943 2135 997 2188 in
1060 2151 1240 2188 manus
1283 2145 1400 2189 tuas
1448 2134 1748 2190 commendo
1802 2137 2044 2206 spiritum

446 2242 636 2293 meum,
690 2235 738 2280 et
787 2226 897 2280 haec
951 2225 1129 2279 dicens
1174 2227 1452 2296 exspiravit
1507 2225 1662 2298 (Luc.
1706 2242 1863 2294 xxnt,
1916 2224 2040 2296 46),

447 2321 624 2376 velum
673 2319 867 2390 templi
922 2319 1154 2374 scissum
1210 2328 1331 2384 est,
1384 2329 1437 2373 et
1493 2320 1679 2374 omnia
1726 2318 2043 2374 Iudaeorum

447 2423 658 2470 secreta
713 2421 1025 2484 patuerunt.
1089 2414 1153 2467 Et
1206 2411 1329 2467 fons
1385 2413 1474 2482 qui
1536 2412 1918 2483 egrediebatur
1979 2413 2048 2467 de

445 2507 610 2564 domo
637 2507 803 2562 David
835 2505 945 2580 [Αι.
975 2504 1236 2578 Domini],
1266 2507 1545 2577 iugretsus
1566 2516 1651 2562 est
1678 2522 1830 2562 mare
1851 2507 2041 2562 solitu-

449 2603 596 2658 dinis
626 2611 728 2662 ;et
752 2617 916 2658 verus
954 2602 1182 2668 Elisteus
1220 2617 1388 2672 aquas
1413 2603 1632 2660 steriles
1664 2614 1827 2675 atque
1858 2605 2049 2659 murti—

446 2697 590 2753 feras
615 2697 902 2767 sapientiae
931 2711 1044 2751 sum
1075 2695 1316 2751 condivit
1344 2697 1484 2765 sale,
1518 2706 1574 2752 et
1604 2698 1734 2754 fecit
1763 2712 1884 2752 esse
1913 2699 2045 2752 vita-

447 2791 525 2846 les
557 2790 648 2863 (Ν
675 2789 806 2862 Reg.
835 2791 912 2861 tv)
939 2807 951 2842 :
977 2789 1003 2828 δ
1029 2790 1284 2862 Maraque
1307 2789 1489 2862 Legis,
1513 2809 1633 2862 qua:
1657 2792 2048 2862 interpretatur

447 2883 746 2938 amaritudo
770 2925 785 2950 ,
821 2883 966 2953 ligno
996 2883 1228 2954 patibuli
1255 2885 1542 2940 dulcorata
1567 2893 1651 2940 est
1685 2886 1703 2957 (
1729 2885 1904 2940 Exod.
1935 2887 2047 2958 xv).

449 2976 815 3047 lntelligimus
852 2976 996 3032 enim
1041 2977 1162 3046 quis
1201 2978 1271 3032 sit
1296 2976 1465 3032 Judas
1490 2979 1806 3048 patriarcha
1836 2980 2048 3035 electus

449 3067 503 3123 in
535 3083 741 3140 regem,
773 3083 878 3124 nec
910 3067 1140 3124 miratur
1170 3084 1268 3124 cur
1294 3070 1361 3125 ad
1385 3070 1627 3126 Thamar
1652 3073 1807 3141 quasi
1835 3073 1899 3127 ad
1933 3089 2047 3128 me-

450 3161 702 3218 ri-triesm
727 3162 811 3216 vir
823 3169 1049 3216 sanctus
1065 3162 1329 3217 introierit
1365 3162 1574 3232 (Cenes.
1603 3181 1634 3218 ιι
1648 3165 1862 3236 xxvut);
1877 3182 2047 3237 quare

451 3254 716 3320 Samson,
749 3254 853 3323 ἰιιιί
903 3254 1292 3324 interpretatur
1337 3254 1448 3321 sol,
1483 3255 1714 3311 Dalilam
1753 3259 2044 3324 amaverit,

451 3363 572 3419 qua:
602 3345 932 3403 transfertur
963 3347 1016 3402 in
1045 3364 1360 3418 pauperem;
1385 3355 1439 3404 et
1469 3356 1692 3420 propter
1712 3365 1830 3404 eam
1860 3351 2053 3406 irrisus

452 3449 508 3495 et
549 3447 798 3495 mortuus
839 3439 1282 3496 adversariorum
1322 3442 1490 3495 millia
1533 3442 1824 3497 trucidarit
1849 3442 2050 3514 (ludit.

454 3531 598 3605 xvi);
631 3547 729 3588 cur
764 3532 992 3589 Salmon
1025 3535 1202 3588 virum
1231 3533 1437 3604 justum
1470 3535 1614 3590 Booz
1648 3536 1713 3590 de
1756 3535 1906 3592 Raab
1935 3555 2049 3594 me-

459 3627 658 3681 retrice
681 3627 984 3696 generarit,
1017 3630 1106 3695 qui
1132 3627 1274 3680 Ruth
1305 3627 1578 3684 Moabiteu
1605 3628 1768 3697 pinna
1796 3631 1945 3701 pallii
1970 3633 2054 3686 sui

457 3719 734 3788 operiens,
766 3728 819 3773 et
851 3719 1125 3788 jacentem
1156 3718 1222 3774 ad
1271 3719 1460 3789 pedes,
1494 3721 1560 3776 ad
1587 3732 1750 3792 caput
1775 3723 2053 3794 Evangelii

458 3812 800 3867 transtulerit
829 3813 1019 3882 (Ruth.
1046 3828 1093 3877 ι,
1124 3827 1194 3878 ιι,
1227 3813 1332 3883 ιιι).
1367 3813 1504 3880 Quid
1534 3830 1716 3869 causa:
1746 3815 1817 3870 sit
1846 3826 1901 3870 ut
1933 3831 2056 3870 cum

461 3905 633 3960 David
667 3913 744 3959 tot
782 3895 1038 3961 habuerit
1071 3921 1306 3970 uxores,
1340 3907 1544 3964 nullum
1580 3909 1742 3961 alium
1776 3911 1926 3979 regni
1975 3911 2059 3964 sui

459 4001 647 4056 fecerit
674 4015 1064 4066 (successorem
1097 4000 1202 4055 nisi
1235 4015 1355 4055 cum
1387 4000 1477 4070 qui
1505 4001 1573 4056 de
1607 4001 1912 4058 Bethsahec
1938 4021 2060 4072 pro-

458 4103 673 4150 creatus
704 4102 789 4150 est
831 4093 930 4165 (lll
964 4093 1094 4167 Reg.
1130 4093 1187 4166 ι)
1222 4111 1234 4147 :
1267 4107 1326 4148 ut
1351 4110 1458 4149 non
1487 4095 1664 4149 solum
1700 4099 2017 4152 meretrices
2043 4139 2058 4164 ,

459 4190 556 4244 sed
589 4193 755 4244 etiam
801 4189 1063 4246 adultera:
1099 4190 1213 4245 Deo
1240 4191 1458 4260 placere
1486 4191 1793 4247 videantur.
1821 4192 1976 4247 Unde
2008 4203 2062 4248 et

465 4282 516 4336 in
548 4282 653 4337 hoc
676 4281 796 4352 ipso
824 4282 1089 4353 propheta
1124 4283 1374 4352 legimus,
1413 4283 1556 4354 quod
1578 4285 1799 4354 junctus
1831 4287 2061 4355 primum

467 4374 784 4440 meretrici,
844 4377 1088 4444 secundo
1144 4376 1407 4431 adulterae
1457 4379 1784 4447 copuletur,
1845 4380 2065 4436 dicente

461 4469 525 4522 ad
574 4483 697 4524 eum
751 4469 1021 4524 Domino:
1055 4469 1240 4523 Aditur
1273 4471 1433 4540 vade,
1479 4471 1641 4545 dilige
1681 4476 1942 4528 mulierem
1985 4475 2067 4528 di-

463 4561 646 4614 lectam
694 4563 862 4616 amico
905 4562 1062 4635 (Osce
1109 4579 1201 4628 ιιι,
1238 4565 1258 4618 l
1290 4571 1346 4634 ),
1383 4566 1497 4619 sive
1547 4567 1860 4636 diligentem
1925 4569 2063 4622 mala

2153 1944 2490 1999 humanitate
2539 1943 2819 2014 suscepit,
2857 1943 3144 1998 abscondit
3191 1943 3372 2001 studio
3398 1985 3412 2010 ,
3446 1944 3647 2000 levavit
3690 1945 3748 1999 in

2151 2049 2377 2106 tectum,
2411 2039 2742 2110 operuitlini
2773 2037 2969 2109 stipula
3000 2037 3138 2111 (los.
3170 2038 3254 2109 ιι).
3285 2037 3420 2107 Quae
3446 2053 3589 2095 ctcsa
3620 2053 3747 2110 per-
3821 2063 3830 2071 -

2149 2134 2568 2201 sccutionibus,
2597 2145 2652 2190 et
2677 2134 2791 2190 lota
2822 2134 2873 2187 in
2911 2133 3260 2204 baptismate,
3293 2134 3544 2188 immutat
3594 2133 3752 2188 colo-

2151 2246 2291 2298 rcm,
2322 2241 2376 2285 et
2403 2229 2470 2284 de
2500 2238 2640 2284 tetro
2671 2229 2722 2282 in
2757 2227 2940 2281 album
2972 2227 3226 2282 vertitur.
3259 2225 3368 2282 Nec
3396 2227 3595 2283 mirum
3622 2226 3667 2280 si
3695 2224 3750 2280 in

2153 2325 2320 2393 figura
2354 2323 2565 2377 Domini
2608 2321 2915 2378 Salvatoris
2944 2363 2958 2387 ,
2989 2330 3044 2377 et
3071 2321 3339 2376 Ecclesia:
3381 2321 3452 2377 de
3491 2329 3750 2392 peccato-

2151 2417 2303 2472 ribus
2334 2425 2702 2486 congregatte,
2731 2414 2848 2469 haec
2879 2413 3018 2469 facta
3059 2429 3454 2478 memoremus,
3479 2428 3604 2472 cum
3637 2413 3754 2482 ipso

2150 2510 2205 2565 in
2236 2508 2337 2564 hoc
2365 2508 2560 2564 eodem
2595 2508 2736 2563 dicat
2769 2507 3034 2578 propheta
3067 2525 3080 2561 ι
3113 2506 3322 2578 Loquar
3341 2508 3410 2561 ad
3432 2506 3748 2578 prophetas;

2151 2620 2245 2676 ego
2274 2603 2495 2657 visiones
2528 2601 2874 2672 multiplicavi
2897 2642 2910 2666 ,
2937 2611 2984 2655 et
3016 2601 3071 2654 in
3111 2599 3350 2654 manibus
3387 2601 3756 2672 prapltetarum

2151 2697 2470 2751 assimilatas
2496 2712 2608 2749 sum
2634 2693 2792 2765 (Osce
2817 2709 2913 2753 xu.
2943 2692 3054 2764 10);
3085 2703 3145 2748 ut
3173 2691 3432 2768 quidquid
3475 2691 3758 2762 propheta:

2149 2791 2419 2862 jubentur
2441 2789 2683 2859 operari,
2716 2788 2783 2843 ad
2814 2803 2990 2843 meam
3024 2787 3296 2842 referatur
3318 2785 3757 2842 similitudinem.

2154 2887 2324 2955 Cujus
2355 2899 2493 2940 uxor
2524 2884 2864 2952 IEthiOpissa
2907 2891 2993 2938 est
3018 2927 3032 2951 ,
3065 2892 3255 2938 contra
3285 2898 3448 2954 quam
3496 2882 3674 2939 Aaron
3707 2889 3764 2936 et

2153 2979 2344 3047 Maria,
2374 2979 2604 3034 carnale
2635 2977 3000 3033 sacerdotium
3025 2977 3364 3045 Iudaeorum,
3394 2987 3448 3031 et
3475 2975 3763 3048 prOphetia

2153 3074 2347 3128 littera:
2377 3073 2646 3138 serviens,
2674 3073 2964 3126 mussitant
2987 3069 3340 3126 etofTendunt
3362 3069 3539 3126 Deum
3565 3068 3758 3142 (Nunt.

2099 3224 2120 3243 η
2157 3166 2256 3238 xu)
2285 3186 2294 3220 :
2323 3182 2442 3236 qum
2474 3165 2611 3221 dicit
2645 3165 2698 3219 in
2727 3163 2961 3219 Cantieo
3000 3163 3353 3220 Canticorum
3392 3182 3405 3217 :
3437 3161 3614 3218 Fusca
3648 3179 3762 3218 sum

2159 3271 2206 3315 et
2230 3265 2490 3332 formosa,
2517 3259 2643 3329 ﬁlia:
2682 3256 2980 3312 Jerusalem
3002 3255 3022 3330 (
3046 3255 3198 3311 Cant.
3229 3273 3268 3325 ι,
3299 3255 3334 3310 4
3429 3255 3685 3325 Alioquin
3714 3256 3761 3308 si

2159 3354 2342 3407 omnia
2366 3367 2486 3422 qua:
2519 3352 2912 3422 praecipiuntur
2933 3351 3004 3404 oh
3031 3364 3250 3416 causas,
3280 3359 3337 3404 ut
3363 3351 3417 3404 in
3447 3346 3766 3404 similitudi-

2163 3462 2286 3500 nem
2320 3429 2472 3514 fiant,
2506 3460 2634 3499 vere
2665 3444 2805 3499 facta
2826 3443 3246 3499 contendimus:
3272 3458 3404 3513 ergo
3425 3453 3478 3496 et
3499 3440 3765 3498 Jeremias

2161 3538 2438 3593 accinctus
2469 3536 2725 3601 lumbari,
2754 3536 3089 3592 vestimento
3118 3534 3394 3603 muliebri,
3425 3535 3571 3590 inter
3597 3534 3766 3589 innu-

2165 3649 2310 3690 mera
2320 3633 2454 3687 biles
2475 3632 2725 3686 nationes
2741 3639 2795 3684 et
2811 3629 3066 3702 Assyrios
3083 3639 3246 3700 atque
3260 3627 3553 3694 Chaldeos,
3576 3636 3768 3698 gentes

2167 3725 2571 3782 inimicissimas
2603 3722 2940 3788 Judieorum,
2973 3723 3070 3777 ivit
3099 3721 3169 3778 ad
3203 3722 3539 3792 Euphratem
3561 3761 3574 3785 ,
3604 3728 3664 3774 ut
3692 3719 3768 3776 ibi

2165 3819 2529 3876 absconderet
2561 3818 2812 3872 lumbare
2839 3831 2997 3870 suum
3025 3859 3040 3883 ,
3069 3824 3125 3870 et
3155 3823 3280 3885 post
3307 3813 3476 3869 multa
3524 3823 3770 3884 tempora

2165 3927 2442 3975 reversus,
2473 3910 2679 3964 invenit
2704 3909 2835 3964 illud
2861 3910 3269 3978 computruisse
3289 3907 3432 3978 quod
3456 3907 3595 3963 nulli
3622 3917 3774 3962 esset

2167 4005 2289 4059 usui
2316 4001 2528 4075 (Jerem.
2563 4002 2708 4072 xui).
2737 4001 3024 4067 Quomodo
3046 4001 3196 4056 exire
3219 4008 3455 4070 poterat,
3487 3995 3639 4055 et'ire
3662 4007 3772 4053 tam

2170 4098 2328 4167 longe
2384 4095 2608 4150 obsessa
2652 4093 2978 4159 Jerusalem,
3009 4093 3307 4149 exstructis
3352 4107 3452 4163 per
3481 4090 3772 4147 circuitum

2172 4191 2594 4255 munitionibus,
2627 4189 2801 4254 fossa,
2834 4189 3002 4256 vallo,
3024 4199 3191 4259 atque
3217 4185 3616 4254 castellis‘lQui
3646 4199 3772 4239 cum

2173 4286 2346 4342 semel
2375 4285 2441 4339 ad
2486 4284 2722 4340 Auatoth
2755 4284 2994 4338 viculum
3029 4298 3187 4337 suum
3227 4282 3280 4336 in
3323 4281 3490 4337 tertio
3518 4278 3779 4335 milliario

2174 4379 2243 4434 ab
2273 4381 2405 4433 urbe
2436 4381 2600 4432 situm
2634 4376 2898 4431 voluisset
2927 4375 3101 4440 exire,
3137 4376 3188 4428 in
3223 4383 3379 4444 porta
3408 4371 3624 4442 capitur
3655 4369 3778 4444 [ΑΙ.

2175 4475 2423 4546 captus],
2455 4485 2509 4529 et
2563 4473 2822 4527 reductus
2854 4471 2922 4525 ad
2977 4469 3253 4542 principes
3280 4513 3294 4538 ,
3319 4469 3478 4541 quasi
3526 4467 3779 4540 proditor

2179 4567 2500 4621 verberatus
2551 4566 2602 4619 in
2651 4579 2928 4619 carcerem
2977 4563 3230 4617 mittitur.
3274 4562 3332 4618 Si
3365 4561 3500 4617 illud
3529 4562 3584 4618 in
3620 4570 3775 4633 typo,

462 4651 568 4725 [Αι.
604 4652 844 4727 Malam],
893 4629 940 4710 et
980 4629 1300 4710 adulteram.
1334 4629 1467 4712 Vlline
1511 4669 1594 4713 est
1646 4629 1846 4715 inulier
1879 4678 2059 4718 mere-
2093 4629 2146 4686 Β
2174 4659 2297 4730 quia
2329 4657 2446 4712 fieri
2481 4673 2587 4710 non
2637 4658 2814 4725 potuit
2848 4674 2858 4708 :
2893 4670 3022 4726 ergo
3065 4664 3121 4710 et
3153 4654 3255 4710 hoc
3286 4655 3338 4710 in
3370 4663 3534 4727 typo,
3567 4629 3694 4725 quia
3728 4653 3777 4708 si

465 4746 568 4798 trix
609 4757 664 4799 et
703 4745 994 4813 adultera,
1029 4763 1150 4818 qua:
1184 4748 1237 4802 in
1297 4750 1599 4820 Evangelia
1653 4751 1816 4821 pedes
1851 4753 2067 4810 Domini

471 4839 734 4912 laerymis
783 4841 936 4909 lavit,
981 4842 1131 4898 crine
1166 4842 1415 4911 detersit,
1457 4854 1510 4898 et
1545 4845 1906 4901 eonlessionis
1956 4865 2068 4903 sitae

468 4933 761 4991 honoravit
792 4945 1092 5008 unguento,
1119 4937 1645 5008 iudiguantihusque
1671 4939 1983 5009 discipulis,
2015 4955 2072 4998 et

467 5030 705 5085 maxime
751 5029 1055 5100 proditore,
1116 5031 1262 5101 quod
1312 5046 1418 5085 non
1445 5031 1637 5086 fuisset
1663 5031 1970 5100 venditum,
2003 5045 2059 5089 et

468 5126 704 5197 pretium
747 5127 893 5182 illius
937 5128 990 5182 in
1032 5128 1292 5183 alimenta
1345 5143 1640 5198 pauperum
1688 5127 2060 5198 distributum,

471 5222 734 5277 Dominus
763 5223 1046 5292 resliondit
1075 5241 1086 5275 :
1129 5221 1269 5290 Quid
1296 5221 1498 5275 molesti
1524 5221 1644 5274 estis
1667 5222 1874 5275 mulieri
1897 5268 1908 5290 ,
1935 5239 2067 5291 Opus

469 5317 657 5372 bonum
681 5328 894 5390 operata
918 5328 994 5374 est
1020 5318 1074 5373 in
1103 5334 1182 5372 me
1205 5359 1218 5382 ,
1249 5333 1500 5388 pauperes
1521 5317 1656 5370 enim
1684 5333 1883 5386 semper
1911 5317 2068 5372 habe-

544 5539 569 5568 α
603 5530 717 5586 Hoc
769 5545 983 5602 quoque
1028 5529 1251 5586 verbum
1303 5529 1474 5582 initiat
1518 5528 1570 5582 in
1609 5527 1780 5581 altero
1819 5525 2068 5580 Palatino

470 5618 575 5658 ms.
605 5602 969 5658 desideratur.

545 5674 571 5713 ι)
600 5674 753 5729 Hune
789 5675 966 5730 locum
1010 5675 1339 5743 depravant,
1367 5671 1493 5726 dum
1533 5671 1810 5740 corrigere
1857 5669 2064 5734 volunt,

471 5746 734 5802 Erasmus
765 5756 822 5799 et
846 5747 1155 5812 Marianus;
1188 5761 1363 5814 neque
1389 5745 1533 5799 enim
1565 5743 1726 5796 fidem
1761 5758 1890 5797 mss.
1919 5743 2072 5796 codi-

471 5835 595 5874 cum
625 5819 938 5882 attendunt,
973 5818 1068 5874 sed
1093 5817 1425 5887 conjecturis
1458 5814 1688 5886 propriis
1716 5816 1944 5868 nimium
1971 5815 2064 5867 tri-

473 5889 702 5946 huentes
731 5901 942 5945 mutant
973 5905 1326 5960 quaecumque
1366 5889 1572 5942 volunt.
1618 5887 1826 5956 Legum
1858 5888 2061 5954 itaque,

2177 4753 2288 4816 fiat,
2318 4751 2691 4818 turpissimum
2711 4761 2812 4804 est.
2841 4748 2951 4804 Sed
2981 4747 3362 4818 reSpondebis,
3390 4748 3502 4802 Deo
3523 4747 3772 4818 jubente,

2176 4846 2313 4900 nihil
2345 4855 2500 4914 turpe
2528 4853 2611 4898 est
2639 4860 2654 4898 :
2687 4853 2742 4898 et
2769 4857 2868 4896 nos
2900 4843 3152 4907 dicimus,
3187 4841 3325 4897 nihil
3353 4842 3500 4897 Deus
3533 4839 3780 4910 praecipit

2178 4941 2282 4995 nisi
2314 4938 2461 5009 quod
2512 4939 2799 4992 honestum
2839 4945 2964 5003 est,
2993 4951 3096 4991 nec
3119 4936 3364 5006 jubendo
3396 4936 3577 5006 turpia
3603 4974 3618 5000 ,
3649 4931 3783 4988 facit

2182 5035 2409 5089 honesta
2433 5049 2553 5104 qua:
2578 5032 2754 5102 turpia
2782 5028 3194 5100 sunt.Sed.quia
3222 5027 3577 5084 scimusnihil
3600 5025 3773 5082 Deum

2179 5128 2319 5184 velle
2361 5127 2466 5182 nisi
2517 5123 2665 5196 quod
2711 5124 3000 5179 honestum
3030 5133 3151 5192 est,
3181 5121 3287 5178 hoc
3314 5119 3579 5192 praecepit
3628 5116 3776 5190 quod

2180 5223 2469 5277 hotiestum
2509 5231 2613 5275 est.
2647 5219 2775 5275 Haec
2801 5218 2854 5274 in
2887 5216 3158 5289 principio
3204 5214 3476 5288 prolixius
3518 5227 3638 5270 sum
3694 5211 3776 5269 lo-

2179 5330 2356 5382 cutus,
2387 5326 2446 5370 ut
2481 5313 2862 5370 difficillimam
2916 5313 3155 5383 primum
3201 5311 3472 5366 solverem
3520 5305 3780 5379 quaestio-

2177 5525 2371 5580 Μαναή
2395 5534 2488 5580 aut
2513 5523 2727 5596 Marath
2749 5540 2896 5594 aqua:
2923 5525 3072 5596 legis,
3100 5539 3216 5596 qute
3238 5523 3607 5596 interpretatur
3632 5534 3786 5573 ama-

2174 5597 2372 5659 ritudo,
2408 5606 2513 5652 etc.
2543 5595 2652 5652 Nos
2683 5595 2996 5652 contextum
3027 5605 3081 5650 et
3111 5595 3494 5652 auctoritatem
3526 5606 3658 5648 mss.
3692 5605 3780 5646 se-

2174 5679 2405 5738 quentes
2445 5669 2810 5731 restituimus,
2866 5666 3117 5738 Maraque
3157 5669 3319 5738 legis,
3361 5674 3503 5738 etc.,
3551 5671 3611 5718 ut
3652 5661 3783 5733 legit

2177 5737 2350 5794 codex
2395 5757 2495 5794 ms.
2541 5742 2598 5811 S.
2633 5739 2954 5811 Cygiranni,
3002 5740 3130 5795 licet
3169 5737 3262 5794 alii
3295 5737 3584 5811 retineant
3605 5750 3783 5811 myrra

2175 5828 2273 5882 pro
2314 5830 2478 5866 mura.
2513 5807 2690 5866 MART.
2717 5807 2801 5851 ⁷-
2831 5810 3055 5867 Veteres
3109 5811 3342 5881 vulgati,
3407 5807 3596 5866 Μαιναή
3653 5809 3778 5878 (aut

2177 5884 2414 5954 Mar-atii)
2437 5898 2571 5952 aqua
2603 5884 2748 5952 legis.
2782 5887 2886 5941 etc.
