4100 6336
309 325 412 382 819

1541 321 1606 380 s.
1639 319 1922 380 auarum
1953 317 2348 392 tili~1i=thYMl

3505 325 3612 380 825

307 459 456 512 nmo,
481 453 546 498 .et
577 452 600 480 ιι
633 443 876 498 obsitum
897 439 958 494 in
989 440 1110 511 ipso
1137 441 1286 494 exit-tt
1313 441 1598 508 scopulum
1631 439 1726 494 Dei
1755 437 1910 492 auxi-
1939 443 1988 502 Α
2019 439 2036 512 (
2067 439 2198 494 illud
2225 439 2377 492 eum
2411 453 2608 492 nomen
2647 441 2830 493 earn-is
2861 481 2870 504 ,
2907 439 3014 494 hoc
3045 440 3268 510 spirit-ns
3299 451 3382 494 est
3419 459 3438 494 -:
3487 457 3614 512 qua:

309 535 384 590 lio
433 535 894 606 praeterguedieus
917 580 932 602 ,
957 535 1023 588 ad
1067 543 1178 588 tuta
1226 533 1600 590 decurrerent.
1633 531 1906 588 Caeterum

309 647 420 686 non
449 633 660 702 ignoro,
699 629 1010 688 Pammachi
1039 629 1384 694 clarissime,
1415 645 1444 682 a
1493 629 1677 684 multis
1713 627 1908 682 Eccle-

309 725 552 780 siasticis
589 725 1032 794 praetermissam
1065 743 1076 778 :
1111 735 1166 778 et
1211 723 1302 792 qni
1333 739 1616 794 exponere
1653 733 1781 776 sunt
1817 737 1914 776 co-

313 833 376 872 na
389 818 446 882 ti,
479 819 624 886 apud
653 817 878 874 Graecos
907 817 1088 888 reperi
1119 817 1490 884 Apollinarem
1517 817 1908 882 Laodieeuum,

313 911 402 980 qui
431 927 552 966 eum
585 911 642 968 in
669 911 1038 966 adolescentia
1069 925 1166 964 sua
1189 911 1393 966 breves
1413 921 1474 966 et
1505 911 1558 966 in
1591 909 1736 964 hunc
1773 917 1830 966 et
1859 910 1910 964 in

309 1003 448 1060 alios
481 1003 780 1074 prophetas
797 1002 1284 1058 commeat-ariolus
1313 1003 1650 1074 reliquisset,
1679 1015 1914 1072 tangens

317 1101 490 1168 magis
527 1115 726 1154 sensus
747 1143 762 1166 ,
795 1115 956 1170 (piam
987 1101 1268 1170 explicans
1287 1145 1300 1168 ,
1333 1113 1554 1170 rogatus
1581 1109 1670 1156 est
1695 1113 1912 1168 postea,

315 1205 374 1248 ut
407 1195 458 1248 in
486 1193 626 1250 Osee
657 1195 874 1262 plenius
899 1193 1172 1248 scriberet
1199 1213 1218 1250 ε
1251 1195 1342 1264 qui
1381 1195 1524 1248 liber
1555 1195 1710 1248 venit
1739 1195 1792 1248 in
1819 1209 1918 1248 nu-

321 1297 466 1344 stras
495 1304 690 1344 atauus
719 1305 736 1354 ;
769 1288 864 1343 sed
891 1301 952 1344 et
981 1289 1098 1358 ipse
1127 1289 1294 1342 nimia
1337 1289 1603 1344 brevitate
1629 1289 1698 1342 ad
1743 1287 1920 1358 perfe-

315 1393 462 1434 θέων
499 1380 914 1452 intelligentiam
943 1381 1201 1434 lectorem
1235 1381 1433 1436 dueere
1455 1396 1562 1436 non
1591 1379 1918 1450 potest.0ri-

315 1487 482 1542 genes
531 1489 756 1542 parvum
801 1473 872 1528 de
919 1473 1024 1528 hoc
1053 1473 1320 1546 prepheta
1370 1473 1588 1542 scripsit
1641 1473 1916 1540 libellum,

319 1569 406 1618 cui
433 1567 580 1622 hunc
615 1567 830 1622 titulum
861 1567 1138 1636 imposuit,
1169 1571 1290 1644 περί
1315 1575 1406 1624 τοῦ
1427 1575 1542 1630 πῶς
1579 1569 1848 1639 ὠνομάσθη
1867 1569 1918 1622 ἐν

311 1671 384 1730 τῷ
409 1664 559 1722 Ὀσηέ
603 1661 842 1740 Ἐφραῖμ,
873 1663 980 1716 hoc
1005 1673 1120 1730 est,
1157 1679 1322 1732 quare
1361 1663 1658 1734 appellatur
1699 1663 1752 1716 in
1791 1661 1922 1714 Osee

315 1755 606 1825 Eplu-oim,
647 1757 836 1812 volens
861 1767 982 1810 este
1023 1756 1154 1810 dere
1189 1769 1548 1824 quaecumque
1577 1762 1766 1808 (unum
1797 1769 1920 1808 eum

2013 531 2474 584 monasteriorum
2505 540 2558 584 et
2587 529 3000 600 Scriptor-arum
3029 545 3248 602 scrupei-
3281 545 3478 588 amore
3517 533 3614 588 lla-

2013 623 2236 696 gravit)
2275 639 2454 678 essent
2503 623 2856 678 Alexandriae
2885 663 2900 686 ,
2957 623 3066 678 vidi
3097 621 3128 662 ³)
3175 623 3464 696 Didym'uru
3489 665 3506 690 ,
3553 635 3618 682 et

2011 733 2135 774 eum
2183 717 2500 786 frequenter
2549 717 2772 782 audivi,
2805 717 2982 772 virum
3031 721 3116 772 sui
3165 717 3430 788 temporis
3481 733 3610 774 eru-

2015 809 2388 874 ditissimum,
2451 811 2744 880 rogavique
2801 827 2974 880 eum,
3025 819 3085 866 ul
3141 811 3288 882 quod
3341 811 3616 882 Origenes

2015 917 2122 958 non
2169 901 2380 958 iecerat
2401 945 2417 970 ,
2453 903 2570 974 ipse
2601 905 2903 974 compleret
2937 945 2953 970 ,
2985 915 3042 960 et
3063 905 3341 960 scriberet
3371 907 3424 960 in
3475 905 3620 962 Osee

2017 997 2456 1052 Commentarios
2491 1015 2504 1052 :
2539 997 2634 1068 qui
2667 1009 2780 1054 tres
2811 999 3017 1064 libros;
3057 1007 3080 1038 ο
3111 1015 3198 1054 me
3227 983 3488 1070 petente,
3527 1000 3616 1056 di-

2018 1093 2216 1158 ctavit,
2283 1093 2534 1162 quinque
2575 1107 2794 1164 quoque
2839 1091 2980 1148 alios
3011 1093 3063 1148 in
3089 1091 3445 1148 Zachariam.
3479 1093 3618 1150 Nam

2019 1197 2072 1240 et
2099 1185 2154 1240 in
2181 1187 2362 1254 ipsum
2393 1185 2502 1240 duo
2529 1195 2746 1240 tantum
2771 1185 3038 1256 Origenes
3067 1187 3290 1256 scripsit
3317 1187 3620 1254 volumina,

2019 1279 2104 1334 vix
2137 1281 2354 1334 tertiam
2385 1289 2594 1348 partem
2627 1295 2654 1332 a
2691 1277 2960 1348 principio
2987 1277 3116 1332 libri
3149 1293 3324 1348 usque
3349 1277 3414 1332 ad
3449 1279 3619 1334 visit».

2023 1389 2144 1430 neut
2178 1375 2568 1444 quadrigarum
2603 1373 2936 1428 ed-isserens.
2975 1371 3100 1428 Haec
3125 1373 3284 1436 dico,
3309 1381 3372 1426 ut
3403 1373 3624 1428 noveris

2021 1481 2158 1538 quos
2185 1468 2240 1520 in
2293 1465 2586 1536 Propheta:
2619 1465 2782 1534 hujus
2811 1479 3004 1535 eampo
3061 1465 3350 1520 habuerim
3383 1479 3624 1536 praecur-

2021 1573 2178 1612 sores
2219 1575 2234 1610 :
2267 1571 2406 1628 quos
2449 1567 2630 1612 tamen
2689 1567 2746 1610 ut
2791 1557 3114 1626 simpliciter
3137 1567 3192 1612 et
3241 1571 3350 1612 nou
3385 1560 3622 1630 superbe

2023 1649 2194 1718 (siuti
2217 1649 2440 1720 quidam
2469 1665 2722 1704 meorum
2749 1653 3054 1704 aulicorum
3083 1665 3306 1720 semper
3333 1651 3622 1723 insibilat)

2027 1753 2132 1798 tuae
2161 1743 2468 1814 prudentia:
2493 1743 2688 1810 fatear,
2723 1757 2832 1798 non
2867 1745 2920 1796 in
2953 1743 3212 1798 omni-ltus
3233 1759 3354 1798 sum
3375 1755 3618 1812 secutus;

317 1849 600 1916 dicuntur,
639 1850 714 1904 (ad
759 1851 1146 1904 haereticorum
1181 1847 1462 1902 referenda
1495 1861 1804 1916 personam.
1853 1847 1920 1902 Et
1948 1833 1998 1895 Β
2027 1849 2082 1894 ut
2107 1839 2270 1909 iudex
2303 1840 2481 1908 ponus
2505 1837 2688 1908 operis
2713 1851 2902 1890 eorum
2937 1851 3092 1906 quam
3123 1837 3394 1906 interpres
3423 1839 3626 1894 existe-

311 1943 458 1998 aliud
501 1945 750 2000 volumeu
793 1945 1042 2018 ἀκέφαλον
1085 1945 1170 1998 καὶ
1205 1943 1494 2004 ἀτέλεστον.
1535 1941 1678 2010 quod
1717 1949 1772 1996 et
1817 1955 1914 1994 ca-

321 2037 426 2100 pite
469 2049 651 2092 careat
701 2045 754 2090 et
809 2033 934 2090 ﬁne.
985 2034 1150 2092 Pierii
1203 2048 1420 2104 quoque
1481 2033 1588 2103 legi
1633 2039 1926 2088 tractatum

319 2127 744 2198 longissimum,
797 2145 956 2200 quem
1015 2127 1068 2182 in
1127 2129 1354 2182 exordio
1419 2125 1580 2192 hujus
1645 2129 1926 2198 prophetas

319 2219 408 2274 die
455 2221 757 2292 vigilarium
809 2221 1108 2276 Dominicte
1159 2221 1432 2290 passionis
1479 2219 1840 2290 extemporali
1871 2231 1928 2276 et

319 2315 526 2368 diserto
575 2329 830 2370 sermone
873 2314 1134 2384 profudit.
1171 2315 1236 2368 Et
1271 2313 1534 2370 Eusebius
1573 2313 1926 2370 Ctesariensis

321 2407 374 2458 in
435 2415 628 2458 octavo
691 2405 906 2460 decimo
973 2407 1110 2460 libro
1165 2407 1506 2480 Εὐαγγελικῆς
1571 2405 1921 2472 ἀποδείξεως,

321 2497 564 2566 quaedam
623 2497 692 2552 de
753 2497 894 2552 Osee
949 2499 1214 2568 propheta
1275 2499 1534 2568 disputat.
1591 2499 1746 2556 Unde
1799 2507 1924 2556 ante

321 2605 496 2644 annos
541 2591 760 2645 circiter
807 2591 1000 2660 viginti
1055 2591 1234 2658 duos,
1287 2607 1410 2648 cum
1469 2603 1658 2662 rogatu
1719 2603 1925 2648 sanctae

321 2695 376 2738 et
431 2685 762 2740 venerabilis
819 2699 1050 2752 socrus,
1109 2687 1278 2742 immo
1333 2689 1522 2744 matris
1583 2699 1686 2742 tune
1743 2687 1924 2744 Paulae

399 2835 423 2861 η
461 2823 542 2878 Ita
587 2825 718 2890 legit
769 2841 874 2882 ms.
925 2825 1110 2880 Codex
1155 2825 1534 2882 Cluniacensis
1587 2825 1928 2888 Monasterii.

321 2911 482 2962 quem
523 2901 696 2952 secuti
745 2913 958 2952 sun‘tus.
999 2899 1156 2951 Aliud
1205 2903 1492 2968 exemplar
1539 2899 1599 2952 S.
1637 2899 1852 2952 Martini
1897 2911 1928 2952 a

324 2969 568 3036 tiatnpis,
599 2971 794 3026 retinet
817 2969 1094 3024 diversam
1127 2971 1444 3032 lectionem,
1477 2985 1674 3036 netnpe
1695 2981 1742 3024 et
1767 2985 1930 3040 appo-

325 3043 482 3094 situm
511 3041 562 3094 in
605 3041 720 3110 ipso
767 3045 906 3096 rxitu
941 3041 1274 3108 srrttpttlum.
1305 3041 1354 3094 ld
1393 3043 1566 3106 ig-Sltlll
1601 3043 1828 3110 legimus
1877 3043 1930 3094 in

329 3127 458 3164 mss.
495 3107 782 3166 eodii'ilms
831 3113 887 3166 S.
923 3113 1110 3168 Albini
1143 3115 1556 3182 .-\ttdega\~'ensis
1597 3107 1740 3168 etv'S.
1773 3111 1934 3182 Cvgi-

327 3187 507 3248 rt’tnni,
539 3185 642 3256 nisi
677 3187 820 3250 quod
849 3199 950 3254 pro
983 3187 1226 3256 scrupulo
1255 3185 1438 3254 legunt
1467 3185 1758 3256 scopulum.
1793 3183 1934 3256 Era-7

327 3269 478 3328 smus
501 3255 688 3310 maluit
715 3257 894 3310 desuo
921 3255 1366 3325 ponereabditmn
1387 3258 1438 3308 in
1467 3255 1600 3328 ipso,
1623 3269 1756 3328 etc.,
1789 3255 1934 3322 quod

327 3327 596 3382 Marianas
629 3329 890 3382 imitatur.
927 3329 1102 3382 MART.
1135 3359 1204 3368 —
1237 3329 1416 3384 Νίκη-ἰ
1447 3327 1576 3382 mss.
1609 3327 1924 3396 obpositam,

327 3399 400 3452 t-rl
425 3399 718 3472 appositum
749 3399 956 3470 legunt,
987 3399 1446 3470 quemadmodum
1479 3409 1534 3454 et.
1557 3399 1802 3454 nonnulli
1827 3415 1924 3472 pc-

323 3485 420 3522 nes
449 3475 838 3526 Martiauatum.

2025 1949 2162 1998 rem,
2189 1931 2538 2002 diceremque
2559 1931 2688 2002 quid
2719 1931 2852 1984 mihi
2883 1931 3166 1986 videretur
3191 1933 3244 1984 in
3269 1929 3498 2002 singulis
3523 1973 3540 2000 ,
3569 1939 3628 1986 et

2031 2023 2156 2092 quid
2177 2025 2246 2078 ab
2265 2023 2614 2078 llebraeormu
2647 2023 2926 2090 magistris
2953 2025 3046 2077 vix
3069 2039 3178 2076 uno
3195 2033 3248 2078 et
3267 2023 3441 2080 altero
3467 2039 3628 2080 acce-

2031 2119 2224 2188 perim.
2253 2117 2498 2184 Quorum
2521 2117 2736 2186 etapud
2759 2119 2904 2186 ipsos
2927 2116 3038 2186 jam
3075 2129 3196 2170 rara
3219 2115 3338 2172 avis
3365 2127 3470 2182 est,
3489 2116 3620 2172 dum

2030 2223 2222 2266 omnes
2245 2209 2462 2266 deliciis
2487 2209 2716 2264 student
2735 2219 2794 2264 et
2820 2209 3066 2280 pecuniis
3089 2251 3104 2274 ,
3139 2217 3196 2264 et
3217 2209 3392 2280 (inagis
3419 2211 3632 2266 ventris

2031 2319 2190 2372 quam
2225 2304 2458 2372 pectoris
2487 2317 2674 2358 curam
2705 2312 2922 2372 gerunt,
2947 2311 3000 2356 et
3032 2303 3086 2356 in
3109 2301 3216 2358 hoc
3247 2319 3306 2358 se
3327 2303 3520 2358 doctos
3541 2319 3633 2358 ar-

2033 2399 2322 2462 bitrantur,
2355 2399 2402 2452 si
2435 2397 2487 2452 in
2529 2397 2774 2452 tabernis
2825 2397 3160 2452 medicorum
3203 2395 3278 2452 de
3303 2407 3632 2452 cunctorum

2035 2491 2294 2562 operibus
2331 2489 2652 2546 detrahant.
2697 2489 2804 2545 Sed
2847 2489 2961 2560 jam
3005 2499 3218 2559 tempus
3259 2501 3344 2546 est
3393 2499 3452 2544 ut
3495 2505 3630 2560 pro-

2037 2589 2212 2658 pheta:
2241 2587 2404 2642 verba
2447 2595 2712 2656 ponentes
2733 2627 2748 2652 ,
2779 2600 2842 2640 ea
2882 2601 3006 2656 qua1
3045 2585 3248 2654 scripta
3277 2593 3428 2650 sunt,
3459 2583 3634 2638 disse-

2039 2697 2240 2736 ramus.

2105 2819 2134 2859 ι’
2161 2819 2252 2876 Sic
2297 2829 2474 2872 autem
2509 2815 2800 2886 intelligito
2829 2857 2842 2880 ,
2875 2823 2932 2868 ut
2979 2813 3169 2882 plenos
3195 2813 3246 2868 in
3295 2811 3434 2868 Osee
3471 2813 3634 2868 (Zom-

2037 2893 2338 2948 mentariua
2371 2889 2656 2958 scripsisse
2683 2887 2974 2956 (trigonem
3003 2895 3184 2956 neget,
3211 2899 3315 2958 non
3349 2899 3478 2940 vero
3509 2895 3636 2958 par.

2037 2983 2134 3020 vos
2161 2975 2212 3020 et
2251 2965 2300 3016 in
2333 2957 2540 3030 aliquot
2569 2959 2686 3028 ejus
2715 2959 3006 3028 prophetae
3029 2971 3208 3030 partes
3233 2957 3464 3030 hbetlos.
3501 2957 3636 3016 Vide

2041 3039 2140 3092 hac
2167 3037 2234 3090 de
2265 3053 2320 3088 re
2353 3029 2604 3086 lltu‘stium
2637 3031 2952 3100 Ot‘igettian.
2983 3046 3032 3098 p.
3067 3029 3164 3082 9M
3193 3073 3206 3092 ,
3237 3046 3289 3100 n_.
3328 3029 3414 3100 il.

2115 3119 2136 3146 ε
2167 3109 2306 3174 Quin
2351 3104 2454 3158 sibi
2483 3105 2646 3158 etiam
2699 3097 3018 3174 iit—scripsit,
3051 3107 3108 3174 ut
3153 3097 3506 3174 iubilatalogo
3535 3097 3638 3174 [εἰ

2043 3171 2300 3248 Apologia
2329 3179 2518 3230 ultima
2541 3189 2741 3248 contra
2759 3173 3028 3248 [inlinunt
3049 3173 3168 3248 ipse
3199 3171 3420 3248 Hieron.
3443 3171 3630 3248 tradit.

1963 3241 2008 3304 Ο
2045 3241 2158 3308 lloc
2185 3241 2362 3320 ipsum
2395 3257 2622 3320 testatur
2655 3247 2882 3300 l’alatini
2913 3243 3116 3300 endit-is
3147 3245 3524 3320 seriptor,_qu_i
3553 3247 3630 3320 lea:

2035 3327 2114 3396 git
2157 3315 2256 3396 tri‘s
2303 3321 2458 3375 libros
2501 3319 2568 3372 ad
2621 3335 2733 3396 me,
2765 3335 2844 3370 me
2875 3325 3114 3396 potente,
3147 3325 3254 3368 etc.
3291 3315 3368 3368 Ex
3415 3315 3632 3396 Diditni

2037 3387 2204 3464 opere
2227 3395 2522 3460 fragmenta
2555 3391 2802 3458 quaedam
2823 3387 3016 3444 recitat
3047 3387 3410 3440 Damascenus
3443 3391 3492 3440 in
3535 3387 3634 3442 Pa-

2037 3467 2264 3524 rallelis.

342 3575 3602 3605 W

1365 3649 1848 3760 LIBER
1925 3647 2348 3756 PRIM
2367 3645 2587 3752 US.

397 3891 441 3958 ι
491 3887 668 3958 (Cap.
701 3887 742 3942 Ι.
773 3919 844 3928 ——
891 3888 1050 3946 Vera.
1099 3889 1200 3960 vl.)
1247 3889 1484 3946 Verbum
1527 3889 1742 3944 Domini
1789 3889 1928 3960 quod

321 3983 520 4051 factum
545 3989 618 4034 est
643 3981 710 4034 ad
743 3979 872 4036 Osee
907 3981 1080 4052 ﬁlium
1107 3979 1278 4038 Beeri.
1319 3981 1460 4038 LXX
1493 3983 1762 4038 similiter.
1795 3981 1928 4038 Ver-

321 4077 448 4132 bum
487 4075 726 4144 Domini,
755 4077 900 4146 quod
929 4077 980 4132 in
1009 4077 1278 4148 principio
1307 4087 1424 4134 erat
1453 4079 1594 4148 apud
1621 4078 1788 4134 Deum
1825 4077 1928 4132 Pa-

321 4179 490 4234 trem,
511 4177 570 4224 et
591 4169 732 4224 Deus
753 4177 872 4224 erat
891 4169 1152 4238 Verbum,
1181 4169 1380 4226 factum
1407 4181 1492 4226 est
1507 4171 1572 4224 ad
1595 4169 1733 4228 Osee
1759 4171 1924 4226 lilium

323 4261 500 4328 Beeri,
535 4271 593 4318 ut
621 4261 942 4330 prephetam
963 4277 1180 4333 quoque
1207 4263 1372 4320 Deum
1397 4263 1616 4330 faceret,
1643 4265 1926 4320 Salvatore

321 4353 570 4410 dicente:
605 4353 668 4412 Si
693 4355 814 4410 illos
843 4355 976 4410 dixit
1001 4355 1150 4422 deos,
1181 4357 1248 4412 ad
1277 4373 1402 4426 quos
1431 4373 1600 4410 sermo
1635 4355 1731 4412 Dei
1757 4357 1928 4427 fartus

317 4455 414 4512 est,
447 4457 496 4502 et
523 4465 626 4506 non
651 4457 816 4518 potest
841 4449 974 4506 solvi
1005 4447 1321 4519 Scriptura:
1347 4450 1508 4516 Quem
1539 4449 1700 4504 Pater
1729 4449 1922 4504 sancti-

2037 3897 2142 3942 tur.
2179 3887 2282 3942 Iste
2311 3901 2442 3956 ergo
2471 3885 2706 3938 salvator
2749 3881 2894 3938 filius
2937 3891 3018 3938 est
3051 3877 3223 3950 Baeti,
3255 3881 3306 3936 id
3337 3889 3443 3948 est,
3489 3883 3632 3950 putei

2039 3983 2158 4048 mei,
2197 3995 2332 4052 quos
2361 3989 2554 4050 puteos
2579 3977 2714 4032 fodit
2743 3975 3045 4042 Abraham,
3073 3975 3241 4042 Isaac,
3269 3983 3326 4030 et
3361 3971 3550 4040 Jacob,
3575 3979 3634 4028 et

2037 4073 2316 4144 Allopltyli
2375 4086 2470 4126 eos
2517 4085 2738 4140 semper
2781 4069 3122 4124 conabantur
3169 4067 3406 4122 obruere
3455 4065 3630 4138 (Gen.

2033 4183 2146 4234 xw,
2183 4181 2294 4232 xxi,
2321 4181 2468 4232 xxvi,
2497 4161 2688 4236 ηνι).
2721 4161 2870 4220 luter
2899 4171 3120 4234 puteum
3152 4163 3420 4228 etlacum,
3447 4161 3498 4216 id
3523 4171 3632 4228 est,

2031 4262 2346 4322 cisternam,
2377 4259 2480 4312 hoc
2509 4258 2756 4326 interest,
2779 4257 2922 4326 quod
2939 4267 3438 4326 [uncusperpetuas
3463 4269 3634 4324 aquas

2033 4353 2214 4420 habet,
2246 4359 2300 4408 et
2329 4349 2396 4406 de
2421 4351 2546 4405 vivo
2571 4349 2718 4406 fonte
2751 4359 3054 4404 manantes.
3087 4347 3362 4416 (listerua,
3388 4365 3508 4420 qute
3541 4365 3632 4406 re-

2033 4445 2272 4516 frigerat,
2305 4457 2476 4512 aquas
2505 4457 2632 4498 suas
2657 4453 2916 4497 externas
2933 4451 2980 4496 et
3009 4441 3338 4498 adventitias
3361 4443 3628 4513 possidet.

320 4539 492 4606 ﬁcavit
531 4547 578 4594 et
625 4539 764 4594 misit
799 4543 852 4594 in
883 4541 1155 4607 mundum,
1185 4557 1274 4596 vos
1325 4543 1519 4610 dicitis,
1553 4541 1880 4614 blasphemas
1903 4559 1922 4598 :
1949 4529 2000 4588 Ῑ)
2031 4537 2180 4594 Unde
2221 4551 2318 4606 per
2365 4535 2656 4592 Jeremiam
2689 4537 2742 4606 2
2789 4533 3110 4604 prophetam
3161 4535 3398 4604 loquitur
3447 4535 3628 4590 Dens:

313 4635 438 4702 quia
467 4634 598 4702 dixi,
641 4634 782 4706 ﬁlius
807 4633 901 4690 Dei
921 4653 1038 4690 sum
1071 4635 1092 4708 (
1117 4635 1278 4691 Joan.
1315 4653 1368 4704 x,
1395 4637 1488 4706 55,
1512 4635 1580 4692 56
1603 4637 1646 4708 ).
1685 4639 1753 4694 Ut
1793 4653 1928 4709 quo-

321 4725 488 4780 modo
513 4725 654 4780 Deus
683 4725 820 4780 deos
847 4727 994 4790 facit,
1019 4737 1074 4782 et
1107 4735 1216 4782 stat
1241 4729 1298 4782 in
1325 4744 1560 4802 syngoga
1591 4729 1839 4794 deorum,
1871 4729 1924 4784 in

317 4817 498 4878 medio
537 4825 720 4874 autem
747 4817 880 4874 deos
921 4817 1186 4886 dijudicat
1213 4825 1230 4892 (
1257 4819 1404 4876 Psal.
1451 4829 1694 4894 Lxxxt);
1724 4833 1924 4880 etcum

315 4909 434 4978 ipse
463 4910 536 4964 sit
563 4925 752 4966 verum
777 4909 984 4980 lumen,
1015 4911 1158 4984 quod
1205 4913 1474 4972 illuminat
1499 4931 1718 4974 omnem
1751 4918 1926 4972 itumi-

317 5019 444 5060 nem
491 5005 800 5074 venientem
849 5003 906 5062 in
955 5003 1102 5062 hunc
1157 5008 1418 5064 mundum
1469 5007 1668 5080 (Joan.
1715 5009 1810 5083 ι),
1857 5009 1924 5066 ad

313 5097 592 5168 apostolos
635 5097 914 5168 loquitur:
977 5097 1076 5152 Vos
1105 5103 1226 5156 estis
1257 5101 1350 5156 tua:
1377 5105 1564 5156 mundi
1611 5103 1840 5176 (Matth.
1871 5119 1921 5172 γ,

315 5189 426 5262 14)
453 5233 466 5258 ,
497 5189 578 5246 sic
605 5199 660 5248 et
686 5189 802 5264 ipse
823 5191 1075 5252 Salvator
1104 5195 1426 5264 prophetam
1453 5211 1612 5252 suum
1633 5195 1796 5252 faciat
1819 5195 1926 5250 sal-

317 5291 589 5338 vatorem.
625 5281 758 5340 Osee
783 5283 952 5354 enim,
983 5283 1036 5338 in
1063 5283 1244 5358 lingua
1273 5297 1486 5354 nostra,
1509 5288 1816 5344 sulratorem
1839 5303 1927 5342 so-

319 5383 460 5426 nat:
515 5375 660 5444 quod
707 5391 902 5432 nomen
962 5375 1151 5433 habuit
1199 5379 1364 5436 etiam
1405 5381 1570 5436 losue
1617 5383 1754 5436 tilius
1803 5380 1921 5436 Non

315 5475 330 5526 t
365 5467 527 5522 Nam.
561 5485 652 5522 xw
677 5469 696 5541 )
725 5515 737 5538 ,
763 5483 1054 5542 antequam
1087 5473 1135 5526 ei
1169 5489 1196 5526 a
1231 5473 1344 5528 Deo
1377 5473 1704 5532 vocabulum
1749 5483 1924 5532 muta-

313 5571 484 5616 retur.
515 5561 636 5618 Nou
669 5563 814 5620 enim
847 5567 866 5634 (
893 5575 948 5622 ut
979 5565 1120 5622 male
1145 5565 1206 5622 in
1230 5565 1436 5622 Graecis
1471 5567 1750 5624 codicibus
1792 5567 1924 5638 legi-

319 5661 405 5706 tur
435 5665 492 5708 et.
537 5655 788 5730 Latinis)
817 5657 958 5712 Attae
983 5659 1164 5716 dictus
1193 5669 1300 5728 est,
1333 5661 1474 5730 quod
1516 5661 1652 5716 nihil
1699 5661 1922 5718 omnino

317 5747 676 5818 intelligitur;
715 5751 810 5805 sed
853 5749 1000 5816 Osee,
1053 5753 1106 5808 id
1137 5763 1240 5820 est,
1283 5755 1551 5824 salvator;
1581 5765 1638 5812 et
1675 5753 1918 5810 additum

311 5845 396 5892 est
417 5837 537 5908 ejus
565 5841 766 5896 nomini
799 5839 1082 5910 Dominus,
1117 5859 1172 5900 ut
1203 5847 1428 5902 salvator
1465 5847 1674 5903 Domini
1699 5847 1914 5906 dicere-

2031 4630 2118 4686 Me
2143 4629 2524 4700 dereliquerat-nt
2571 4633 2762 4698 fontem
2801 4641 2948 4697 aqua:
2989 4627 3132 4694 vim,
3181 4637 3228 4682 et
3267 4627 3506 4698 foderunt
3533 4627 3632 4684 sibi

2029 4725 2298 4790 cisternas,
2325 4737 2443 4794 quae
2471 4738 2634 4790 aquas
2663 4737 2768 4774 nou
2798 4721 2966 4776 valent
3005 4721 3268 4776 continere
3295 4719 3532 4794 (lerant.
3565 4735 3628 4787 tt,

2031 4819 2154 4889 15).
2187 4819 2258 4872 De
2287 4819 2389 4871 hoc
2433 4815 2582 4870 fonte
2623 4814 2690 4868 ad
2739 4813 2910 4868 Deum
2957 4813 3238 4884 psalmista
3285 4813 3624 4884 protlamat:

2027 4913 2182 4984 Apud
2211 4919 2260 4966 te
2289 4919 2362 4966 est
2389 4911 2506 4983 fons
2531 4909 2664 4975 vitta,
2719 4917 2766 4962 et
2795 4909 2848 4962 in
2877 4909 3072 4962 lumine
3099 4919 3186 4962 tuo
3213 4907 3498 4962 videbimus
3539 4909 3628 4962 lu-

2031 5021 2142 5060 men
2175 5003 2350 5076 (Psat.
2397 5021 2561 5070 xxxv,
2615 4999 2746 5074 ¹10).
2781 5001 2934 5058 Unde
2977 5001 3202 5072 quidam
3233 5011 3426 5072 putant
3451 5001 3624 5070 Beeri,

2029 5097 2398 5168 interpretari,
2422 5099 2588 5150 lutueu
2617 5109 2824 5160 meum;
2851 5093 2944 5150 sed
2967 5097 3220 5166 superior
3245 5109 3374 5150 vera
3397 5095 3632 5150 transla-

2025 5190 2102 5246 tio
2125 5199 2228 5248 est.

2099 5283 2168 5340 In
2217 5283 2396 5338 diebus
2429 5283 2592 5350 Oziw,
2637 5279 2890 5350 Joathan,
2933 5279 3134 5350 Acltaz,
3165 5279 3404 5338 Ezechiat
3446 5299 3628 5356 regum

2027 5377 2204 5442 Juda;
2233 5387 2280 5430 et
2325 5378 2376 5430 in
2409 5375 2589 5430 diebus
2617 5373 2896 5428 Jeroboam
2941 5373 3038 5444 ﬁlii
3077 5373 3210 5429 Joas
3251 5379 3385 5447 regis
3429 5375 3624 5430 Israel.

2027 5471 2170 5528 LXX
2199 5471 2472 5526 similiter.
2491 5469 2738 5535 Azarias,
2763 5470 2853 5540 qui
2883 5477 3108 5524 vocatur
3123 5479 3180 5524 et
3199 5468 3380 5532 Ozias.
3407 5469 3474 5525 de
3497 5469 3630 5524 stir-

2029 5581 2094 5634 pe
2123 5563 2290 5618 David
2339 5563 2586 5632 regnavit
2613 5561 2664 5617 in
2707 5559 3012 5617 Jerusalem
3045 5577 3214 5636 super
3239 5561 3376 5618 duas
3425 5563 3624 5636 tribus,

2027 5675 2142 5730 qua!
2165 5657 2576 5728 appellabantur
2593 5655 2621 5712 J
2631 5657 2754 5724 uda,
2781 5657 2940 5712 annis
2961 5655 3356 5727 quinquaginta
3385 5657 3622 5728 dIIOthlS,

2025 5753 2110 5808 cui
2139 5751 2406 5806 successit
2447 5751 2498 5804 in
2539 5765 2764 5820 regnum
2795 5749 2934 5806 tilius
2957 5750 3076 5820 ejus
3126 5749 3402 5816 Joatltam,
3433 5751 3524 5820 qui
3571 5761 3630 5807 et

2025 5849 2140 5918 ipse
2169 5845 2416 5917 regnavit
2445 5843 2602 5902 annis
2647 5845 2884 5902 sedecim
2913 5863 2926 5900 :
2961 5853 3084 5916 post
3123 5861 3284 5918 quem
3317 5839 3462 5902 ﬁlius
3503 5839 3630 5924 ejus
