4150 6346
365 251 470 304 835

1625 247 1682 304 S.
1727 241 1994 302 EUSEBII
2035 241 2414 302 HIERONYMI

3555 245 3664 306 834

357 357 486 432 [ΑΙ.
511 361 750 434 prioris]
773 361 840 418 de
863 361 1224 418 fornicatione
1247 369 1532 432 susceptos
1551 357 1966 432 recipiatﬁlios,
1997 359 2048 420 A
2075 373 2144 414 ex
2165 373 2230 416 eo
2253 359 2394 432 quod
2431 373 2536 416 non
2567 367 2648 416 est
2677 361 2944 430 additum,
2977 364 3142 419 omnis
3175 373 3336 434 terra,
3377 379 3524 422 nunc
3569 366 3664 422 Ju-

359 463 416 506 et
447 453 565 524 ipse
591 471 658 510 ex
687 457 982 511 meretrice
1003 469 1230 526 generet
1261 457 1422 526 filios,
1455 457 1548 528 qui
1569 455 1776 510 idcirco
1797 451 1970 508 forni-

359 549 597 604 cationis
626 551 940 620 appellandi
969 563 1096 606 sunt
1119 551 1240 620 lilii,
1274 553 1422 622 quod
1455 555 1566 608 sint
1585 551 1654 608 de
1679 551 1970 606 meretrice

357 643 628 712 generati.
655 643 766 700 Nec
795 645 1096 716 culpandus
1129 648 1418 718 propheta,
1451 647 1670 702 interim
1691 655 1750 714 ut
1777 660 1972 712 sequa-

359 751 484 790 mur
513 735 820 802 historiam,
851 739 898 794 si
930 739 1276 798 meretricem
1305 741 1640 798 converterit
1667 739 1732 794 ad
1763 739 1974 810 pudici-

363 831 522 890 tiam,
553 830 648 884 sed
683 831 866 900 potius
889 831 1192 888 laudandus
1223 833 1366 904 quod
1397 849 1462 890 ex
1497 833 1636 890 mala
1661 833 1858 888 bonam
1891 833 1971 888 ie-

361 925 522 978 cerit.
549 923 666 980 Non
699 927 844 982 enim
875 927 964 996 qui
999 928 1172 984 bonus
1205 939 1510 998 permanet,
1543 931 1660 1000 ipse
1693 927 1968 1000 polluitur,

357 1019 404 1072 si
437 1017 682 1072 societur
707 1021 850 1074 tnalo
875 1037 888 1086 ;
913 1021 1006 1076 sed
1033 1021 1126 1092 qui
1153 1021 1328 1076 malus
1351 1031 1454 1088 est,
1485 1023 1538 1076 in
1581 1021 1778 1076 bonum
1811 1021 1972 1076 verti-

360 1119 472 1176 tur,
501 1111 546 1164 si
582 1111 706 1166 boni
759 1103 1008 1182 exempla
1057 1125 1316 1170 sectetur.
1353 1115 1428 1170 [ix
1479 1131 1586 1184 quo
1617 1115 1972 1187 intelligimus

365 1221 470 1258 non
499 1204 814 1274 prOphctam
833 1207 1134 1276 perdidisse
1157 1207 1468 1278 pudicitiam
1487 1209 1972 1280 fornicarimcopu-

357 1297 526 1352 latum
555 1315 570 1364 ;
604 1299 698 1352 sed
715 1299 1064 1356 fornicariatn
1085 1303 1448 1372 assumpsisse
1471 1301 1784 1374 pudicitiam
1809 1317 1970 1372 quam

363 1399 523 1444 antea
551 1403 659 1444 non
685 1389 921 1448 habebat
945 1409 958 1444 :
989 1395 1292 1462 prtesertim
1317 1411 1438 1448 cum
1463 1395 1650 1450 beatus
1675 1393 1838 1460 Osee,
1865 1411 1971 1450 non

361 1483 434 1536 ob
461 1497 682 1538 causam
711 1487 962 1554 luxuria},
993 1503 1102 1542 non
1133 1487 1398 1558 libidinis,
1447 1505 1552 1542 non
1583 1489 1798 1560 propria
1833 1489 1968 1544 fece-

361 1575 434 1630 rit
459 1577 759 1644 voluntate,
793 1579 886 1634 sed
931 1579 1028 1636 Dei
1057 1582 1298 1650 paruerit
1331 1583 1586 1652 imperio,
1625 1591 1686 1636 ut
1727 1583 1874 1652 quod
1919 1583 1970 1638 in

365 1671 472 1724 isto
501 1671 796 1727 carnaliter
837 1673 1082 1744 legimus,
1135 1675 1186 1730 in
1237 1675 1348 1730 Deo
1381 1675 1582 1732 factum
1613 1677 1972 1746 spiritualiter

2075 451 2188 506 data
2217 453 2414 524 accipi,
2447 453 2534 510 vel
2583 455 2802 526 proprie
2831 455 3078 512 Samaria
3125 465 3182 512 et
3223 457 3414 526 lsracl,
3455 457 3510 514 id
3553 467 3660 528 est,

2073 545 2262 602 decem
2297 546 2491 614 tribus,
2525 563 2648 618 quae
2669 563 2736 604 eo
2767 557 3016 620 tempore
3037 565 3144 620 quo
3171 539 3290 606 haec
3315 549 3662 620 dicebantur,

2075 653 2106 692 a
2133 637 2368 694 Domino
2391 649 2750 696 recesserant.

2149 755 2330 826 (Vers.
2363 753 2418 822 '5,
2443 753 2528 826 4.)
2553 753 2624 808 Ει
2647 755 2797 826 abiit,
2829 767 2874 810 et
2905 757 3100 830 accepit
3127 757 3320 812 Gomer
3359 759 3524 830 ﬁliam
3557 757 3666 816 De-

2075 849 2260 904 belaim
2291 867 2306 904 :
2333 861 2380 904 et
2405 852 2634 924 concepit
2663 862 2709 906 et
2741 853 2934 924 peperit
2959 851 3138 924 [Vulg
3195 853 3346 910 addit
3367 853 3434 928 ei]
3473 855 3666 922 ﬁlium.

2077 943 2144 998 Et
2171 945 2300 998 dixit
2323 943 2578 1000 Dominus
2609 945 2678 1000 ad
2701 963 2816 1000 eum
2845 961 2862 1000 :
2897 945 3042 1002 Voca
3061 964 3244 1002 nomen
3267 951 3382 1020 ejus
3411 947 3624 1004 Jezrael
3647 965 3672 1007 :

2075 1037 2320 1108 quoniam
2345 1035 2516 1092 adhuc
2533 1037 2788 1092 modicum
2805 1049 2850 1092 et
2873 1039 3090 1094 visitabo
3129 1042 3436 1114 sanguinem
3461 1039 3670 1098 Jezrael

2073 1147 2224 1204 super
2249 1131 2456 1186 domum
2475 1129 2614 1188 Jehu
2637 1147 2654 1186 :
2683 1141 2732 1186 et
2751 1133 3009 1204 quiescere
3033 1134 3222 1204 faciam
3243 1151 3462 1206 regnum
3483 1133 3670 1190 domus

2077 1225 2266 1280 Israel.
2301 1223 2446 1280 LXX
2475 1243 2486 1276 :
2515 1223 2584 1280 Et
2611 1225 2758 1290 abiit,
2801 1235 2848 1280 et
2869 1227 3066 1298 accepit
3097 1225 3286 1280 (ἔοικεν
3311 1227 3478 1296 ﬁliam
3505 1225 3672 1282 Debe-

2077 1317 2202 1372 laim
2227 1334 2246 1372 :
2275 1327 2320 1371 et
2353 1317 2604 1389 concepit,
2637 1327 2688 1370 et
2719 1319 2914 1388 peperit
2945 1317 3136 1388 ﬁlium.
3169 1315 3238 1370 Et
3267 1319 3398 1372 dixit
3415 1317 3672 1374 Dominus

2077 1413 2144 1466 ad
2175 1427 2288 1466 eum
2313 1427 2330 1466 :
2367 1411 2504 1466 Voca
2531 1427 2714 1466 nomen
2743 1415 2856 1484 ejus
2875 1409 3084 1466 Jezrael
3115 1427 3136 1466 :
3166 1415 3290 1480 quia
3310 1411 3484 1468 adhuc
3505 1413 3674 1468 nimii-

2077 1522 2192 1560 cum
2217 1513 2262 1560 ct
2285 1505 2506 1560 ulciscar
2527 1506 2830 1576 sanguinem
2851 1502 3056 1559 Jezrael
3081 1521 3235 1578 super
3257 1505 3466 1560 domum
3487 1505 3518 1560 J
3529 1507 3630 1560 uda
3651 1521 3670 1562 :

2075 1609 2124 1652 et
2169 1598 2428 1669 quiescere
2473 1597 2664 1668 faciant
2695 1615 2906 1670 regnum
2949 1597 3132 1652 domus
3167 1595 3356 1654 Israel.
3383 1597 3672 1670 Propheta:

2077 1691 2156 1746 sic
2177 1691 2342 1746 multa
2373 1703 2490 1762 post
2513 1691 2710 1746 smcula
2737 1691 3055 1748 deadventu
3077 1689 3280 1746 Christi
3305 1701 3358 1748 et
3387 1693 3672 1748 vocatione

367 1763 748 1830 probaremus.
777 1766 877 1834 Qui
911 1769 1150 1839 suscepit
1177 1769 1544 1842 Synagogam,
1595 1771 1700 1828 hoc
1741 1782 1850 1838 eSt,
1877 1787 1972 1842 po-

2091 1787 2320 1858 ;entium
2353 1787 2698 1858 pollicentur,
2731 1797 2790 1842 ut
2821 1801 3063 1858 praesens
3099 1797 3314 1860 tempus
3341 1789 3398 1862 θ
3423 1805 3528 1844 non
3579 1803 3674 1844 ne-

365 1856 558 1924 pulnm
587 1857 902 1914 ludas-orum
927 1859 1278 1916 fornicationi
1297 1871 1352 1918 et
1380 1863 1590 1918 libidini
1619 1864 1970 1920 servientem.

367 1949 448 2004 Ad
479 1965 644 2022 quam
679 1953 940 2008 Dominus
971 1953 1214 2024 loquitur
1244 1969 1342 2024 per
1373 1955 1716 2012 Ezechielem
1745 1971 1757 2008 :
1793 1955 1862 2010 Et
1895 1965 1972 2022 tu,

363 2047 624 2110 meretrix,
661 2046 790 2100 audi
827 2047 1035 2102 rerbum
1063 2047 1318 2102 Domini:
1361 2049 1567 2104 Fracta:
1597 2049 1728 2102 enim
1769 2059 1888 2104 sunt
1919 2049 1976 2102 in

367 2138 600 2212 :Egypto
627 2155 864 2194 mamma:
903 2143 1016 2212 ejus
1071 2139 1306 2215 (Ezech.
1341 2157 1492 2206 χχιιι,
1525 2143 1558 2198 '5
1581 2139 1636 2214 );
1683 2151 1738 2198 et
1765 2143 1976 2198 voluta-

363 2231 529 2286 bAtnr
561 2231 616 2286 in
645 2233 936 2304 sanguine,
967 2243 1022 2288 et
1055 2232 1232 2289 fuerat
1261 2233 1472 2304 polluta
1513 2249 1688 2304 usque
1713 2233 1778 2288 ad
1807 2235 1978 2290 verti-

366 2339 508 2392 cem,
537 2327 768 2382 utnulla
805 2341 930 2396 pars
955 2329 1204 2398 corporis
1229 2339 1394 2398 atque
1437 2329 1810 2384 membrorum
1859 2329 1976 2400 ejus

367 2429 540 2490 esset,
571 2437 692 2492 quae
721 2421 1074 2492 turpitudinis
1115 2423 1376 2478 maculam
1409 2439 1515 2478 non
1555 2423 1804 2479 haberet.
1837 2423 1980 2493 Ope-

367 2517 482 2572 ruit
511 2517 674 2570 talem
705 2517 964 2570 Dominus
987 2517 1174 2587 pallio;
1205 2527 1260 2572 et
1281 2517 1596 2586 suisjunxit
1617 2517 1976 2588 amplexibus,

367 2609 520 2666 dedit
551 2611 600 2664 ei
633 2611 742 2665 mel
769 2619 826 2666 et
855 2611 1036 2668 oleum
1063 2621 1116 2668 et
1145 2611 1380 2666 similam
1413 2613 1768 2678 manducare,
1797 2621 1852 2668 et
1895 2615 1982 2664 itt-

371 2703 492 2760 duit
519 2721 636 2760 eam
667 2705 918 2762 vestibus
945 2707 1384 2776 pretiosissimis,
1429 2707 1612 2774 posuit
1633 2705 1688 2760 in
1717 2705 1860 2762 collo
1889 2721 1980 2760 or-

375 2807 628 2854 namenta
676 2813 1038 2870 gemmarum,
1090 2813 1250 2854 aures
1279 2799 1494 2853 ornavit
1525 2813 1658 2854 auro
1703 2805 1760 2853 et
1805 2797 1983 2868 lapide

385 2891 812 2962 pretiosissimo,
848 2893 1086 2946 armillas
1133 2907 1350 2962 quoque
1391 2891 1632 2946 brachiis
1669 2891 1902 2962 praebuit
1929 2899 1986 2946 ut

377 2987 538 3042 bonis
585 2997 836 3042 uteretur
863 2987 1144 3058 operibus.
1179 2987 1246 3042 Et
1291 2985 1646 3042 nihilominus
1691 2985 1808 3042 lucc
1855 2999 1986 3040 con-

383 3087 586 3150 tempta
607 3077 858 3150 largitate
879 3087 934 3134 et
951 3079 1192 3134 bonitate
1211 3079 1332 3146 viri,
1349 3079 1548 3150 prioris
1573 3081 1858 3134 immemor
1875 3087 1988 3134 tur-

2077 1881 2300 1950 gligant,
2361 1895 2428 1936 ne
2479 1881 2798 1936 concionem
2851 1881 2922 1936 ob
2965 1881 3114 1938 aliud
3159 1891 3519 1938 convocatam
3564 1899 3672 1940 non

2079 1973 2276 2028 docere
2315 1971 2384 2028 de
2413 1971 2498 2027 itis
2521 1989 2640 2044 qum
2669 1974 2868 2030 instant
2899 1973 3008 2046 [AL
3039 1973 3232 2047 stant],
3269 1975 3366 2032 sed
3391 1975 3460 2032 de
3497 1975 3676 2032 incer-

2081 2067 2153 2120 tis
2185 2081 2248 2120 ae
2275 2065 2474 2122 futuris
2495 2065 2682 2122 ludere
2707 2067 3013 2122 videantur.
3051 2067 3236 2138 itaque
3255 2079 3308 2124 et
3335 2067 3452 2124 haec
3475 2067 3676 2124 Gomer

2081 2157 2190 2212 lilia
2221 2157 2530 2226 Debelaim,
2559 2173 2680 2226 qua:
2721 2159 2789 2214 ab
2819 2159 2958 2216 Osee
2993 2173 3130 2214 uxor
3157 2159 3442 2232 accipitur,
3463 2171 3518 2216 et
3543 2175 3678 2216 con-

2081 2251 2216 2320 cipit
2245 2265 2310 2305 ex
2335 2267 2424 2318 eo,
2465 2259 2520 2306 et
2561 2251 2702 2320 parit
2733 2251 2784 2306 ei
2827 2251 3000 2306 filium
3049 2251 3272 2308 nomine
3303 2251 3532 2320 Jezracl,
3585 2253 3678 2324 qui

2085 2345 2478 2414 interpretatur
2501 2361 2672 2400 semen
2693 2343 2810 2414 Dei,
2835 2345 2886 2400 in
2907 2345 3061 2416 cujus
3081 2345 3364 2414 sanguinis
3383 2345 3674 2416 ultionem,

2083 2451 2310 2508 regnum
2343 2437 2612 2493 subvertit
2637 2437 2800 2505 Jehu,
2834 2441 2973 2504 sive,
3001 2447 3062 2494 ut
3081 2439 3224 2496 male
3245 2455 3400 2496 error
3415 2439 3676 2508 obtinuit,

2081 2521 2380 2596 Juda,'sic
2423 2529 2490 2584 ad
2533 2530 2878 2585 vocationem
2921 2529 3206 2586 referenda
3245 2541 3330 2586 est
3371 2533 3676 2601 nationum,

2087 2635 2144 2680 ut
2171 2623 2252 2679 illi
2293 2625 2528 2694 tempori
2567 2634 2858 2696 congruat,
2899 2625 2998 2680 sub
3035 2641 3144 2696 quo
3183 2625 3354 2680 lilium
3389 2639 3680 2696 generasse

2087 2727 2444 2774 memoratur.
2481 2719 2548 2774 Et
2579 2719 2826 2790 nelongo
2849 2727 3082 2774 tractatu
3109 2719 3336 2774 lectoris
3361 2717 3678 2774 aviditatem

2087 2809 2358 2878 dillcram,
2409 2811 2530 2866 duae
2559 2811 2676 2868 ista:
2729 2811 2986 2866 mulieres
3033 2827 3264 2882 quarunt
3309 2825 3416 2868 una
3461 2819 3684 2866 vocatur

2089 2903 2310 2970 Homer,
2341 2913 2396 2958 et
2423 2915 2504 2960 est
2535 2905 2824 2970 meretrix,
2861 2903 3106 2974 peritque
3135 2912 3262 2974 tres,
3285 2903 3514 2970 liberos,
3563 2903 3680 2974 pri-

2093 3013 2238 3052 mum
2271 2997 2511 3064 .lczrael,
2543 2997 2840 3053 secundam
2873 2996 3138 3067 puellam,
3169 3011 3290 3068 qum
3319 3003 3540 3052 vocatur
3563 2995 3688 3052 abs-

2093 3107 2200 3164 que
2233 3091 2630 3158 misericordia,
2659 3099 2712 3146 ct
2741 3091 2958 3146 tertium
2991 3089 3317 3156 masculum,
3345 3089 3440 3161 qui
3469 3097 3526 3144 et
3567 3089 3686 3158 ipse

373 3173 652 3242 pitudinis,
671 3172 722 3244 5
745 3181 1024 3228 amatores
1042 3171 1330 3228 Chaldaeos
1367 3181 1422 3228 et
1437 3171 1698 3243 Assyrios
1717 3171 1984 3244 cthEgyp-

2101 3187 2408 3260 appellatur
2433 3205 2536 3241 non
2565 3185 2792 3260 papulas
2833 3201 2976 3240 meus
3003 3201 3018 3240 :
3045 3195 3098 3240 et
3121 3186 3290 3240 altera
3317 3183 3534 3252 mulier,
3565 3197 3686 3254 quae

379 3265 512 3332 tios,
547 3267 636 3336 qui
663 3281 984 3336 magnarum
1024 3277 1154 3322 sunt
1201 3265 1478 3334 carnium,
1519 3273 1708 3320 secuta
1751 3275 1854 3318 cst.
1907 3265 1984 3320 De

379 3359 688 3416 Salvatoris
715 3369 772 3416 et
805 3359 1070 3416 Ecclesia:
1103 3371 1228 3432 typo
1263 3359 1322 3414 in
1369 3359 1790 3430 pravl'atiuncula
1839 3359 1984 3414 dixi—

381 3469 522 3518 mus,
551 3453 696 3524 quod
727 3455 1022 3524 sumpserit
1049 3455 1148 3510 sibi
1177 3469 1404 3510 uxorem
1439 3454 1816 3520 fornicariam,
1863 3469 1982 3524 qua:

385 3549 536 3618 prius
561 3549 722 3604 idolis
755 3549 1053 3604 serviebat.
1097 3547 1158 3604 Si
1189 3549 1310 3618 quis
1347 3557 1530 3603 autem
1565 3547 1942 3604 contentiosus
1967 3591 1984 3616 ,

383 3653 440 3700 et
465 3645 700 3698 maxime
717 3643 1028 3714 gentilium,
1057 3641 1296 3696 noluerit
1337 3641 1638 3712 figuraliter
1671 3643 1880 3697 dictum
1911 3657 1992 3698 re-

385 3737 594 3806 cipere,
619 3745 674 3790 et
697 3735 930 3790 irriserit
953 3735 1276 3804 prepltetam
1307 3733 1616 3790 fornicariae
1643 3737 1988 3804 copulatum,

390 3845 736 3901 opponamus
767 3829 818 3884 ei
851 3829 1004 3896 illud,
1039 3827 1186 3896 quod
1221 3827 1364 3882 solet
1403 3827 1626 3884 laudare
1671 3827 1904 3896 Graecia,
1937 3839 1994 3884 et

393 3921 854 3992 philosophorum
877 3919 1084 3974 schola:
1109 3919 1424 3975 concinnat.
1453 3921 1566 3988 Qua
1593 3923 1810 3976 ratione
1849 3935 1992 3990 prte-

391 4017 578 4072 dicent
609 4015 786 4070 virum
813 4015 1250 4070 eruditissimum
1285 4015 1678 4082 Xenocratem,
1713 4017 1804 4088 qui
1829 4017 1990 4072 Pole-

387 4125 608 4166 monem
671 4109 1166 4166 luxuriosissimqu
1215 4111 1470 4180 juvenem
1525 4111 1666 4166 inter
1733 4111 1992 4180 psaltrias

389 4215 550 4276 atque
581 4203 836 4260 tibicines
853 4215 908 4260 et
931 4205 1236 4274 impudicas
1259 4209 1524 4262 mulieres
1541 4207 1752 4262 ebrium
1777 4217 1832 4262 et
1859 4205 1878 4226 ⁸
1899 4205 1996 4262 lte-

389 4301 520 4354 dera
549 4311 868 4356 coronatum
923 4301 1050 4356 fecit
1075 4301 1316 4370 {obedire
1343 4303 1626 4370 sapientia:
1649 4343 1664 4368 ,
1699 4309 1758 4358 et
1779 4301 1992 4358 adoles-

395 4403 610 4450 centem
675 4395 1052 4466 turpissimum
1117 4397 1352 4450 mulavit
1403 4393 1456 4449 in
1515 4397 1992 4466 sapiettlissitttum

399 4493 880 4562 philosopltormn.
933 4491 1046 4576 Cur
1089 4493 1370 4548 Socratem
1421 4491 1490 4546 ad
1537 4493 1738 4548 cmlum
1783 4495 1996 4562 levent,

2089 3283 2416 3340 conducitur
2437 3281 2710 3353 argenteis
2741 3279 3080 3352 quindecim,
3115 3287 3172 3334 et
3197 3295 3352 3344 coro,
3387 3289 3440 3334 ct
3459 3275 3688 3332 dimidio

2091 3393 2224 3432 coro
2271 3375 2480 3442 hordei,
2527 3385 2584 3432 et
2627 3385 2852 3430 vocatur
2903 3373 3172 3444 adultera,
3241 3373 3556 3428 referuntur
3617 3369 3684 3425 ad

2093 3469 2258 3524 lsracl
2311 3477 2366 3524 et
2415 3469 2484 3522 ad
2531 3467 2748 3532 Judam,
2781 3465 2964 3530 idest,
3017 3465 3082 3520 ad
3113 3465 3302 3520 decem
3337 3465 3512 3520 tribus
3567 3477 3688 3534 qua:

2095 3569 2252 3616 erant
2309 3559 2360 3615 in
2391 3559 2642 3614 Samaria
2697 3557 2800 3614 sub
2829 3573 2960 3628 rege
2997 3557 3316 3624 Jeroboam,
3347 3557 3440 3628 qui
3473 3555 3574 3610 fuit
3621 3554 3690 3610 de

2095 3655 2378 3726 Ephraim,
2411 3663 2466 3710 et
2499 3655 2564 3708 ad
2588 3653 2804 3722 Jndam,
2839 3654 2932 3724 qui
2989 3653 3252 3724 regnabat
3285 3653 3340 3708 in
3383 3651 3688 3708 Jerusalem

2095 3747 2164 3802 de
2195 3747 2370 3816 stirpe
2403 3745 2590 3802 David.
2625 3745 2722 3800 Ha:
2753 3755 2878 3800 sunt
2909 3745 3031 3800 dua:
3053 3743 3331 3814 mulieres,
3361 3759 3482 3814 quin
3505 3743 3560 3798 in
3589 3743 3690 3798 Za-

2095 3839 2284 3894 cltaria
2317 3853 2534 3910 upupm,
2571 3839 2686 3894 sive
2735 3839 2906 3906 milvi,
2943 3839 3060 3894 sive
3103 3837 3316 3892 herodii
3345 3851 3554 3908 pennas
3589 3835 3690 3890 ha-

2099 3935 2232 3988 bere
2259 3935 2532 4002 dicuntur,
2565 3943 2622 3990 et
2647 3935 2726 3990 ire
2757 3935 2809 3988 iu
2841 3943 3044 3990 terram
3081 3933 3356 3998 Srnnaar,
3383 3933 3476 3990 ubi
3519 3931 3697 4002 Baby-

2097 4027 2190 4080 lon
2229 4027 2448 4082 condita
2481 4039 2582 4082 est.
2617 4027 2726 4082 llas
2759 4027 3022 4084 mulieres
3061 4029 3164 4084 sub
3205 4031 3426 4084 nomine
3465 4027 3696 4083 duarum

2101 4135 2348 4174 sororum
2375 4119 2511 4174 Oola
2541 4119 3088 4190 signiticatetOoliba
3117 4139 3128 4174 :
3161 4121 3244 4176 lim
3271 4121 3322 4176 in
3351 4119 3564 4176 duabus
3587 4119 3696 4174 vir—

2101 4213 2206 4280 gis,
2233 4227 2368 4282 quas
2397 4213 2650 4268 Ezechiel
2683 4214 2734 4268 in
2765 4231 2926 4268 unam
2959 4215 3168 4284 virgam
3209 4213 3402 4280 sociat,
3437 4213 3696 4269 demons-

2107 4317 2336 4362 trantur.
2375 4307 2440 4362 Et
2471 4309 2594 4378 quia
2641 4309 3092 4376 commentarios,
3131 4323 3236 4363 non
3283 4309 3386 4362 lata
3421 4307 3700 4364 volumina

2105 4399 2414 4464 scribimus,
2447 4401 2674 4472 singulis
2701 4403 2958 4472 capitulis
2985 4401 3404 4474 explanationes
3449 4403 3701 4474 proprias

2107 4493 2159 4548 in
2187 4495 2298 4548 suis
2331 4495 2470 4548 locis
2499 4505 2871 4562 reservantes,
2907 4511 3050 4552 nunc
3091 4505 3296 4552 tantum
3333 4495 3402 4550 de
3435 4495 3698 4568 praesenti

393 4585 488 4654 qui
519 4585 876 4656 Phaidonem,
907 4601 976 4642 ex
1005 4585 1162 4654 cujus
1201 4585 1420 4640 nomine
1447 4585 1692 4640 Platonis
1723 4587 1864 4642 liber
1889 4601 1992 4652 est,
2025 4581 2078 4642 D
2103 4585 2708 4656 Capitulodisputemus.
2731 4586 3700 4664 Gomerinterpretaturterritae-piam

399 4679 467 4734 de
497 4679 770 4750 lupanari,
805 4679 876 4736 ob
911 4679 1292 4736 crudelitatem
1330 4689 1386 4735 et
1415 4681 1704 4736 avaritiam
1755 4681 1988 4750 domini,

405 4773 704 4828 multorum
727 4773 942 4828 libidini
975 4773 1416 4844 scrvientemﬁin
1435 4775 1788 4830 Academiam
1813 4785 1992 4832 trans-

403 4869 620 4924 tulerit?
663 4869 734 4924 Et
773 4867 1036 4938 quidquid
1079 4867 1158 4922 illi
1199 4869 1268 4924 de
1309 4869 1670 4938 philosophice
1723 4873 1998 4942 magistris

397 4961 808 5031 responderint,
845 4975 944 5014 nos
973 4959 1040 5014 ad
1071 4959 1358 5030 Propheta:
1387 4961 1766 5018 defensionem
1807 4965 2002 5018 referi—

403 5071 544 5110 mus.
581 5055 708 5110 Haec
729 5055 1024 5110 adversum
1063 5055 1312 5110 ethnicos
1353 5067 1408 5110 et
1440 5071 1556 5122 eos,
1595 5059 1686 5128 qtti
1737 5055 2000 5112 Elltnicu-

399 5163 520 5202 rum
567 5157 690 5202 sunt
719 5149 952 5217 similes,
973 5147 1296 5204 dixerimus.
1341 5149 1610 5206 Gtt-terum
1641 5153 1866 5215 nostris,
1909 5153 2000 5222 qui

401 5249 586 5296 tamen
631 5243 820 5296 volunt
871 5241 1149 5310 suscipere
1193 5241 1506 5306 veritatem,
1551 5243 1688 5298 illud
1757 5243 2004 5300 breviter

407 5335 786 5404 05tendamus,
831 5351 898 5390 ex
939 5349 1004 5392 eo
1045 5335 1192 5406 quod
1237 5335 1480 5392 dicitur:
1529 5337 1666 5404 Quia
1713 5337 2004 5408 fornicans,

405 5431 748 5502 fornicabitur
781 5415 918 5486 terra
970 5447 1002 5484 a
1057 5431 1302 5496 Domino,
1363 5449 1472 5486 non
1523 5439 1630 5488 tam
1683 5433 2004 5502 prophetam

401 5523 652 5594 junctum
681 5539 806 5580 esse
833 5523 1136 5592 meretrici,
1179 5537 1340 5594 quam
1381 5537 1544 5580 omne
1583 5523 1868 5578 hominum
1905 5537 2004 5594 ge-

407 5633 510 5674 nus
556 5633 586 5674 a
623 5617 888 5674 societate
939 5615 1152 5672 Domini
1191 5617 1508 5674 recessisse.
1559 5615 1746 5674 Potest
1791 5631 2006 5690 quoque

483 5805 508 5832 ι
549 5795 778 5852 Palatini
801 5807 936 5852 mss.
969 5807 1162 5850 vocem
1185 5791 1376 5850 hedera
1405 5791 1678 5862 ignorant.

2113 4677 2164 4732 id
2207 4689 2310 4746 est,
2373 4689 2750 4746 consummata,
2799 4691 2960 4752 atque
3017 4683 3242 4754 perfecta
3273 4697 3294 4735 :
3319 4681 3412 4736 alii
3447 4683 3700 4762 θώρακας,

2109 4767 2160 4824 id
2189 4779 2291 4834 est,
2335 4771 2548 4838 foricas,
2581 4771 2872 4840 signiﬁcari
2923 4783 3134 4842 putant.
3177 4773 3312 4830 Sunt
3359 4775 3450 4844 qui
3493 4791 3702 4830 mensu-

2107 4881 2242 4932 ram,
2273 4865 2392 4920 sive
2421 4865 2822 4920 amaritudinem
2851 4868 3220 4936 StISpicenlur,
3259 4869 3350 4940 qui
3385 4867 3492 4940 [ΑΙ.
3537 4867 3702 4942 quod]

2111 4965 2260 5012 recte
2281 4957 2548 5024 dicerent,
2581 4962 2624 5014 si
2647 4961 2824 5016 Giust.
2849 4961 3090 5018 litteram
3115 4979 3222 5018 non
3251 4961 3502 5020 haberet.
3535 4963 3704 5018 Debe-

2109 5049 2231 5103 laim
2250 5051 2488 5114 παλὰτας
2519 5065 2699 5124 sonat,
2743 5071 2970 5126 quarum
3001 5055 3054 5112 in
3079 5057 3374 5112 Palaestina
3414 5071 3706 5128 permagna

2107 5141 2260 5212 copia
2289 5151 2394 5210 est,
2437 5155 2492 5200 et
2531 5161 2668 5216 quas
2711 5149 2880 5202 Isaias
2925 5149 3188 5220 propheta
3235 5149 3408 5204 ulceri
3459 5149 3708 5204 Ezechiae

2109 5235 2424 5304 regisjubet
2453 5240 2650 5308 apponi
2679 5239 2770 5312 (IV
2807 5241 2935 5310 Reg.
2969 5257 3040 5306 ιι,
3083 5251 3136 5296 et
3159 5239 3272 5295 Isa.
3301 5241 3558 5312 xxxviii).
3611 5241 3710 5296 Est

2109 5337 2290 5382 autem
2325 5345 2504 5384 massa
2545 5331 2824 5402 pinguium
2865 5333 3196 5400 caricarum,
3239 5347 3375 5406 quas
3407 5335 3461 5388 in
3495 5349 3706 5390 morem

2111 5423 2342 5479 laterum
2375 5423 2692 5496 ﬁgurantes,
2743 5427 2910 5482 utdiu
2957 5427 3144 5482 illtcsaa
3183 5435 3562 5498 permaneant,
3597 5427 3710 5482 cal-

2107 5525 2234 5572 cant
2259 5525 2420 5588 atque
2449 5519 2826 5590 compingunt.
2853 5519 3024 5591 Igitur
3053 5529 3108 5576 et
3135 5519 3302 5576 Israel
3325 5529 3706 5576 consummata

2111 5609 2164 5664 in
2199 5609 2558 5668 fornicatione
2583 5619 2747 5682 atque
2789 5613 3030 5682 perlecta
3077 5609 3186 5668 filia
3215 5611 3540 5684 voluptatis,
3585 5625 3710 5682 qua:

4081 600 4085 750 ἓ

4087 870 4089 944 l

4089 978 4091 1052 l

4091 1086 4093 1134 |

4095 1302 4097 1342 Ι
