4150 6346
364 277 473 335 8‘23

1251 272 1904 333 COMMENTARIORUM
1953 271 2016 328 IN
2055 272 2230 330 OSEE
2271 274 2401 331 LIB.
2445 274 2485 331 I.
2529 274 2683 335 CAP.
2730 279 2768 333 I.

3554 275 3660 336 826

365 391 673 449 {ruentibus
694 392 878 448 suavis
909 390 1132 448 videtur
1156 401 1212 447 et
1235 391 1433 458 dulcis,
1465 391 1519 446 in
1565 402 1696 464 typo
1739 389 1954 446 Domini
1981 390 2217 452 A‘boam
2239 401 2426 448 secuta
2441 401 2546 458 est,
2574 409 2772 449 nomen
2805 393 3094 464 pristinum
3121 392 3288 451 Israel
3308 393 3572 451 remansit
3598 393 3653 449 in

360 486 662 542 Salvatoris
687 487 739 558 7
768 485 835 541 ab
856 485 993 542 Osee
1026 501 1164 541 uxor
1199 485 1504 556 accipitur:
1546 493 1599 540 et
1637 484 1849 556 primus
1889 499 1955 540 ex

360 594 426 634 ea
457 578 554 634 Dei
582 579 727 633 ﬁlius
769 589 1081 649 generatur,
1116 579 1165 634 id
1209 588 1312 648 est,
1357 576 1595 644 Jezrael;
1645 587 1728 633 est
1773 585 1954 632 autem

358 669 552 727 civitas
583 670 902 740 metropolis
927 669 1116 726 decem
1144 670 1410 736 tribuum,
1435 670 1608 738 inqua
1634 668 1956 725 interfectus

359 776 446 822 est
475 764 688 821 Nabotlt
719 763 827 837 [ΑΙ.
869 763 1169 838 Nabutha],
1203 766 1273 820 ob
1304 764 1460 835 cujus
1496 765 1819 835 sanguinem
1864 779 1956 820 su-

358 857 590 912 scitatur
612 855 772 924 Jehu,
807 858 899 928 qui
923 857 1126 913 delevit
1155 857 1389 930 domum.
1409 857 1599 912 Achab
1623 865 1682 913 et
1706 856 1950 914 Iezabel.

354 951 562 1007 Verum
587 952 712 1023 quia
743 962 798 1008 et
828 952 942 1022 ipse
963 952 1126 1020 Jehu,
1160 953 1302 1008 ultor
1332 953 1615 1022 sanguinis
1655 952 1810 1022 justi,
1865 953 1950 1007 in-

358 1057 584 1113 gressus
613 1053 697 1098 cst
726 1060 823 1116 per
851 1046 964 1099 vias
997 1044 1287 1101 Jeroboam
1319 1045 1415 1101 lilii
1443 1044 1677 1111 Nabath,
1722 1044 1813 1116 qui
1845 1043 1952 1100 I’or-

356 1139 527 1193 nicari
577 1139 708 1195 fecit
760 1139 950 1206 Israel,
1005 1148 1059 1195 et
1108 1139 1392 1195 constituit
1428 1139 1627 1194 vitulos
1659 1155 1854 1194 aureos
1897 1139 1949 1194 in

356 1233 470 1288 Dan
496 1244 550 1288 et
576 1233 628 1289 in
663 1233 853 1290 Bethel
875 1235 894 1305 (
912 1233 975 1290 III
1005 1235 1134 1309 Reg.
1172 1234 1291 1306 xu),
1328 1250 1553 1306 regnum
1585 1249 1806 1306 quoque
1834 1234 1952 1304 ejus

355 1328 555 1384 dicitur
596 1328 1026 1384 subvertendttnt
1072 1348 1085 1382 :
1124 1329 1224 1384 sub
1261 1329 1418 1399 cujus
1459 1337 1759 1400 pronepote
1799 1328 1952 1384 Jeru-

352 1424 514 1478 boam
542 1423 872 1495 prophetare
890 1422 1207 1492 coepitOsec
1233 1442 1246 1478 :
1273 1440 1379 1495 quo
1404 1435 1640 1488 mortuo,
1666 1423 1808 1478 tilias
1831 1424 1950 1492 ejus

355 1517 646 1574 Zacharias
686 1519 956 1574 successit
995 1520 1047 1572 in
1081 1533 1339 1587 regnum;
1374 1534 1535 1590 quem
1569 1528 1724 1573 sexto
1764 1531 1950 1572 mense

357 1611 568 1678 imperii
597 1611 680 1665 sui
721 1610 922 1666 occidit
951 1610 1158 1666 Scllum
1188 1611 1255 1666 de
1283 1610 1388 1666 alia
1419 1611 1590 1680 stirpe
1627 1619 1946 1681 generatum

355 1706 460 1777 (IV
487 1706 616 1780 Reg.
651 1705 766 1777 xv).
792 1707 963 1774 Quam
991 1706 1060 1761 ob
1083 1723 1302 1763 causam
1329 1722 1474 1762 nunc
1496 1707 1692 1763 dicitur
1725 1725 1738 1762 :
1765 1706 1948 1761 Adhuc

2062 484 2249 540 decem
2282 483 2547 540 tribubus.
2585 485 2650 540 Et
2677 495 2898 555 promer
2927 487 3129 543 tribum
3166 487 3332 554 Juda,
3371 502 3492 558 qua:
3533 501 3656 557 reg-

2061 577 2207 632 navit
2233 576 2288 632 in
2310 577 2640 644 Jerusalem,
2666 578 2786 633 aliae
2817 596 2940 649 quae
2972 581 3142 636 tribus
3183 580 3473 652 appellatae
3529 587 3658 635 sunt

2057 670 2222 727 Judas
2252 688 2265 725 :
2298 671 2567 741 simulque
2593 670 2708 744 typi
2749 673 2951 726 veritas
2992 673 3318 744 eXplicatur.
3359 671 3647 742 Quomodo

2056 766 2200 820 enim
2223 774 2448 836 propter
2471 767 2787 835 sanguinem
2816 763 3161 838 Nab01h[Al.
3211 765 3502 839 Nabutha],
3546 768 3639 838 qui

2057 857 2261 914 eII‘usus
2300 859 2458 915 estin
2499 859 2734 929 Jezrael,
2761 861 2940 916 deleta
2986 869 3072 916 est
3109 861 3304 917 domus
3349 860 3561 928 Achab,
3594 871 3653 920 ut

2056 951 2191 1007 Elia:
2217 952 2532 1008 vaticinium
2561 955 2928 1025 compleretur
2948 975 2962 1009 :
2985 957 3065 1010 sic
3087 967 3307 1026 propter
3336 958 3651 1027 sanguinem

2055 1047 2168 1102 veri
2195 1046 2424 1115 Jezrael,
2459 1047 2560 1103 hoc
2583 1057 2688 1113 εει,
2719 1047 2946 1103 seminis
2979 1048 3102 1112 Dei,
3131 1062 3358 1119 regnum
3395 1046 3645 1104 destruc-

2053 1151 2194 1198 trutn
2211 1141 2701 1198 estJudmorumJn
2717 1142 2972 1197 omnibus
2989 1141 3208 1212 quidem
3228 1139 3528 1212 pr0phetis,
3552 1139 3648 1196 sed

2054 1237 2327 1308 praecipue
2365 1237 2416 1290 in
2447 1235 2604 1304 Osce,
2633 1237 2822 1292 decem
2854 1237 3027 1292 tribus
3051 1237 3361 1291 referuntur
3383 1235 3450 1290 ad
3475 1234 3648 1291 Incre-

2053 1333 2224 1398 ticos,
2263 1346 2491 1401 quorum
2537 1332 2826 1386 multitudo
2869 1332 3103 1386 niaxima
3143 1317 3266 1387 est:
3301 1330 3420 1385 duae
3465 1337 3645 1384 autem

2055 1426 2227 1482 tribus
2250 1424 2728 1497 qttatappellantur
2744 1424 2905 1492 Juda,
2929 1423 3190 1499 Ecclesia:
3213 1437 3502 1492 personam
3519 1435 3645 1492 pos-

2051 1519 2252 1585 sident,
2278 1533 2398 1589 qua:
2417 1517 2518 1572 sub
2537 1515 2707 1586 stirpe
2731 1515 2898 1572 David
2920 1515 3217 1587 regnabant
3236 1513 3344 1588 [ΑΙ.
3365 1513 3640 1586 regnant].

2053 1614 2224 1668 Arcus
2248 1612 2408 1682 igitur
2437 1609 2842 1676 hiereticorum,
2875 1610 2942 1665 de
2971 1609 3168 1681 quibus
3203 1608 3491 1677 scriptum,
3520 1616 3604 1662 est
3631 1625 3645 1662 :

2051 1705 2179 1762 Filii
2227 1706 2483 1776 Epltraim
2513 1707 2855 1774 intendentes,
2905 1714 2950 1759 et
2998 1705 3258 1758 mittentes
3285 1717 3485 1769 arcum,
3526 1717 3647 1756 con.

354 1797 634 1869 modicum,
664 1808 712 1853 et
732 1799 949 1854 visitabo
975 1802 1280 1872 sanguinem
1304 1798 1530 1866 Jezrael,
1561 1801 1611 1856 id
1654 1811 1758 1868 est,
1797 1800 1944 1856 occi-
1974 1791 2022 1852 B
2051 1802 2180 1858 rersi
2210 1809 2331 1856 sunt
2356 1803 2411 1856 in
2443 1800 2526 1855 die
2554 1800 2672 1855 belli
2700 1799 2888 1871 (Psal.
2920 1812 3127 1864 Lxxvu,
3155 1794 3233 1868 9),
3268 1794 3645 1866 confringetur

350 1893 556 1951 sionem
591 1895 772 1964 populi
799 1895 924 1960 mei,
958 1910 1125 1966 super
1155 1895 1378 1951 domum
1402 1895 1541 1953 Jelm
1564 1897 1793 1967 regiam,
1819 1912 1943 1968 qua?

345 2000 410 2039 eo
441 1995 684 2056 tempore
711 1986 1146 2055 praeeratlsrael.
1169 1987 1280 2044 Nec
1295 1989 1491 2044 mirum
1515 1990 1558 2044 si
1583 1989 1777 2044 domus
1801 1988 1942 2045 Jehu

344 2077 716 2149 subvertatur,
747 2095 870 2136 cum
901 2082 1066 2137 etiam
1102 2097 1325 2154 regnum
1360 2083 1557 2139 domus
1599 2083 1787 2147 Israel.
1838 2084 1944 2141 hoc

344 2183 449 2240 cst,
484 2173 676 2230 decem
704 2176 936 2232 tribuum
971 2185 1093 2246 post
1121 2193 1230 2232 non
1267 2178 1466 2234 multos
1508 2191 1680 2232 annos
1719 2178 1942 2232 omnino

342 2267 412 2322 sit
439 2267 754 2324 delendum.
782 2273 820 2323 A
852 2269 1114 2325 Zacharia
1137 2271 1280 2327 enim
1306 2271 1414 2327 tilio
1443 2271 1754 2337 Jcrohoam,
1787 2274 1943 2343 cujus

341 2369 535 2417 atavos
566 2360 668 2416 fuit
691 2361 853 2434 Jehu,
889 2379 1064 2435 usque
1094 2363 1161 2419 ad
1188 2379 1390 2420 nonum
1419 2381 1618 2420 annum
1643 2365 1806 2433 Osee,
1839 2365 1939 2420 sub

341 2469 449 2523 quo
478 2454 666 2511 decem
701 2456 871 2512 tribus
901 2455 1079 2512 ductae
1109 2469 1236 2512 sunt
1266 2458 1319 2513 in
1359 2457 1760 2529 captivitatem,
1804 2473 1937 2527 sup-

341 2557 608 2618 putantur
637 2550 766 2605 anni
789 2549 1143 2622 quadraginta
1171 2562 1224 2606 et
1253 2567 1470 2608 novem.
1506 2552 1809 2623 Occisoque
1828 2551 1936 2607 Za-

338 2639 546 2705 charia,
582 2641 674 2712 qui
701 2641 799 2697 fuit
824 2643 1053 2698 ultimus
1081 2643 1149 2698 de
1177 2643 1346 2714 stirpe
1377 2643 1547 2710 Jehu,
1572 2647 1756 2700 statim
1777 2660 1938 2716 reges

341 2733 551 2808 Assyrii
583 2746 848 2808 ceperunt
887 2738 1078 2794 Ruben
1107 2747 1160 2794 et
1187 2739 1302 2795 Gad
1344 2749 1398 2794 et
1426 2739 1705 2795 dimidiam
1739 2741 1935 2795 tribum

340 2827 610 2899 Manasse,
635 2845 758 2900 quae
787 2841 943 2886 erant
975 2840 1125 2887 trans
1145 2831 1439 2888 Iordanem
1463 2848 1476 2898 ;
1502 2840 1558 2888 οι
1579 2831 1777 2888 deinde
1799 2834 1938 2888 mul-

343 2931 423 2976 tas
453 2923 704 2979 civitates
737 2923 1021 2991 Samarizr,
1057 2925 1337 2981 etdeinde
1368 2934 1533 2979 totam
1561 2925 1838 2995 Nephtali.
1871 2925 1935 2979 ad

339 3025 646 3070 extremum
679 3032 873 3072 omnes
921 3016 1159 3088 reliquas
1189 3016 1382 3072 tribus.
1414 3016 1520 3071 Pro
1545 3015 1682 3072 Jehu
1729 3017 1779 3071 in
1808 3016 1937 3071 Edi-

339 3107 488 3161 tione
534 3105 765 3177 Vulgata
806 3108 1004 3179 legitur
1030 3107 1331 3166 Juda:sed
1389 3107 1493 3163 hoc
1540 3109 1670 3162 mihi
1720 3108 1934 3162 videtur

2047 1897 2099 1951 in
2131 1897 2270 1953 valle
2301 1897 2528 1953 seminis
2557 1895 2682 1964 Dei,
2713 1893 2780 1950 de
2807 1908 2916 1966 quo
2941 1893 3164 1950 humilia
3191 1903 3244 1950 et
3270 1900 3489 1949 terrena
3521 1905 3644 1946 sen-

2045 2001 2256 2048 SCI‘UIII.

2117 2084 2301 2154 (Vcrs,
2337 2084 2390 2148 6,
2418 2081 2497 2156 7.)
2526 2082 2590 2136 Et
2621 2082 2850 2153 concepit
2869 2080 3066 2151 adhuc,
3099 2089 3146 2134 et
3165 2079 3363 2153 peperit
3381 2078 3570 2150 ﬁliam,
3591 2087 3641 2134 et

2043 2177 2174 2232 dixit
2202 2178 2284 2232 ei:
2324 2175 2468 2230 Voca
2499 2191 2684 2230 nomen
2713 2175 2850 2245 ejus,
2880 2172 3084 2244 Absque
3112 2171 3492 2236 misericordia,
3515 2171 3640 2241 quia

2042 2290 2142 2328 non
2175 2273 2364 2327 addam
2394 2272 2532 2325 ultra
2564 2271 2795 2326 misereri
2823 2269 3003 2323 domui
3034 2265 3238 2331 Israel;
3263 2265 3354 2320 sed
3381 2263 3639 2320 oblivione

2042 2369 2320 2424 obliviscar
2349 2383 2548 2420 eorum.
2575 2365 2644 2419 Et
2662 2365 2838 2420 domui
2857 2362 3003 2419 Juda
3022 2363 3300 2417 miserebor
3319 2377 3338 2416 :
3359 2370 3410 2416 et
3431 2359 3642 2414 salvabo

2039 2479 2128 2519 eos
2159 2463 2211 2516 in
2239 2460 2467 2516 Domino
2499 2458 2611 2515 Deo
2642 2475 2775 2514 suo:
2804 2468 2850 2514 et
2894 2475 2999 2512 non
3034 2455 3244 2511 salvabo
3273 2470 3358 2510 eos
3387 2454 3442 2510 in
3467 2464 3489 2492 ο
3523 2451 3642 2524 gla-

2043 2557 2150 2621 dio,
2183 2564 2230 2611 et
2261 2557 2312 2608 in
2335 2571 2484 2620 arcu,
2509 2562 2560 2608 et
2586 2553 2638 2607 in
2663 2550 2821 2621 bello,
2851 2560 2898 2606 et
2927 2552 2980 2604 in
3009 2551 3177 2622 equis,
3203 2557 3250 2603 et
3281 2548 3333 2602 in
3359 2545 3640 2618 equitibus.

2039 2649 2224 2706 LXX:
2279 2649 2347 2703 Et
2381 2651 2616 2720 concepit
2646 2646 2839 2716 adhuc,
2875 2655 2924 2700 et
2949 2645 3147 2715 peperit
3174 2643 3361 2714 filiam,
3404 2649 3452 2696 et
3497 2640 3630 2695 dixit

2039 2747 2085 2802 ei
2110 2763 2126 2801 :
2162 2746 2303 2801 Voca
2325 2763 2512 2801 nomen
2544 2747 2679 2818 ejus,
2711 2743 2914 2814 Absque
2942 2739 3334 2806 misericordia;
3368 2738 3490 2810 quia
3530 2753 3625 2791 ne-

2038 2857 2295 2913 quaquam
2344 2840 2539 2894 addam
2580 2840 2720 2894 ultra
2773 2835 3002 2889 misereri
3059 2832 3236 2886 domui
3288 2829 3506 2886 Israel:
3547 2826 3636 2883 sed

2038 2933 2321 2988 adversam
2375 2930 2694 2986 adversabor
2734 2933 2844 2983 eis:
2889 2925 3121 2994 ﬁliorum
3159 2932 3332 2976 autem
3358 2918 3500 2974 Juda
3539 2919 3638 2973 mi-

2037 3027 2270 3096 serebor,
2329 3035 2376 3080 et
2429 3023 2640 3080 salvabo
2699 3037 2786 3075 eos
2834 3020 2887 3073 in
2941 3017 3168 3072 Domino
3214 3012 3326 3069 Deo
3376 3029 3470 3067 suo
3518 3028 3536 3065 :
3587 3020 3634 3066 et

2039 3136 2142 3176 non
2173 3118 2382 3174 salvabo
2409 3134 2496 3173 eos
2517 3117 2571 3170 in
2601 3131 2748 3180 arcu,
2771 3128 2933 3183 neque
2962 3111 3016 3164 in
3046 3108 3246 3180 gladio,
3273 3123 3433 3179 neque
3449 3108 3503 3160 in
3527 3105 3635 3160 bel-

334 3214 444 3254 non
474 3200 607 3255 vitio
651 3201 998 3272 Septuaginta
1042 3202 1424 3272 interpretum,
1471 3199 1564 3256 sed
1603 3198 1929 3268 scriptorum
1960 3185 2007 3251 C
2039 3215 2123 3281 ιο,
2153 3215 2208 3286 9
2237 3230 2396 3283 neque
2433 3212 2488 3266 θη
2519 3210 2690 3282 equis,
2729 3223 2890 3278 neque
2929 3207 2984 3260 in
3024 3203 3304 3273 equitibus,
3339 3203 3633 3272 Postquam

333 3292 630 3349 inolevissc
651 3293 945 3364 imperitia,
976 3295 1071 3365 qui
1101 3297 1415 3367 ignorantes
1441 3293 1579 3348 Jeltu
1607 3311 1625 3351 :
1650 3294 1794 3364 quod
1822 3309 1933 3346 ma-

335 3389 417 3459 gis
441 3389 625 3444 tritnm
658 3399 794 3456 erat,
821 3391 1160 3460 scripserunt
1190 3389 1353 3444 Juda.
1386 3389 1580 3461 ‘Typus
1617 3398 1798 3444 autem
1843 3405 1932 3445 se-

337 3483 500 3539 tninis
523 3484 647 3552 Dei,
677 3494 734 3541 et
759 3485 900 3541 ultio
930 3487 1213 3557 sanguinis
1236 3485 1354 3556 ejus
1376 3486 1612 3540 refertur
1627 3483 1694 3539 ad
1719 3485 1928 3540 Domini

333 3579 668 3649 passionem,
699 3588 923 3651 propter
953 3595 1113 3652 quam
1146 3590 1201 3635 et
1231 3580 1424 3634 domus
1446 3579 1582 3636 Juda
1611 3588 1667 3637 et
1695 3595 1923 3651 regnum

336 3671 578 3727 universi
610 3673 775 3728 Israel
802 3673 1004 3729 dicitur
1035 3673 1482 3729 subvertendum.

393 3762 577 3835 (Vers.
599 3763 682 3836 5.)
699 3763 766 3818 Et
781 3767 834 3818 in
851 3764 944 3820 illa
966 3766 1051 3820 die
1066 3777 1324 3820 conteram
1341 3782 1520 3821 arcum
1539 3765 1710 3822 Israel
1732 3769 1784 3822 in
1802 3769 1934 3822 valle

334 3853 556 3910 Jezrael.
581 3854 727 3912 LXX
746 3855 1254 3925 similiter.Qunndo
1269 3859 1413 3914 ultus
1435 3861 1588 3914 luero
1609 3861 1928 3931 sanguinem

335 3948 546 4004 Jezrael
567 3965 733 4019 super
753 3949 974 4005 domum
996 3959 1020 3988 ει
1043 3950 1206 4019 Jehu,
1227 3961 1278 4006 et
1303 3967 1528 4023 regnum
1553 3952 1742 4021 Israel,
1767 3956 1930 4025 Assy-

335 4045 417 4100 rio
467 4045 742 4111 vincente,
810 4044 1090 4112 delevcro,
1138 4056 1264 4101 tunc
1305 4045 1402 4100 illa
1448 4046 1575 4115 die,
1621 4057 1676 4102 ει
1724 4047 1776 4101 ἰη
1834 4047 1928 4103 illo

338 4149 582 4209 tempore
613 4149 892 4196 conteram
925 4157 1084 4196 omne
1115 4141 1284 4197 robur
1324 4143 1607 4197 exercitus
1654 4141 1823 4196 lsracl
1874 4142 1926 4196 in

335 4233 474 4287 valle
506 4231 746 4288 Jezrael.
781 4232 958 4304 Supra
990 4234 1230 4289 diximus
1251 4233 1574 4303 chraclem,
1624 4249 1746 4304 quae
1785 4249 1928 4289 nunc

330 4327 481 4398 juxta
509 4328 1008 4399 Maximianopolim
1039 4339 1143 4396 est,
1175 4328 1345 4384 fuisse
1371 4327 1711 4398 metropoiim
1735 4330 1928 4400 greg-

337 4424 389 4477 ni
419 4423 682 4478 Samaria:
711 4421 738 4460 δ
770 4438 940 4495 prope
963 4439 1123 4493 quant
1170 4432 1296 4478 sunt
1339 4423 1517 4493 campi
1552 4422 1824 4488 latiSsimi,
1873 4432 1927 4478 et

333 4515 491 4570 vallis
517 4515 703 4569 nimia:
734 4516 1032 4581 vastitatis,
1066 4531 1184 4586 quae
1213 4515 1517 4585 plusquam
1560 4514 1749 4570 decent
1795 4515 1922 4569 mil-

2035 3308 2302 3363 contritus
2327 3315 2412 3360 est
2436 3315 2600 3374 atque
2630 3301 2948 3357 confractus
2981 3313 3140 3353 arcus
3172 3296 3342 3353 Israel
3362 3339 3377 3363 ,
3411 3296 3465 3350 in
3491 3294 3637 3350 valle

2032 3399 2265 3466 Jezrael,
2297 3409 2351 3453 et
2372 3412 2598 3468 regnum
2623 3395 2809 3450 decem
2842 3391 3081 3447 tribuum
3107 3390 3453 3453 destitutum,
3472 3387 3548 3442 ita
3576 3395 3636 3441 ut

2036 3495 2368 3550 ducerentur
2389 3493 2443 3547 in
2467 3489 2862 3560 captivitatem,
2891 3499 3236 3556 nequaquam
3258 3483 3370 3554 jam
3392 3480 3631 3541 Jezrael.

2034 3588 2086 3643 id
2116 3596 2223 3655 est,
2252 3600 2439 3641 semen
2470 3583 2588 3650 Dei,
2621 3596 2724 3636 nec
2755 3579 3040 3634 masculini
3079 3591 3246 3632 sexus
3280 3575 3426 3630 ﬁlius
3458 3573 3638 3630 nasci-

2035 3690 2121 3735 tur
2149 3699 2162 3736 :
2195 3679 2290 3734 sed
2321 3678 2461 3745 lilia,
2495 3677 2544 3731 id
2578 3686 2692 3740 est,
2720 3673 2918 3728 femina
2949 3670 3158 3742 fragilis
3195 3685 3388 3738 sexus,
3423 3675 3482 3724 et
3510 3683 3632 3739 qum

2031 3771 2296 3826 victorum
2334 3779 2519 3840 pateat
2546 3766 2912 3830 contumeliae,
2948 3774 3003 3820 et
3035 3771 3255 3816 vocatur
3280 3761 3504 3831 Absque
3532 3761 3633 3815 mi-

2033 3863 2356 3920 sericordia.
2391 3862 2597 3918 Idcirco
2623 3861 2769 3916 enim
2803 3860 3018 3930 captiva
3047 3858 3207 3913 ducta
3239 3867 3342 3924 est,
3374 3856 3498 3926 quia
3530 3856 3632 3909 mi-

2031 3956 2391 4013 sericordiam
2417 3953 2516 4008 Dei
2540 3971 2644 4008 non
2672 3952 2880 4007 habuit.
2909 3952 2974 4006 Et
2999 3947 3394 4006 consideranda
3415 3947 3628 4001 Domini

2030 4048 2353 4118 indignatio.
2403 4045 2554 4113 Quod
2607 4060 2952 4116 nequaquam
2983 4043 3168 4097 domui
3202 4040 3369 4097 Israel
3401 4055 3460 4096 se
3488 4038 3636 4095 dicat

2033 4141 2284 4198 misereri
2319 4141 2482 4211 ultra,
2514 4140 2609 4196 sed
2643 4155 2739 4195 eos
2772 4139 2839 4194 de
2871 4138 3138 4194 memoria
3169 4151 3267 4192 sua
3294 4144 3498 4191 interna
3529 4133 3630 4190 ob-

2031 4237 2237 4292 livione
2261 4237 2486 4300 delere;
2518 4235 2643 4306 quia
2673 4251 2846 4304 usque
2873 4233 3040 4288 hodie
3085 4232 3370 4286 Persarum
3413 4229 3636 4300 regibus

2031 4329 2282 4384 serviunt
2309 4370 2322 4393 ,
2369 4338 2424 4384 et
2462 4344 2756 4397 numquam
2790 4334 2875 4382 est
2905 4341 3091 4381 eorum
3119 4325 3295 4386 soluta
3323 4322 3631 4393 captivitas.

2035 4421 2222 4476 Domui
2246 4432 2428 4477 autem
2453 4421 2587 4476 .Iuda
2615 4411 3044 4476 misericordiam
3071 4416 3383 4490 pollicetur,
3407 4424 3462 4470 et
3478 4415 3630 4480 dicit,

2030 4515 2155 4584 quia
2187 4530 2281 4571 eos
2307 4517 2482 4570 salvet
2505 4515 2559 4569 in
2591 4515 2816 4568 Domino
2845 4513 2958 4566 Deo
2987 4527 3106 4578 suo,
3136 4510 3219 4565 vel
3255 4511 3305 4563 in
3335 4509 3518 4579 seipso
3537 4509 3632 4580 qui

333 4607 460 4662 lium
487 4607 1020 4678 tenditurpassibus.
1049 4609 1104 4663 In
1138 4609 1243 4662 hoc
1271 4608 1567 4663 commisso
1597 4609 1921 4674 certamine,
1956 4587 2003 4646 Ι)
2033 4609 2278 4678 loquitur
2309 4629 2320 4662 :
2353 4609 2437 4663 vel
2472 4609 2629 4661 Pater
2659 4606 2831 4660 salvet
2865 4606 2916 4657 in
2953 4602 3110 4668 Filio,
3141 4602 3296 4672 juxta
3329 4601 3464 4656 illud
3487 4600 3632 4672 quod

331 4703 398 4757 ab
429 4703 668 4774 Assyriis
699 4719 875 4758 caesus
903 4712 988 4759 est
1011 4703 1202 4766 Israel,
1239 4703 1286 4757 id
1335 4712 1440 4768 est,
1489 4703 1677 4758 decem
1727 4703 1922 4766 tribus,

333 4811 452 4866 qum
505 4795 576 4848 ob
613 4795 904 4851 Jeroboam
936 4795 1006 4851 de
1046 4796 1192 4850 tribu
1234 4795 1518 4866 Ephraim,
1572 4797 1666 4865 qui
1717 4796 1927 4864 primus

333 4887 574 4942 schisma
619 4888 741 4944 fecit
772 4890 825 4942 in
861 4889 1080 4958 populo,
1123 4887 1414 4958 appellata:
1463 4896 1590 4941 sunt
1639 4887 1924 4954 Ephraitn.

338 4979 617 5035 Interdum
653 4990 874 5051 prepter
915 4981 1143 5051 Jnseph,
1185 4981 1274 5050 qui
1309 4981 1410 5035 luit
1449 4989 1601 5050 pater
1645 4980 1924 5052 Ephraim,

336 5079 564 5128 vacatur
583 5073 788 5143 Joseph
815 5091 829 5126 :
856 5088 1267 5144 nonnumquam
1289 5075 1560 5138 Samaria,
1588 5089 1710 5144 qua:
1737 5085 1792 5128 et
1815 5074 1930 5142 ipsa

341 5167 513 5222 altera
574 5167 702 5221 urbs
749 5166 850 5222 fuit
909 5167 1232 5236 metropolis
1261 5167 1450 5223 decem
1503 5165 1761 5233 tribuum,
1813 5182 1932 5238 quae

339 5268 527 5328 pOSlca
561 5259 628 5314 ab
655 5261 898 5329 Angusto
925 5258 1144 5316 Caesare
1183 5260 1456 5331 appellata
1498 5266 1612 5325 est,
1654 5263 1932 5330 Augusta,

332 5351 514 5418 idest,
543 5351 792 5416 Σεϐαστὴ,
811 5351 862 5407 in
885 5367 990 5422 qua
1015 5366 1135 5407 ossa
1164 5351 1392 5408 Joannis
1423 5351 1688 5422 Baptism
1716 5353 1934 5408 condita

333 5457 482 5502 sunt.
529 5447 658 5502 Post
691 5447 1019 5504 divisionem
1059 5464 1190 5519 ergo
1227 5447 1464 5503 duarum
1503 5457 1557 5504 et
1588 5449 1778 5504 decem
1831 5449 1933 5504 tri-

331 5537 524 5610 buum,
559 5540 630 5596 ob
661 5541 952 5597 maximam
985 5552 1193 5611 partem
1219 5541 1593 5599 multitudinis
1621 5557 1743 5614 quae
1773 5543 1935 5599 Jero-

403 5759 433 5788 λ
475 5749 594 5804 Duo
625 5747 876 5815 Palatini,
913 5748 1124 5803 domum
1141 5746 1307 5814 Juda,
1341 5760 1442 5817 pro
1462 5745 1622 5804 λειω.

403 5820 431 5858 δ
475 5820 664 5886 Iidem,
697 5830 906 5893 propter
931 5837 1108 5892 quam,
1140 5835 1240 5891 pro
1270 5836 1449 5892 prape.

2035 4702 2298 4770 scriptum
2330 4708 2413 4754 est
2448 4717 2460 4753 :
2496 4697 2644 4752 Pluit
2678 4697 2930 4750 Dominus
2951 4712 2981 4748 a
3008 4694 3232 4747 Domino
3265 4691 3480 4765 (Cenes.
3511 4709 3622 4756 XIX,

2031 4793 2159 4864 24).
2209 4792 2451 4848 Salvavit
2490 4806 2588 4845 eos
2628 4791 2770 4844 enim
2823 4787 2929 4862 [ΑΙ.
2984 4787 3172 4859 etiam]
3203 4786 3420 4854 quando
3459 4787 3628 4842 Israel

2033 4886 2276 4958 A5syriis
2307 4883 2540 4938 traditus
2570 4892 2678 4949 est,
2711 4883 2780 4937 de
2811 4898 2973 4936 manu
3004 4881 3403 4949 Sennacherih,
3438 4896 3545 4936 non
3579 4881 3632 4935 in

2035 4996 2162 5035 arcu
2193 4990 2246 5035 et
2274 4979 2458 5050 gladio
2501 4987 2557 5034 et
2604 4979 2746 5033 bello
2775 4988 2827 5033 et
2859 4978 2910 5032 in
2951 4977 3196 5046 equitum
3242 4975 3594 5032 multitudine
3617 5018 3633 5042 ,

2041 5073 2136 5130 sed
2181 5074 2233 5126 in
2283 5088 2384 5128 suo
2411 5072 2630 5139 robore,
2661 5070 2879 5141 quando
2911 5071 3060 5124 misit
3091 5070 3390 5140 Angelnm,
3424 5077 3480 5125 et
3513 5083 3640 5141 per-

2034 5167 2208 5222 cussit
2227 5167 2295 5222 de
2319 5167 2566 5222 exercitu
2591 5165 2967 5222 Sennachcrib
2989 5165 3132 5236 regis
3154 5163 3503 5234 Assyriorum
3531 5180 3636 5220 una

2035 5269 2197 5316 nocte
2222 5270 2436 5314 centum
2469 5261 2739 5331 (ICIOgIIIlﬂ
2764 5261 3004 5330 quinque
3027 5259 3194 5313 millia
3219 5257 3312 5328 (IV
3344 5257 3638 5330 Regaux).

2035 5355 2198 5411 Juxta
2232 5365 2418 5426 typum
2445 5353 2681 5410 dicimus
2707 5395 2722 5421 ,
2773 5369 2869 5408 eos
2905 5352 2996 5423 qui
3043 5361 3272 5422 propter
3318 5353 3642 5422 sanguinem

2037 5449 2266 5504 seminis
2299 5448 2393 5504 Dei
2421 5456 2682 5503 vocantur
2703 5449 2924 5518 Absque
2955 5446 3356 5515 misericordia,
3383 5455 3438 5503 et
3458 5448 3645 5504 dicere

2038 5542 2158 5599 ausi
2205 5551 2382 5598 sunt:
2419 5543 2650 5616 Sanguis
2694 5545 2810 5615 ejus
2855 5557 3012 5614 super
3042 5558 3172 5609 nos,
3224 5551 3275 5597 et
3322 5559 3481 5615 super
3510 5542 3653 5614 ﬁlios

2122 5746 2814 5820 ¢__Transponi7Victorius
2847 5746 3075 5816 mavult,
3119 5747 3175 5802 in
3205 5763 3330 5802 arcu
3365 5756 3416 5802 et
3441 5747 3646 5820 gladio,

2047 5817 2112 5874 ad
2146 5817 2460 5889 Hebrteum,
2491 5819 2670 5878 Graec.
2700 5819 3064 5892 Latinumque
3092 5827 3430 5877 contextum.
