  <div class='ocr_page' id='page_1' title='image "/cluster/home/n/w/nwhite01/storage/ocr_20150623/25/hvd.32044015471394/422.png"; bbox 0 0 4150 6346; ppageno 0'>
   <div class='ocr_carea' id='block_1_1' title="bbox 303 321 1923 402">
    <p class='ocr_par' dir='ltr' id='par_1_1' title="bbox 303 324 1923 402">
     <span class='ocr_line' id='line_1_1' title="bbox 303 324 1923 402; baseline -0.006 0"><span class='ocrx_word' id='word_1_1' title='bbox 303 346 348 401; x_wconf 82' lang='lat' dir='ltr'><strong>s</strong></span> <span class='ocrx_word' id='word_1_2' title='bbox 368 346 418 402; x_wconf 62' lang='grc' dir='ltr'><strong>’θ</strong></span> <span class='ocrx_word' id='word_1_3' title='bbox 1177 327 1826 398; x_wconf 59' lang='lat' dir='ltr'><strong>communitionem</strong></span> <span class='ocrx_word' id='word_1_4' title='bbox 1870 324 1923 394; x_wconf 71' lang='lat' dir='ltr'><strong>ill</strong></span> 
     </span>
    </p>
   </div>
   <div class='ocr_carea' id='block_1_2' title="bbox 2026 321 3601 402">
    <p class='ocr_par' dir='ltr' id='par_1_2' title="bbox 2026 322 3601 398">
     <span class='ocr_line' id='line_1_2' title="bbox 2026 322 3601 398; baseline 0.001 -3"><span class='ocrx_word' id='word_1_5' title='bbox 2026 322 2151 395; x_wconf 72' lang='lat' dir='ltr'><strong>ses</strong></span> <span class='ocrx_word' id='word_1_6' title='bbox 2191 332 2319 395; x_wconf 80' lang='lat' dir='ltr'><strong>Lm.</strong></span> <span class='ocrx_word' id='word_1_7' title='bbox 2362 336 2405 398; x_wconf 91' lang='grc' dir='ltr'>ι.</span> <span class='ocrx_word' id='word_1_8' title='bbox 2450 338 2599 396; x_wconf 64' lang='lat' dir='ltr'><strong>car.</strong></span> <span class='ocrx_word' id='word_1_9' title='bbox 2646 341 2709 397; x_wconf 92' lang='grc' dir='ltr'>ιι.</span> <span class='ocrx_word' id='word_1_10' title='bbox 3497 330 3601 396; x_wconf 74' lang='lat'><strong>3‘30</strong></span> 
     </span>
    </p>
   </div>
   <div class='ocr_carea' id='block_1_3' title="bbox 303 451 3601 528">
    <p class='ocr_par' dir='ltr' id='par_1_3' title="bbox 303 451 3601 528">
     <span class='ocr_line' id='line_1_3' title="bbox 303 451 3601 528; baseline -0.003 -11"><span class='ocrx_word' id='word_1_11' title='bbox 303 463 509 517; x_wconf 86' lang='lat' dir='ltr'><strong>Christi</strong></span> <span class='ocrx_word' id='word_1_12' title='bbox 539 501 554 526; x_wconf 91' lang='lat'><strong>,</strong></span> <span class='ocrx_word' id='word_1_13' title='bbox 580 468 639 514; x_wconf 78' lang='lat' dir='ltr'><strong>et</strong></span> <span class='ocrx_word' id='word_1_14' title='bbox 662 472 775 514; x_wconf 79' lang='lat' dir='ltr'><strong>non</strong></span> <span class='ocrx_word' id='word_1_15' title='bbox 802 458 1076 528; x_wconf 67' lang='lat' dir='ltr'><strong>recipiens</strong></span> <span class='ocrx_word' id='word_1_16' title='bbox 1126 459 1505 512; x_wconf 78' lang='lat' dir='ltr'><strong>auctoritatem</strong></span> <span class='ocrx_word' id='word_1_17' title='bbox 1554 459 1677 513; x_wconf 72' lang='lat' dir='ltr'><strong>novi</strong></span> <span class='ocrx_word' id='word_1_18' title='bbox 1707 458 1897 515; x_wconf 64' lang='lat' dir='ltr'><strong>TBStsj-</strong></span> <span class='ocrx_word' id='word_1_19' title='bbox 1928 451 1978 512; x_wconf 80' lang='grc' dir='ltr'>Α</span> <span class='ocrx_word' id='word_1_20' title='bbox 2008 462 2058 512; x_wconf 82' lang='lat' dir='ltr'><strong>et</strong></span> <span class='ocrx_word' id='word_1_21' title='bbox 2088 455 2521 514; x_wconf 72' lang='lat' dir='ltr'><strong>misericordiam</strong></span> <span class='ocrx_word' id='word_1_22' title='bbox 2542 464 2870 524; x_wconf 81' lang='lat' dir='ltr'><strong>consecuta,</strong></span> <span class='ocrx_word' id='word_1_23' title='bbox 2899 454 3018 524; x_wconf 80' lang='lat' dir='ltr'><strong>quia</strong></span> <span class='ocrx_word' id='word_1_24' title='bbox 3046 454 3205 510; x_wconf 67' lang='lat' dir='ltr'><strong>soror</strong></span> <span class='ocrx_word' id='word_1_25' title='bbox 3228 464 3316 508; x_wconf 87' lang='lat' dir='ltr'><strong>tua</strong></span> <span class='ocrx_word' id='word_1_26' title='bbox 3343 463 3445 509; x_wconf 86' lang='lat' dir='ltr'><strong>est.</strong></span> <span class='ocrx_word' id='word_1_27' title='bbox 3469 454 3601 509; x_wconf 76' lang='lat' dir='ltr'><strong>Cum</strong></span> 
     </span>
    </p>
   </div>
   <div class='ocr_carea' id='block_1_4' title="bbox 306 552 1907 624">
    <p class='ocr_par' dir='ltr' id='par_1_4' title="bbox 306 552 1907 624">
     <span class='ocr_line' id='line_1_4' title="bbox 306 552 1907 624; baseline -0.002 -14"><span class='ocrx_word' id='word_1_28' title='bbox 306 555 480 610; x_wconf 79' lang='lat' dir='ltr'><strong>menti</strong></span> <span class='ocrx_word' id='word_1_29' title='bbox 504 584 523 620; x_wconf 75' lang='lat'><strong>~,</strong></span> <span class='ocrx_word' id='word_1_30' title='bbox 566 552 664 608; x_wconf 87' lang='lat' dir='ltr'><strong>sed</strong></span> <span class='ocrx_word' id='word_1_31' title='bbox 695 552 764 608; x_wconf 82' lang='lat' dir='ltr'><strong>de</strong></span> <span class='ocrx_word' id='word_1_32' title='bbox 794 566 1024 606; x_wconf 87' lang='lat' dir='ltr'><strong>numero</strong></span> <span class='ocrx_word' id='word_1_33' title='bbox 1052 552 1521 621; x_wconf 82' lang='lat' dir='ltr'><strong>circumcisionis,</strong></span> <span class='ocrx_word' id='word_1_34' title='bbox 1556 552 1907 624; x_wconf 77' lang='lat' dir='ltr'><strong>responderit</strong></span> 
     </span>
    </p>
   </div>
   <div class='ocr_carea' id='block_1_5' title="bbox 309 642 1906 702">
    <p class='ocr_par' dir='ltr' id='par_1_5' title="bbox 309 642 1906 702">
     <span class='ocr_line' id='line_1_5' title="bbox 309 642 1906 702; baseline -0.002 1"><span class='ocrx_word' id='word_1_35' title='bbox 309 649 456 702; x_wconf 80' lang='lat' dir='ltr'><strong>tilios</strong></span> <span class='ocrx_word' id='word_1_36' title='bbox 480 645 621 700; x_wconf 75' lang='lat' dir='ltr'><strong>Juda</strong></span> <span class='ocrx_word' id='word_1_37' title='bbox 650 654 704 699; x_wconf 89' lang='lat' dir='ltr'><strong>et</strong></span> <span class='ocrx_word' id='word_1_38' title='bbox 732 643 879 699; x_wconf 82' lang='lat' dir='ltr'><strong>ﬁlios</strong></span> <span class='ocrx_word' id='word_1_39' title='bbox 906 643 1070 698; x_wconf 64' lang='lat' dir='ltr'><strong>Israel</strong></span> <span class='ocrx_word' id='word_1_40' title='bbox 1101 642 1236 699; x_wconf 85' lang='lat' dir='ltr'><strong>duas</strong></span> <span class='ocrx_word' id='word_1_41' title='bbox 1277 644 1454 698; x_wconf 88' lang='lat' dir='ltr'><strong>tribus</strong></span> <span class='ocrx_word' id='word_1_42' title='bbox 1501 652 1694 700; x_wconf 84' lang='lat' dir='ltr'><strong>sonare</strong></span> <span class='ocrx_word' id='word_1_43' title='bbox 1726 654 1779 701; x_wconf 90' lang='lat' dir='ltr'><strong>et</strong></span> <span class='ocrx_word' id='word_1_44' title='bbox 1808 644 1906 700; x_wconf 86' lang='lat' dir='ltr'><strong>de-</strong></span> 
     </span>
    </p>
   </div>
   <div class='ocr_carea' id='block_1_6' title="bbox 307 735 1905 807">
    <p class='ocr_par' dir='ltr' id='par_1_6' title="bbox 307 735 1905 807">
     <span class='ocr_line' id='line_1_6' title="bbox 307 735 1905 807; baseline -0.002 -12"><span class='ocrx_word' id='word_1_45' title='bbox 307 755 430 795; x_wconf 83' lang='lat' dir='ltr'><strong>cem</strong></span> <span class='ocrx_word' id='word_1_46' title='bbox 456 770 477 805; x_wconf 64' lang='lat'><strong>,</strong></span> <span class='ocrx_word' id='word_1_47' title='bbox 509 738 579 792; x_wconf 87' lang='lat' dir='ltr'><strong>de</strong></span> <span class='ocrx_word' id='word_1_48' title='bbox 600 737 799 807; x_wconf 73' lang='lat' dir='ltr'><strong>quibus</strong></span> <span class='ocrx_word' id='word_1_49' title='bbox 824 736 1023 789; x_wconf 87' lang='lat' dir='ltr'><strong>crebro</strong></span> <span class='ocrx_word' id='word_1_50' title='bbox 1064 735 1343 801; x_wconf 79' lang='lat' dir='ltr'><strong>diximus,</strong></span> <span class='ocrx_word' id='word_1_51' title='bbox 1374 745 1429 791; x_wconf 91' lang='lat' dir='ltr'><strong>et</strong></span> <span class='ocrx_word' id='word_1_52' title='bbox 1470 737 1521 789; x_wconf 86' lang='lat' dir='ltr'><strong>in</strong></span> <span class='ocrx_word' id='word_1_53' title='bbox 1571 738 1673 791; x_wconf 86' lang='lat' dir='ltr'><strong>hoc</strong></span> <span class='ocrx_word' id='word_1_54' title='bbox 1713 737 1905 792; x_wconf 85' lang='lat' dir='ltr'><strong>dantes</strong></span> 
     </span>
    </p>
   </div>
   <div class='ocr_carea' id='block_1_7' title="bbox 312 828 1904 899">
    <p class='ocr_par' dir='ltr' id='par_1_7' title="bbox 312 828 1904 899">
     <span class='ocr_line' id='line_1_7' title="bbox 312 828 1904 899; baseline -0.001 -12"><span class='ocrx_word' id='word_1_55' title='bbox 312 847 527 899; x_wconf 71' lang='lat' dir='ltr'><strong>&quot;ianus,</strong></span> <span class='ocrx_word' id='word_1_56' title='bbox 556 831 691 885; x_wconf 80' lang='lat' dir='ltr'><strong>nihil</strong></span> <span class='ocrx_word' id='word_1_57' title='bbox 716 829 843 885; x_wconf 83' lang='lat' dir='ltr'><strong>lidei</strong></span> <span class='ocrx_word' id='word_1_58' title='bbox 866 839 1070 885; x_wconf 82' lang='lat' dir='ltr'><strong>nostrae</strong></span> <span class='ocrx_word' id='word_1_59' title='bbox 1094 840 1294 887; x_wconf 80' lang='lat' dir='ltr'><strong>nocere</strong></span> <span class='ocrx_word' id='word_1_60' title='bbox 1324 831 1767 887; x_wconf 78' lang='lat' dir='ltr'><strong>monstrabimus.</strong></span> <span class='ocrx_word' id='word_1_61' title='bbox 1799 828 1904 887; x_wconf 88' lang='lat' dir='ltr'><strong>Sed</strong></span> 
     </span>
    </p>
   </div>
   <div class='ocr_carea' id='block_1_8' title="bbox 312 926 1906 999">
    <p class='ocr_par' dir='ltr' id='par_1_8' title="bbox 312 926 1906 999">
     <span class='ocr_line' id='line_1_8' title="bbox 312 926 1906 999; baseline -0.001 -16"><span class='ocrx_word' id='word_1_62' title='bbox 312 938 600 999; x_wconf 83' lang='lat' dir='ltr'><strong>postquam</strong></span> <span class='ocrx_word' id='word_1_63' title='bbox 622 926 792 981; x_wconf 81' lang='lat' dir='ltr'><strong>fuerit</strong></span> <span class='ocrx_word' id='word_1_64' title='bbox 820 940 1081 980; x_wconf 83' lang='lat' dir='ltr'><strong>muneras</strong></span> <span class='ocrx_word' id='word_1_65' title='bbox 1106 926 1342 980; x_wconf 84' lang='lat' dir='ltr'><strong>ﬁliorum</strong></span> <span class='ocrx_word' id='word_1_66' title='bbox 1386 926 1717 994; x_wconf 81' lang='lat' dir='ltr'><strong>Israelquasi</strong></span> <span class='ocrx_word' id='word_1_67' title='bbox 1741 938 1906 983; x_wconf 84' lang='lat' dir='ltr'><strong>arena</strong></span> 
     </span>
    </p>
   </div>
   <div class='ocr_carea' id='block_1_9' title="bbox 314 1019 1910 1091">
    <p class='ocr_par' dir='ltr' id='par_1_9' title="bbox 314 1019 1910 1091">
     <span class='ocr_line' id='line_1_9' title="bbox 314 1019 1910 1091; baseline -0.002 -15"><span class='ocrx_word' id='word_1_68' title='bbox 314 1023 481 1076; x_wconf 83' lang='lat' dir='ltr'><strong>maris</strong></span> <span class='ocrx_word' id='word_1_69' title='bbox 516 1022 566 1075; x_wconf 88' lang='lat' dir='ltr'><strong>in</strong></span> <span class='ocrx_word' id='word_1_70' title='bbox 602 1028 716 1074; x_wconf 83' lang='lat' dir='ltr'><strong>toto</strong></span> <span class='ocrx_word' id='word_1_71' title='bbox 742 1019 878 1075; x_wconf 86' lang='lat' dir='ltr'><strong>orbe</strong></span> <span class='ocrx_word' id='word_1_72' title='bbox 901 1019 1203 1087; x_wconf 62' lang='lat' dir='ltr'><strong>diSpersus,</strong></span> <span class='ocrx_word' id='word_1_73' title='bbox 1236 1030 1287 1072; x_wconf 89' lang='lat' dir='ltr'><strong>et</strong></span> <span class='ocrx_word' id='word_1_74' title='bbox 1319 1033 1536 1075; x_wconf 88' lang='lat' dir='ltr'><strong>omnem</strong></span> <span class='ocrx_word' id='word_1_75' title='bbox 1568 1021 1910 1091; x_wconf 87' lang='lat' dir='ltr'><strong>supputatio-</strong></span> 
     </span>
    </p>
   </div>
   <div class='ocr_carea' id='block_1_10' title="bbox 270 1110 1905 1182">
    <p class='ocr_par' dir='ltr' id='par_1_10' title="bbox 270 1110 1905 1182">
     <span class='ocr_line' id='line_1_10' title="bbox 270 1110 1905 1182; baseline 0.002 -20"><span class='ocrx_word' id='word_1_76' title='bbox 270 1147 293 1162; x_wconf 87' lang='lat'><strong>.</strong></span> <span class='ocrx_word' id='word_1_77' title='bbox 314 1129 437 1168; x_wconf 84' lang='lat' dir='ltr'><strong>nent</strong></span> <span class='ocrx_word' id='word_1_78' title='bbox 465 1114 655 1167; x_wconf 76' lang='lat' dir='ltr'><strong>vicerit</strong></span> <span class='ocrx_word' id='word_1_79' title='bbox 683 1110 863 1182; x_wconf 86' lang='lat' dir='ltr'><strong>populi</strong></span> <span class='ocrx_word' id='word_1_80' title='bbox 885 1110 1194 1179; x_wconf 71' lang='lat' dir='ltr'><strong>multitudo,</strong></span> <span class='ocrx_word' id='word_1_81' title='bbox 1226 1110 1355 1166; x_wconf 82' lang='lat' dir='ltr'><strong>lunc</strong></span> <span class='ocrx_word' id='word_1_82' title='bbox 1380 1110 1602 1167; x_wconf 76' lang='lat' dir='ltr'><strong>habebit</strong></span> <span class='ocrx_word' id='word_1_83' title='bbox 1629 1112 1905 1166; x_wconf 90' lang='lat' dir='ltr'><strong>licentiam</strong></span> 
     </span>
    </p>
   </div>
   <div class='ocr_carea' id='block_1_11' title="bbox 315 1204 1909 1276">
    <p class='ocr_par' dir='ltr' id='par_1_11' title="bbox 315 1204 1909 1276">
     <span class='ocr_line' id='line_1_11' title="bbox 315 1204 1909 1276; baseline -0.001 -15"><span class='ocrx_word' id='word_1_84' title='bbox 315 1206 479 1262; x_wconf 81' lang='lat' dir='ltr'><strong>Israel</strong></span> <span class='ocrx_word' id='word_1_85' title='bbox 506 1249 519 1271; x_wconf 97' lang='lat'><strong>,</strong></span> <span class='ocrx_word' id='word_1_86' title='bbox 545 1205 637 1273; x_wconf 88' lang='lat' dir='ltr'><strong>qui</strong></span> <span class='ocrx_word' id='word_1_87' title='bbox 666 1204 829 1259; x_wconf 83' lang='lat' dir='ltr'><strong>hodie</strong></span> <span class='ocrx_word' id='word_1_88' title='bbox 857 1218 1070 1273; x_wconf 82' lang='lat' dir='ltr'><strong>quoque</strong></span> <span class='ocrx_word' id='word_1_89' title='bbox 1113 1204 1355 1272; x_wconf 81' lang='lat' dir='ltr'><strong>captivus</strong></span> <span class='ocrx_word' id='word_1_90' title='bbox 1390 1216 1504 1273; x_wconf 90' lang='lat' dir='ltr'><strong>est,</strong></span> <span class='ocrx_word' id='word_1_91' title='bbox 1540 1215 1595 1261; x_wconf 93' lang='lat' dir='ltr'><strong>et</strong></span> <span class='ocrx_word' id='word_1_92' title='bbox 1623 1205 1715 1276; x_wconf 86' lang='lat' dir='ltr'><strong>qui</strong></span> <span class='ocrx_word' id='word_1_93' title='bbox 1741 1206 1909 1273; x_wconf 80' lang='lat' dir='ltr'><strong>prius</strong></span> 
     </span>
    </p>
   </div>
   <div class='ocr_carea' id='block_1_12' title="bbox 316 1296 1910 1369">
    <p class='ocr_par' dir='ltr' id='par_1_12' title="bbox 316 1296 1910 1369">
     <span class='ocr_line' id='line_1_12' title="bbox 316 1296 1910 1369; baseline 0 -16"><span class='ocrx_word' id='word_1_94' title='bbox 316 1299 603 1355; x_wconf 86' lang='lat' dir='ltr'><strong>dicebatur</strong></span> <span class='ocrx_word' id='word_1_95' title='bbox 670 1299 874 1369; x_wconf 82' lang='lat' dir='ltr'><strong>absque</strong></span> <span class='ocrx_word' id='word_1_96' title='bbox 927 1297 1336 1361; x_wconf 78' lang='lat' dir='ltr'><strong>misericordia,</strong></span> <span class='ocrx_word' id='word_1_97' title='bbox 1387 1311 1441 1353; x_wconf 87' lang='lat' dir='ltr'><strong>et</strong></span> <span class='ocrx_word' id='word_1_98' title='bbox 1518 1313 1624 1353; x_wconf 92' lang='lat' dir='ltr'><strong>non</strong></span> <span class='ocrx_word' id='word_1_99' title='bbox 1677 1296 1910 1368; x_wconf 87' lang='lat' dir='ltr'><strong>populus</strong></span> 
     </span>
    </p>
   </div>
   <div class='ocr_carea' id='block_1_13' title="bbox 317 1394 1909 1466">
    <p class='ocr_par' dir='ltr' id='par_1_13' title="bbox 317 1394 1909 1466">
     <span class='ocr_line' id='line_1_13' title="bbox 317 1394 1909 1466; baseline -0.001 -14"><span class='ocrx_word' id='word_1_100' title='bbox 317 1410 495 1466; x_wconf 88' lang='lat' dir='ltr'><strong>meus,</strong></span> <span class='ocrx_word' id='word_1_101' title='bbox 528 1412 650 1451; x_wconf 87' lang='lat' dir='ltr'><strong>eum</strong></span> <span class='ocrx_word' id='word_1_102' title='bbox 680 1396 894 1451; x_wconf 73' lang='lat' dir='ltr'><strong>duabus</strong></span> <span class='ocrx_word' id='word_1_103' title='bbox 924 1395 1172 1450; x_wconf 87' lang='lat' dir='ltr'><strong>tribubus</strong></span> <span class='ocrx_word' id='word_1_104' title='bbox 1198 1436 1210 1459; x_wconf 88' lang='lat'><strong>,</strong></span> <span class='ocrx_word' id='word_1_105' title='bbox 1243 1394 1292 1449; x_wconf 91' lang='lat' dir='ltr'><strong>id</strong></span> <span class='ocrx_word' id='word_1_106' title='bbox 1323 1407 1438 1463; x_wconf 90' lang='lat' dir='ltr'><strong>est,</strong></span> <span class='ocrx_word' id='word_1_107' title='bbox 1466 1397 1601 1451; x_wconf 82' lang='lat' dir='ltr'><strong>Juda</strong></span> <span class='ocrx_word' id='word_1_108' title='bbox 1635 1408 1683 1450; x_wconf 91' lang='lat' dir='ltr'><strong>et</strong></span> <span class='ocrx_word' id='word_1_109' title='bbox 1716 1397 1909 1466; x_wconf 69' lang='lat' dir='ltr'><strong>Benja-</strong></span> 
     </span>
    </p>
   </div>
   <div class='ocr_carea' id='block_1_14' title="bbox 317 1487 1910 1559">
    <p class='ocr_par' dir='ltr' id='par_1_14' title="bbox 317 1487 1910 1559">
     <span class='ocr_line' id='line_1_14' title="bbox 317 1487 1910 1559; baseline -0.001 -14"><span class='ocrx_word' id='word_1_110' title='bbox 317 1491 453 1557; x_wconf 82' lang='lat' dir='ltr'><strong>min,</strong></span> <span class='ocrx_word' id='word_1_111' title='bbox 478 1503 707 1559; x_wconf 82' lang='lat' dir='ltr'><strong>quarum</strong></span> <span class='ocrx_word' id='word_1_112' title='bbox 736 1504 927 1559; x_wconf 83' lang='lat' dir='ltr'><strong>magna</strong></span> <span class='ocrx_word' id='word_1_113' title='bbox 956 1504 1080 1558; x_wconf 88' lang='lat' dir='ltr'><strong>pars</strong></span> <span class='ocrx_word' id='word_1_114' title='bbox 1111 1489 1163 1542; x_wconf 90' lang='lat' dir='ltr'><strong>in</strong></span> <span class='ocrx_word' id='word_1_115' title='bbox 1190 1487 1464 1543; x_wconf 84' lang='lat' dir='ltr'><strong>Christum</strong></span> <span class='ocrx_word' id='word_1_116' title='bbox 1489 1488 1742 1553; x_wconf 80' lang='lat' dir='ltr'><strong>credidit,</strong></span> <span class='ocrx_word' id='word_1_117' title='bbox 1771 1489 1910 1544; x_wconf 87' lang='lat' dir='ltr'><strong>inire</strong></span> 
     </span>
    </p>
   </div>
   <div class='ocr_carea' id='block_1_15' title="bbox 318 1580 1912 1653">
    <p class='ocr_par' dir='ltr' id='par_1_15' title="bbox 318 1580 1912 1653">
     <span class='ocr_line' id='line_1_15' title="bbox 318 1580 1912 1653; baseline 0 -17"><span class='ocrx_word' id='word_1_118' title='bbox 318 1582 686 1647; x_wconf 75' lang='lat' dir='ltr'><strong>concordiam,</strong></span> <span class='ocrx_word' id='word_1_119' title='bbox 719 1590 776 1635; x_wconf 91' lang='lat' dir='ltr'><strong>ut</strong></span> <span class='ocrx_word' id='word_1_120' title='bbox 805 1582 1127 1650; x_wconf 80' lang='lat' dir='ltr'><strong>corporibus</strong></span> <span class='ocrx_word' id='word_1_121' title='bbox 1154 1590 1433 1649; x_wconf 80' lang='lat' dir='ltr'><strong>separatos</strong></span> <span class='ocrx_word' id='word_1_122' title='bbox 1458 1582 1649 1653; x_wconf 77' lang='lat' dir='ltr'><strong>jungat</strong></span> <span class='ocrx_word' id='word_1_123' title='bbox 1678 1580 1831 1647; x_wconf 81' lang='lat' dir='ltr'><strong>lldes,</strong></span> <span class='ocrx_word' id='word_1_124' title='bbox 1857 1591 1912 1636; x_wconf 90' lang='lat' dir='ltr'><strong>et</strong></span> 
     </span>
    </p>
   </div>
   <div class='ocr_carea' id='block_1_16' title="bbox 320 1676 1910 1746">
    <p class='ocr_par' dir='ltr' id='par_1_16' title="bbox 320 1676 1910 1746">
     <span class='ocr_line' id='line_1_16' title="bbox 320 1676 1910 1746; baseline 0.001 -17"><span class='ocrx_word' id='word_1_125' title='bbox 320 1690 486 1729; x_wconf 77' lang='lat' dir='ltr'><strong>tutum</strong></span> <span class='ocrx_word' id='word_1_126' title='bbox 521 1676 621 1730; x_wconf 85' lang='lat' dir='ltr'><strong>sibi</strong></span> <span class='ocrx_word' id='word_1_127' title='bbox 670 1683 830 1744; x_wconf 86' lang='lat' dir='ltr'><strong>caput</strong></span> <span class='ocrx_word' id='word_1_128' title='bbox 873 1684 1076 1744; x_wconf 87' lang='lat' dir='ltr'><strong>ponant</strong></span> <span class='ocrx_word' id='word_1_129' title='bbox 1105 1684 1159 1730; x_wconf 90' lang='lat' dir='ltr'><strong>et</strong></span> <span class='ocrx_word' id='word_1_130' title='bbox 1192 1676 1512 1745; x_wconf 76' lang='lat' dir='ltr'><strong>principem,</strong></span> <span class='ocrx_word' id='word_1_131' title='bbox 1544 1676 1613 1729; x_wconf 81' lang='lat' dir='ltr'><strong>de</strong></span> <span class='ocrx_word' id='word_1_132' title='bbox 1640 1691 1748 1746; x_wconf 87' lang='lat' dir='ltr'><strong>quo</strong></span> <span class='ocrx_word' id='word_1_133' title='bbox 1776 1676 1910 1731; x_wconf 86' lang='lat' dir='ltr'><strong>seri-</strong></span> 
     </span>
    </p>
   </div>
   <div class='ocr_carea' id='block_1_17' title="bbox 323 1766 1910 1839">
    <p class='ocr_par' dir='ltr' id='par_1_17' title="bbox 323 1766 1910 1839">
     <span class='ocr_line' id='line_1_17' title="bbox 323 1766 1910 1839; baseline 0.001 -19"><span class='ocrx_word' id='word_1_134' title='bbox 323 1768 429 1836; x_wconf 91' lang='lat' dir='ltr'><strong>psit</strong></span> <span class='ocrx_word' id='word_1_135' title='bbox 463 1766 711 1823; x_wconf 82' lang='lat' dir='ltr'><strong>Ezechiel</strong></span> <span class='ocrx_word' id='word_1_136' title='bbox 743 1786 755 1820; x_wconf 87' lang='lat'>:</span> <span class='ocrx_word' id='word_1_137' title='bbox 784 1766 847 1820; x_wconf 86' lang='lat' dir='ltr'><strong>Et</strong></span> <span class='ocrx_word' id='word_1_138' title='bbox 879 1769 1117 1839; x_wconf 76' lang='lat' dir='ltr'><strong>princeps</strong></span> <span class='ocrx_word' id='word_1_139' title='bbox 1142 1786 1274 1823; x_wconf 86' lang='lat' dir='ltr'><strong>unus</strong></span> <span class='ocrx_word' id='word_1_140' title='bbox 1302 1771 1352 1823; x_wconf 88' lang='lat' dir='ltr'><strong>in</strong></span> <span class='ocrx_word' id='word_1_141' title='bbox 1376 1770 1547 1822; x_wconf 77' lang='lat' dir='ltr'><strong>medio</strong></span> <span class='ocrx_word' id='word_1_142' title='bbox 1575 1786 1772 1837; x_wconf 87' lang='lat' dir='ltr'><strong>eorum,</strong></span> <span class='ocrx_word' id='word_1_143' title='bbox 1800 1768 1910 1821; x_wconf 89' lang='lat' dir='ltr'><strong>Da-</strong></span> 
     </span>
    </p>
   </div>
   <div class='ocr_carea' id='block_1_18' title="bbox 320 1861 1913 1936">
    <p class='ocr_par' dir='ltr' id='par_1_18' title="bbox 320 1861 1913 1936">
     <span class='ocr_line' id='line_1_18' title="bbox 320 1861 1913 1936; baseline 0.003 -23"><span class='ocrx_word' id='word_1_144' title='bbox 320 1861 406 1914; x_wconf 65' lang='lat' dir='ltr'><strong>t&#39;id</strong></span> <span class='ocrx_word' id='word_1_145' title='bbox 436 1877 606 1915; x_wconf 83' lang='lat' dir='ltr'><strong>servus</strong></span> <span class='ocrx_word' id='word_1_146' title='bbox 655 1878 798 1915; x_wconf 81' lang='lat' dir='ltr'><strong>meus</strong></span> <span class='ocrx_word' id='word_1_147' title='bbox 826 1906 839 1931; x_wconf 91' lang='lat'><strong>,</strong></span> <span class='ocrx_word' id='word_1_148' title='bbox 883 1873 932 1916; x_wconf 87' lang='lat' dir='ltr'><strong>et</strong></span> <span class='ocrx_word' id='word_1_149' title='bbox 973 1864 1415 1917; x_wconf 67' lang='lat' dir='ltr'><strong>n&#39;suscitabuntur</strong></span> <span class='ocrx_word' id='word_1_150' title='bbox 1441 1866 1589 1936; x_wconf 85' lang='lat' dir='ltr'><strong>quasi</strong></span> <span class='ocrx_word' id='word_1_151' title='bbox 1631 1864 1695 1917; x_wconf 88' lang='lat' dir='ltr'><strong>ab</strong></span> <span class='ocrx_word' id='word_1_152' title='bbox 1729 1865 1913 1936; x_wconf 76' lang='lat' dir='ltr'><strong>inferis</strong></span> 
     </span>
    </p>
   </div>
   <div class='ocr_carea' id='block_1_19' title="bbox 322 1953 1913 2027">
    <p class='ocr_par' dir='ltr' id='par_1_19' title="bbox 322 1953 1913 2027">
     <span class='ocr_line' id='line_1_19' title="bbox 322 1953 1913 2027; baseline 0.004 -21"><span class='ocrx_word' id='word_1_153' title='bbox 322 1957 517 2009; x_wconf 77' lang='lat' dir='ltr'><strong>mortui</strong></span> <span class='ocrx_word' id='word_1_154' title='bbox 547 1953 766 2027; x_wconf 78' lang='lat' dir='ltr'><strong>(Ezech.</strong></span> <span class='ocrx_word' id='word_1_155' title='bbox 794 1969 977 2017; x_wconf 69' lang='lat' dir='ltr'><strong>xxxtv.</strong></span> <span class='ocrx_word' id='word_1_156' title='bbox 1005 1955 1121 2025; x_wconf 75' lang='grc'><strong>24),</strong></span> <span class='ocrx_word' id='word_1_157' title='bbox 1150 1956 1287 2012; x_wconf 75' lang='lat' dir='ltr'><strong>Jttda</strong></span> <span class='ocrx_word' id='word_1_158' title='bbox 1317 1958 1521 2013; x_wconf 72' lang='lat' dir='ltr'><strong>scilicet</strong></span> <span class='ocrx_word' id='word_1_159' title='bbox 1552 1970 1607 2011; x_wconf 80' lang='lat' dir='ltr'><strong>ct</strong></span> <span class='ocrx_word' id='word_1_160' title='bbox 1636 1958 1795 2012; x_wconf 84' lang='lat' dir='ltr'><strong>lsrael</strong></span> <span class='ocrx_word' id='word_1_161' title='bbox 1822 1958 1913 2027; x_wconf 82' lang='lat' dir='ltr'><strong>qui</strong></span> 
     </span>
    </p>
   </div>
   <div class='ocr_carea' id='block_1_20' title="bbox 327 2048 1912 2118">
    <p class='ocr_par' dir='ltr' id='par_1_20' title="bbox 327 2048 1912 2118">
     <span class='ocr_line' id='line_1_20' title="bbox 327 2048 1912 2118; baseline 0.001 -17"><span class='ocrx_word' id='word_1_162' title='bbox 327 2049 382 2102; x_wconf 89' lang='lat' dir='ltr'><strong>in</strong></span> <span class='ocrx_word' id='word_1_163' title='bbox 435 2048 755 2104; x_wconf 85' lang='lat' dir='ltr'><strong>inﬁdelitate</strong></span> <span class='ocrx_word' id='word_1_164' title='bbox 805 2051 1001 2105; x_wconf 87' lang='lat' dir='ltr'><strong>mortui</strong></span> <span class='ocrx_word' id='word_1_165' title='bbox 1034 2059 1210 2107; x_wconf 82' lang='lat' dir='ltr'><strong>erant.</strong></span> <span class='ocrx_word' id='word_1_166' title='bbox 1266 2051 1475 2106; x_wconf 67' lang='lat' dir='ltr'><strong>Iithrcc</strong></span> <span class='ocrx_word' id='word_1_167' title='bbox 1525 2052 1705 2107; x_wconf 84' lang='lat' dir='ltr'><strong>omnia</strong></span> <span class='ocrx_word' id='word_1_168' title='bbox 1759 2050 1912 2118; x_wconf 65' lang='lat' dir='ltr'><strong>ﬁent;</strong></span> 
     </span>
    </p>
   </div>
   <div class='ocr_carea' id='block_1_21' title="bbox 324 2142 1918 2214">
    <p class='ocr_par' dir='ltr' id='par_1_21' title="bbox 324 2142 1918 2214">
     <span class='ocr_line' id='line_1_21' title="bbox 324 2142 1918 2214; baseline 0.002 -19"><span class='ocrx_word' id='word_1_169' title='bbox 324 2142 450 2209; x_wconf 84' lang='lat' dir='ltr'><strong>quia</strong></span> <span class='ocrx_word' id='word_1_170' title='bbox 475 2157 697 2212; x_wconf 79' lang='lat' dir='ltr'><strong>magnus</strong></span> <span class='ocrx_word' id='word_1_171' title='bbox 726 2152 812 2197; x_wconf 86' lang='lat' dir='ltr'><strong>est</strong></span> <span class='ocrx_word' id='word_1_172' title='bbox 838 2142 955 2197; x_wconf 89' lang='lat' dir='ltr'><strong>dies</strong></span> <span class='ocrx_word' id='word_1_173' title='bbox 974 2143 1209 2197; x_wconf 87' lang='lat' dir='ltr'><strong>seminis</strong></span> <span class='ocrx_word' id='word_1_174' title='bbox 1241 2143 1355 2209; x_wconf 87' lang='lat' dir='ltr'><strong>Dei,</strong></span> <span class='ocrx_word' id='word_1_175' title='bbox 1403 2146 1492 2214; x_wconf 86' lang='lat' dir='ltr'><strong>qui</strong></span> <span class='ocrx_word' id='word_1_176' title='bbox 1525 2144 1918 2214; x_wconf 83' lang='lat' dir='ltr'><strong>interpretatur</strong></span> 
     </span>
    </p>
   </div>
   <div class='ocr_carea' id='block_1_22' title="bbox 328 2234 1917 2309">
    <p class='ocr_par' dir='ltr' id='par_1_22' title="bbox 328 2234 1917 2309">
     <span class='ocr_line' id='line_1_22' title="bbox 328 2234 1917 2309; baseline 0.003 -23"><span class='ocrx_word' id='word_1_177' title='bbox 328 2234 589 2291; x_wconf 76' lang='lat' dir='ltr'><strong>Christus.</strong></span> <span class='ocrx_word' id='word_1_178' title='bbox 624 2235 701 2290; x_wconf 83' lang='lat' dir='ltr'><strong>Ex</strong></span> <span class='ocrx_word' id='word_1_179' title='bbox 733 2252 842 2306; x_wconf 88' lang='lat' dir='ltr'><strong>quo</strong></span> <span class='ocrx_word' id='word_1_180' title='bbox 891 2236 1237 2306; x_wconf 80' lang='lat' dir='ltr'><strong>perSpicuum</strong></span> <span class='ocrx_word' id='word_1_181' title='bbox 1270 2248 1371 2307; x_wconf 88' lang='lat' dir='ltr'><strong>est,</strong></span> <span class='ocrx_word' id='word_1_182' title='bbox 1410 2236 1532 2292; x_wconf 74' lang='lat' dir='ltr'><strong>ideo</strong></span> <span class='ocrx_word' id='word_1_183' title='bbox 1561 2238 1615 2291; x_wconf 91' lang='lat' dir='ltr'><strong>in</strong></span> <span class='ocrx_word' id='word_1_184' title='bbox 1650 2250 1780 2309; x_wconf 88' lang='lat' dir='ltr'><strong>typo</strong></span> <span class='ocrx_word' id='word_1_185' title='bbox 1810 2238 1917 2291; x_wconf 77' lang='lat' dir='ltr'><strong>Na—</strong></span> 
     </span>
    </p>
   </div>
   <div class='ocr_carea' id='block_1_23' title="bbox 327 2325 1918 2402">
    <p class='ocr_par' dir='ltr' id='par_1_23' title="bbox 327 2325 1918 2402">
     <span class='ocr_line' id='line_1_23' title="bbox 327 2325 1918 2402; baseline 0.004 -23"><span class='ocrx_word' id='word_1_186' title='bbox 327 2325 460 2380; x_wconf 85' lang='lat' dir='ltr'><strong>both</strong></span> <span class='ocrx_word' id='word_1_187' title='bbox 504 2325 613 2400; x_wconf 74' lang='grc' dir='ltr'><strong>[ΑΙ.</strong></span> <span class='ocrx_word' id='word_1_188' title='bbox 646 2326 919 2400; x_wconf 86' lang='lat' dir='ltr'><strong>Nabutba|</strong></span> <span class='ocrx_word' id='word_1_189' title='bbox 948 2328 1252 2385; x_wconf 84' lang='lat' dir='ltr'><strong>.Iezraelitis</strong></span> <span class='ocrx_word' id='word_1_190' title='bbox 1305 2333 1626 2402; x_wconf 84' lang='lat' dir='ltr'><strong>sanguinem</strong></span> <span class='ocrx_word' id='word_1_191' title='bbox 1678 2347 1918 2402; x_wconf 77' lang='lat' dir='ltr'><strong>praeces-</strong></span> 
     </span>
    </p>
   </div>
   <div class='ocr_carea' id='block_1_24' title="bbox 326 2420 1917 2490">
    <p class='ocr_par' dir='ltr' id='par_1_24' title="bbox 326 2420 1917 2490">
     <span class='ocr_line' id='line_1_24' title="bbox 326 2420 1917 2490; baseline 0.005 -19"><span class='ocrx_word' id='word_1_192' title='bbox 326 2420 484 2484; x_wconf 87' lang='lat' dir='ltr'><strong>sisse,</strong></span> <span class='ocrx_word' id='word_1_193' title='bbox 514 2428 571 2473; x_wconf 88' lang='lat' dir='ltr'><strong>ut</strong></span> <span class='ocrx_word' id='word_1_194' title='bbox 594 2420 793 2475; x_wconf 72' lang='lat' dir='ltr'><strong>veritas</strong></span> <span class='ocrx_word' id='word_1_195' title='bbox 817 2423 1185 2490; x_wconf 89' lang='lat' dir='ltr'><strong>compleretur</strong></span> <span class='ocrx_word' id='word_1_196' title='bbox 1213 2423 1264 2477; x_wconf 90' lang='lat' dir='ltr'><strong>in</strong></span> <span class='ocrx_word' id='word_1_197' title='bbox 1291 2421 1527 2479; x_wconf 80' lang='lat' dir='ltr'><strong>Christo.</strong></span> <span class='ocrx_word' id='word_1_198' title='bbox 1558 2424 1612 2477; x_wconf 90' lang='lat' dir='ltr'><strong>In</strong></span> <span class='ocrx_word' id='word_1_199' title='bbox 1642 2423 1745 2479; x_wconf 84' lang='lat' dir='ltr'><strong>hoc</strong></span> <span class='ocrx_word' id='word_1_200' title='bbox 1774 2425 1917 2479; x_wconf 89' lang='lat' dir='ltr'><strong>enim</strong></span> 
     </span>
    </p>
   </div>
   <div class='ocr_carea' id='block_1_25' title="bbox 327 2512 1919 2588">
    <p class='ocr_par' dir='ltr' id='par_1_25' title="bbox 327 2512 1919 2588">
     <span class='ocr_line' id='line_1_25' title="bbox 327 2512 1919 2588; baseline 0.005 -22"><span class='ocrx_word' id='word_1_201' title='bbox 327 2521 380 2567; x_wconf 88' lang='lat' dir='ltr'><strong>et</strong></span> <span class='ocrx_word' id='word_1_202' title='bbox 411 2513 589 2565; x_wconf 89' lang='lat' dir='ltr'><strong>nonin</strong></span> <span class='ocrx_word' id='word_1_203' title='bbox 612 2512 706 2566; x_wconf 91' lang='lat' dir='ltr'><strong>illo</strong></span> <span class='ocrx_word' id='word_1_204' title='bbox 734 2529 958 2583; x_wconf 82' lang='lat' dir='ltr'><strong>magnus</strong></span> <span class='ocrx_word' id='word_1_205' title='bbox 975 2524 1059 2569; x_wconf 88' lang='lat' dir='ltr'><strong>est</strong></span> <span class='ocrx_word' id='word_1_206' title='bbox 1082 2516 1200 2569; x_wconf 91' lang='lat' dir='ltr'><strong>dies</strong></span> <span class='ocrx_word' id='word_1_207' title='bbox 1222 2516 1451 2586; x_wconf 84' lang='lat' dir='ltr'><strong>.lezrael,</strong></span> <span class='ocrx_word' id='word_1_208' title='bbox 1477 2517 1545 2571; x_wconf 88' lang='lat' dir='ltr'><strong>de</strong></span> <span class='ocrx_word' id='word_1_209' title='bbox 1568 2534 1674 2588; x_wconf 88' lang='lat' dir='ltr'><strong>quo</strong></span> <span class='ocrx_word' id='word_1_210' title='bbox 1697 2518 1919 2574; x_wconf 89' lang='lat' dir='ltr'><strong>dicitur.</strong></span> 
     </span>
    </p>
   </div>
   <div class='ocr_carea' id='block_1_26' title="bbox 336 2606 1925 2681">
    <p class='ocr_par' dir='ltr' id='par_1_26' title="bbox 336 2606 1925 2681">
     <span class='ocr_line' id='line_1_26' title="bbox 336 2606 1925 2681; baseline 0.005 -22"><span class='ocrx_word' id='word_1_211' title='bbox 336 2606 463 2660; x_wconf 74' lang='lat' dir='ltr'><strong>lla&#39;c</strong></span> <span class='ocrx_word' id='word_1_212' title='bbox 491 2616 564 2661; x_wconf 77' lang='lat' dir='ltr'><strong>est</strong></span> <span class='ocrx_word' id='word_1_213' title='bbox 592 2608 701 2662; x_wconf 79' lang='lat' dir='ltr'><strong>dies</strong></span> <span class='ocrx_word' id='word_1_214' title='bbox 731 2626 883 2679; x_wconf 83' lang='lat' dir='ltr'><strong>quant</strong></span> <span class='ocrx_word' id='word_1_215' title='bbox 912 2611 1027 2681; x_wconf 81' lang='lat' dir='ltr'><strong>fecit</strong></span> <span class='ocrx_word' id='word_1_216' title='bbox 1071 2609 1326 2666; x_wconf 75' lang='lat' dir='ltr'><strong>Dominus</strong></span> <span class='ocrx_word' id='word_1_217' title='bbox 1360 2629 1376 2665; x_wconf 82' lang='lat'><strong>.&#39;</strong></span> <span class='ocrx_word' id='word_1_218' title='bbox 1404 2612 1719 2667; x_wconf 75' lang='lat' dir='ltr'><strong>cassultenms</strong></span> <span class='ocrx_word' id='word_1_219' title='bbox 1750 2625 1798 2667; x_wconf 86' lang='lat' dir='ltr'><strong>ct</strong></span> <span class='ocrx_word' id='word_1_220' title='bbox 1833 2614 1925 2667; x_wconf 73' lang='lat' dir='ltr'><strong>la!-</strong></span> 
     </span>
    </p>
   </div>
   <div class='ocr_carea' id='block_1_27' title="bbox 331 2703 1923 2778">
    <p class='ocr_par' dir='ltr' id='par_1_27' title="bbox 331 2703 1923 2778">
     <span class='ocr_line' id='line_1_27' title="bbox 331 2703 1923 2778; baseline 0.007 -25"><span class='ocrx_word' id='word_1_221' title='bbox 331 2711 498 2755; x_wconf 74' lang='lat' dir='ltr'><strong>temur</strong></span> <span class='ocrx_word' id='word_1_222' title='bbox 526 2703 580 2756; x_wconf 87' lang='lat' dir='ltr'><strong>in</strong></span> <span class='ocrx_word' id='word_1_223' title='bbox 609 2720 667 2755; x_wconf 80' lang='lat' dir='ltr'><strong>ea</strong></span> <span class='ocrx_word' id='word_1_224' title='bbox 698 2703 870 2769; x_wconf 80' lang='lat' dir='ltr'><strong>(Psal.</strong></span> <span class='ocrx_word' id='word_1_225' title='bbox 895 2721 1060 2773; x_wconf 80' lang='lat' dir='ltr'><strong>cxvn,</strong></span> <span class='ocrx_word' id='word_1_226' title='bbox 1096 2705 1214 2778; x_wconf 64' lang='lat'><strong>‘24).</strong></span> <span class='ocrx_word' id='word_1_227' title='bbox 1249 2706 1719 2774; x_wconf 79' lang='lat' dir='ltr'><strong>Interpretationis</strong></span> <span class='ocrx_word' id='word_1_228' title='bbox 1749 2712 1923 2764; x_wconf 72' lang='lat' dir='ltr'><strong>tertia:</strong></span> 
     </span>
    </p>
   </div>
   <div class='ocr_carea' id='block_1_28' title="bbox 330 2799 1924 2866">
    <p class='ocr_par' dir='ltr' id='par_1_28' title="bbox 330 2799 1924 2866">
     <span class='ocr_line' id='line_1_28' title="bbox 330 2799 1924 2866; baseline 0.006 -16"><span class='ocrx_word' id='word_1_229' title='bbox 330 2812 489 2866; x_wconf 89' lang='lat' dir='ltr'><strong>quam</strong></span> <span class='ocrx_word' id='word_1_230' title='bbox 524 2800 865 2866; x_wconf 86' lang='lat' dir='ltr'><strong>suscepimus</strong></span> <span class='ocrx_word' id='word_1_231' title='bbox 893 2838 903 2861; x_wconf 84' lang='lat'><strong>,</strong></span> <span class='ocrx_word' id='word_1_232' title='bbox 940 2799 1105 2854; x_wconf 88' lang='lat' dir='ltr'><strong>Israel</strong></span> <span class='ocrx_word' id='word_1_233' title='bbox 1142 2802 1191 2854; x_wconf 91' lang='lat' dir='ltr'><strong>in</strong></span> <span class='ocrx_word' id='word_1_234' title='bbox 1225 2801 1495 2856; x_wconf 71' lang='lat' dir='ltr'><strong>Irmreticis</strong></span> <span class='ocrx_word' id='word_1_235' title='bbox 1523 2846 1534 2865; x_wconf 94' lang='lat'><strong>,</strong></span> <span class='ocrx_word' id='word_1_236' title='bbox 1566 2802 1699 2857; x_wconf 85' lang='lat' dir='ltr'><strong>Juda</strong></span> <span class='ocrx_word' id='word_1_237' title='bbox 1732 2803 1782 2857; x_wconf 90' lang='lat' dir='ltr'><strong>in</strong></span> <span class='ocrx_word' id='word_1_238' title='bbox 1820 2805 1924 2859; x_wconf 70' lang='lat' dir='ltr'><strong>[Cc-</strong></span> 
     </span>
    </p>
   </div>
   <div class='ocr_carea' id='block_1_29' title="bbox 334 2890 1925 2967">
    <p class='ocr_par' dir='ltr' id='par_1_29' title="bbox 334 2890 1925 2967">
     <span class='ocr_line' id='line_1_29' title="bbox 334 2890 1925 2967; baseline 0.008 -26"><span class='ocrx_word' id='word_1_239' title='bbox 334 2891 516 2944; x_wconf 72' lang='lat' dir='ltr'><strong>rlesirc</strong></span> <span class='ocrx_word' id='word_1_240' title='bbox 568 2890 875 2945; x_wconf 71' lang='lat' dir='ltr'><strong>hominibus</strong></span> <span class='ocrx_word' id='word_1_241' title='bbox 924 2894 1295 2962; x_wconf 77' lang='lat' dir='ltr'><strong>exponendis,</strong></span> <span class='ocrx_word' id='word_1_242' title='bbox 1335 2897 1419 2967; x_wconf 85' lang='lat' dir='ltr'><strong>hic</strong></span> <span class='ocrx_word' id='word_1_243' title='bbox 1468 2912 1665 2950; x_wconf 81' lang='lat' dir='ltr'><strong>sensus</strong></span> <span class='ocrx_word' id='word_1_244' title='bbox 1696 2908 1776 2951; x_wconf 87' lang='lat' dir='ltr'><strong>est</strong></span> <span class='ocrx_word' id='word_1_245' title='bbox 1811 2918 1823 2953; x_wconf 75' lang='grc' dir='ltr'>ε</span> <span class='ocrx_word' id='word_1_246' title='bbox 1858 2899 1925 2953; x_wconf 84' lang='lat' dir='ltr'><strong>Ut</strong></span> 
     </span>
    </p>
   </div>
   <div class='ocr_carea' id='block_1_30' title="bbox 338 2983 1927 3060">
    <p class='ocr_par' dir='ltr' id='par_1_30' title="bbox 338 2983 1927 3060">
     <span class='ocr_line' id='line_1_30' title="bbox 338 2983 1927 3060; baseline 0.004 -25"><span class='ocrx_word' id='word_1_247' title='bbox 338 2990 617 3052; x_wconf 65' lang='lat' dir='ltr'><strong>postquam</strong></span> <span class='ocrx_word' id='word_1_248' title='bbox 654 2983 911 3039; x_wconf 61' lang='lat' dir='ltr'><strong>Dentium</strong></span> <span class='ocrx_word' id='word_1_249' title='bbox 946 2987 996 3039; x_wconf 94' lang='lat' dir='ltr'><strong>in</strong></span> <span class='ocrx_word' id='word_1_250' title='bbox 1029 2986 1276 3040; x_wconf 74' lang='lat' dir='ltr'><strong>claritate</strong></span> <span class='ocrx_word' id='word_1_251' title='bbox 1306 3003 1399 3042; x_wconf 88' lang='lat' dir='ltr'><strong>sua</strong></span> <span class='ocrx_word' id='word_1_252' title='bbox 1428 2991 1642 3043; x_wconf 90' lang='lat' dir='ltr'><strong>venerit</strong></span> <span class='ocrx_word' id='word_1_253' title='bbox 1670 3001 1927 3060; x_wconf 81' lang='lat' dir='ltr'><strong>regnatu-</strong></span> 
     </span>
    </p>
   </div>
   <div class='ocr_carea' id='block_1_31' title="bbox 337 3076 1927 3154">
    <p class='ocr_par' dir='ltr' id='par_1_31' title="bbox 337 3076 1927 3154">
     <span class='ocr_line' id='line_1_31' title="bbox 337 3076 1927 3154; baseline 0.004 -25"><span class='ocrx_word' id='word_1_254' title='bbox 337 3092 427 3129; x_wconf 85' lang='lat' dir='ltr'><strong>rus</strong></span> <span class='ocrx_word' id='word_1_255' title='bbox 452 3124 465 3143; x_wconf 84' lang='lat'><strong>,</strong></span> <span class='ocrx_word' id='word_1_256' title='bbox 502 3076 550 3131; x_wconf 90' lang='lat' dir='ltr'><strong>hi</strong></span> <span class='ocrx_word' id='word_1_257' title='bbox 581 3078 669 3148; x_wconf 89' lang='lat' dir='ltr'><strong>qui</strong></span> <span class='ocrx_word' id='word_1_258' title='bbox 702 3090 828 3133; x_wconf 89' lang='lat' dir='ltr'><strong>ante</strong></span> <span class='ocrx_word' id='word_1_259' title='bbox 860 3080 1211 3148; x_wconf 77' lang='lat' dir='ltr'><strong>vocabantur,</strong></span> <span class='ocrx_word' id='word_1_260' title='bbox 1248 3098 1352 3135; x_wconf 90' lang='lat' dir='ltr'><strong>non</strong></span> <span class='ocrx_word' id='word_1_261' title='bbox 1389 3088 1611 3153; x_wconf 62' lang='lat' dir='ltr'><strong>populus</strong></span> <span class='ocrx_word' id='word_1_262' title='bbox 1660 3085 1797 3154; x_wconf 80' lang='lat' dir='ltr'><strong>ejus,</strong></span> <span class='ocrx_word' id='word_1_263' title='bbox 1836 3101 1927 3135; x_wconf 74' lang='lat' dir='ltr'><strong>ru-</strong></span> 
     </span>
    </p>
   </div>
   <div class='ocr_carea' id='block_1_32' title="bbox 336 3172 1921 3243">
    <p class='ocr_par' dir='ltr' id='par_1_32' title="bbox 336 3172 1921 3243">
     <span class='ocr_line' id='line_1_32' title="bbox 336 3172 1921 3243; baseline 0.006 -20"><span class='ocrx_word' id='word_1_264' title='bbox 336 3181 529 3225; x_wconf 87' lang='lat' dir='ltr'><strong>ceutur</strong></span> <span class='ocrx_word' id='word_1_265' title='bbox 558 3172 647 3225; x_wconf 85' lang='lat' dir='ltr'><strong>lilii</strong></span> <span class='ocrx_word' id='word_1_266' title='bbox 684 3174 773 3227; x_wconf 84' lang='lat' dir='ltr'><strong>llei</strong></span> <span class='ocrx_word' id='word_1_267' title='bbox 804 3173 1031 3227; x_wconf 80' lang='lat' dir='ltr'><strong>viventis</strong></span> <span class='ocrx_word' id='word_1_268' title='bbox 1066 3192 1077 3227; x_wconf 90' lang='lat'><strong>:</strong></span> <span class='ocrx_word' id='word_1_269' title='bbox 1106 3190 1228 3229; x_wconf 90' lang='lat' dir='ltr'><strong>eum</strong></span> <span class='ocrx_word' id='word_1_270' title='bbox 1270 3175 1454 3243; x_wconf 64' lang='lat' dir='ltr'><strong>Iudae,</strong></span> <span class='ocrx_word' id='word_1_271' title='bbox 1488 3177 1539 3230; x_wconf 92' lang='lat' dir='ltr'><strong>id</strong></span> <span class='ocrx_word' id='word_1_272' title='bbox 1574 3186 1652 3230; x_wconf 75' lang='lat' dir='ltr'><strong>est</strong></span> <span class='ocrx_word' id='word_1_273' title='bbox 1684 3219 1697 3242; x_wconf 92' lang='lat'><strong>,</strong></span> <span class='ocrx_word' id='word_1_274' title='bbox 1734 3178 1921 3232; x_wconf 83' lang='lat' dir='ltr'><strong>Eccle-</strong></span> 
     </span>
    </p>
   </div>
   <div class='ocr_carea' id='block_1_33' title="bbox 336 3240 1999 3339">
    <p class='ocr_par' dir='ltr' id='par_1_33' title="bbox 336 3240 1999 3339">
     <span class='ocr_line' id='line_1_33' title="bbox 336 3240 1999 3339; baseline 0.004 -23"><span class='ocrx_word' id='word_1_275' title='bbox 336 3265 430 3317; x_wconf 69' lang='lat' dir='ltr'><strong>sim</strong></span> <span class='ocrx_word' id='word_1_276' title='bbox 462 3266 552 3320; x_wconf 89' lang='lat' dir='ltr'><strong>Dei</strong></span> <span class='ocrx_word' id='word_1_277' title='bbox 585 3266 783 3320; x_wconf 80' lang='lat' dir='ltr'><strong>fuerint</strong></span> <span class='ocrx_word' id='word_1_278' title='bbox 815 3268 1092 3335; x_wconf 84' lang='lat' dir='ltr'><strong>copulati,</strong></span> <span class='ocrx_word' id='word_1_279' title='bbox 1124 3275 1179 3322; x_wconf 88' lang='lat' dir='ltr'><strong>et</strong></span> <span class='ocrx_word' id='word_1_280' title='bbox 1228 3285 1394 3323; x_wconf 87' lang='lat' dir='ltr'><strong>unum</strong></span> <span class='ocrx_word' id='word_1_281' title='bbox 1444 3281 1603 3339; x_wconf 88' lang='lat' dir='ltr'><strong>caput</strong></span> <span class='ocrx_word' id='word_1_282' title='bbox 1646 3268 1920 3325; x_wconf 84' lang='lat' dir='ltr'><strong>Christum</strong></span> <span class='ocrx_word' id='word_1_283' title='bbox 1954 3240 1999 3304; x_wconf 63' lang='grc' dir='ltr'>Ε</span> 
     </span>
    </p>
   </div>
   <div class='ocr_carea' id='block_1_34' title="bbox 338 3356 1925 3428">
    <p class='ocr_par' dir='ltr' id='par_1_34' title="bbox 338 3356 1925 3428">
     <span class='ocr_line' id='line_1_34' title="bbox 338 3356 1925 3428; baseline 0.004 -18"><span class='ocrx_word' id='word_1_284' title='bbox 338 3356 656 3422; x_wconf 82' lang='lat' dir='ltr'><strong>habuerint,</strong></span> <span class='ocrx_word' id='word_1_285' title='bbox 692 3369 741 3412; x_wconf 89' lang='lat' dir='ltr'><strong>et</strong></span> <span class='ocrx_word' id='word_1_286' title='bbox 776 3360 1117 3415; x_wconf 83' lang='lat' dir='ltr'><strong>ascenderint</strong></span> <span class='ocrx_word' id='word_1_287' title='bbox 1153 3360 1216 3413; x_wconf 89' lang='lat' dir='ltr'><strong>de</strong></span> <span class='ocrx_word' id='word_1_288' title='bbox 1250 3372 1390 3414; x_wconf 88' lang='lat' dir='ltr'><strong>terra</strong></span> <span class='ocrx_word' id='word_1_289' title='bbox 1420 3402 1435 3428; x_wconf 91' lang='lat'><strong>,</strong></span> <span class='ocrx_word' id='word_1_290' title='bbox 1467 3362 1515 3416; x_wconf 91' lang='lat' dir='ltr'><strong>id</strong></span> <span class='ocrx_word' id='word_1_291' title='bbox 1550 3373 1670 3427; x_wconf 81' lang='lat' dir='ltr'><strong>est,</strong></span> <span class='ocrx_word' id='word_1_292' title='bbox 1704 3364 1769 3417; x_wconf 89' lang='lat' dir='ltr'><strong>de</strong></span> <span class='ocrx_word' id='word_1_293' title='bbox 1815 3374 1925 3416; x_wconf 75' lang='lat' dir='ltr'><strong>ter-</strong></span> 
     </span>
    </p>
   </div>
   <div class='ocr_carea' id='block_1_35' title="bbox 339 3451 1926 3526">
    <p class='ocr_par' dir='ltr' id='par_1_35' title="bbox 339 3451 1926 3526">
     <span class='ocr_line' id='line_1_35' title="bbox 339 3451 1926 3526; baseline 0.004 -23"><span class='ocrx_word' id='word_1_294' title='bbox 339 3451 485 3505; x_wconf 86' lang='lat' dir='ltr'><strong>renis</strong></span> <span class='ocrx_word' id='word_1_295' title='bbox 515 3452 769 3506; x_wconf 82' lang='lat' dir='ltr'><strong>sensibus</strong></span> <span class='ocrx_word' id='word_1_296' title='bbox 799 3462 849 3505; x_wconf 83' lang='lat' dir='ltr'><strong>et</strong></span> <span class='ocrx_word' id='word_1_297' title='bbox 884 3454 1188 3507; x_wconf 85' lang='lat' dir='ltr'><strong>humilitate</strong></span> <span class='ocrx_word' id='word_1_298' title='bbox 1242 3454 1474 3521; x_wconf 71' lang='lat' dir='ltr'><strong>Iittcrm,</strong></span> <span class='ocrx_word' id='word_1_299' title='bbox 1506 3468 1557 3507; x_wconf 83' lang='lat' dir='ltr'><strong>et</strong></span> <span class='ocrx_word' id='word_1_300' title='bbox 1588 3457 1926 3526; x_wconf 59' lang='lat' dir='ltr'><strong>susceperint</strong></span> 
     </span>
    </p>
   </div>
   <div class='ocr_carea' id='block_1_36' title="bbox 339 3543 1923 3624">
    <p class='ocr_par' dir='ltr' id='par_1_36' title="bbox 339 3543 1923 3624">
     <span class='ocr_line' id='line_1_36' title="bbox 339 3543 1923 3624; baseline 0.006 -28"><span class='ocrx_word' id='word_1_301' title='bbox 339 3560 586 3612; x_wconf 65' lang='lat' dir='ltr'><strong>magnum</strong></span> <span class='ocrx_word' id='word_1_302' title='bbox 621 3547 764 3601; x_wconf 86' lang='lat' dir='ltr'><strong>diem</strong></span> <span class='ocrx_word' id='word_1_303' title='bbox 796 3548 1023 3603; x_wconf 89' lang='lat' dir='ltr'><strong>seminis</strong></span> <span class='ocrx_word' id='word_1_304' title='bbox 1056 3547 1167 3603; x_wconf 81' lang='lat' dir='ltr'><strong>Dei.</strong></span> <span class='ocrx_word' id='word_1_305' title='bbox 1203 3548 1306 3602; x_wconf 84' lang='lat' dir='ltr'><strong>Pro</strong></span> <span class='ocrx_word' id='word_1_306' title='bbox 1338 3547 1426 3604; x_wconf 71' lang='grc' dir='ltr'><strong>οὒκ</strong></span> <span class='ocrx_word' id='word_1_307' title='bbox 1452 3543 1718 3624; x_wconf 59' lang='grc' dir='ltr'><strong>ἠλεημέῦη,</strong></span> <span class='ocrx_word' id='word_1_308' title='bbox 1740 3552 1787 3605; x_wconf 92' lang='lat' dir='ltr'><strong>id</strong></span> <span class='ocrx_word' id='word_1_309' title='bbox 1820 3563 1923 3621; x_wconf 78' lang='lat' dir='ltr'><strong>est,</strong></span> 
     </span>
    </p>
   </div>
   <div class='ocr_carea' id='block_1_37' title="bbox 339 3637 1926 3714">
    <p class='ocr_par' dir='ltr' id='par_1_37' title="bbox 339 3637 1926 3714">
     <span class='ocr_line' id='line_1_37' title="bbox 339 3637 1926 3714; baseline 0.008 -25"><span class='ocrx_word' id='word_1_310' title='bbox 339 3637 528 3706; x_wconf 69' lang='lat' dir='ltr'><strong>absque</strong></span> <span class='ocrx_word' id='word_1_311' title='bbox 574 3640 929 3694; x_wconf 84' lang='lat' dir='ltr'><strong>misericordia</strong></span> <span class='ocrx_word' id='word_1_312' title='bbox 958 3676 970 3703; x_wconf 81' lang='lat'><strong><em>.</em></strong></span> <span class='ocrx_word' id='word_1_313' title='bbox 1002 3640 1058 3694; x_wconf 90' lang='lat' dir='ltr'><strong>in</strong></span> <span class='ocrx_word' id='word_1_314' title='bbox 1090 3639 1415 3710; x_wconf 85' lang='lat' dir='ltr'><strong>quibusdam</strong></span> <span class='ocrx_word' id='word_1_315' title='bbox 1452 3643 1622 3697; x_wconf 88' lang='lat' dir='ltr'><strong>fertur</strong></span> <span class='ocrx_word' id='word_1_316' title='bbox 1653 3648 1926 3714; x_wconf 82' lang='lat' dir='ltr'><strong>exempla-</strong></span> 
     </span>
    </p>
   </div>
   <div class='ocr_carea' id='block_1_38' title="bbox 338 3732 1924 3810">
    <p class='ocr_par' dir='ltr' id='par_1_38' title="bbox 338 3732 1924 3810">
     <span class='ocr_line' id='line_1_38' title="bbox 338 3732 1924 3810; baseline 0.006 -25"><span class='ocrx_word' id='word_1_317' title='bbox 338 3732 511 3800; x_wconf 84' lang='lat' dir='ltr'><strong>ribus,</strong></span> <span class='ocrx_word' id='word_1_318' title='bbox 546 3737 632 3789; x_wconf 69' lang='grc' dir='ltr'><strong>οὐκ</strong></span> <span class='ocrx_word' id='word_1_319' title='bbox 662 3737 979 3810; x_wconf 74' lang='grc' dir='ltr'><strong>ἠγαπημένη,</strong></span> <span class='ocrx_word' id='word_1_320' title='bbox 1026 3734 1125 3806; x_wconf 77' lang='lat'><strong>13</strong></span> <span class='ocrx_word' id='word_1_321' title='bbox 1158 3734 1208 3788; x_wconf 88' lang='lat' dir='ltr'><strong>id</strong></span> <span class='ocrx_word' id='word_1_322' title='bbox 1240 3744 1344 3802; x_wconf 89' lang='lat' dir='ltr'><strong>est,</strong></span> <span class='ocrx_word' id='word_1_323' title='bbox 1377 3754 1481 3790; x_wconf 87' lang='lat' dir='ltr'><strong>non</strong></span> <span class='ocrx_word' id='word_1_324' title='bbox 1512 3739 1700 3791; x_wconf 85' lang='lat' dir='ltr'><strong>dilecta</strong></span> <span class='ocrx_word' id='word_1_325' title='bbox 1735 3748 1782 3793; x_wconf 75' lang='grc'><strong>⁸.</strong></span> <span class='ocrx_word' id='word_1_326' title='bbox 1817 3741 1924 3797; x_wconf 82' lang='lat' dir='ltr'><strong>Sed</strong></span> 
     </span>
    </p>
   </div>
   <div class='ocr_carea' id='block_1_39' title="bbox 340 3827 1929 3902">
    <p class='ocr_par' dir='ltr' id='par_1_39' title="bbox 340 3827 1929 3902">
     <span class='ocr_line' id='line_1_39' title="bbox 340 3827 1929 3902; baseline 0.006 -24"><span class='ocrx_word' id='word_1_327' title='bbox 340 3827 548 3881; x_wconf 87' lang='lat' dir='ltr'><strong>veriora</strong></span> <span class='ocrx_word' id='word_1_328' title='bbox 578 3838 702 3883; x_wconf 91' lang='lat' dir='ltr'><strong>sunt</strong></span> <span class='ocrx_word' id='word_1_329' title='bbox 742 3828 1075 3897; x_wconf 84' lang='lat' dir='ltr'><strong>exemplaria</strong></span> <span class='ocrx_word' id='word_1_330' title='bbox 1103 3870 1115 3891; x_wconf 88' lang='lat'><strong>,</strong></span> <span class='ocrx_word' id='word_1_331' title='bbox 1149 3845 1264 3896; x_wconf 68' lang='lat' dir='ltr'><strong>tunc</strong></span> <span class='ocrx_word' id='word_1_332' title='bbox 1295 3830 1497 3885; x_wconf 85' lang='lat' dir='ltr'><strong>habent</strong></span> <span class='ocrx_word' id='word_1_333' title='bbox 1521 3874 1533 3896; x_wconf 93' lang='lat'><strong>,</strong></span> <span class='ocrx_word' id='word_1_334' title='bbox 1566 3832 1752 3902; x_wconf 80' lang='lat' dir='ltr'><strong>(tltsqlte</strong></span> <span class='ocrx_word' id='word_1_335' title='bbox 1784 3835 1929 3887; x_wconf 70' lang='lat' dir='ltr'><strong>nise-</strong></span> 
     </span>
    </p>
   </div>
   <div class='ocr_carea' id='block_1_40' title="bbox 340 3919 1929 3992">
    <p class='ocr_par' dir='ltr' id='par_1_40' title="bbox 340 3919 1929 3992">
     <span class='ocr_line' id='line_1_40' title="bbox 340 3919 1929 3992; baseline 0.006 -21"><span class='ocrx_word' id='word_1_336' title='bbox 340 3919 565 3973; x_wconf 83' lang='lat' dir='ltr'><strong>ricordia</strong></span> <span class='ocrx_word' id='word_1_337' title='bbox 592 3938 611 3988; x_wconf 87' lang='lat'><strong><em>;</em></strong></span> <span class='ocrx_word' id='word_1_338' title='bbox 640 3921 875 3976; x_wconf 81' lang='lat' dir='ltr'><strong>maxime</strong></span> <span class='ocrx_word' id='word_1_339' title='bbox 901 3922 1024 3992; x_wconf 88' lang='lat' dir='ltr'><strong>quia</strong></span> <span class='ocrx_word' id='word_1_340' title='bbox 1056 3921 1119 3976; x_wconf 87' lang='lat' dir='ltr'><strong>ad</strong></span> <span class='ocrx_word' id='word_1_341' title='bbox 1150 3921 1549 3979; x_wconf 84' lang='lat' dir='ltr'><strong>distinctionem</strong></span> <span class='ocrx_word' id='word_1_342' title='bbox 1578 3923 1813 3989; x_wconf 83' lang='lat' dir='ltr'><strong>Israelis,</strong></span> <span class='ocrx_word' id='word_1_343' title='bbox 1843 3926 1929 3981; x_wconf 88' lang='lat' dir='ltr'><strong>cui</strong></span> 
     </span>
    </p>
   </div>
   <div class='ocr_carea' id='block_1_41' title="bbox 341 4013 1929 4081">
    <p class='ocr_par' dir='ltr' id='par_1_41' title="bbox 341 4013 1929 4081">
     <span class='ocr_line' id='line_1_41' title="bbox 341 4013 1929 4081; baseline 0.007 -18"><span class='ocrx_word' id='word_1_344' title='bbox 341 4025 445 4064; x_wconf 89' lang='lat' dir='ltr'><strong>non</strong></span> <span class='ocrx_word' id='word_1_345' title='bbox 494 4016 823 4081; x_wconf 84' lang='lat' dir='ltr'><strong>miseretur,</strong></span> <span class='ocrx_word' id='word_1_346' title='bbox 878 4014 1044 4069; x_wconf 81' lang='lat' dir='ltr'><strong>infert</strong></span> <span class='ocrx_word' id='word_1_347' title='bbox 1090 4014 1277 4070; x_wconf 79' lang='lat' dir='ltr'><strong>Deus:</strong></span> <span class='ocrx_word' id='word_1_348' title='bbox 1334 4013 1524 4071; x_wconf 84' lang='lat' dir='ltr'><strong>Domni</strong></span> <span class='ocrx_word' id='word_1_349' title='bbox 1570 4029 1741 4072; x_wconf 65' lang='lat' dir='ltr'><strong>aettem</strong></span> <span class='ocrx_word' id='word_1_350' title='bbox 1785 4016 1929 4074; x_wconf 80' lang='lat' dir='ltr'><strong>Juda</strong></span> 
     </span>
    </p>
   </div>
   <div class='ocr_carea' id='block_1_42' title="bbox 341 4106 639 4160">
    <p class='ocr_par' dir='ltr' id='par_1_42' title="bbox 341 4106 639 4160">
     <span class='ocr_line' id='line_1_42' title="bbox 341 4106 639 4160; baseline 0.013 -4"><span class='ocrx_word' id='word_1_351' title='bbox 341 4106 639 4160; x_wconf 83' lang='lat' dir='ltr'><strong>miserebor.</strong></span> 
     </span>
    </p>
   </div>
   <div class='ocr_carea' id='block_1_43' title="bbox 410 4196 1925 4277">
    <p class='ocr_par' dir='ltr' id='par_1_43' title="bbox 410 4196 1925 4277">
     <span class='ocr_line' id='line_1_43' title="bbox 410 4196 1925 4277; baseline 0.004 -25"><span class='ocrx_word' id='word_1_352' title='bbox 410 4196 562 4270; x_wconf 81' lang='lat' dir='ltr'><strong>(Cap.</strong></span> <span class='ocrx_word' id='word_1_353' title='bbox 596 4199 897 4257; x_wconf 79' lang='lat' dir='ltr'><strong>II.—Vers.</strong></span> <span class='ocrx_word' id='word_1_354' title='bbox 932 4201 1010 4272; x_wconf 84' lang='lat' dir='ltr'><strong>I.)</strong></span> <span class='ocrx_word' id='word_1_355' title='bbox 1051 4200 1220 4257; x_wconf 84' lang='lat' dir='ltr'><strong>Dicite</strong></span> <span class='ocrx_word' id='word_1_356' title='bbox 1244 4204 1489 4273; x_wconf 82' lang='lat' dir='ltr'><strong>fratribus</strong></span> <span class='ocrx_word' id='word_1_357' title='bbox 1517 4206 1728 4267; x_wconf 85' lang='lat' dir='ltr'><strong>vestris,</strong></span> <span class='ocrx_word' id='word_1_358' title='bbox 1756 4222 1925 4277; x_wconf 86' lang='lat' dir='ltr'><strong>popu-</strong></span> 
     </span>
    </p>
   </div>
   <div class='ocr_carea' id='block_1_44' title="bbox 340 4291 1931 4359">
    <p class='ocr_par' dir='ltr' id='par_1_44' title="bbox 340 4291 1931 4359">
     <span class='ocr_line' id='line_1_44' title="bbox 340 4291 1931 4359; baseline 0.005 -16"><span class='ocrx_word' id='word_1_359' title='bbox 340 4291 417 4345; x_wconf 89' lang='lat' dir='ltr'><strong>lus</strong></span> <span class='ocrx_word' id='word_1_360' title='bbox 444 4307 620 4357; x_wconf 91' lang='lat' dir='ltr'><strong>meus,</strong></span> <span class='ocrx_word' id='word_1_361' title='bbox 663 4302 709 4345; x_wconf 91' lang='lat' dir='ltr'><strong>et</strong></span> <span class='ocrx_word' id='word_1_362' title='bbox 750 4295 913 4348; x_wconf 82' lang='lat' dir='ltr'><strong>sorori</strong></span> <span class='ocrx_word' id='word_1_363' title='bbox 944 4304 1155 4359; x_wconf 68' lang='lat' dir='ltr'><strong>vestrm,</strong></span> <span class='ocrx_word' id='word_1_364' title='bbox 1208 4296 1615 4350; x_wconf 82' lang='lat' dir='ltr'><strong>misericordiam</strong></span> <span class='ocrx_word' id='word_1_365' title='bbox 1656 4308 1931 4351; x_wconf 82' lang='lat' dir='ltr'><strong>consecuta</strong></span> 
     </span>
    </p>
   </div>
   <div class='ocr_carea' id='block_1_45' title="bbox 342 4380 1931 4459">
    <p class='ocr_par' dir='ltr' id='par_1_45' title="bbox 342 4380 1931 4459">
     <span class='ocr_line' id='line_1_45' title="bbox 342 4380 1931 4459; baseline 0.006 -24"><span class='ocrx_word' id='word_1_366' title='bbox 342 4380 452 4455; x_wconf 81' lang='lat' dir='ltr'><strong>[AL</strong></span> <span class='ocrx_word' id='word_1_367' title='bbox 486 4384 818 4458; x_wconf 65' lang='lat' dir='ltr'><strong>consecutae].</strong></span> <span class='ocrx_word' id='word_1_368' title='bbox 852 4385 1027 4442; x_wconf 83' lang='lat' dir='ltr'><strong>LXX:</strong></span> <span class='ocrx_word' id='word_1_369' title='bbox 1057 4386 1228 4441; x_wconf 85' lang='lat' dir='ltr'><strong>Dicite</strong></span> <span class='ocrx_word' id='word_1_370' title='bbox 1269 4388 1417 4459; x_wconf 79' lang='lat' dir='ltr'><strong>fratri</strong></span> <span class='ocrx_word' id='word_1_371' title='bbox 1462 4398 1628 4443; x_wconf 84' lang='lat' dir='ltr'><strong>restro</strong></span> <span class='ocrx_word' id='word_1_372' title='bbox 1650 4432 1663 4456; x_wconf 93' lang='lat'><strong>,</strong></span> <span class='ocrx_word' id='word_1_373' title='bbox 1705 4390 1931 4459; x_wconf 84' lang='lat' dir='ltr'><strong>populus</strong></span> 
     </span>
    </p>
   </div>
   <div class='ocr_carea' id='block_1_46' title="bbox 340 4479 1930 4549">
    <p class='ocr_par' dir='ltr' id='par_1_46' title="bbox 340 4479 1930 4549">
     <span class='ocr_line' id='line_1_46' title="bbox 340 4479 1930 4549; baseline 0.004 -20"><span class='ocrx_word' id='word_1_374' title='bbox 340 4494 505 4545; x_wconf 86' lang='lat' dir='ltr'><strong>meus,</strong></span> <span class='ocrx_word' id='word_1_375' title='bbox 539 4486 587 4532; x_wconf 87' lang='lat' dir='ltr'><strong>et</strong></span> <span class='ocrx_word' id='word_1_376' title='bbox 610 4479 779 4531; x_wconf 83' lang='lat' dir='ltr'><strong>sorori</strong></span> <span class='ocrx_word' id='word_1_377' title='bbox 802 4488 1002 4544; x_wconf 66' lang='lat' dir='ltr'><strong>vestrm,</strong></span> <span class='ocrx_word' id='word_1_378' title='bbox 1035 4481 1443 4534; x_wconf 84' lang='lat' dir='ltr'><strong>misericordiam</strong></span> <span class='ocrx_word' id='word_1_379' title='bbox 1469 4492 1762 4537; x_wconf 83' lang='lat' dir='ltr'><strong>consecuta.</strong></span> <span class='ocrx_word' id='word_1_380' title='bbox 1794 4484 1930 4549; x_wconf 81' lang='lat' dir='ltr'><strong>Quia</strong></span> 
     </span>
    </p>
   </div>
   <div class='ocr_carea' id='block_1_47' title="bbox 341 4572 1930 4646">
    <p class='ocr_par' dir='ltr' id='par_1_47' title="bbox 341 4572 1930 4646">
     <span class='ocr_line' id='line_1_47' title="bbox 341 4572 1930 4646; baseline 0.005 -21"><span class='ocrx_word' id='word_1_381' title='bbox 341 4588 570 4639; x_wconf 81' lang='lat' dir='ltr'><strong>magnus</strong></span> <span class='ocrx_word' id='word_1_382' title='bbox 589 4581 674 4624; x_wconf 90' lang='lat' dir='ltr'><strong>est</strong></span> <span class='ocrx_word' id='word_1_383' title='bbox 694 4572 812 4626; x_wconf 86' lang='lat' dir='ltr'><strong>dies</strong></span> <span class='ocrx_word' id='word_1_384' title='bbox 834 4574 1064 4642; x_wconf 80' lang='lat' dir='ltr'><strong>chrael,</strong></span> <span class='ocrx_word' id='word_1_385' title='bbox 1082 4576 1133 4629; x_wconf 90' lang='lat' dir='ltr'><strong>in</strong></span> <span class='ocrx_word' id='word_1_386' title='bbox 1163 4590 1271 4646; x_wconf 91' lang='lat' dir='ltr'><strong>quo</strong></span> <span class='ocrx_word' id='word_1_387' title='bbox 1290 4575 1457 4630; x_wconf 87' lang='lat' dir='ltr'><strong>.ludas</strong></span> <span class='ocrx_word' id='word_1_388' title='bbox 1483 4585 1543 4631; x_wconf 91' lang='lat' dir='ltr'><strong>et</strong></span> <span class='ocrx_word' id='word_1_389' title='bbox 1567 4576 1735 4632; x_wconf 85' lang='lat' dir='ltr'><strong>Israel</strong></span> <span class='ocrx_word' id='word_1_390' title='bbox 1766 4594 1930 4633; x_wconf 90' lang='lat' dir='ltr'><strong>unum</strong></span> 
     </span>
    </p>
   </div>
   <div class='ocr_carea' id='block_1_48' title="bbox 2008 530 3605 620">
    <p class='ocr_par' dir='ltr' id='par_1_48' title="bbox 2008 530 3605 620">
     <span class='ocr_line' id='line_1_48' title="bbox 2008 530 3605 620; baseline -0.005 -12"><span class='ocrx_word' id='word_1_391' title='bbox 2008 554 2153 608; x_wconf 86' lang='lat' dir='ltr'><strong>enim</strong></span> <span class='ocrx_word' id='word_1_392' title='bbox 2200 549 2491 607; x_wconf 62' lang='lat' dir='ltr'><strong>intrarerit</strong></span> <span class='ocrx_word' id='word_1_393' title='bbox 2522 546 2801 620; x_wconf 78' lang='lat' dir='ltr'><strong>plenitudo</strong></span> <span class='ocrx_word' id='word_1_394' title='bbox 2844 547 3085 617; x_wconf 74' lang='lat' dir='ltr'><strong>gentium</strong></span> <span class='ocrx_word' id='word_1_395' title='bbox 3111 590 3125 615; x_wconf 89' lang='lat'><strong>,</strong></span> <span class='ocrx_word' id='word_1_396' title='bbox 3160 546 3289 602; x_wconf 82' lang='lat' dir='ltr'><strong>time</strong></span> <span class='ocrx_word' id='word_1_397' title='bbox 3319 546 3499 602; x_wconf 86' lang='lat' dir='ltr'><strong>omnis</strong></span> <span class='ocrx_word' id='word_1_398' title='bbox 3530 530 3605 601; x_wconf 83' lang='lat' dir='ltr'><strong>is-</strong></span> 
     </span>
    </p>
   </div>
   <div class='ocr_carea' id='block_1_49' title="bbox 2009 639 3606 714">
    <p class='ocr_par' dir='ltr' id='par_1_49' title="bbox 2009 639 3606 714">
     <span class='ocr_line' id='line_1_49' title="bbox 2009 639 3606 714; baseline -0.002 -14"><span class='ocrx_word' id='word_1_399' title='bbox 2009 644 2119 701; x_wconf 88' lang='lat' dir='ltr'><strong>rael</strong></span> <span class='ocrx_word' id='word_1_400' title='bbox 2154 643 2337 700; x_wconf 82' lang='lat' dir='ltr'><strong>salvus</strong></span> <span class='ocrx_word' id='word_1_401' title='bbox 2365 644 2455 697; x_wconf 83' lang='lat' dir='ltr'><strong>ﬁet</strong></span> <span class='ocrx_word' id='word_1_402' title='bbox 2485 642 2665 714; x_wconf 79' lang='lat' dir='ltr'><strong>(Ilom.</strong></span> <span class='ocrx_word' id='word_1_403' title='bbox 2702 641 2904 712; x_wconf 73' lang='lat' dir='ltr'><strong>si,25).</strong></span> <span class='ocrx_word' id='word_1_404' title='bbox 2942 640 3053 697; x_wconf 86' lang='lat' dir='ltr'><strong>lloe</strong></span> <span class='ocrx_word' id='word_1_405' title='bbox 3079 641 3221 696; x_wconf 92' lang='lat' dir='ltr'><strong>idem</strong></span> <span class='ocrx_word' id='word_1_406' title='bbox 3264 639 3426 697; x_wconf 85' lang='lat' dir='ltr'><strong>nobis</strong></span> <span class='ocrx_word' id='word_1_407' title='bbox 3466 642 3606 713; x_wconf 66' lang='lat' dir='ltr'><strong>prse-</strong></span> 
     </span>
    </p>
   </div>
   <div class='ocr_carea' id='block_1_50' title="bbox 2008 734 3605 809">
    <p class='ocr_par' dir='ltr' id='par_1_50' title="bbox 2008 734 3605 809">
     <span class='ocr_line' id='line_1_50' title="bbox 2008 734 3605 809; baseline -0.003 -15"><span class='ocrx_word' id='word_1_408' title='bbox 2008 740 2239 809; x_wconf 84' lang='lat' dir='ltr'><strong>cipitur,</strong></span> <span class='ocrx_word' id='word_1_409' title='bbox 2278 750 2343 791; x_wconf 81' lang='lat' dir='ltr'><strong>ne</strong></span> <span class='ocrx_word' id='word_1_410' title='bbox 2374 734 2659 793; x_wconf 68' lang='lat' dir='ltr'><strong>bmr‘eliCos</strong></span> <span class='ocrx_word' id='word_1_411' title='bbox 2692 737 2907 805; x_wconf 85' lang='lat' dir='ltr'><strong>penitus</strong></span> <span class='ocrx_word' id='word_1_412' title='bbox 2944 734 3320 805; x_wconf 67' lang='lat' dir='ltr'><strong>desperemus,</strong></span> <span class='ocrx_word' id='word_1_413' title='bbox 3351 735 3449 791; x_wconf 90' lang='lat' dir='ltr'><strong>sed</strong></span> <span class='ocrx_word' id='word_1_414' title='bbox 3480 747 3605 805; x_wconf 58' lang='lat' dir='ltr'><strong>pro.‘</strong></span> 
     </span>
    </p>
   </div>
   <div class='ocr_carea' id='block_1_51' title="bbox 2008 822 3589 902">
    <p class='ocr_par' dir='ltr' id='par_1_51' title="bbox 2008 822 3589 902">
     <span class='ocr_line' id='line_1_51' title="bbox 2008 822 3589 902; baseline -0.001 -17"><span class='ocrx_word' id='word_1_415' title='bbox 2008 834 2267 886; x_wconf 74' lang='lat' dir='ltr'><strong>vocc‘mtis</strong></span> <span class='ocrx_word' id='word_1_416' title='bbox 2304 830 2369 884; x_wconf 93' lang='lat' dir='ltr'><strong>ad</strong></span> <span class='ocrx_word' id='word_1_417' title='bbox 2403 830 2811 902; x_wconf 69' lang='lat' dir='ltr'><strong>paenitentiam:</strong></span> <span class='ocrx_word' id='word_1_418' title='bbox 2844 840 2897 884; x_wconf 80' lang='lat' dir='ltr'><strong>et</strong></span> <span class='ocrx_word' id='word_1_419' title='bbox 2923 828 3145 883; x_wconf 82' lang='lat' dir='ltr'><strong>illoritm</strong></span> <span class='ocrx_word' id='word_1_420' title='bbox 3186 822 3420 883; x_wconf 83' lang='lat' dir='ltr'><strong>saluteln</strong></span> <span class='ocrx_word' id='word_1_421' title='bbox 3463 842 3589 901; x_wconf 87' lang='lat' dir='ltr'><strong>ger-</strong></span> 
     </span>
    </p>
   </div>
   <div class='ocr_carea' id='block_1_52' title="bbox 2009 922 2849 994">
    <p class='ocr_par' dir='ltr' id='par_1_52' title="bbox 2009 922 2849 994">
     <span class='ocr_line' id='line_1_52' title="bbox 2009 922 2849 994; baseline -0.005 -14"><span class='ocrx_word' id='word_1_422' title='bbox 2009 924 2295 980; x_wconf 79' lang='lat' dir='ltr'><strong>manitatis</strong></span> <span class='ocrx_word' id='word_1_423' title='bbox 2326 933 2578 994; x_wconf 84' lang='lat' dir='ltr'><strong>optemus</strong></span> <span class='ocrx_word' id='word_1_424' title='bbox 2630 922 2849 978; x_wconf 78' lang='lat' dir='ltr'><strong>allectu.</strong></span> 
     </span>
    </p>
   </div>
   <div class='ocr_carea' id='block_1_53' title="bbox 2085 1017 3602 1092">
    <p class='ocr_par' dir='ltr' id='par_1_53' title="bbox 2085 1017 3602 1092">
     <span class='ocr_line' id='line_1_53' title="bbox 2085 1017 3602 1092; baseline -0.002 -16"><span class='ocrx_word' id='word_1_425' title='bbox 2085 1020 2267 1092; x_wconf 54' lang='grc' dir='ltr'><strong>(Ἶρις.</strong></span> <span class='ocrx_word' id='word_1_426' title='bbox 2301 1017 2370 1089; x_wconf 64' lang='grc' dir='ltr'><strong>ἓ,</strong></span> <span class='ocrx_word' id='word_1_427' title='bbox 2404 1018 2485 1087; x_wconf 79' lang='grc'><strong>5.)</strong></span> <span class='ocrx_word' id='word_1_428' title='bbox 2524 1017 2768 1071; x_wconf 80' lang='lat' dir='ltr'><strong>Judicate</strong></span> <span class='ocrx_word' id='word_1_429' title='bbox 2795 1025 3005 1070; x_wconf 83' lang='lat' dir='ltr'><strong>matrem</strong></span> <span class='ocrx_word' id='word_1_430' title='bbox 3049 1027 3265 1070; x_wconf 83' lang='lat' dir='ltr'><strong>vestram</strong></span> <span class='ocrx_word' id='word_1_431' title='bbox 3288 1060 3302 1079; x_wconf 84' lang='lat'><strong>,</strong></span> <span class='ocrx_word' id='word_1_432' title='bbox 3332 1019 3602 1090; x_wconf 73' lang='lat' dir='ltr'><strong>judicare,</strong></span> 
     </span>
    </p>
   </div>
   <div class='ocr_carea' id='block_1_54' title="bbox 2011 1107 3600 1185">
    <p class='ocr_par' dir='ltr' id='par_1_54' title="bbox 2011 1107 3600 1185">
     <span class='ocr_line' id='line_1_54' title="bbox 2011 1107 3600 1185; baseline -0.001 -17"><span class='ocrx_word' id='word_1_433' title='bbox 2011 1116 2250 1184; x_wconf 85' lang='lat' dir='ltr'><strong>quoniam</strong></span> <span class='ocrx_word' id='word_1_434' title='bbox 2271 1113 2383 1185; x_wconf 83' lang='lat' dir='ltr'><strong>ipsa</strong></span> <span class='ocrx_word' id='word_1_435' title='bbox 2410 1128 2511 1165; x_wconf 88' lang='lat' dir='ltr'><strong>non</strong></span> <span class='ocrx_word' id='word_1_436' title='bbox 2535 1116 2664 1163; x_wconf 65' lang='grc' dir='ltr'><strong>πέτοι-</strong></span> <span class='ocrx_word' id='word_1_437' title='bbox 2690 1112 2798 1163; x_wconf 86' lang='lat' dir='ltr'><strong>mea</strong></span> <span class='ocrx_word' id='word_1_438' title='bbox 2824 1152 2838 1175; x_wconf 95' lang='lat'><strong>,</strong></span> <span class='ocrx_word' id='word_1_439' title='bbox 2870 1118 2917 1162; x_wconf 78' lang='lat' dir='ltr'><strong>at</strong></span> <span class='ocrx_word' id='word_1_440' title='bbox 2957 1122 3049 1179; x_wconf 67' lang='lat' dir='ltr'><strong>ego</strong></span> <span class='ocrx_word' id='word_1_441' title='bbox 3075 1126 3176 1164; x_wconf 89' lang='lat' dir='ltr'><strong>non</strong></span> <span class='ocrx_word' id='word_1_442' title='bbox 3212 1111 3286 1163; x_wconf 78' lang='lat' dir='ltr'><strong>vir</strong></span> <span class='ocrx_word' id='word_1_443' title='bbox 3313 1107 3424 1179; x_wconf 85' lang='lat' dir='ltr'><strong>ejus</strong></span> <span class='ocrx_word' id='word_1_444' title='bbox 3458 1129 3473 1165; x_wconf 90' lang='lat'><strong><em>:</em></strong></span> <span class='ocrx_word' id='word_1_445' title='bbox 3503 1116 3600 1167; x_wconf 68' lang='lat' dir='ltr'><strong>au:-</strong></span> 
     </span>
    </p>
   </div>
   <div class='ocr_carea' id='block_1_55' title="bbox 2012 1189 3607 1279">
    <p class='ocr_par' dir='ltr' id='par_1_55' title="bbox 2012 1189 3607 1279">
     <span class='ocr_line' id='line_1_55' title="bbox 2012 1189 3607 1279; baseline 0.001 -20"><span class='ocrx_word' id='word_1_446' title='bbox 2012 1207 2146 1279; x_wconf 71' lang='grc' dir='ltr'>[ιιι-(ιι</span> <span class='ocrx_word' id='word_1_447' title='bbox 2176 1206 2548 1275; x_wconf 78' lang='lat' dir='ltr'><strong>fornicationes</strong></span> <span class='ocrx_word' id='word_1_448' title='bbox 2585 1216 2710 1258; x_wconf 84' lang='lat' dir='ltr'><strong>suas</strong></span> <span class='ocrx_word' id='word_1_449' title='bbox 2733 1219 2765 1255; x_wconf 88' lang='lat' dir='ltr'><strong>a</strong></span> <span class='ocrx_word' id='word_1_450' title='bbox 2798 1205 2929 1273; x_wconf 76' lang='lat' dir='ltr'><strong>[acie</strong></span> <span class='ocrx_word' id='word_1_451' title='bbox 2966 1219 3061 1257; x_wconf 86' lang='lat' dir='ltr'><strong>sua</strong></span> <span class='ocrx_word' id='word_1_452' title='bbox 3089 1249 3101 1271; x_wconf 90' lang='lat'><strong>,</strong></span> <span class='ocrx_word' id='word_1_453' title='bbox 3134 1212 3179 1257; x_wconf 84' lang='lat' dir='ltr'><strong>et</strong></span> <span class='ocrx_word' id='word_1_454' title='bbox 3216 1189 3485 1257; x_wconf 69' lang='lat' dir='ltr'><strong>(adulteria~</strong></span> <span class='ocrx_word' id='word_1_455' title='bbox 3512 1205 3607 1260; x_wconf 76' lang='lat' dir='ltr'><strong>sud</strong></span> 
     </span>
    </p>
   </div>
   <div class='ocr_carea' id='block_1_56' title="bbox 2014 1300 3605 1370">
    <p class='ocr_par' dir='ltr' id='par_1_56' title="bbox 2014 1300 3605 1370">
     <span class='ocr_line' id='line_1_56' title="bbox 2014 1300 3605 1370; baseline -0.001 -15"><span class='ocrx_word' id='word_1_456' title='bbox 2014 1303 2075 1356; x_wconf 88' lang='lat' dir='ltr'><strong>de</strong></span> <span class='ocrx_word' id='word_1_457' title='bbox 2103 1302 2269 1355; x_wconf 72' lang='lat' dir='ltr'><strong>medio</strong></span> <span class='ocrx_word' id='word_1_458' title='bbox 2292 1301 2504 1355; x_wconf 80' lang='lat' dir='ltr'><strong>uberum</strong></span> <span class='ocrx_word' id='word_1_459' title='bbox 2535 1314 2780 1353; x_wconf 84' lang='lat' dir='ltr'><strong>suorum:</strong></span> <span class='ocrx_word' id='word_1_460' title='bbox 2812 1310 2875 1352; x_wconf 87' lang='lat' dir='ltr'><strong>ne</strong></span> <span class='ocrx_word' id='word_1_461' title='bbox 2907 1301 3040 1369; x_wconf 77' lang='lat' dir='ltr'><strong>forte</strong></span> <span class='ocrx_word' id='word_1_462' title='bbox 3070 1300 3347 1370; x_wconf 74' lang='lat' dir='ltr'><strong>exspoliem</strong></span> <span class='ocrx_word' id='word_1_463' title='bbox 3370 1316 3480 1353; x_wconf 83' lang='lat' dir='ltr'><strong>cum</strong></span> <span class='ocrx_word' id='word_1_464' title='bbox 3504 1308 3605 1353; x_wconf 54' lang='lat' dir='ltr'><strong>nu:-</strong></span> 
     </span>
    </p>
   </div>
   <div class='ocr_carea' id='block_1_57' title="bbox 2013 1390 3607 1459">
    <p class='ocr_par' dir='ltr' id='par_1_57' title="bbox 2013 1390 3607 1459">
     <span class='ocr_line' id='line_1_57' title="bbox 2013 1390 3607 1459; baseline -0.002 -11"><span class='ocrx_word' id='word_1_465' title='bbox 2013 1396 2131 1448; x_wconf 84' lang='lat' dir='ltr'><strong>dam</strong></span> <span class='ocrx_word' id='word_1_466' title='bbox 2161 1436 2174 1459; x_wconf 90' lang='lat'><strong>,</strong></span> <span class='ocrx_word' id='word_1_467' title='bbox 2209 1403 2255 1447; x_wconf 87' lang='lat' dir='ltr'><strong>et</strong></span> <span class='ocrx_word' id='word_1_468' title='bbox 2275 1403 2497 1448; x_wconf 82' lang='lat' dir='ltr'><strong>statuam</strong></span> <span class='ocrx_word' id='word_1_469' title='bbox 2538 1408 2653 1447; x_wconf 86' lang='lat' dir='ltr'><strong>eam</strong></span> <span class='ocrx_word' id='word_1_470' title='bbox 2686 1392 2969 1445; x_wconf 77' lang='lat' dir='ltr'><strong>secundum</strong></span> <span class='ocrx_word' id='word_1_471' title='bbox 3002 1391 3139 1444; x_wconf 77' lang='lat' dir='ltr'><strong>diem</strong></span> <span class='ocrx_word' id='word_1_472' title='bbox 3167 1390 3456 1445; x_wconf 80' lang='lat' dir='ltr'><strong>nativitatis</strong></span> <span class='ocrx_word' id='word_1_473' title='bbox 3482 1392 3607 1447; x_wconf 63' lang='lat' dir='ltr'><strong>suit.</strong></span> 
     </span>
    </p>
   </div>
   <div class='ocr_carea' id='block_1_58' title="bbox 2012 1484 3607 1560">
    <p class='ocr_par' dir='ltr' id='par_1_58' title="bbox 2012 1484 3607 1560">
     <span class='ocr_line' id='line_1_58' title="bbox 2012 1484 3607 1560; baseline -0.004 -13"><span class='ocrx_word' id='word_1_474' title='bbox 2012 1490 2200 1547; x_wconf 69' lang='lat' dir='ltr'><strong>LXX:</strong></span> <span class='ocrx_word' id='word_1_475' title='bbox 2244 1484 2566 1545; x_wconf 71' lang='lat' dir='ltr'><strong>Judlcmnini</strong></span> <span class='ocrx_word' id='word_1_476' title='bbox 2616 1496 2733 1543; x_wconf 79' lang='lat' dir='ltr'><strong>cum</strong></span> <span class='ocrx_word' id='word_1_477' title='bbox 2792 1492 2954 1541; x_wconf 73' lang='lat' dir='ltr'><strong>matre</strong></span> <span class='ocrx_word' id='word_1_478' title='bbox 2994 1496 3157 1541; x_wconf 80' lang='lat' dir='ltr'><strong>vestra</strong></span> <span class='ocrx_word' id='word_1_479' title='bbox 3182 1530 3195 1554; x_wconf 92' lang='lat'><strong>,</strong></span> <span class='ocrx_word' id='word_1_480' title='bbox 3245 1484 3564 1560; x_wconf 65' lang='lat' dir='ltr'><strong>jhdicamini</strong></span> <span class='ocrx_word' id='word_1_481' title='bbox 3594 1529 3607 1552; x_wconf 91' lang='lat'><strong>,</strong></span> 
     </span>
    </p>
   </div>
   <div class='ocr_carea' id='block_1_59' title="bbox 2011 1578 3611 1659">
    <p class='ocr_par' dir='ltr' id='par_1_59' title="bbox 2011 1578 3611 1659">
     <span class='ocr_line' id='line_1_59' title="bbox 2011 1578 3611 1659; baseline -0.003 -21"><span class='ocrx_word' id='word_1_482' title='bbox 2011 1589 2135 1659; x_wconf 89' lang='lat' dir='ltr'><strong>quia</strong></span> <span class='ocrx_word' id='word_1_483' title='bbox 2162 1587 2266 1640; x_wconf 68' lang='lat' dir='ltr'><strong>hac</strong></span> <span class='ocrx_word' id='word_1_484' title='bbox 2294 1602 2393 1638; x_wconf 86' lang='lat' dir='ltr'><strong>non</strong></span> <span class='ocrx_word' id='word_1_485' title='bbox 2418 1600 2550 1639; x_wconf 76' lang='lat' dir='ltr'><strong>uxor</strong></span> <span class='ocrx_word' id='word_1_486' title='bbox 2578 1598 2711 1647; x_wconf 81' lang='lat' dir='ltr'><strong>mea,</strong></span> <span class='ocrx_word' id='word_1_487' title='bbox 2734 1586 2779 1636; x_wconf 83' lang='lat' dir='ltr'><strong>et</strong></span> <span class='ocrx_word' id='word_1_488' title='bbox 2804 1598 2898 1653; x_wconf 81' lang='lat' dir='ltr'><strong>ego</strong></span> <span class='ocrx_word' id='word_1_489' title='bbox 2920 1597 3021 1635; x_wconf 91' lang='lat' dir='ltr'><strong>non</strong></span> <span class='ocrx_word' id='word_1_490' title='bbox 3040 1582 3116 1635; x_wconf 82' lang='lat' dir='ltr'><strong>rir</strong></span> <span class='ocrx_word' id='word_1_491' title='bbox 3133 1585 3244 1652; x_wconf 82' lang='lat' dir='ltr'><strong>ejus</strong></span> <span class='ocrx_word' id='word_1_492' title='bbox 3272 1625 3286 1649; x_wconf 96' lang='lat'><strong>,</strong></span> <span class='ocrx_word' id='word_1_493' title='bbox 3309 1591 3357 1635; x_wconf 89' lang='lat' dir='ltr'><strong>et</strong></span> <span class='ocrx_word' id='word_1_494' title='bbox 3377 1578 3611 1651; x_wconf 69' lang='lat' dir='ltr'><strong>auferunt</strong></span> 
     </span>
    </p>
   </div>
   <div class='ocr_carea' id='block_1_60' title="bbox 2013 1670 3613 1752">
    <p class='ocr_par' dir='ltr' id='par_1_60' title="bbox 2013 1670 3613 1752">
     <span class='ocr_line' id='line_1_60' title="bbox 2013 1670 3613 1752; baseline -0.003 -19"><span class='ocrx_word' id='word_1_495' title='bbox 2013 1683 2405 1752; x_wconf 79' lang='lat' dir='ltr'><strong>fornicationem</strong></span> <span class='ocrx_word' id='word_1_496' title='bbox 2430 1681 2538 1748; x_wconf 82' lang='lat' dir='ltr'><strong>ejus</strong></span> <span class='ocrx_word' id='word_1_497' title='bbox 2572 1692 2601 1731; x_wconf 85' lang='grc' dir='ltr'><em>α</em></span> <span class='ocrx_word' id='word_1_498' title='bbox 2626 1678 2758 1747; x_wconf 81' lang='lat' dir='ltr'><strong>facie</strong></span> <span class='ocrx_word' id='word_1_499' title='bbox 2776 1692 2906 1739; x_wconf 87' lang='lat' dir='ltr'><strong>mea,</strong></span> <span class='ocrx_word' id='word_1_500' title='bbox 2941 1685 2989 1729; x_wconf 86' lang='lat' dir='ltr'><strong>et</strong></span> <span class='ocrx_word' id='word_1_501' title='bbox 3016 1670 3271 1730; x_wconf 84' lang='lat' dir='ltr'><strong>adulteria</strong></span> <span class='ocrx_word' id='word_1_502' title='bbox 3297 1680 3409 1748; x_wconf 81' lang='lat' dir='ltr'><strong>ejus</strong></span> <span class='ocrx_word' id='word_1_503' title='bbox 3424 1675 3486 1728; x_wconf 82' lang='lat' dir='ltr'><strong>de</strong></span> <span class='ocrx_word' id='word_1_504' title='bbox 3508 1692 3613 1728; x_wconf 84' lang='lat' dir='ltr'><strong>mc-</strong></span> 
     </span>
    </p>
   </div>
   <div class='ocr_carea' id='block_1_61' title="bbox 2016 1768 3615 1838">
    <p class='ocr_par' dir='ltr' id='par_1_61' title="bbox 2016 1768 3615 1838">
     <span class='ocr_line' id='line_1_61' title="bbox 2016 1768 3615 1838; baseline -0.002 -12"><span class='ocrx_word' id='word_1_505' title='bbox 2016 1774 2100 1826; x_wconf 87' lang='lat' dir='ltr'><strong>dio</strong></span> <span class='ocrx_word' id='word_1_506' title='bbox 2128 1776 2339 1826; x_wconf 84' lang='lat' dir='ltr'><strong>uberum</strong></span> <span class='ocrx_word' id='word_1_507' title='bbox 2384 1772 2527 1825; x_wconf 85' lang='lat' dir='ltr'><strong>illius</strong></span> <span class='ocrx_word' id='word_1_508' title='bbox 2553 1788 2570 1824; x_wconf 89' lang='lat'><em>:</em></span> <span class='ocrx_word' id='word_1_509' title='bbox 2603 1781 2657 1823; x_wconf 87' lang='lat' dir='ltr'><strong>ut</strong></span> <span class='ocrx_word' id='word_1_510' title='bbox 2687 1770 2966 1838; x_wconf 69' lang='lat' dir='ltr'><strong>exspolicm</strong></span> <span class='ocrx_word' id='word_1_511' title='bbox 3000 1785 3109 1821; x_wconf 87' lang='lat' dir='ltr'><strong>eam</strong></span> <span class='ocrx_word' id='word_1_512' title='bbox 3138 1768 3327 1821; x_wconf 79' lang='lat' dir='ltr'><strong>nudam</strong></span> <span class='ocrx_word' id='word_1_513' title='bbox 3351 1810 3365 1833; x_wconf 91' lang='lat'><strong>,</strong></span> <span class='ocrx_word' id='word_1_514' title='bbox 3399 1780 3444 1823; x_wconf 81' lang='lat' dir='ltr'><strong>et</strong></span> <span class='ocrx_word' id='word_1_515' title='bbox 3469 1769 3615 1823; x_wconf 78' lang='lat' dir='ltr'><strong>resti-</strong></span> 
     </span>
    </p>
   </div>
   <div class='ocr_carea' id='block_1_62' title="bbox 1944 1848 3615 1940">
    <p class='ocr_par' dir='ltr' id='par_1_62' title="bbox 1944 1848 3615 1940">
     <span class='ocr_line' id='line_1_62' title="bbox 1944 1848 3615 1940; baseline -0.002 -19"><span class='ocrx_word' id='word_1_516' title='bbox 1944 1848 1991 1909; x_wconf 79' lang='grc' dir='ltr'><strong>Β</strong></span> <span class='ocrx_word' id='word_1_517' title='bbox 2020 1877 2159 1921; x_wconf 80' lang='lat' dir='ltr'><strong>(nam</strong></span> <span class='ocrx_word' id='word_1_518' title='bbox 2203 1878 2311 1921; x_wconf 82' lang='lat' dir='ltr'><strong>cum</strong></span> <span class='ocrx_word' id='word_1_519' title='bbox 2337 1871 2495 1940; x_wconf 65' lang='lat' dir='ltr'><strong>juxta</strong></span> <span class='ocrx_word' id='word_1_520' title='bbox 2541 1867 2677 1919; x_wconf 80' lang='lat' dir='ltr'><strong>dir-nt</strong></span> <span class='ocrx_word' id='word_1_521' title='bbox 2722 1864 3002 1918; x_wconf 76' lang='lat' dir='ltr'><strong>nativitatis</strong></span> <span class='ocrx_word' id='word_1_522' title='bbox 3035 1872 3161 1917; x_wconf 55' lang='lat' dir='ltr'><strong>suat.</strong></span> <span class='ocrx_word' id='word_1_523' title='bbox 3199 1851 3498 1932; x_wconf 74' lang='lat' dir='ltr'><strong>&quot;deusque</strong></span> <span class='ocrx_word' id='word_1_524' title='bbox 3550 1862 3615 1917; x_wconf 86' lang='lat' dir='ltr'><strong>ad</strong></span> 
     </span>
    </p>
   </div>
   <div class='ocr_carea' id='block_1_63' title="bbox 2016 1946 3614 2027">
    <p class='ocr_par' dir='ltr' id='par_1_63' title="bbox 2016 1946 3614 2027">
     <span class='ocr_line' id='line_1_63' title="bbox 2016 1946 3614 2027; baseline -0.003 -14"><span class='ocrx_word' id='word_1_525' title='bbox 2016 1959 2180 2013; x_wconf 55' lang='lat' dir='ltr'><strong>Israel</strong></span> <span class='ocrx_word' id='word_1_526' title='bbox 2230 1958 2485 2027; x_wconf 80' lang='lat' dir='ltr'><strong>populum</strong></span> <span class='ocrx_word' id='word_1_527' title='bbox 2515 2000 2529 2023; x_wconf 94' lang='lat'><strong>,</strong></span> <span class='ocrx_word' id='word_1_528' title='bbox 2567 1958 2670 2012; x_wconf 91' lang='lat' dir='ltr'><strong>hoc</strong></span> <span class='ocrx_word' id='word_1_529' title='bbox 2700 1967 2816 2021; x_wconf 91' lang='lat' dir='ltr'><strong>est,</strong></span> <span class='ocrx_word' id='word_1_530' title='bbox 2860 1955 3052 2010; x_wconf 85' lang='lat' dir='ltr'><strong>decent</strong></span> <span class='ocrx_word' id='word_1_531' title='bbox 3107 1946 3278 2011; x_wconf 81' lang='lat' dir='ltr'><strong>tribth</strong></span> <span class='ocrx_word' id='word_1_532' title='bbox 3314 1969 3495 2009; x_wconf 82' lang='lat' dir='ltr'><strong>sermo</strong></span> <span class='ocrx_word' id='word_1_533' title='bbox 3531 1954 3614 2009; x_wconf 49' lang='lat' dir='ltr'><strong>i’li-’</strong></span> 
     </span>
    </p>
   </div>
   <div class='ocr_carea' id='block_1_64' title="bbox 2018 2042 3613 2120">
    <p class='ocr_par' dir='ltr' id='par_1_64' title="bbox 2018 2042 3613 2120">
     <span class='ocr_line' id='line_1_64' title="bbox 2018 2042 3613 2120; baseline -0.001 -15"><span class='ocrx_word' id='word_1_534' title='bbox 2018 2054 2197 2107; x_wconf 76' lang='lat' dir='ltr'><strong>rectus</strong></span> <span class='ocrx_word' id='word_1_535' title='bbox 2228 2046 2331 2108; x_wconf 51' lang='lat' dir='ltr'><strong>est.</strong></span> <span class='ocrx_word' id='word_1_536' title='bbox 2362 2051 2512 2107; x_wconf 80' lang='lat' dir='ltr'><strong>Nunc</strong></span> <span class='ocrx_word' id='word_1_537' title='bbox 2554 2052 2787 2105; x_wconf 76' lang='lat' dir='ltr'><strong>alterum“</strong></span> <span class='ocrx_word' id='word_1_538' title='bbox 2812 2056 2973 2120; x_wconf 80' lang='lat' dir='ltr'><strong>‘caput</strong></span> <span class='ocrx_word' id='word_1_539' title='bbox 2999 2050 3187 2119; x_wconf 88' lang='lat' dir='ltr'><strong>incipit</strong></span> <span class='ocrx_word' id='word_1_540' title='bbox 3213 2088 3229 2118; x_wconf 89' lang='lat'><strong>,</strong></span> <span class='ocrx_word' id='word_1_541' title='bbox 3264 2042 3317 2104; x_wconf 75' lang='lat' dir='ltr'><strong>et</strong></span> <span class='ocrx_word' id='word_1_542' title='bbox 3355 2049 3613 2120; x_wconf 47' lang='lat' dir='ltr'><strong>pra‘ripié</strong></span> 
     </span>
    </p>
   </div>
   <div class='ocr_carea' id='block_1_65' title="bbox 2020 2130 3613 2212">
    <p class='ocr_par' dir='ltr' id='par_1_65' title="bbox 2020 2130 3613 2212">
     <span class='ocr_line' id='line_1_65' title="bbox 2020 2130 3613 2212; baseline -0.002 -14"><span class='ocrx_word' id='word_1_543' title='bbox 2020 2153 2105 2198; x_wconf 89' lang='lat' dir='ltr'><strong>tur</strong></span> <span class='ocrx_word' id='word_1_544' title='bbox 2134 2144 2259 2198; x_wconf 83' lang='lat' dir='ltr'><strong>ﬁliis</strong></span> <span class='ocrx_word' id='word_1_545' title='bbox 2285 2187 2298 2207; x_wconf 92' lang='lat'><strong>,</strong></span> <span class='ocrx_word' id='word_1_546' title='bbox 2332 2130 2381 2197; x_wconf 88' lang='lat' dir='ltr'><strong>id</strong></span> <span class='ocrx_word' id='word_1_547' title='bbox 2409 2152 2493 2198; x_wconf 75' lang='lat' dir='ltr'><strong>cst</strong></span> <span class='ocrx_word' id='word_1_548' title='bbox 2516 2186 2530 2210; x_wconf 88' lang='lat'><strong>,</strong></span> <span class='ocrx_word' id='word_1_549' title='bbox 2569 2140 2791 2212; x_wconf 85' lang='lat' dir='ltr'><strong>populo,</strong></span> <span class='ocrx_word' id='word_1_550' title='bbox 2829 2142 2887 2195; x_wconf 80' lang='lat' dir='ltr'><strong>ut</strong></span> <span class='ocrx_word' id='word_1_551' title='bbox 2910 2142 3097 2196; x_wconf 81' lang='lat' dir='ltr'><strong>ineant</strong></span> <span class='ocrx_word' id='word_1_552' title='bbox 3120 2138 3381 2210; x_wconf 76' lang='lat' dir='ltr'><strong>judicium</strong></span> <span class='ocrx_word' id='word_1_553' title='bbox 3412 2138 3613 2196; x_wconf 65' lang='lat' dir='ltr'><strong>adrer:</strong></span> 
     </span>
    </p>
   </div>
   <div class='ocr_carea' id='block_1_66' title="bbox 2019 2234 3613 2307">
    <p class='ocr_par' dir='ltr' id='par_1_66' title="bbox 2019 2234 3613 2307">
     <span class='ocr_line' id='line_1_66' title="bbox 2019 2234 3613 2307; baseline -0.003 -15"><span class='ocrx_word' id='word_1_554' title='bbox 2019 2256 2137 2293; x_wconf 82' lang='lat' dir='ltr'><strong>sum</strong></span> <span class='ocrx_word' id='word_1_555' title='bbox 2172 2240 2401 2292; x_wconf 76' lang='lat' dir='ltr'><strong>matrem</strong></span> <span class='ocrx_word' id='word_1_556' title='bbox 2435 2250 2613 2305; x_wconf 88' lang='lat' dir='ltr'><strong>suam,</strong></span> <span class='ocrx_word' id='word_1_557' title='bbox 2640 2242 2759 2307; x_wconf 67' lang='lat' dir='ltr'><strong>qum</strong></span> <span class='ocrx_word' id='word_1_558' title='bbox 2792 2240 2887 2291; x_wconf 80' lang='lat' dir='ltr'><strong>eos</strong></span> <span class='ocrx_word' id='word_1_559' title='bbox 2923 2234 3153 2306; x_wconf 83' lang='lat' dir='ltr'><strong>genuit,</strong></span> <span class='ocrx_word' id='word_1_560' title='bbox 3187 2250 3307 2304; x_wconf 67' lang='lat' dir='ltr'><strong>quin</strong></span> <span class='ocrx_word' id='word_1_561' title='bbox 3333 2234 3400 2288; x_wconf 84' lang='lat' dir='ltr'><strong>de</strong></span> <span class='ocrx_word' id='word_1_562' title='bbox 3432 2248 3613 2290; x_wconf 84' lang='lat' dir='ltr'><strong>mere.-</strong></span> 
     </span>
    </p>
   </div>
   <div class='ocr_carea' id='block_1_67' title="bbox 2021 2330 3619 2400">
    <p class='ocr_par' dir='ltr' id='par_1_67' title="bbox 2021 2330 3619 2400">
     <span class='ocr_line' id='line_1_67' title="bbox 2021 2330 3619 2400; baseline -0.003 -11"><span class='ocrx_word' id='word_1_563' title='bbox 2021 2334 2154 2389; x_wconf 85' lang='lat' dir='ltr'><strong>trice</strong></span> <span class='ocrx_word' id='word_1_564' title='bbox 2196 2344 2333 2388; x_wconf 87' lang='lat' dir='ltr'><strong>uxor</strong></span> <span class='ocrx_word' id='word_1_565' title='bbox 2364 2332 2555 2386; x_wconf 82' lang='lat' dir='ltr'><strong>etl‘ecta</strong></span> <span class='ocrx_word' id='word_1_566' title='bbox 2582 2374 2595 2393; x_wconf 87' lang='lat'><strong>,</strong></span> <span class='ocrx_word' id='word_1_567' title='bbox 2631 2344 2811 2386; x_wconf 84' lang='lat' dir='ltr'><strong>mores</strong></span> <span class='ocrx_word' id='word_1_568' title='bbox 2846 2330 3105 2400; x_wconf 82' lang='lat' dir='ltr'><strong>pristinos</strong></span> <span class='ocrx_word' id='word_1_569' title='bbox 3137 2338 3242 2384; x_wconf 88' lang='lat' dir='ltr'><strong>non</strong></span> <span class='ocrx_word' id='word_1_570' title='bbox 3276 2330 3530 2399; x_wconf 86' lang='lat' dir='ltr'><strong>reliquit,</strong></span> <span class='ocrx_word' id='word_1_571' title='bbox 3563 2335 3619 2385; x_wconf 86' lang='lat' dir='ltr'><strong>et</strong></span> 
     </span>
    </p>
   </div>
   <div class='ocr_carea' id='block_1_68' title="bbox 2024 2420 3615 2482">
    <p class='ocr_par' dir='ltr' id='par_1_68' title="bbox 2024 2420 3615 2482">
     <span class='ocr_line' id='line_1_68' title="bbox 2024 2420 3615 2482; baseline -0.003 0"><span class='ocrx_word' id='word_1_572' title='bbox 2024 2436 2236 2482; x_wconf 83' lang='lat' dir='ltr'><strong>rursum</strong></span> <span class='ocrx_word' id='word_1_573' title='bbox 2265 2428 2527 2481; x_wconf 74' lang='lat' dir='ltr'><strong>fornicata</strong></span> <span class='ocrx_word' id='word_1_574' title='bbox 2566 2436 2647 2479; x_wconf 81' lang='lat' dir='ltr'><strong>est</strong></span> <span class='ocrx_word' id='word_1_575' title='bbox 2688 2442 2808 2479; x_wconf 79' lang='lat' dir='ltr'><strong>cum</strong></span> <span class='ocrx_word' id='word_1_576' title='bbox 2845 2424 3181 2480; x_wconf 77' lang='lat' dir='ltr'><strong>amatoribus</strong></span> <span class='ocrx_word' id='word_1_577' title='bbox 3213 2424 3346 2478; x_wconf 66' lang='lat' dir='ltr'><strong>Suis.</strong></span> <span class='ocrx_word' id='word_1_578' title='bbox 3392 2423 3454 2477; x_wconf 83' lang='lat' dir='ltr'><strong>Et</strong></span> <span class='ocrx_word' id='word_1_579' title='bbox 3494 2420 3615 2477; x_wconf 76' lang='lat' dir='ltr'><strong>vide</strong></span> 
     </span>
    </p>
   </div>
   <div class='ocr_carea' id='block_1_69' title="bbox 2024 2516 3615 2589">
    <p class='ocr_par' dir='ltr' id='par_1_69' title="bbox 2024 2516 3615 2589">
     <span class='ocr_line' id='line_1_69' title="bbox 2024 2516 3615 2589; baseline -0.004 -12"><span class='ocrx_word' id='word_1_580' title='bbox 2024 2523 2369 2576; x_wconf 82' lang='lat' dir='ltr'><strong>clementiam</strong></span> <span class='ocrx_word' id='word_1_581' title='bbox 2399 2520 2655 2575; x_wconf 69' lang='lat' dir='ltr'><strong>riri..l:mt</strong></span> <span class='ocrx_word' id='word_1_582' title='bbox 2687 2518 2972 2588; x_wconf 82' lang='lat' dir='ltr'><strong>repudiata</strong></span> <span class='ocrx_word' id='word_1_583' title='bbox 2994 2526 3109 2580; x_wconf 87' lang='lat' dir='ltr'><strong>est,</strong></span> <span class='ocrx_word' id='word_1_584' title='bbox 3140 2517 3249 2589; x_wconf 80' lang='lat' dir='ltr'><strong>jam</strong></span> <span class='ocrx_word' id='word_1_585' title='bbox 3280 2518 3491 2587; x_wconf 84' lang='lat' dir='ltr'><strong>abjccta</strong></span> <span class='ocrx_word' id='word_1_586' title='bbox 3511 2516 3615 2583; x_wconf 79' lang='lat' dir='ltr'><strong>est,</strong></span> 
     </span>
    </p>
   </div>
   <div class='ocr_carea' id='block_1_70' title="bbox 2032 2613 3622 2687">
    <p class='ocr_par' dir='ltr' id='par_1_70' title="bbox 2032 2613 3622 2687">
     <span class='ocr_line' id='line_1_70' title="bbox 2032 2613 3622 2687; baseline -0.001 -20"><span class='ocrx_word' id='word_1_587' title='bbox 2032 2614 2134 2687; x_wconf 62' lang='grc'><strong>14</strong></span> <span class='ocrx_word' id='word_1_588' title='bbox 2155 2615 2263 2683; x_wconf 81' lang='lat' dir='ltr'><strong>jam</strong></span> <span class='ocrx_word' id='word_1_589' title='bbox 2314 2617 2360 2669; x_wconf 87' lang='lat' dir='ltr'><strong>ei</strong></span> <span class='ocrx_word' id='word_1_590' title='bbox 2396 2616 2613 2669; x_wconf 78' lang='lat' dir='ltr'><strong>lo&#39;clltus</strong></span> <span class='ocrx_word' id='word_1_591' title='bbox 2645 2622 2756 2668; x_wconf 78' lang='lat' dir='ltr'><strong>est:</strong></span> <span class='ocrx_word' id='word_1_592' title='bbox 2792 2613 2920 2667; x_wconf 69' lang='lat' dir='ltr'><strong>Ha’c</strong></span> <span class='ocrx_word' id='word_1_593' title='bbox 2950 2628 3054 2667; x_wconf 81' lang='lat' dir='ltr'><strong>non</strong></span> <span class='ocrx_word' id='word_1_594' title='bbox 3100 2618 3232 2668; x_wconf 67' lang='lat' dir='ltr'><strong>uxor</strong></span> <span class='ocrx_word' id='word_1_595' title='bbox 3268 2629 3377 2667; x_wconf 83' lang='lat' dir='ltr'><strong>utea</strong></span> <span class='ocrx_word' id='word_1_596' title='bbox 3400 2658 3413 2679; x_wconf 84' lang='lat'><strong>,</strong></span> <span class='ocrx_word' id='word_1_597' title='bbox 3443 2622 3491 2667; x_wconf 87' lang='lat' dir='ltr'><strong>et</strong></span> <span class='ocrx_word' id='word_1_598' title='bbox 3531 2620 3622 2682; x_wconf 83' lang='lat' dir='ltr'><strong>ego</strong></span> 
     </span>
    </p>
   </div>
   <div class='ocr_carea' id='block_1_71' title="bbox 2024 2704 3614 2782">
    <p class='ocr_par' dir='ltr' id='par_1_71' title="bbox 2024 2704 3614 2782">
     <span class='ocr_line' id='line_1_71' title="bbox 2024 2704 3614 2782; baseline -0.004 -17"><span class='ocrx_word' id='word_1_599' title='bbox 2024 2728 2125 2765; x_wconf 86' lang='lat' dir='ltr'><strong>non</strong></span> <span class='ocrx_word' id='word_1_600' title='bbox 2155 2711 2233 2763; x_wconf 83' lang='lat' dir='ltr'><strong>vir</strong></span> <span class='ocrx_word' id='word_1_601' title='bbox 2276 2710 2431 2782; x_wconf 67' lang='lat' dir='ltr'><strong>ejtts.‘</strong></span> <span class='ocrx_word' id='word_1_602' title='bbox 2466 2718 2644 2764; x_wconf 80' lang='lat' dir='ltr'><strong>tamen</strong></span> <span class='ocrx_word' id='word_1_603' title='bbox 2679 2708 2925 2778; x_wconf 60' lang='lat' dir='ltr'><strong>praecipit</strong></span> <span class='ocrx_word' id='word_1_604' title='bbox 2970 2704 3128 2773; x_wconf 75' lang='lat' dir='ltr'><strong>ﬁliis,</strong></span> <span class='ocrx_word' id='word_1_605' title='bbox 3174 2706 3230 2760; x_wconf 80' lang='lat' dir='ltr'><strong>ut</strong></span> <span class='ocrx_word' id='word_1_606' title='bbox 3273 2704 3614 2776; x_wconf 79' lang='lat' dir='ltr'><strong>nequaquam</strong></span> 
     </span>
    </p>
   </div>
   <div class='ocr_carea' id='block_1_72' title="bbox 2028 2798 3620 2871">
    <p class='ocr_par' dir='ltr' id='par_1_72' title="bbox 2028 2798 3620 2871">
     <span class='ocr_line' id='line_1_72' title="bbox 2028 2798 3620 2871; baseline -0.003 -16"><span class='ocrx_word' id='word_1_607' title='bbox 2028 2803 2092 2857; x_wconf 89' lang='lat' dir='ltr'><strong>ad</strong></span> <span class='ocrx_word' id='word_1_608' title='bbox 2126 2810 2347 2856; x_wconf 67' lang='lat' dir='ltr'><strong>rnorem</strong></span> <span class='ocrx_word' id='word_1_609' title='bbox 2376 2803 2545 2871; x_wconf 88' lang='lat' dir='ltr'><strong>patris</strong></span> <span class='ocrx_word' id='word_1_610' title='bbox 2599 2798 2626 2838; x_wconf 68' lang='grc' dir='ltr'>ιδ</span> <span class='ocrx_word' id='word_1_611' title='bbox 2668 2816 2827 2871; x_wconf 89' lang='lat' dir='ltr'><strong>quam</strong></span> <span class='ocrx_word' id='word_1_612' title='bbox 2864 2800 2957 2855; x_wconf 90' lang='lat' dir='ltr'><strong>ille</strong></span> <span class='ocrx_word' id='word_1_613' title='bbox 3002 2800 3243 2863; x_wconf 80' lang='lat' dir='ltr'><strong>dimisit,</strong></span> <span class='ocrx_word' id='word_1_614' title='bbox 3280 2798 3467 2853; x_wconf 61' lang='lat' dir='ltr'><strong>sed’ad</strong></span> <span class='ocrx_word' id='word_1_615' title='bbox 3502 2806 3620 2851; x_wconf 55' lang='lat' dir='ltr'><strong>mae</strong></span> 
     </span>
    </p>
   </div>
   <div class='ocr_carea' id='block_1_73' title="bbox 2022 2890 3612 2964">
    <p class='ocr_par' dir='ltr' id='par_1_73' title="bbox 2022 2890 3612 2964">
     <span class='ocr_line' id='line_1_73' title="bbox 2022 2890 3612 2964; baseline -0.003 -15"><span class='ocrx_word' id='word_1_616' title='bbox 2022 2904 2160 2949; x_wconf 85' lang='lat' dir='ltr'><strong>trem</strong></span> <span class='ocrx_word' id='word_1_617' title='bbox 2203 2910 2354 2948; x_wconf 78' lang='lat' dir='ltr'><strong>suam</strong></span> <span class='ocrx_word' id='word_1_618' title='bbox 2398 2896 2691 2964; x_wconf 82' lang='lat' dir='ltr'><strong>loquantur</strong></span> <span class='ocrx_word' id='word_1_619' title='bbox 2729 2909 2848 2962; x_wconf 71' lang='lat' dir='ltr'><strong>qua:</strong></span> <span class='ocrx_word' id='word_1_620' title='bbox 2900 2908 2993 2947; x_wconf 74' lang='lat' dir='ltr'><strong>eos</strong></span> <span class='ocrx_word' id='word_1_621' title='bbox 3034 2893 3238 2961; x_wconf 69' lang='lat' dir='ltr'><strong>genuit.</strong></span> <span class='ocrx_word' id='word_1_622' title='bbox 3289 2890 3612 2962; x_wconf 86' lang='lat' dir='ltr'><strong>Loquantur</strong></span> 
     </span>
    </p>
   </div>
   <div class='ocr_carea' id='block_1_74' title="bbox 2028 2983 3618 3055">
    <p class='ocr_par' dir='ltr' id='par_1_74' title="bbox 2028 2983 3618 3055">
     <span class='ocr_line' id='line_1_74' title="bbox 2028 2983 3618 3055; baseline -0.003 -15"><span class='ocrx_word' id='word_1_623' title='bbox 2028 2997 2204 3041; x_wconf 80' lang='lat' dir='ltr'><strong>autem</strong></span> <span class='ocrx_word' id='word_1_624' title='bbox 2234 2988 2297 3039; x_wconf 77' lang='lat' dir='ltr'><strong>ad</strong></span> <span class='ocrx_word' id='word_1_625' title='bbox 2332 2987 2707 3054; x_wconf 62' lang='lat' dir='ltr'><strong>paenitentiam</strong></span> <span class='ocrx_word' id='word_1_626' title='bbox 2740 2994 3102 3055; x_wconf 80' lang='lat' dir='ltr'><strong>provocantes</strong></span> <span class='ocrx_word' id='word_1_627' title='bbox 3130 3028 3143 3049; x_wconf 94' lang='lat'><strong>,</strong></span> <span class='ocrx_word' id='word_1_628' title='bbox 3179 2994 3231 3037; x_wconf 88' lang='grc' dir='ltr'><strong>ιιι</strong></span> <span class='ocrx_word' id='word_1_629' title='bbox 3264 2986 3474 3037; x_wconf 55' lang='lat' dir='ltr'><strong>null-rat</strong></span> <span class='ocrx_word' id='word_1_630' title='bbox 3507 2983 3618 3037; x_wconf 87' lang='lat' dir='ltr'><strong>for-</strong></span> 
     </span>
    </p>
   </div>
   <div class='ocr_carea' id='block_1_75' title="bbox 2032 3074 3625 3147">
    <p class='ocr_par' dir='ltr' id='par_1_75' title="bbox 2032 3074 3625 3147">
     <span class='ocr_line' id='line_1_75' title="bbox 2032 3074 3625 3147; baseline -0.002 -13"><span class='ocrx_word' id='word_1_631' title='bbox 2032 3081 2337 3134; x_wconf 69' lang='lat' dir='ltr'><strong>nicationes</strong></span> <span class='ocrx_word' id='word_1_632' title='bbox 2367 3095 2395 3132; x_wconf 88' lang='lat' dir='ltr'><strong>a</strong></span> <span class='ocrx_word' id='word_1_633' title='bbox 2428 3079 2563 3133; x_wconf 77' lang='lat' dir='ltr'><strong>facie</strong></span> <span class='ocrx_word' id='word_1_634' title='bbox 2611 3094 2705 3131; x_wconf 67' lang='lat' dir='ltr'><strong>sua</strong></span> <span class='ocrx_word' id='word_1_635' title='bbox 2739 3124 2752 3147; x_wconf 91' lang='lat'><strong>,</strong></span> <span class='ocrx_word' id='word_1_636' title='bbox 2796 3082 2849 3132; x_wconf 88' lang='lat' dir='ltr'><strong>et</strong></span> <span class='ocrx_word' id='word_1_637' title='bbox 2898 3078 3164 3131; x_wconf 84' lang='lat' dir='ltr'><strong>adulteria</strong></span> <span class='ocrx_word' id='word_1_638' title='bbox 3211 3082 3304 3130; x_wconf 87' lang='lat' dir='ltr'><strong>sita</strong></span> <span class='ocrx_word' id='word_1_639' title='bbox 3349 3075 3417 3131; x_wconf 88' lang='lat' dir='ltr'><strong>de</strong></span> <span class='ocrx_word' id='word_1_640' title='bbox 3447 3074 3625 3131; x_wconf 77' lang='lat' dir='ltr'><strong>medii)</strong></span> 
     </span>
    </p>
   </div>
   <div class='ocr_carea' id='block_1_76' title="bbox 2035 3169 3627 3240">
    <p class='ocr_par' dir='ltr' id='par_1_76' title="bbox 2035 3169 3627 3240">
     <span class='ocr_line' id='line_1_76' title="bbox 2035 3169 3627 3240; baseline -0.001 -15"><span class='ocrx_word' id='word_1_641' title='bbox 2035 3176 2260 3228; x_wconf 75' lang='lat' dir='ltr'><strong>uberum</strong></span> <span class='ocrx_word' id='word_1_642' title='bbox 2298 3188 2541 3226; x_wconf 88' lang='lat' dir='ltr'><strong>suormu.</strong></span> <span class='ocrx_word' id='word_1_643' title='bbox 2578 3172 2895 3225; x_wconf 82' lang='lat' dir='ltr'><strong>Fornicaria</strong></span> <span class='ocrx_word' id='word_1_644' title='bbox 2928 3178 3047 3237; x_wconf 80' lang='lat' dir='ltr'><strong>est,</strong></span> <span class='ocrx_word' id='word_1_645' title='bbox 3076 3182 3197 3240; x_wconf 74' lang='lat' dir='ltr'><strong>qttrc</strong></span> <span class='ocrx_word' id='word_1_646' title='bbox 3222 3172 3343 3225; x_wconf 80' lang='lat' dir='ltr'><strong>eum</strong></span> <span class='ocrx_word' id='word_1_647' title='bbox 3382 3169 3627 3239; x_wconf 87' lang='lat' dir='ltr'><strong>pluribus</strong></span> 
     </span>
    </p>
   </div>
   <div class='ocr_carea' id='block_1_77' title="bbox 2032 3263 3628 3337">
    <p class='ocr_par' dir='ltr' id='par_1_77' title="bbox 2032 3263 3628 3337">
     <span class='ocr_line' id='line_1_77' title="bbox 2032 3263 3628 3337; baseline -0.004 -14"><span class='ocrx_word' id='word_1_648' title='bbox 2032 3268 2340 3337; x_wconf 82' lang='lat' dir='ltr'><strong>copulatur.</strong></span> <span class='ocrx_word' id='word_1_649' title='bbox 2393 3266 2655 3319; x_wconf 85' lang='lat' dir='ltr'><strong>Adultera</strong></span> <span class='ocrx_word' id='word_1_650' title='bbox 2685 3306 2697 3331; x_wconf 93' lang='lat'><strong>,</strong></span> <span class='ocrx_word' id='word_1_651' title='bbox 2733 3280 2853 3335; x_wconf 79' lang='lat' dir='ltr'><strong>quae</strong></span> <span class='ocrx_word' id='word_1_652' title='bbox 2901 3281 3065 3317; x_wconf 86' lang='lat' dir='ltr'><strong>unum</strong></span> <span class='ocrx_word' id='word_1_653' title='bbox 3112 3264 3283 3317; x_wconf 85' lang='lat' dir='ltr'><strong>virum</strong></span> <span class='ocrx_word' id='word_1_654' title='bbox 3316 3263 3578 3317; x_wconf 83' lang='lat' dir='ltr'><strong>deserens</strong></span> <span class='ocrx_word' id='word_1_655' title='bbox 3614 3286 3628 3327; x_wconf 72' lang='lat'><strong>-,</strong></span> 
     </span>
    </p>
   </div>
   <div class='ocr_carea' id='block_1_78' title="bbox 2032 3360 3628 3431">
    <p class='ocr_par' dir='ltr' id='par_1_78' title="bbox 2032 3360 3628 3431">
     <span class='ocr_line' id='line_1_78' title="bbox 2032 3360 3628 3431; baseline -0.006 -15"><span class='ocrx_word' id='word_1_656' title='bbox 2032 3363 2187 3416; x_wconf 89' lang='lat' dir='ltr'><strong>alteri</strong></span> <span class='ocrx_word' id='word_1_657' title='bbox 2236 3362 2497 3431; x_wconf 79' lang='lat' dir='ltr'><strong>jungitur.</strong></span> <span class='ocrx_word' id='word_1_658' title='bbox 2554 3360 2797 3428; x_wconf 68' lang='lat' dir='ltr'><strong>Quorum</strong></span> <span class='ocrx_word' id='word_1_659' title='bbox 2846 3362 3137 3428; x_wconf 60' lang='lat' dir='ltr'><strong>ttlrttmqué</strong></span> <span class='ocrx_word' id='word_1_660' title='bbox 3180 3370 3263 3411; x_wconf 85' lang='lat' dir='ltr'><strong>est</strong></span> <span class='ocrx_word' id='word_1_661' title='bbox 3305 3360 3628 3429; x_wconf 70' lang='lat' dir='ltr'><strong>Synagoga,</strong></span> 
     </span>
    </p>
   </div>
   <div class='ocr_carea' id='block_1_79' title="bbox 2034 3450 3631 3526">
    <p class='ocr_par' dir='ltr' id='par_1_79' title="bbox 2034 3450 3631 3526">
     <span class='ocr_line' id='line_1_79' title="bbox 2034 3450 3631 3526; baseline -0.002 -20"><span class='ocrx_word' id='word_1_662' title='bbox 2034 3471 2153 3526; x_wconf 68' lang='lat' dir='ltr'><strong>quae</strong></span> <span class='ocrx_word' id='word_1_663' title='bbox 2189 3455 2235 3509; x_wconf 83' lang='lat' dir='ltr'><strong>si</strong></span> <span class='ocrx_word' id='word_1_664' title='bbox 2276 3454 2637 3523; x_wconf 83' lang='lat' dir='ltr'><strong>permanserit</strong></span> <span class='ocrx_word' id='word_1_665' title='bbox 2687 3453 2738 3505; x_wconf 92' lang='lat' dir='ltr'><strong>in</strong></span> <span class='ocrx_word' id='word_1_666' title='bbox 2794 3451 3164 3505; x_wconf 79' lang='lat' dir='ltr'><strong>fornicatione</strong></span> <span class='ocrx_word' id='word_1_667' title='bbox 3215 3456 3271 3504; x_wconf 85' lang='lat' dir='ltr'><strong>et</strong></span> <span class='ocrx_word' id='word_1_668' title='bbox 3322 3450 3631 3517; x_wconf 82' lang='lat' dir='ltr'><strong>adulterio,</strong></span> 
     </span>
    </p>
   </div>
   <div class='ocr_carea' id='block_1_80' title="bbox 2036 3543 3635 3614">
    <p class='ocr_par' dir='ltr' id='par_1_80' title="bbox 2036 3543 3635 3614">
     <span class='ocr_line' id='line_1_80' title="bbox 2036 3543 3635 3614; baseline -0.004 -13"><span class='ocrx_word' id='word_1_669' title='bbox 2036 3547 2243 3602; x_wconf 80' lang='lat' dir='ltr'><strong>auferet</strong></span> <span class='ocrx_word' id='word_1_670' title='bbox 2275 3547 2340 3601; x_wconf 87' lang='lat' dir='ltr'><strong>ab</strong></span> <span class='ocrx_word' id='word_1_671' title='bbox 2370 3560 2431 3602; x_wconf 84' lang='lat' dir='ltr'><strong>ea</strong></span> <span class='ocrx_word' id='word_1_672' title='bbox 2470 3548 2606 3601; x_wconf 80' lang='lat' dir='ltr'><strong>Deus</strong></span> <span class='ocrx_word' id='word_1_673' title='bbox 2650 3553 2853 3600; x_wconf 80' lang='lat' dir='ltr'><strong>vestem</strong></span> <span class='ocrx_word' id='word_1_674' title='bbox 2887 3554 2939 3598; x_wconf 85' lang='lat' dir='ltr'><strong>et</strong></span> <span class='ocrx_word' id='word_1_675' title='bbox 2970 3548 3294 3598; x_wconf 80' lang='lat' dir='ltr'><strong>ornamenta</strong></span> <span class='ocrx_word' id='word_1_676' title='bbox 3316 3556 3436 3614; x_wconf 69' lang='lat' dir='ltr'><strong>qua:</strong></span> <span class='ocrx_word' id='word_1_677' title='bbox 3461 3543 3635 3595; x_wconf 82' lang='lat' dir='ltr'><strong>&#39;dede—</strong></span> 
     </span>
    </p>
   </div>
   <div class='ocr_carea' id='block_1_81' title="bbox 2039 3634 3629 3709">
    <p class='ocr_par' dir='ltr' id='par_1_81' title="bbox 2039 3634 3629 3709">
     <span class='ocr_line' id='line_1_81' title="bbox 2039 3634 3629 3709; baseline -0.004 -16"><span class='ocrx_word' id='word_1_678' title='bbox 2039 3650 2138 3695; x_wconf 90' lang='lat' dir='ltr'><strong>rat.</strong></span> <span class='ocrx_word' id='word_1_679' title='bbox 2170 3642 2239 3693; x_wconf 73' lang='lat' dir='ltr'><strong>lle,</strong></span> <span class='ocrx_word' id='word_1_680' title='bbox 2265 3639 2458 3709; x_wconf 81' lang='lat' dir='ltr'><strong>quibus</strong></span> <span class='ocrx_word' id='word_1_681' title='bbox 2499 3636 2691 3691; x_wconf 83' lang='lat' dir='ltr'><strong>scribit</strong></span> <span class='ocrx_word' id='word_1_682' title='bbox 2731 3636 3018 3691; x_wconf 77' lang='lat' dir='ltr'><strong>Ezechiel:</strong></span> <span class='ocrx_word' id='word_1_683' title='bbox 3052 3634 3117 3688; x_wconf 84' lang='lat' dir='ltr'><strong>In</strong></span> <span class='ocrx_word' id='word_1_684' title='bbox 3153 3636 3234 3688; x_wconf 83' lang='lat' dir='ltr'><strong>die</strong></span> <span class='ocrx_word' id='word_1_685' title='bbox 3260 3634 3468 3705; x_wconf 69' lang='lat' dir='ltr'><strong>quaitdo</strong></span> <span class='ocrx_word' id='word_1_686' title='bbox 3507 3640 3629 3687; x_wconf 84' lang='lat' dir='ltr'><strong>nata</strong></span> 
     </span>
    </p>
   </div>
   <div class='ocr_carea' id='block_1_82' title="bbox 2034 3728 3631 3806">
    <p class='ocr_par' dir='ltr' id='par_1_82' title="bbox 2034 3728 3631 3806">
     <span class='ocr_line' id='line_1_82' title="bbox 2034 3728 3631 3806; baseline -0.003 -20"><span class='ocrx_word' id='word_1_687' title='bbox 2034 3751 2108 3798; x_wconf 87' lang='lat' dir='ltr'><strong>es,</strong></span> <span class='ocrx_word' id='word_1_688' title='bbox 2132 3750 2235 3787; x_wconf 85' lang='lat' dir='ltr'><strong>non</strong></span> <span class='ocrx_word' id='word_1_689' title='bbox 2263 3732 2548 3806; x_wconf 75' lang='lat' dir='ltr'><strong>ligaverunt</strong></span> <span class='ocrx_word' id='word_1_690' title='bbox 2577 3731 2837 3785; x_wconf 82' lang='lat' dir='ltr'><strong>mamillas</strong></span> <span class='ocrx_word' id='word_1_691' title='bbox 2866 3738 2983 3783; x_wconf 85' lang='lat' dir='ltr'><strong>tuas</strong></span> <span class='ocrx_word' id='word_1_692' title='bbox 3006 3773 3020 3796; x_wconf 90' lang='lat'><strong>,</strong></span> <span class='ocrx_word' id='word_1_693' title='bbox 3054 3738 3097 3783; x_wconf 84' lang='lat' dir='ltr'><strong>et</strong></span> <span class='ocrx_word' id='word_1_694' title='bbox 3122 3728 3346 3783; x_wconf 81' lang='lat' dir='ltr'><strong>salenon</strong></span> <span class='ocrx_word' id='word_1_695' title='bbox 3364 3746 3415 3781; x_wconf 84' lang='lat' dir='ltr'><strong>es</strong></span> <span class='ocrx_word' id='word_1_696' title='bbox 3436 3728 3631 3781; x_wconf 72' lang='lat' dir='ltr'><strong>solita:</strong></span> 
     </span>
    </p>
   </div>
   <div class='ocr_carea' id='block_1_83' title="bbox 2036 3818 3630 3895">
    <p class='ocr_par' dir='ltr' id='par_1_83' title="bbox 2036 3818 3630 3895">
     <span class='ocr_line' id='line_1_83' title="bbox 2036 3818 3630 3895; baseline -0.005 -14"><span class='ocrx_word' id='word_1_697' title='bbox 2036 3838 2081 3881; x_wconf 86' lang='lat' dir='ltr'><strong>et</strong></span> <span class='ocrx_word' id='word_1_698' title='bbox 2111 3828 2323 3880; x_wconf 78' lang='lat' dir='ltr'><strong>transivi</strong></span> <span class='ocrx_word' id='word_1_699' title='bbox 2346 3841 2435 3895; x_wconf 82' lang='lat' dir='ltr'><strong>per</strong></span> <span class='ocrx_word' id='word_1_700' title='bbox 2458 3834 2527 3893; x_wconf 84' lang='lat' dir='ltr'><strong>te,</strong></span> <span class='ocrx_word' id='word_1_701' title='bbox 2561 3834 2605 3878; x_wconf 86' lang='lat' dir='ltr'><strong>et</strong></span> <span class='ocrx_word' id='word_1_702' title='bbox 2627 3825 2799 3878; x_wconf 77' lang='lat' dir='ltr'><strong>inueni</strong></span> <span class='ocrx_word' id='word_1_703' title='bbox 2823 3833 2870 3877; x_wconf 84' lang='lat' dir='ltr'><strong>te</strong></span> <span class='ocrx_word' id='word_1_704' title='bbox 2896 3824 3109 3889; x_wconf 85' lang='lat' dir='ltr'><strong>nudam,</strong></span> <span class='ocrx_word' id='word_1_705' title='bbox 3133 3818 3183 3875; x_wconf 84' lang='lat' dir='ltr'><strong>et</strong></span> <span class='ocrx_word' id='word_1_706' title='bbox 3207 3822 3559 3892; x_wconf 72' lang='lat' dir='ltr'><strong>detur-palam,</strong></span> <span class='ocrx_word' id='word_1_707' title='bbox 3583 3822 3630 3874; x_wconf 79' lang='lat' dir='ltr'><strong>et</strong></span> 
     </span>
    </p>
   </div>
   <div class='ocr_carea' id='block_1_84' title="bbox 2035 3915 3636 3989">
    <p class='ocr_par' dir='ltr' id='par_1_84' title="bbox 2035 3915 3636 3989">
     <span class='ocr_line' id='line_1_84' title="bbox 2035 3915 3636 3989; baseline -0.002 -16"><span class='ocrx_word' id='word_1_708' title='bbox 2035 3936 2361 3987; x_wconf 79' lang='lat' dir='ltr'><strong>conspersum</strong></span> <span class='ocrx_word' id='word_1_709' title='bbox 2405 3920 2457 3971; x_wconf 83' lang='lat' dir='ltr'><strong>in</strong></span> <span class='ocrx_word' id='word_1_710' title='bbox 2502 3918 2753 3989; x_wconf 86' lang='lat' dir='ltr'><strong>sanguine</strong></span> <span class='ocrx_word' id='word_1_711' title='bbox 2806 3915 3019 3988; x_wconf 77' lang='lat' dir='ltr'><strong>(Ezech.</strong></span> <span class='ocrx_word' id='word_1_712' title='bbox 3053 3931 3162 3982; x_wconf 83' lang='lat' dir='ltr'><strong>xVI,</strong></span> <span class='ocrx_word' id='word_1_713' title='bbox 3195 3915 3262 3985; x_wconf 72' lang='grc'><strong>4,</strong></span> <span class='ocrx_word' id='word_1_714' title='bbox 3299 3915 3375 3983; x_wconf 71' lang='lat' dir='ltr'><strong>ii).</strong></span> <span class='ocrx_word' id='word_1_715' title='bbox 3410 3915 3475 3969; x_wconf 89' lang='lat' dir='ltr'><strong>Et</strong></span> <span class='ocrx_word' id='word_1_716' title='bbox 3512 3915 3636 3983; x_wconf 70' lang='lat' dir='ltr'><strong>post</strong></span> 
     </span>
    </p>
   </div>
   <div class='ocr_carea' id='block_1_85' title="bbox 2034 4008 3636 4085">
    <p class='ocr_par' dir='ltr' id='par_1_85' title="bbox 2034 4008 3636 4085">
     <span class='ocr_line' id='line_1_85' title="bbox 2034 4008 3636 4085; baseline -0.001 -22"><span class='ocrx_word' id='word_1_717' title='bbox 2034 4016 2309 4085; x_wconf 83' lang='lat' dir='ltr'><strong>paululum</strong></span> <span class='ocrx_word' id='word_1_718' title='bbox 2344 4030 2354 4064; x_wconf 90' lang='lat'>:</span> <span class='ocrx_word' id='word_1_719' title='bbox 2389 4010 2549 4065; x_wconf 87' lang='lat' dir='ltr'><strong>Indui</strong></span> <span class='ocrx_word' id='word_1_720' title='bbox 2578 4021 2623 4065; x_wconf 86' lang='lat' dir='ltr'><strong>te</strong></span> <span class='ocrx_word' id='word_1_721' title='bbox 2654 4011 2858 4081; x_wconf 81' lang='lat' dir='ltr'><strong>byssino</strong></span> <span class='ocrx_word' id='word_1_722' title='bbox 2881 4020 2928 4063; x_wconf 85' lang='lat' dir='ltr'><strong>et</strong></span> <span class='ocrx_word' id='word_1_723' title='bbox 2953 4008 3310 4073; x_wconf 84' lang='lat' dir='ltr'><strong>subtilibus,et</strong></span> <span class='ocrx_word' id='word_1_724' title='bbox 3335 4012 3636 4062; x_wconf 83' lang='lat' dir='ltr'><strong>ornamenta</strong></span> 
     </span>
    </p>
   </div>
   <div class='ocr_carea' id='block_1_86' title="bbox 2035 4102 3631 4178">
    <p class='ocr_par' dir='ltr' id='par_1_86' title="bbox 2035 4102 3631 4178">
     <span class='ocr_line' id='line_1_86' title="bbox 2035 4102 3631 4178; baseline -0.005 -17"><span class='ocrx_word' id='word_1_725' title='bbox 2035 4106 2380 4178; x_wconf 82' lang='lat' dir='ltr'><strong>circumposui</strong></span> <span class='ocrx_word' id='word_1_726' title='bbox 2413 4105 2533 4171; x_wconf 83' lang='lat' dir='ltr'><strong>tibi,</strong></span> <span class='ocrx_word' id='word_1_727' title='bbox 2579 4115 2623 4157; x_wconf 89' lang='lat' dir='ltr'><strong>et</strong></span> <span class='ocrx_word' id='word_1_728' title='bbox 2656 4104 2774 4157; x_wconf 83' lang='lat' dir='ltr'><strong>dedi</strong></span> <span class='ocrx_word' id='word_1_729' title='bbox 2813 4102 3047 4156; x_wconf 87' lang='lat' dir='ltr'><strong>armillas</strong></span> <span class='ocrx_word' id='word_1_730' title='bbox 3078 4103 3215 4157; x_wconf 81' lang='lat' dir='ltr'><strong>circa</strong></span> <span class='ocrx_word' id='word_1_731' title='bbox 3253 4105 3439 4154; x_wconf 65' lang='lat' dir='ltr'><strong>litantis</strong></span> <span class='ocrx_word' id='word_1_732' title='bbox 3473 4112 3593 4154; x_wconf 79' lang='lat' dir='ltr'><strong>tuas</strong></span> <span class='ocrx_word' id='word_1_733' title='bbox 3617 4140 3631 4167; x_wconf 88' lang='lat'><strong>,</strong></span> 
     </span>
    </p>
   </div>
   <div class='ocr_carea' id='block_1_87' title="bbox 2034 4196 3715 4255">
    <p class='ocr_par' dir='ltr' id='par_1_87' title="bbox 2034 4196 3715 4255">
     <span class='ocr_line' id='line_1_87' title="bbox 2034 4196 3715 4255; baseline -0.003 -1"><span class='ocrx_word' id='word_1_734' title='bbox 2034 4212 2081 4255; x_wconf 85' lang='lat' dir='ltr'><strong>et</strong></span> <span class='ocrx_word' id='word_1_735' title='bbox 2110 4200 2296 4253; x_wconf 80' lang='lat' dir='ltr'><strong>monile</strong></span> <span class='ocrx_word' id='word_1_736' title='bbox 2339 4201 2475 4252; x_wconf 83' lang='lat' dir='ltr'><strong>circa</strong></span> <span class='ocrx_word' id='word_1_737' title='bbox 2501 4199 2693 4251; x_wconf 83' lang='lat' dir='ltr'><strong>collum</strong></span> <span class='ocrx_word' id='word_1_738' title='bbox 2720 4207 2888 4251; x_wconf 86' lang='lat' dir='ltr'><strong>tuum.</strong></span> <span class='ocrx_word' id='word_1_739' title='bbox 2924 4198 3054 4251; x_wconf 69' lang='lat' dir='ltr'><strong>Ilmc</strong></span> <span class='ocrx_word' id='word_1_740' title='bbox 3085 4200 3216 4251; x_wconf 86' lang='lat' dir='ltr'><strong>tunc</strong></span> <span class='ocrx_word' id='word_1_741' title='bbox 3248 4196 3298 4251; x_wconf 87' lang='lat' dir='ltr'><strong>ei</strong></span> <span class='ocrx_word' id='word_1_742' title='bbox 3329 4196 3476 4251; x_wconf 87' lang='lat' dir='ltr'><strong>dedit</strong></span> <span class='ocrx_word' id='word_1_743' title='bbox 3508 4205 3630 4250; x_wconf 51' lang='lat' dir='ltr'><strong>mai</strong></span> <span class='ocrx_word' id='word_1_744' title='bbox 3708 4242 3715 4249; x_wconf 83' lang='lat'><strong>.</strong></span> 
     </span>
    </p>
   </div>
   <div class='ocr_carea' id='block_1_88' title="bbox 2036 4291 3635 4365">
    <p class='ocr_par' dir='ltr' id='par_1_88' title="bbox 2036 4291 3635 4365">
     <span class='ocr_line' id='line_1_88' title="bbox 2036 4291 3635 4365; baseline -0.004 -14"><span class='ocrx_word' id='word_1_745' title='bbox 2036 4298 2174 4351; x_wconf 87' lang='lat' dir='ltr'><strong>ritus</strong></span> <span class='ocrx_word' id='word_1_746' title='bbox 2204 4294 2583 4365; x_wconf 70' lang='lat' dir='ltr'><strong>largissimus,</strong></span> <span class='ocrx_word' id='word_1_747' title='bbox 2619 4293 2833 4365; x_wconf 88' lang='lat' dir='ltr'><strong>quando</strong></span> <span class='ocrx_word' id='word_1_748' title='bbox 2867 4293 3077 4349; x_wconf 80' lang='lat' dir='ltr'><strong>invenit</strong></span> <span class='ocrx_word' id='word_1_749' title='bbox 3125 4293 3270 4349; x_wconf 85' lang='lat' dir='ltr'><strong>illam</strong></span> <span class='ocrx_word' id='word_1_750' title='bbox 3312 4294 3364 4347; x_wconf 86' lang='lat' dir='ltr'><strong>in</strong></span> <span class='ocrx_word' id='word_1_751' title='bbox 3395 4291 3635 4364; x_wconf 63' lang='lat' dir='ltr'><strong>Egyptd</strong></span> 
     </span>
    </p>
   </div>
   <div class='ocr_carea' id='block_1_89' title="bbox 2035 4384 3635 4457">
    <p class='ocr_par' dir='ltr' id='par_1_89' title="bbox 2035 4384 3635 4457">
     <span class='ocr_line' id='line_1_89' title="bbox 2035 4384 3635 4457; baseline -0.002 -14"><span class='ocrx_word' id='word_1_752' title='bbox 2035 4388 2361 4443; x_wconf 70' lang='lat' dir='ltr'><strong>idololatriae</strong></span> <span class='ocrx_word' id='word_1_753' title='bbox 2402 4388 2628 4443; x_wconf 84' lang='lat' dir='ltr'><strong>libidine</strong></span> <span class='ocrx_word' id='word_1_754' title='bbox 2664 4396 3075 4457; x_wconf 83' lang='lat' dir='ltr'><strong>constupratam</strong></span> <span class='ocrx_word' id='word_1_755' title='bbox 3131 4395 3185 4442; x_wconf 87' lang='lat' dir='ltr'><strong>et</strong></span> <span class='ocrx_word' id='word_1_756' title='bbox 3241 4384 3635 4442; x_wconf 61' lang='lat' dir='ltr'><strong>dirariCatttem</strong></span> 
     </span>
    </p>
   </div>
   <div class='ocr_carea' id='block_1_90' title="bbox 2036 4478 3633 4551">
    <p class='ocr_par' dir='ltr' id='par_1_90' title="bbox 2036 4478 3633 4551">
     <span class='ocr_line' id='line_1_90' title="bbox 2036 4478 3633 4551; baseline -0.003 -14"><span class='ocrx_word' id='word_1_757' title='bbox 2036 4482 2288 4537; x_wconf 87' lang='lat' dir='ltr'><strong>omnibus</strong></span> <span class='ocrx_word' id='word_1_758' title='bbox 2329 4481 2497 4551; x_wconf 83' lang='lat' dir='ltr'><strong>pedes</strong></span> <span class='ocrx_word' id='word_1_759' title='bbox 2542 4490 2693 4535; x_wconf 86' lang='lat' dir='ltr'><strong>suos.</strong></span> <span class='ocrx_word' id='word_1_760' title='bbox 2733 4481 2794 4535; x_wconf 84' lang='lat' dir='ltr'><strong>Et</strong></span> <span class='ocrx_word' id='word_1_761' title='bbox 2830 4496 2973 4535; x_wconf 77' lang='lat' dir='ltr'><strong>trunc</strong></span> <span class='ocrx_word' id='word_1_762' title='bbox 3022 4481 3387 4535; x_wconf 81' lang='lat' dir='ltr'><strong>comminatur</strong></span> <span class='ocrx_word' id='word_1_763' title='bbox 3419 4520 3433 4545; x_wconf 91' lang='lat'><strong>,</strong></span> <span class='ocrx_word' id='word_1_764' title='bbox 3486 4478 3533 4533; x_wconf 88' lang='lat' dir='ltr'><strong>si</strong></span> <span class='ocrx_word' id='word_1_765' title='bbox 3568 4478 3633 4533; x_wconf 91' lang='lat' dir='ltr'><strong>ad</strong></span> 
     </span>
    </p>
   </div>
   <div class='ocr_carea' id='block_1_91' title="bbox 2038 4570 3638 4641">
    <p class='ocr_par' dir='ltr' id='par_1_91' title="bbox 2038 4570 3638 4641">
     <span class='ocr_line' id='line_1_91' title="bbox 2038 4570 3638 4641; baseline -0.003 -12"><span class='ocrx_word' id='word_1_766' title='bbox 2038 4578 2210 4629; x_wconf 87' lang='lat' dir='ltr'><strong>virum</strong></span> <span class='ocrx_word' id='word_1_767' title='bbox 2232 4580 2385 4628; x_wconf 81' lang='lat' dir='ltr'><strong>sittitn</strong></span> <span class='ocrx_word' id='word_1_768' title='bbox 2405 4575 2642 4629; x_wconf 87' lang='lat' dir='ltr'><strong>noluerit</strong></span> <span class='ocrx_word' id='word_1_769' title='bbox 2673 4574 2898 4641; x_wconf 79' lang='lat' dir='ltr'><strong>reverti,</strong></span> <span class='ocrx_word' id='word_1_770' title='bbox 2928 4576 2998 4630; x_wconf 88' lang='lat' dir='ltr'><strong>ita</strong></span> <span class='ocrx_word' id='word_1_771' title='bbox 3020 4588 3139 4629; x_wconf 84' lang='lat' dir='ltr'><strong>eam</strong></span> <span class='ocrx_word' id='word_1_772' title='bbox 3168 4577 3409 4627; x_wconf 80' lang='lat' dir='ltr'><strong>futuram</strong></span> <span class='ocrx_word' id='word_1_773' title='bbox 3437 4570 3638 4641; x_wconf 88' lang='lat' dir='ltr'><strong>absque</strong></span> 
     </span>
    </p>
   </div>
   <div class='ocr_carea' id='block_1_92' title="bbox 342 4649 3635 4742">
    <p class='ocr_par' dir='ltr' id='par_1_92' title="bbox 342 4649 3635 4742">
     <span class='ocr_line' id='line_1_92' title="bbox 342 4649 3635 4742; baseline 0.001 -24"><span class='ocrx_word' id='word_1_774' title='bbox 342 4662 622 4718; x_wconf 83' lang='lat' dir='ltr'><strong>habebunt</strong></span> <span class='ocrx_word' id='word_1_775' title='bbox 660 4665 992 4734; x_wconf 85' lang='lat' dir='ltr'><strong>principem,</strong></span> <span class='ocrx_word' id='word_1_776' title='bbox 1022 4677 1078 4722; x_wconf 91' lang='lat' dir='ltr'><strong>et</strong></span> <span class='ocrx_word' id='word_1_777' title='bbox 1108 4683 1449 4739; x_wconf 88' lang='lat' dir='ltr'><strong>nequaquam</strong></span> <span class='ocrx_word' id='word_1_778' title='bbox 1483 4670 1697 4725; x_wconf 83' lang='lat' dir='ltr'><strong>dicetur</strong></span> <span class='ocrx_word' id='word_1_779' title='bbox 1720 4670 1930 4738; x_wconf 65' lang='lat' dir='ltr'><strong>Israeli,</strong></span> <span class='ocrx_word' id='word_1_780' title='bbox 1965 4649 2009 4707; x_wconf 76' lang='lat' dir='ltr'>D</span> <span class='ocrx_word' id='word_1_781' title='bbox 2040 4673 2152 4726; x_wconf 87' lang='lat' dir='ltr'><strong>Deo</strong></span> <span class='ocrx_word' id='word_1_782' title='bbox 2197 4680 2219 4709; x_wconf 76' lang='grc' dir='ltr'><strong>ο</strong></span> <span class='ocrx_word' id='word_1_783' title='bbox 2253 4678 2309 4724; x_wconf 91' lang='lat' dir='ltr'><strong>et</strong></span> <span class='ocrx_word' id='word_1_784' title='bbox 2356 4670 2474 4724; x_wconf 79' lang='lat' dir='ltr'><strong>viro</strong></span> <span class='ocrx_word' id='word_1_785' title='bbox 2501 4710 2514 4734; x_wconf 94' lang='lat'><strong>,</strong></span> <span class='ocrx_word' id='word_1_786' title='bbox 2549 4672 2691 4725; x_wconf 81' lang='lat' dir='ltr'><strong>sicut</strong></span> <span class='ocrx_word' id='word_1_787' title='bbox 2744 4671 2893 4738; x_wconf 89' lang='lat' dir='ltr'><strong>prius</strong></span> <span class='ocrx_word' id='word_1_788' title='bbox 2935 4671 2987 4724; x_wconf 92' lang='lat' dir='ltr'><strong>in</strong></span> <span class='ocrx_word' id='word_1_789' title='bbox 3032 4670 3269 4742; x_wconf 68' lang='lat' dir='ltr'><strong>ngypto</strong></span> <span class='ocrx_word' id='word_1_790' title='bbox 3326 4667 3520 4723; x_wconf 88' lang='lat' dir='ltr'><strong>fuerat.</strong></span> <span class='ocrx_word' id='word_1_791' title='bbox 3556 4664 3635 4722; x_wconf 85' lang='lat' dir='ltr'><strong>Ne</strong></span> 
     </span>
    </p>
   </div>
   <div class='ocr_carea' id='block_1_93' title="bbox 344 4758 1932 4828">
    <p class='ocr_par' dir='ltr' id='par_1_93' title="bbox 344 4758 1932 4828">
     <span class='ocr_line' id='line_1_93' title="bbox 344 4758 1932 4828; baseline 0.005 -19"><span class='ocrx_word' id='word_1_792' title='bbox 344 4773 452 4810; x_wconf 88' lang='lat' dir='ltr'><strong>non</strong></span> <span class='ocrx_word' id='word_1_793' title='bbox 483 4758 716 4828; x_wconf 84' lang='lat' dir='ltr'><strong>pepulus</strong></span> <span class='ocrx_word' id='word_1_794' title='bbox 747 4773 929 4813; x_wconf 89' lang='lat' dir='ltr'><strong>mens:</strong></span> <span class='ocrx_word' id='word_1_795' title='bbox 962 4760 1057 4814; x_wconf 92' lang='lat' dir='ltr'><strong>sed</strong></span> <span class='ocrx_word' id='word_1_796' title='bbox 1100 4761 1413 4814; x_wconf 87' lang='lat' dir='ltr'><strong>econtrariu</strong></span> <span class='ocrx_word' id='word_1_797' title='bbox 1456 4762 1799 4817; x_wconf 88' lang='lat' dir='ltr'><strong>vocabuntur</strong></span> <span class='ocrx_word' id='word_1_798' title='bbox 1840 4764 1932 4818; x_wconf 88' lang='lat' dir='ltr'><strong>lilii</strong></span> 
     </span>
    </p>
   </div>
   <div class='ocr_carea' id='block_1_94' title="bbox 346 4850 1938 4917">
    <p class='ocr_par' dir='ltr' id='par_1_94' title="bbox 346 4850 1938 4917">
     <span class='ocr_line' id='line_1_94' title="bbox 346 4850 1938 4917; baseline 0.005 -13"><span class='ocrx_word' id='word_1_799' title='bbox 346 4850 442 4904; x_wconf 84' lang='lat' dir='ltr'><strong>Dei</strong></span> <span class='ocrx_word' id='word_1_800' title='bbox 474 4850 745 4905; x_wconf 85' lang='lat' dir='ltr'><strong>viventis:</strong></span> <span class='ocrx_word' id='word_1_801' title='bbox 781 4850 1008 4913; x_wconf 77' lang='lat' dir='ltr'><strong>idcirco.</strong></span> <span class='ocrx_word' id='word_1_802' title='bbox 1045 4868 1075 4905; x_wconf 92' lang='lat' dir='ltr'><strong>o</strong></span> <span class='ocrx_word' id='word_1_803' title='bbox 1099 4851 1350 4911; x_wconf 87' lang='lat' dir='ltr'><strong>homines</strong></span> <span class='ocrx_word' id='word_1_804' title='bbox 1381 4854 1552 4908; x_wconf 90' lang='lat' dir='ltr'><strong>tribus</strong></span> <span class='ocrx_word' id='word_1_805' title='bbox 1581 4853 1742 4917; x_wconf 82' lang='lat' dir='ltr'><strong>Juda,</strong></span> <span class='ocrx_word' id='word_1_806' title='bbox 1772 4856 1938 4912; x_wconf 88' lang='lat' dir='ltr'><strong>nolite</strong></span> 
     </span>
    </p>
   </div>
   <div class='ocr_carea' id='block_1_95' title="bbox 347 4944 1938 5019">
    <p class='ocr_par' dir='ltr' id='par_1_95' title="bbox 347 4944 1938 5019">
     <span class='ocr_line' id='line_1_95' title="bbox 347 4944 1938 5019; baseline 0.004 -21"><span class='ocrx_word' id='word_1_807' title='bbox 347 4946 640 5015; x_wconf 86' lang='lat' dir='ltr'><strong>desperare</strong></span> <span class='ocrx_word' id='word_1_808' title='bbox 670 4944 860 5000; x_wconf 86' lang='lat' dir='ltr'><strong>decem</strong></span> <span class='ocrx_word' id='word_1_809' title='bbox 886 4946 1121 5001; x_wconf 79' lang='lat' dir='ltr'><strong>tribuum</strong></span> <span class='ocrx_word' id='word_1_810' title='bbox 1150 4945 1409 5013; x_wconf 87' lang='lat' dir='ltr'><strong>salutem,</strong></span> <span class='ocrx_word' id='word_1_811' title='bbox 1445 4947 1540 5002; x_wconf 90' lang='lat' dir='ltr'><strong>sed</strong></span> <span class='ocrx_word' id='word_1_812' title='bbox 1572 4962 1666 5002; x_wconf 85' lang='lat' dir='ltr'><strong>eas</strong></span> <span class='ocrx_word' id='word_1_813' title='bbox 1695 4948 1938 5019; x_wconf 80' lang='lat' dir='ltr'><strong>quotidie</strong></span> 
     </span>
    </p>
   </div>
   <div class='ocr_carea' id='block_1_96' title="bbox 348 5038 1939 5111">
    <p class='ocr_par' dir='ltr' id='par_1_96' title="bbox 348 5038 1939 5111">
     <span class='ocr_line' id='line_1_96' title="bbox 348 5038 1939 5111; baseline -0.001 -18"><span class='ocrx_word' id='word_1_814' title='bbox 348 5051 397 5093; x_wconf 87' lang='lat' dir='ltr'><strong>et</strong></span> <span class='ocrx_word' id='word_1_815' title='bbox 431 5054 691 5094; x_wconf 89' lang='lat' dir='ltr'><strong>sermone</strong></span> <span class='ocrx_word' id='word_1_816' title='bbox 719 5049 772 5094; x_wconf 91' lang='lat' dir='ltr'><strong>et</strong></span> <span class='ocrx_word' id='word_1_817' title='bbox 801 5047 926 5093; x_wconf 81' lang='lat' dir='ltr'><strong>voto</strong></span> <span class='ocrx_word' id='word_1_818' title='bbox 950 5047 1004 5093; x_wconf 87' lang='lat' dir='ltr'><strong>et</strong></span> <span class='ocrx_word' id='word_1_819' title='bbox 1025 5038 1221 5094; x_wconf 78' lang='lat' dir='ltr'><strong>litteris</strong></span> <span class='ocrx_word' id='word_1_820' title='bbox 1251 5039 1313 5092; x_wconf 89' lang='lat' dir='ltr'><strong>ad</strong></span> <span class='ocrx_word' id='word_1_821' title='bbox 1344 5039 1717 5107; x_wconf 60' lang='lat' dir='ltr'><strong>paenitentiam</strong></span> <span class='ocrx_word' id='word_1_822' title='bbox 1744 5056 1939 5111; x_wconf 77' lang='lat' dir='ltr'><strong>provo-</strong></span> 
     </span>
    </p>
   </div>
   <div class='ocr_carea' id='block_1_97' title="bbox 347 5132 1933 5203">
    <p class='ocr_par' dir='ltr' id='par_1_97' title="bbox 347 5132 1933 5203">
     <span class='ocr_line' id='line_1_97' title="bbox 347 5132 1933 5203; baseline 0.003 -17"><span class='ocrx_word' id='word_1_823' title='bbox 347 5141 487 5198; x_wconf 80' lang='lat' dir='ltr'><strong>cate,</strong></span> <span class='ocrx_word' id='word_1_824' title='bbox 516 5132 638 5202; x_wconf 88' lang='lat' dir='ltr'><strong>quia</strong></span> <span class='ocrx_word' id='word_1_825' title='bbox 664 5132 832 5187; x_wconf 82' lang='lat' dir='ltr'><strong>frater</strong></span> <span class='ocrx_word' id='word_1_826' title='bbox 860 5141 1041 5188; x_wconf 75' lang='lat' dir='ltr'><strong>vester</strong></span> <span class='ocrx_word' id='word_1_827' title='bbox 1063 5132 1414 5202; x_wconf 87' lang='lat' dir='ltr'><strong>appellantur</strong></span> <span class='ocrx_word' id='word_1_828' title='bbox 1444 5144 1497 5187; x_wconf 91' lang='lat' dir='ltr'><strong>et</strong></span> <span class='ocrx_word' id='word_1_829' title='bbox 1528 5148 1713 5188; x_wconf 81' lang='lat' dir='ltr'><strong>soror:</strong></span> <span class='ocrx_word' id='word_1_830' title='bbox 1743 5134 1933 5203; x_wconf 72' lang='lat' dir='ltr'><strong>frater,</strong></span> 
     </span>
    </p>
   </div>
   <div class='ocr_carea' id='block_1_98' title="bbox 344 5223 1935 5297">
    <p class='ocr_par' dir='ltr' id='par_1_98' title="bbox 344 5223 1935 5297">
     <span class='ocr_line' id='line_1_98' title="bbox 344 5223 1935 5297; baseline 0.003 -19"><span class='ocrx_word' id='word_1_831' title='bbox 344 5239 407 5278; x_wconf 77' lang='lat' dir='ltr'><strong>ex</strong></span> <span class='ocrx_word' id='word_1_832' title='bbox 433 5239 498 5278; x_wconf 87' lang='lat' dir='ltr'><strong>eo</strong></span> <span class='ocrx_word' id='word_1_833' title='bbox 523 5223 667 5294; x_wconf 90' lang='lat' dir='ltr'><strong>quod</strong></span> <span class='ocrx_word' id='word_1_834' title='bbox 693 5224 912 5296; x_wconf 86' lang='lat' dir='ltr'><strong>dicitur,</strong></span> <span class='ocrx_word' id='word_1_835' title='bbox 942 5223 1166 5297; x_wconf 88' lang='lat' dir='ltr'><strong>populus</strong></span> <span class='ocrx_word' id='word_1_836' title='bbox 1198 5241 1372 5278; x_wconf 87' lang='lat' dir='ltr'><strong>meus:</strong></span> <span class='ocrx_word' id='word_1_837' title='bbox 1401 5239 1585 5292; x_wconf 89' lang='lat' dir='ltr'><strong>soror,</strong></span> <span class='ocrx_word' id='word_1_838' title='bbox 1610 5242 1675 5281; x_wconf 85' lang='lat' dir='ltr'><strong>ex</strong></span> <span class='ocrx_word' id='word_1_839' title='bbox 1698 5244 1762 5281; x_wconf 89' lang='lat' dir='ltr'><strong>eo</strong></span> <span class='ocrx_word' id='word_1_840' title='bbox 1790 5228 1935 5296; x_wconf 87' lang='lat' dir='ltr'><strong>quod</strong></span> 
     </span>
    </p>
   </div>
   <div class='ocr_carea' id='block_1_99' title="bbox 344 5319 1935 5390">
    <p class='ocr_par' dir='ltr' id='par_1_99' title="bbox 344 5319 1935 5390">
     <span class='ocr_line' id='line_1_99' title="bbox 344 5319 1935 5390; baseline 0.003 -17"><span class='ocrx_word' id='word_1_841' title='bbox 344 5319 687 5390; x_wconf 81' lang='lat' dir='ltr'><strong>appellantur</strong></span> <span class='ocrx_word' id='word_1_842' title='bbox 708 5358 722 5383; x_wconf 90' lang='lat'><strong>,</strong></span> <span class='ocrx_word' id='word_1_843' title='bbox 751 5320 1160 5374; x_wconf 85' lang='lat' dir='ltr'><strong>misericordiam</strong></span> <span class='ocrx_word' id='word_1_844' title='bbox 1188 5329 1479 5375; x_wconf 85' lang='lat' dir='ltr'><strong>consecuta.</strong></span> <span class='ocrx_word' id='word_1_845' title='bbox 1509 5321 1711 5375; x_wconf 86' lang='lat' dir='ltr'><strong>Aliter:</strong></span> <span class='ocrx_word' id='word_1_846' title='bbox 1748 5322 1848 5388; x_wconf 85' lang='lat' dir='ltr'><strong>Qui</strong></span> <span class='ocrx_word' id='word_1_847' title='bbox 1884 5322 1935 5376; x_wconf 91' lang='lat' dir='ltr'><strong>in</strong></span> 
     </span>
    </p>
   </div>
   <div class='ocr_carea' id='block_1_100' title="bbox 343 5411 1936 5485">
    <p class='ocr_par' dir='ltr' id='par_1_100' title="bbox 343 5411 1936 5485">
     <span class='ocr_line' id='line_1_100' title="bbox 343 5411 1936 5485; baseline 0.004 -19"><span class='ocrx_word' id='word_1_848' title='bbox 343 5411 614 5466; x_wconf 89' lang='lat' dir='ltr'><strong>Christum</strong></span> <span class='ocrx_word' id='word_1_849' title='bbox 647 5413 900 5480; x_wconf 86' lang='lat' dir='ltr'><strong>creditis,</strong></span> <span class='ocrx_word' id='word_1_850' title='bbox 947 5424 1004 5469; x_wconf 91' lang='lat' dir='ltr'><strong>et</strong></span> <span class='ocrx_word' id='word_1_851' title='bbox 1031 5413 1167 5468; x_wconf 82' lang='lat' dir='ltr'><strong>estis</strong></span> <span class='ocrx_word' id='word_1_852' title='bbox 1210 5422 1316 5466; x_wconf 91' lang='lat' dir='ltr'><strong>tam</strong></span> <span class='ocrx_word' id='word_1_853' title='bbox 1358 5430 1422 5467; x_wconf 81' lang='lat' dir='ltr'><strong>ex</strong></span> <span class='ocrx_word' id='word_1_854' title='bbox 1451 5412 1653 5469; x_wconf 68' lang='lat' dir='ltr'><strong>Judaeis</strong></span> <span class='ocrx_word' id='word_1_855' title='bbox 1680 5432 1839 5485; x_wconf 82' lang='lat' dir='ltr'><strong>quam</strong></span> <span class='ocrx_word' id='word_1_856' title='bbox 1868 5434 1936 5473; x_wconf 82' lang='lat' dir='ltr'><strong>ex</strong></span> 
     </span>
    </p>
   </div>
   <div class='ocr_carea' id='block_1_101' title="bbox 344 5505 1933 5583">
    <p class='ocr_par' dir='ltr' id='par_1_101' title="bbox 344 5505 1933 5583">
     <span class='ocr_line' id='line_1_101' title="bbox 344 5505 1933 5583; baseline 0.006 -25"><span class='ocrx_word' id='word_1_857' title='bbox 344 5505 619 5574; x_wconf 73' lang='lat' dir='ltr'><strong>gentibus,</strong></span> <span class='ocrx_word' id='word_1_858' title='bbox 652 5506 815 5562; x_wconf 89' lang='lat' dir='ltr'><strong>dicite</strong></span> <span class='ocrx_word' id='word_1_859' title='bbox 839 5506 1026 5562; x_wconf 81' lang='lat' dir='ltr'><strong>fractis</strong></span> <span class='ocrx_word' id='word_1_860' title='bbox 1055 5508 1221 5561; x_wconf 87' lang='lat' dir='ltr'><strong>ramis</strong></span> <span class='ocrx_word' id='word_1_861' title='bbox 1247 5548 1260 5572; x_wconf 88' lang='lat'><strong>,</strong></span> <span class='ocrx_word' id='word_1_862' title='bbox 1293 5518 1346 5563; x_wconf 89' lang='lat' dir='ltr'><strong>et</strong></span> <span class='ocrx_word' id='word_1_863' title='bbox 1371 5508 1537 5577; x_wconf 85' lang='lat' dir='ltr'><strong>priori</strong></span> <span class='ocrx_word' id='word_1_864' title='bbox 1560 5512 1760 5579; x_wconf 83' lang='lat' dir='ltr'><strong>populo</strong></span> <span class='ocrx_word' id='word_1_865' title='bbox 1789 5554 1800 5573; x_wconf 90' lang='lat'><strong>,</strong></span> <span class='ocrx_word' id='word_1_866' title='bbox 1838 5513 1933 5583; x_wconf 85' lang='lat' dir='ltr'><strong>qui</strong></span> 
     </span>
    </p>
   </div>
   <div class='ocr_carea' id='block_1_102' title="bbox 345 5598 1936 5671">
    <p class='ocr_par' dir='ltr' id='par_1_102' title="bbox 345 5598 1936 5671">
     <span class='ocr_line' id='line_1_102' title="bbox 345 5598 1936 5671; baseline 0.004 -20"><span class='ocrx_word' id='word_1_867' title='bbox 345 5598 628 5668; x_wconf 72' lang='lat' dir='ltr'><strong>proiectus</strong></span> <span class='ocrx_word' id='word_1_868' title='bbox 658 5608 775 5654; x_wconf 86' lang='lat' dir='ltr'><strong>est:</strong></span> <span class='ocrx_word' id='word_1_869' title='bbox 809 5599 1045 5670; x_wconf 85' lang='lat' dir='ltr'><strong>populus</strong></span> <span class='ocrx_word' id='word_1_870' title='bbox 1076 5614 1231 5654; x_wconf 86' lang='lat' dir='ltr'><strong>meus</strong></span> <span class='ocrx_word' id='word_1_871' title='bbox 1258 5640 1272 5665; x_wconf 90' lang='lat'><strong>,</strong></span> <span class='ocrx_word' id='word_1_872' title='bbox 1302 5600 1431 5670; x_wconf 89' lang='lat' dir='ltr'><strong>quia</strong></span> <span class='ocrx_word' id='word_1_873' title='bbox 1464 5602 1632 5655; x_wconf 74' lang='lat' dir='ltr'><strong>frater</strong></span> <span class='ocrx_word' id='word_1_874' title='bbox 1663 5611 1785 5657; x_wconf 89' lang='lat' dir='ltr'><strong>tuus</strong></span> <span class='ocrx_word' id='word_1_875' title='bbox 1814 5614 1936 5671; x_wconf 64' lang='lat' dir='ltr'><strong>est;</strong></span> 
     </span>
    </p>
   </div>
   <div class='ocr_carea' id='block_1_103' title="bbox 418 5736 1940 5812">
    <p class='ocr_par' dir='ltr' id='par_1_103' title="bbox 418 5736 1940 5812">
     <span class='ocr_line' id='line_1_103' title="bbox 418 5736 1940 5812; baseline 0.003 -11"><span class='ocrx_word' id='word_1_876' title='bbox 418 5756 442 5785; x_wconf 72' lang='grc'>⁸</span> <span class='ocrx_word' id='word_1_877' title='bbox 485 5736 722 5802; x_wconf 79' lang='lat' dir='ltr'><strong>Alteram</strong></span> <span class='ocrx_word' id='word_1_878' title='bbox 757 5738 1070 5810; x_wconf 76' lang='lat' dir='ltr'><strong>lectionem,</strong></span> <span class='ocrx_word' id='word_1_879' title='bbox 1105 5745 1218 5801; x_wconf 63' lang='lat' dir='ltr'><strong>Sive</strong></span> <span class='ocrx_word' id='word_1_880' title='bbox 1245 5787 1259 5812; x_wconf 92' lang='lat'><strong>,</strong></span> <span class='ocrx_word' id='word_1_881' title='bbox 1292 5742 1340 5801; x_wconf 86' lang='lat' dir='ltr'><strong>el</strong></span> <span class='ocrx_word' id='word_1_882' title='bbox 1367 5746 1469 5801; x_wconf 81' lang='grc' dir='ltr'><em>ηοῆ</em></span> <span class='ocrx_word' id='word_1_883' title='bbox 1501 5746 1744 5803; x_wconf 79' lang='lat' dir='ltr'><strong>dilectam</strong></span> <span class='ocrx_word' id='word_1_884' title='bbox 1779 5750 1940 5805; x_wconf 84' lang='lat' dir='ltr'><strong>dilec-</strong></span> 
     </span>
    </p>
   </div>
   <div class='ocr_carea' id='block_1_104' title="bbox 345 5812 1945 5891">
    <p class='ocr_par' dir='ltr' id='par_1_104' title="bbox 345 5812 1945 5891">
     <span class='ocr_line' id='line_1_104' title="bbox 345 5812 1945 5891; baseline 0.004 -19"><span class='ocrx_word' id='word_1_885' title='bbox 345 5828 451 5873; x_wconf 89' lang='lat' dir='ltr'><strong>tam</strong></span> <span class='ocrx_word' id='word_1_886' title='bbox 477 5861 490 5884; x_wconf 90' lang='lat'><strong>,</strong></span> <span class='ocrx_word' id='word_1_887' title='bbox 522 5818 751 5891; x_wconf 79' lang='lat' dir='ltr'><strong>praefert</strong></span> <span class='ocrx_word' id='word_1_888' title='bbox 813 5819 870 5874; x_wconf 90' lang='lat' dir='ltr'><strong>S.</strong></span> <span class='ocrx_word' id='word_1_889' title='bbox 908 5821 1104 5875; x_wconf 89' lang='lat' dir='ltr'><strong>Doctor</strong></span> <span class='ocrx_word' id='word_1_890' title='bbox 1142 5820 1303 5888; x_wconf 87' lang='lat' dir='ltr'><strong>epist.</strong></span> <span class='ocrx_word' id='word_1_891' title='bbox 1362 5812 1461 5875; x_wconf 71' lang='grc'><strong>120</strong></span> <span class='ocrx_word' id='word_1_892' title='bbox 1488 5865 1501 5887; x_wconf 92' lang='grc'><em>,</em></span> <span class='ocrx_word' id='word_1_893' title='bbox 1534 5818 1599 5874; x_wconf 88' lang='lat' dir='ltr'><strong>ad</strong></span> <span class='ocrx_word' id='word_1_894' title='bbox 1662 5820 1945 5879; x_wconf 85' lang='lat' dir='ltr'><strong>llcdibiatn</strong></span> 
     </span>
    </p>
   </div>
   <div class='ocr_carea' id='block_1_105' title="bbox 344 5890 1692 5963">
    <p class='ocr_par' dir='ltr' id='par_1_105' title="bbox 344 5890 1692 5963">
     <span class='ocr_line' id='line_1_105' title="bbox 344 5890 1692 5963; baseline 0.001 -18"><span class='ocrx_word' id='word_1_895' title='bbox 344 5900 536 5961; x_wconf 65' lang='lat' dir='ltr'><strong>qumst.</strong></span> <span class='ocrx_word' id='word_1_896' title='bbox 588 5891 673 5947; x_wconf 72' lang='lat'><strong>10.</strong></span> <span class='ocrx_word' id='word_1_897' title='bbox 709 5890 941 5963; x_wconf 73' lang='lat' dir='ltr'><strong>Vulgata</strong></span> <span class='ocrx_word' id='word_1_898' title='bbox 965 5891 1128 5947; x_wconf 88' lang='lat' dir='ltr'><strong>simul</strong></span> <span class='ocrx_word' id='word_1_899' title='bbox 1162 5900 1445 5963; x_wconf 88' lang='lat' dir='ltr'><strong>utramque</strong></span> <span class='ocrx_word' id='word_1_900' title='bbox 1478 5896 1692 5947; x_wconf 80' lang='lat' dir='ltr'><strong>retinet.</strong></span> 
     </span>
    </p>
   </div>
   <div class='ocr_carea' id='block_1_106' title="bbox 2039 4762 3634 4834">
    <p class='ocr_par' dir='ltr' id='par_1_106' title="bbox 2039 4762 3634 4834">
     <span class='ocr_line' id='line_1_106' title="bbox 2039 4762 3634 4834; baseline -0.004 -14"><span class='ocrx_word' id='word_1_901' title='bbox 2039 4780 2260 4833; x_wconf 89' lang='lat' dir='ltr'><strong>semper</strong></span> <span class='ocrx_word' id='word_1_902' title='bbox 2309 4764 2510 4833; x_wconf 90' lang='lat' dir='ltr'><strong>triplici</strong></span> <span class='ocrx_word' id='word_1_903' title='bbox 2562 4765 2950 4834; x_wconf 75' lang='lat' dir='ltr'><strong>explanatione</strong></span> <span class='ocrx_word' id='word_1_904' title='bbox 2992 4765 3282 4820; x_wconf 83' lang='lat' dir='ltr'><strong>tendamus</strong></span> <span class='ocrx_word' id='word_1_905' title='bbox 3314 4762 3634 4830; x_wconf 68' lang='lat' dir='ltr'><strong>volumina;</strong></span> 
     </span>
    </p>
   </div>
   <div class='ocr_carea' id='block_1_107' title="bbox 2043 4856 3639 4928">
    <p class='ocr_par' dir='ltr' id='par_1_107' title="bbox 2043 4856 3639 4928">
     <span class='ocr_line' id='line_1_107' title="bbox 2043 4856 3639 4928; baseline -0.003 -15"><span class='ocrx_word' id='word_1_906' title='bbox 2043 4858 2147 4913; x_wconf 87' lang='lat' dir='ltr'><strong>boc</strong></span> <span class='ocrx_word' id='word_1_907' title='bbox 2176 4873 2306 4913; x_wconf 86' lang='lat' dir='ltr'><strong>raro</strong></span> <span class='ocrx_word' id='word_1_908' title='bbox 2333 4856 2689 4912; x_wconf 75' lang='lat' dir='ltr'><strong>admonuisse</strong></span> <span class='ocrx_word' id='word_1_909' title='bbox 2719 4858 2979 4924; x_wconf 72' lang='lat' dir='ltr'><strong>sufficiat,</strong></span> <span class='ocrx_word' id='word_1_910' title='bbox 3014 4874 3131 4928; x_wconf 69' lang='lat' dir='ltr'><strong>qua:</strong></span> <span class='ocrx_word' id='word_1_911' title='bbox 3162 4858 3307 4911; x_wconf 89' lang='lat' dir='ltr'><strong>dicta</strong></span> <span class='ocrx_word' id='word_1_912' title='bbox 3338 4866 3467 4911; x_wconf 88' lang='lat' dir='ltr'><strong>sunt</strong></span> <span class='ocrx_word' id='word_1_913' title='bbox 3507 4870 3639 4911; x_wconf 82' lang='lat' dir='ltr'><strong>con-</strong></span> 
     </span>
    </p>
   </div>
   <div class='ocr_carea' id='block_1_108' title="bbox 2042 4949 3638 5019">
    <p class='ocr_par' dir='ltr' id='par_1_108' title="bbox 2042 4949 3638 5019">
     <span class='ocr_line' id='line_1_108' title="bbox 2042 4949 3638 5019; baseline -0.003 -11"><span class='ocrx_word' id='word_1_914' title='bbox 2042 4955 2230 5009; x_wconf 84' lang='lat' dir='ltr'><strong>venire</strong></span> <span class='ocrx_word' id='word_1_915' title='bbox 2260 4960 2317 5007; x_wconf 89' lang='lat' dir='ltr'><strong>et</strong></span> <span class='ocrx_word' id='word_1_916' title='bbox 2337 4951 2539 5007; x_wconf 74' lang='lat' dir='ltr'><strong>Judrris</strong></span> <span class='ocrx_word' id='word_1_917' title='bbox 2571 4952 2891 5019; x_wconf 80' lang='lat' dir='ltr'><strong>negantibus</strong></span> <span class='ocrx_word' id='word_1_918' title='bbox 2921 4950 3196 5006; x_wconf 87' lang='lat' dir='ltr'><strong>Christum</strong></span> <span class='ocrx_word' id='word_1_919' title='bbox 3220 4993 3234 5019; x_wconf 92' lang='lat'><strong>,</strong></span> <span class='ocrx_word' id='word_1_920' title='bbox 3280 4954 3333 5006; x_wconf 85' lang='lat' dir='ltr'><strong>et</strong></span> <span class='ocrx_word' id='word_1_921' title='bbox 3366 4949 3638 5004; x_wconf 81' lang='lat' dir='ltr'><strong>haereticis</strong></span> 
     </span>
    </p>
   </div>
   <div class='ocr_carea' id='block_1_109' title="bbox 2046 5042 3641 5114">
    <p class='ocr_par' dir='ltr' id='par_1_109' title="bbox 2046 5042 3641 5114">
     <span class='ocr_line' id='line_1_109' title="bbox 2046 5042 3641 5114; baseline -0.002 -14"><span class='ocrx_word' id='word_1_922' title='bbox 2046 5045 2207 5100; x_wconf 79' lang='lat' dir='ltr'><strong>ﬁdem</strong></span> <span class='ocrx_word' id='word_1_923' title='bbox 2256 5042 2475 5098; x_wconf 60' lang='lat' dir='ltr'><strong>Ilon&#39;iini</strong></span> <span class='ocrx_word' id='word_1_924' title='bbox 2526 5043 3021 5113; x_wconf 85' lang='lat' dir='ltr'><strong>relinquentihus:</strong></span> <span class='ocrx_word' id='word_1_925' title='bbox 3074 5058 3303 5114; x_wconf 86' lang='lat' dir='ltr'><strong>quorum</strong></span> <span class='ocrx_word' id='word_1_926' title='bbox 3348 5042 3641 5097; x_wconf 86' lang='lat' dir='ltr'><strong>fornicatio</strong></span> 
     </span>
    </p>
   </div>
   <div class='ocr_carea' id='block_1_110' title="bbox 2047 5135 3639 5208">
    <p class='ocr_par' dir='ltr' id='par_1_110' title="bbox 2047 5135 3639 5208">
     <span class='ocr_line' id='line_1_110' title="bbox 2047 5135 3639 5208; baseline -0.001 -17"><span class='ocrx_word' id='word_1_927' title='bbox 2047 5137 2269 5208; x_wconf 89' lang='lat' dir='ltr'><strong>proprie</strong></span> <span class='ocrx_word' id='word_1_928' title='bbox 2301 5136 2443 5191; x_wconf 89' lang='lat' dir='ltr'><strong>inter</strong></span> <span class='ocrx_word' id='word_1_929' title='bbox 2488 5135 2652 5189; x_wconf 89' lang='lat' dir='ltr'><strong>ubera</strong></span> <span class='ocrx_word' id='word_1_930' title='bbox 2684 5146 2807 5199; x_wconf 90' lang='lat' dir='ltr'><strong>est,</strong></span> <span class='ocrx_word' id='word_1_931' title='bbox 2843 5145 2894 5190; x_wconf 88' lang='lat' dir='ltr'><strong>et</strong></span> <span class='ocrx_word' id='word_1_932' title='bbox 2925 5136 2978 5189; x_wconf 92' lang='lat' dir='ltr'><strong>iu</strong></span> <span class='ocrx_word' id='word_1_933' title='bbox 3024 5137 3257 5190; x_wconf 80' lang='lat' dir='ltr'><strong>artificio</strong></span> <span class='ocrx_word' id='word_1_934' title='bbox 3291 5136 3555 5189; x_wconf 87' lang='lat' dir='ltr'><strong>idolorum</strong></span> <span class='ocrx_word' id='word_1_935' title='bbox 3584 5142 3639 5190; x_wconf 87' lang='lat' dir='ltr'><strong>et</strong></span> 
     </span>
    </p>
   </div>
   <div class='ocr_carea' id='block_1_111' title="bbox 2044 5228 3641 5298">
    <p class='ocr_par' dir='ltr' id='par_1_111' title="bbox 2044 5228 3641 5298">
     <span class='ocr_line' id='line_1_111' title="bbox 2044 5228 3641 5298; baseline -0.003 -13"><span class='ocrx_word' id='word_1_936' title='bbox 2044 5228 2316 5285; x_wconf 86' lang='lat' dir='ltr'><strong>variorum</strong></span> <span class='ocrx_word' id='word_1_937' title='bbox 2342 5228 2653 5298; x_wconf 76' lang='lat' dir='ltr'><strong>dogmatum</strong></span> <span class='ocrx_word' id='word_1_938' title='bbox 2692 5228 2862 5283; x_wconf 91' lang='lat' dir='ltr'><strong>corde</strong></span> <span class='ocrx_word' id='word_1_939' title='bbox 2894 5237 3185 5292; x_wconf 75' lang='lat' dir='ltr'><strong>versatur,</strong></span> <span class='ocrx_word' id='word_1_940' title='bbox 3217 5228 3309 5296; x_wconf 91' lang='lat' dir='ltr'><strong>qui</strong></span> <span class='ocrx_word' id='word_1_941' title='bbox 3356 5232 3641 5281; x_wconf 85' lang='lat' dir='ltr'><strong>reverten-</strong></span> 
     </span>
    </p>
   </div>
   <div class='ocr_carea' id='block_1_112' title="bbox 2044 5320 3638 5389">
    <p class='ocr_par' dir='ltr' id='par_1_112' title="bbox 2044 5320 3638 5389">
     <span class='ocr_line' id='line_1_112' title="bbox 2044 5320 3638 5389; baseline -0.004 -9"><span class='ocrx_word' id='word_1_942' title='bbox 2044 5324 2209 5380; x_wconf 88' lang='lat' dir='ltr'><strong>turad</strong></span> <span class='ocrx_word' id='word_1_943' title='bbox 2242 5324 2387 5379; x_wconf 89' lang='lat' dir='ltr'><strong>diem</strong></span> <span class='ocrx_word' id='word_1_944' title='bbox 2417 5323 2721 5377; x_wconf 79' lang='lat' dir='ltr'><strong>nativitatis</strong></span> <span class='ocrx_word' id='word_1_945' title='bbox 2751 5339 2894 5387; x_wconf 69' lang='lat' dir='ltr'><strong>sure,</strong></span> <span class='ocrx_word' id='word_1_946' title='bbox 2924 5331 2984 5377; x_wconf 87' lang='lat' dir='ltr'><strong>ut</strong></span> <span class='ocrx_word' id='word_1_947' title='bbox 3012 5321 3057 5375; x_wconf 90' lang='lat' dir='ltr'><strong>si</strong></span> <span class='ocrx_word' id='word_1_948' title='bbox 3089 5336 3197 5375; x_wconf 90' lang='lat' dir='ltr'><strong>non</strong></span> <span class='ocrx_word' id='word_1_949' title='bbox 3221 5322 3432 5388; x_wconf 80' lang='lat' dir='ltr'><strong>egerint</strong></span> <span class='ocrx_word' id='word_1_950' title='bbox 3463 5320 3638 5389; x_wconf 57' lang='grc' dir='ltr'><strong>βαδιιί-</strong></span> 
     </span>
    </p>
   </div>
   <div class='ocr_carea' id='block_1_113' title="bbox 2046 5415 3014 5487">
    <p class='ocr_par' dir='ltr' id='par_1_113' title="bbox 2046 5415 3014 5487">
     <span class='ocr_line' id='line_1_113' title="bbox 2046 5415 3014 5487; baseline -0.005 -13"><span class='ocrx_word' id='word_1_951' title='bbox 2046 5415 2268 5475; x_wconf 77' lang='lat' dir='ltr'><strong>tentiam</strong></span> <span class='ocrx_word' id='word_1_952' title='bbox 2296 5459 2311 5485; x_wconf 91' lang='lat'><strong>,</strong></span> <span class='ocrx_word' id='word_1_953' title='bbox 2345 5417 2577 5472; x_wconf 84' lang='lat' dir='ltr'><strong>ethnicis</strong></span> <span class='ocrx_word' id='word_1_954' title='bbox 2608 5426 3014 5487; x_wconf 85' lang='lat' dir='ltr'><strong>comparentur.</strong></span> 
     </span>
    </p>
   </div>
   <div class='ocr_carea' id='block_1_114' title="bbox 2120 5510 3639 5585">
    <p class='ocr_par' dir='ltr' id='par_1_114' title="bbox 2120 5510 3639 5585">
     <span class='ocr_line' id='line_1_114' title="bbox 2120 5510 3639 5585; baseline -0.005 -18"><span class='ocrx_word' id='word_1_955' title='bbox 2120 5513 2187 5567; x_wconf 82' lang='lat' dir='ltr'><strong>Et</strong></span> <span class='ocrx_word' id='word_1_956' title='bbox 2226 5529 2417 5585; x_wconf 82' lang='lat' dir='ltr'><strong>ponam</strong></span> <span class='ocrx_word' id='word_1_957' title='bbox 2460 5522 2572 5567; x_wconf 84' lang='lat' dir='ltr'><strong>eam</strong></span> <span class='ocrx_word' id='word_1_958' title='bbox 2608 5512 2758 5583; x_wconf 86' lang='lat' dir='ltr'><strong>quasi</strong></span> <span class='ocrx_word' id='word_1_959' title='bbox 2802 5510 3137 5565; x_wconf 79' lang='lat' dir='ltr'><strong>solitudinem</strong></span> <span class='ocrx_word' id='word_1_960' title='bbox 3162 5550 3175 5573; x_wconf 92' lang='lat'><strong>,</strong></span> <span class='ocrx_word' id='word_1_961' title='bbox 3206 5514 3250 5561; x_wconf 84' lang='lat' dir='ltr'><strong>et</strong></span> <span class='ocrx_word' id='word_1_962' title='bbox 3273 5516 3495 5561; x_wconf 85' lang='lat' dir='ltr'><strong>statuam</strong></span> <span class='ocrx_word' id='word_1_963' title='bbox 3527 5521 3639 5559; x_wconf 86' lang='lat' dir='ltr'><strong>eam</strong></span> 
     </span>
    </p>
   </div>
   <div class='ocr_carea' id='block_1_115' title="bbox 2045 5602 3640 5675">
    <p class='ocr_par' dir='ltr' id='par_1_115' title="bbox 2045 5602 3640 5675">
     <span class='ocr_line' id='line_1_115' title="bbox 2045 5602 3640 5675; baseline -0.003 -14"><span class='ocrx_word' id='word_1_964' title='bbox 2045 5607 2181 5661; x_wconf 83' lang='lat' dir='ltr'><strong>relut</strong></span> <span class='ocrx_word' id='word_1_965' title='bbox 2224 5616 2411 5661; x_wconf 87' lang='lat' dir='ltr'><strong>terram</strong></span> <span class='ocrx_word' id='word_1_966' title='bbox 2439 5607 2633 5661; x_wconf 85' lang='lat' dir='ltr'><strong>inviam</strong></span> <span class='ocrx_word' id='word_1_967' title='bbox 2659 5651 2672 5674; x_wconf 94' lang='lat'><strong>,</strong></span> <span class='ocrx_word' id='word_1_968' title='bbox 2700 5616 2749 5661; x_wconf 87' lang='lat' dir='ltr'><strong>et</strong></span> <span class='ocrx_word' id='word_1_969' title='bbox 2775 5606 3084 5675; x_wconf 77' lang='lat' dir='ltr'><strong>inter/icium</strong></span> <span class='ocrx_word' id='word_1_970' title='bbox 3108 5620 3221 5657; x_wconf 86' lang='lat' dir='ltr'><strong>eam</strong></span> <span class='ocrx_word' id='word_1_971' title='bbox 3252 5604 3336 5658; x_wconf 85' lang='lat' dir='ltr'><strong>siti</strong></span> <span class='ocrx_word' id='word_1_972' title='bbox 3362 5602 3547 5675; x_wconf 83' lang='lat' dir='ltr'><strong>[Vulg.</strong></span> <span class='ocrx_word' id='word_1_973' title='bbox 3586 5603 3640 5657; x_wconf 80' lang='lat' dir='ltr'><strong>lu</strong></span> 
     </span>
    </p>
   </div>
   <div class='ocr_carea' id='block_1_116' title="bbox 2052 5728 3649 5878">
    <p class='ocr_par' dir='ltr' id='par_1_116' title="bbox 2052 5728 3649 5878">
     <span class='ocr_line' id='line_1_116' title="bbox 2052 5728 3649 5878; baseline -0.001 -74"><span class='ocrx_word' id='word_1_974' title='bbox 2052 5752 2147 5878; x_wconf 52' lang='lat' dir='ltr'><strong>(rb</strong></span> <span class='ocrx_word' id='word_1_975' title='bbox 2190 5751 2279 5806; x_wconf 86' lang='lat' dir='ltr'><strong>Sic</strong></span> <span class='ocrx_word' id='word_1_976' title='bbox 2312 5738 2541 5806; x_wconf 83' lang='lat' dir='ltr'><strong>Palatini</strong></span> <span class='ocrx_word' id='word_1_977' title='bbox 2571 5750 2771 5807; x_wconf 73' lang='lat' dir='ltr'><strong>habent</strong></span> <span class='ocrx_word' id='word_1_978' title='bbox 2814 5746 2945 5806; x_wconf 88' lang='lat' dir='ltr'><strong>mss.</strong></span> <span class='ocrx_word' id='word_1_979' title='bbox 2977 5746 3151 5806; x_wconf 81' lang='lat' dir='ltr'><strong>Antea</strong></span> <span class='ocrx_word' id='word_1_980' title='bbox 3196 5732 3316 5804; x_wconf 79' lang='lat' dir='ltr'><strong>erat</strong></span> <span class='ocrx_word' id='word_1_981' title='bbox 3355 5746 3509 5821; x_wconf 83' lang='lat' dir='ltr'><strong>quem</strong></span> <span class='ocrx_word' id='word_1_982' title='bbox 3557 5728 3649 5803; x_wconf 76' lang='lat' dir='ltr'><strong>ille</strong></span> 
     </span>
     <span class='ocr_line' id='line_1_117' title="bbox 2090 5824 2267 5878; baseline -0.011 0"><span class='ocrx_word' id='word_1_983' title='bbox 2090 5824 2267 5878; x_wconf 71' lang='lat' dir='ltr'><strong>inrisit.</strong></span> 
     </span>
    </p>
   </div>
   <div class='ocr_carea' id='block_1_117' title="bbox 2090 5833 3645 5969">
    <p class='ocr_par' dir='ltr' id='par_1_117' title="bbox 2090 5833 3645 5969">
     <span class='ocr_line' id='line_1_118' title="bbox 2090 5833 3645 5969; baseline 0.012 -38"><span class='ocrx_word' id='word_1_984' title='bbox 2090 5833 2405 5953; x_wconf 43' lang='lat' dir='ltr'><strong>mamili&#39;tiose</strong></span> <span class='ocrx_word' id='word_1_985' title='bbox 2432 5897 2651 5969; x_wconf 91' lang='lat' dir='ltr'><strong>quidam</strong></span> <span class='ocrx_word' id='word_1_986' title='bbox 2682 5896 2802 5952; x_wconf 90' lang='lat' dir='ltr'><strong>libri</strong></span> <span class='ocrx_word' id='word_1_987' title='bbox 2841 5896 3033 5967; x_wconf 83' lang='lat' dir='ltr'><strong>absque</strong></span> <span class='ocrx_word' id='word_1_988' title='bbox 3064 5895 3171 5952; x_wconf 85' lang='lat' dir='ltr'><strong>Deo</strong></span> <span class='ocrx_word' id='word_1_989' title='bbox 3202 5910 3320 5952; x_wconf 78' lang='lat' dir='ltr'><strong>vero</strong></span> <span class='ocrx_word' id='word_1_990' title='bbox 3347 5903 3397 5950; x_wconf 80' lang='lat' dir='ltr'><strong>et</strong></span> <span class='ocrx_word' id='word_1_991' title='bbox 3426 5902 3645 5949; x_wconf 77' lang='lat' dir='ltr'><strong>(eterna.</strong></span> 
     </span>
    </p>
   </div>
  </div>
