4100 6336
473 283 572 340 851
1719 277 1777 334 ς.
1821 271 2097 334 EUSEBII

2210 273 2510 331 ERONYMI
3665 275 3788 334 832

473 395 606 470 siti].
637 393 812 452 LXX:
849 393 916 451 Et
957 409 1150 468 ponam
1177 408 1288 448 eam
1327 401 1386 450 ut
1415 391 1708 460 desertum,
1751 399 1798 470 et
1843 397 2070 446 statuam
2093 388 2150 450 Α
2173 389 2360 460 spinis,
2387 397 2433 444 et
2463 389 2660 460 sepiam
2691 405 2804 444 eam
2839 391 3086 456 maceria,
3111 399 3157 446 et
3187 389 3392 446 semitas
3413 407 3541 448 suas
3561 409 3667 448 non
3695 393 3794 448 in-

473 507 588 546 eam
612 490 742 546 sicut
787 499 978 546 terram
1007 489 1120 544 sine
1158 505 1298 562 aqua
1322 533 1337 558 ,
1371 497 1416 544 et
1445 487 1678 544 occidam
1707 486 1853 542 illam
1879 489 1934 540 in
1968 485 2073 540 siti.
2181 483 2342 538 veniet
2360 525 2374 550 ,
2405 493 2454 538 et
2483 493 2724 556 sequetur
2751 495 3008 540 amatores
3031 501 3184 554 suos,
3205 495 3253 540 et
3283 503 3388 540 non
3423 485 3794 558 apprehendet

403 619 408 622 -
477 581 534 641 Si
567 581 806 640 noluerit
841 581 910 638 ad
963 581 1192 638 meliora
1225 581 1514 651 converti,
1567 581 1766 638 faciam
1821 579 1903 634 illi
1933 578 2076 650 quod
2181 594 2290 644 eos,
2315 587 2359 634 et
2387 589 2580 650 qureret
2613 595 2698 634 eos
2727 587 2774 634 et
2801 595 2902 634 non
2929 579 3178 646 inveniet,
3209 589 3259 636 et
3289 579 3464 635 dicet:
3499 579 3712 636 Vadam
3737 589 3798 636 et

473 675 580 734 feci
612 677 664 732 in
697 675 996 732 solitudine
1023 717 1038 742 ,
1072 685 1132 732 ut
1152 675 1300 732 ducti
1327 679 1378 732 in
1407 675 1780 748 captivitatem
1809 671 2078 730 cadantiu
2181 683 2406 728 revertar
2431 675 2500 730 ad
2527 675 2694 730 virum
2716 691 2884 730 meum
2909 677 3138 748 priorem
3163 717 3180 742 ,
3207 675 3332 748 quia
3369 675 3494 732 bene
3517 677 3642 731 mihi
3667 683 3800 732 erat

481 777 628 826 terra
651 769 832 826 aliena
855 810 872 837 ,
907 771 1182 840 patientes
1209 767 1356 825 sitim
1390 771 1640 824 omnium
1685 768 1950 822 bonorum
1979 807 1994 834 ,
2027 775 2084 820 et

485 865 550 920 ad
583 863 818 936 patriam
863 879 1016 920 suam
1049 863 1232 920 redire
1281 879 1388 918 non
1415 863 1657 920 valeant.
1691 861 1788 918 Vel
1809 867 1961 918 certe
1987 875 2082 914 au—

483 961 636 1018 diant
671 960 722 1016 in
753 959 1048 1030 Evangelia
1081 979 1092 1014 :
1127 959 1468 1030 Relinquetur
1497 957 1640 1014 vobis
1681 957 1867 1012 domus
1915 965 2084 1010 vestra

485 1057 690 1112 deserta
721 1055 939 1130 (Matth.
972 1055 1154 1126 mu).
1185 1055 1252 1110 Et
1281 1053 1464 1110 mittet
1485 1053 1534 1108 ei
1567 1053 1828 1108 Dominus
1857 1067 1970 1106 non
2007 1049 2080 1102 fa-

487 1167 634 1208 mem
663 1151 818 1222 panis
841 1195 854 1219 ,
893 1165 992 1205 nec
1021 1149 1166 1206 sitim
1209 1163 1404 1220 aquae;
1435 1147 1532 1202 sed
1577 1147 1781 1202 famem
1829 1143 2086 1202 audiendi

495 1247 598 1320 15
615 1245 840 1302 verbum
865 1245 1080 1302 Domini
1104 1245 1306 1318 (Amos.
1339 1243 1480 1318 vui).
1519 1243 1594 1298 De
1621 1259 1728 1314 quo
1749 1251 1805 1298 et
1823 1241 1989 1296 Isaias
2007 1239 2090 1294 lo-

481 1337 720 1406 quitur:
771 1335 938 1390 Erunt
973 1335 1109 1390 sicut
1161 1335 1442 1408 paradisus
1492 1349 1684 1404 aquam
1739 1348 1840 1386 non
1893 1329 2089 1384 habens

493 1429 654 1504 (Isai.
681 1447 717 1495 ι,
753 1429 870 1498 50).
903 1429 1156 1484 Ηαιτειίοἱ
1189 1429 1280 1499 qui
1311 1427 1512 1498 abjecti
1539 1435 1666 1482 sunt
1695 1441 1726 1480 a
1755 1424 2012 1494 Domino,
2043 1423 2090 1478 si

495 1538 604 1580 nou
655 1521 924 1578 redierint
959 1521 1029 1577 ad
1073 1521 1363 1592 pristinam
1415 1519 1636 1574 domum
1665 1559 1680 1584 ,
1723 1518 1804 1574 sic
1843 1515 2089 1572 omnium

493 1631 680 1672 rerum
712 1617 989 1686 patientur
1017 1613 1304 1684 penuriam
1333 1658 1348 1685 ,
1385 1621 1444 1668 ut
1487 1613 1653 1668 etiam
1702 1609 1846 1682 quod
1893 1609 2088 1666 falsum

493 1709 700 1766 habere
723 1710 983 1766 videntur
1006 1751 1022 1776 ,
1055 1709 1340 1780 redigatur
1371 1707 1438 1764 ad
1473 1707 1728 1762 nihilum.

2185 777 2326 836 tunc,
2353 769 2514 842 magis
2547 785 2706 842 quam
2733 785 2890 824 nunc.
2917 769 3093 825 LXX:
3123 769 3410 844 Propterea
3435 787 3553 826 ecce
3575 787 3672 844 ego
3701 788 3802 827 se-

2187 861 2326 932 pium
2351 861 2484 914 viam
2527 863 2640 933 ejus
2665 861 2722 914 in
2737 861 2980 928 sudibus,
3003 871 3052 918 et
3083 861 3346 918 obstruam
3373 864 3484 920 vias
3505 864 3651 918 illius
3682 880 3702 920 :
3739 873 3802 920 et

2187 959 2423 1011 semitam
2455 971 2602 1010 suam
2631 973 2734 1010 non
2759 956 3004 1013 inveniet.
3049 955 3118 1012 Et
3157 968 3490 1030 persequetur
3523 967 3806 1014 amatores

2187 1065 2326 1114 suos,
2353 1057 2400 1104 et
2429 1067 2530 1104 non
2571 1049 2924 1121 apprehendat
2951 1049 3072 1106 illos
3095 1093 3110 1118 ,
3145 1061 3196 1106 et
3217 1061 3410 1121 qureret
3429 1067 3518 1106 eos
3543 1097 3556 1122 ,
3599 1061 3648 1106 et
3679 1068 3840 1106 uan-

2189 1147 2408 1202 inveniet
2431 1165 2450 1214 ;
2475 1156 2520 1202 et
2551 1145 2686 1200 dicet
2719 1163 2738 1200 :
2783 1145 2984 1202 Vadam
3003 1157 3053 1200 et
3079 1155 3308 1202 revertar
3333 1147 3402 1200 ad
3423 1147 3590 1202 virum
3615 1163 3806 1202 meum

2191 1242 2438 1312 priorem,
2475 1241 2594 1310 quia
2625 1239 2806 1296 melius
2855 1241 2982 1294 mihi
3011 1251 3119 1294 erat
3151 1251 3270 1296 tunc
3295 1281 3309 1308 ,
3339 1257 3492 1311 quam
3523 1257 3662 1294 nunc
3687 1247 3806 1296 est.

2193 1335 2420 1390 Dixerat
2451 1337 2715 1392 meretrix
2741 1353 2750 1390 :
2785 1333 2988 1392 Vadam
3023 1343 3146 1406 post
3171 1345 3446 1392 amatores
3479 1349 3666 1402 meos,
3691 1333 3810 1406 qui

2194 1429 2436 1484 omnium
2469 1445 2648 1484 rerum
2688 1429 2822 1486 mihi
2863 1429 3254 1486 abundantiam
3289 1431 3664 1500 praebuerunt.
3687 1429 3812 1486 Re-

2195 1525 2418 1596 spondit
2449 1524 2750 1580 Dominus:
2785 1525 2900 1596 Ego
2951 1525 3162 1594 sapiam
3213 1525 3358 1580 viam
3413 1535 3558 1580 tuam
3587 1523 3808 1594 spinis,

2195 1620 2316 1674 sive
2343 1619 2594 1684 sudibus,
2629 1633 2698 1674 ne
2733 1617 2912 1690 possis
2946 1619 3025 1676 ire
3051 1633 3158 1690 quo
3184 1619 3498 1687 desideras,
3531 1627 3587 1674 et
3621 1619 3814 1674 inter-

2199 1729 2392 1784 pOnam
2427 1715 2750 1782 maceriam,
2781 1715 2894 1770 sive
2925 1730 3138 1770 murum
3169 1725 3224 1782 et
3249 1715 3474 1770 semitas
3507 1723 3626 1770 tuas
3657 1729 3814 1786 quas

563 1804 746 1876 (νοτε.
773 1803 828 1872 4,
859 1803 942 1870 5.)
973 1803 1044 1857 Et
1069 1805 1302 1874 ﬁliorum
1327 1802 1474 1858 illius
1497 1819 1600 1858 non
1619 1801 1926 1869 miserebor,
1959 1815 2086 1872 quo-
2125 1793 2173 1856 Β
2199 1807 2394 1864 crebro
2424 1809 2658 1864 [riveras
2709 1807 2848 1880 pede
2873 1851 2888 1874 ,
2923 1823 3028 1864 non
3064 1808 3312 1864 invenies
3333 1849 3350 1878 ’
3385 1823 3452 1864 ne
3489 1810 3816 1879 appreheu-

491 1898 636 1952 uiam
668 1897 766 1966 ﬁlii
790 1899 1199 1969 fornicationum
1217 1909 1336 1954 sunt
1361 1939 1378 1966 ,
1409 1897 1532 1970 quia
1561 1897 1820 1968 fornicata
1839 1905 1910 1950 est
1933 1903 2096 1949 mater

493 2009 672 2048 eorum
703 2009 722 2050 :
753 1994 972 2062 confusa
999 2001 1072 2048 est
1098 2009 1213 2062 quia
1239 1993 1474 2062 concepit
1497 2007 1605 2058 eos,
1639 1991 1764 2062 quia
1787 1989 1920 2045 dixit
1943 2007 1962 2045 :
1991 1989 2098 2044 Va-

495 2089 620 2144 dam
641 2095 756 2160 post
783 2097 1046 2142 amatores
1073 2103 1232 2154 meos,
1257 2087 1346 2158 qui
1369 2086 1496 2140 dant
1517 2101 1676 2156 panes
1691 2083 1854 2151 mihi,
1877 2093 2096 2152 etaquas

493 2199 660 2252 meas,
689 2183 862 2238 lanam
887 2197 1056 2236 meam
1075 2223 1090 2246 ,
1117 2191 1164 2236 et
1187 2179 1354 2236 linum
1381 2197 1548 2236 meum
1571 2226 1584 2252 ,
1620 2189 1667 2236 et
1699 2180 1872 2234 oleum
1903 2195 2094 2246 meum,

495 2289 542 2334 et
575 2287 752 2346 potum
785 2294 973 2332 meum.
1019 2276 1202 2332 LXX:
1234 2277 1304 2334 Et
1344 2275 1576 2348 filiorum
1608 2279 1720 2350 ejus
1753 2293 1858 2332 non
1889 2276 2100 2332 misere-

497 2373 628 2428 bor:
657 2371 906 2444 quoniam
945 2370 1046 2442 ﬁlii
1083 2371 1446 2443 fornicationis
1481 2379 1644 2440 sunt,
1679 2371 1804 2444 quia
1833 2369 2098 2440 fornicata

499 2473 576 2520 est
619 2475 782 2520 mater
808 2481 987 2520 eorum
1011 2479 1031 2520 :
1061 2465 1282 2536 confusa
1321 2475 1394 2520 est
1425 2481 1541 2536 qua:
1569 2465 1769 2536 peperit
1805 2479 1892 2518 eos
1921 2509 1934 2532 ,
1961 2463 2100 2518 dixit

499 2561 638 2616 enim
671 2575 688 2614 :
725 2557 924 2614 Vadam
954 2569 1066 2630 post
1097 2567 1360 2616 amatores
1385 2577 1546 2628 meos,
1581 2560 1669 2632 qui
1695 2559 1824 2614 dant
1848 2559 1978 2614 mihi
2001 2577 2096 2632 pa-

501 2669 596 2710 nes
625 2669 766 2708 meos
793 2663 842 2708 et
881 2671 1072 2726 aquam
1117 2671 1286 2710 meam
1311 2695 1324 2719 ,
1357 2663 1406 2708 et
1431 2655 1732 2710 vestimenta
1759 2671 1898 2720 mea,
1931 2665 1978 2708 et
2001 2653 2102 2708 lin-

497 2749 725 2804 teamina
749 2765 864 2804 mea
891 2791 906 2815 ,
943 2755 988 2802 et
1013 2749 1184 2804 oleum
1215 2765 1408 2814 meum,
1443 2751 1680 2804 etomnia
1703 2765 1830 2820 qum.
1851 2747 1982 2802 mihi
2013 2765 2102 2803 ne-

501 2843 728 2899 cessaria
755 2849 896 2898 sunt.
927 2841 1044 2898 Hoc
1075 2842 1196 2910 plus
1233 2843 1426 2898 faciant
1451 2842 1608 2900 eicui
1639 2842 1748 2898 dixi
1771 2883 1786 2909 ,
1829 2859 1936 2898 non
1961 2859 2104 2898 uxor

501 2949 645 3000 Inea,
665 2945 720 2990 et
739 2951 842 3006 ego
861 2950 970 2990 non
989 2935 1072 2991 vir
1091 2945 1236 3004 tuus,
1267 2949 1320 2994 et
1351 2953 1550 3008 portam
1575 2953 1698 2994 eam
1731 2937 1885 3008 quasi
1911 2937 2104 2992 solitu-

503 3027 714 3090 dinem.
741 3029 1007 3086 etfaciam
1045 3045 1168 3085 eam
1209 3033 1354 3088 velut
1383 3043 1590 3090 terram
1627 3031 1850 3086 inviam.
1875 3031 2106 3098 Quando

503 3125 648 3178 enim
675 3123 746 3180 de
773 3124 1010 3198 [Egypto
1039 3126 1200 3182 eduxi
1223 3143 1342 3184 eam
1377 3171 1392 3194 ,
1429 3127 1728 3184 interfectis
1759 3127 2101 3196 parentibus,

2199 1903 2300 1958 das
2327 1917 2422 1958 eos
2453 1917 2592 1974 quos
2621 1911 2774 1958 tanto
2803 1903 2987 1958 studio
3019 1903 3370 1974 sequebaris,
3401 1911 3458 1958 ut
3485 1917 3670 1958 rerum
3699 1917 3818 1959 ne—

2201 1997 2459 2052 cessitate
2483 1995 2768 2066 eompulsa
2801 1995 3100 2052 revertaris
3127 1995 3194 2050 ad
3223 1995 3400 2051 virum
3427 2003 3598 2064 tuum,
3627 2004 3684 2052 et
3707 1995 3816 2052 di—

2201 2106 2292 2146 cas
2321 2091 2450 2146 illud
2481 2089 2550 2146 de
2597 2091 2944 2162 Evangelia:
2977 2091 3170 2160 Quanti
3209 2091 3516 2146 mercenarii
3545 2091 3596 2144 in
3643 2089 3818 2146 domo

2203 2185 2364 2254 patris
2389 2185 2489 2236 mei
2517 2183 2786 2238 abundant
2809 2183 3030 2254 panibus
3057 2225 3070 2248 ,
3111 2201 3206 2253 ego
3237 2193 3410 2238 autem
3435 2183 3518 2238 hic
3547 2187 3684 2256 fame
3711 2201 3822 2256 pc-

2202 2297 2310 2334 reo.
2343 2279 2570 2352 Surgunt
2587 2291 2632 2335 et
2663 2279 2742 2334 ibo
2771 2280 2838 2334 ad
2867 2289 3070 2350 patrem
3099 2295 3272 2334 meum
3287 2289 3335 2334 et
3363 2279 3532 2334 dicam
3561 2279 3676 2332 illi:
3695 2276 3822 2332 Pa-

2203 2383 2300 2440 ter,
2336 2375 2538 2444 peccavi
2585 2375 2638 2428 in
2691 2373 2874 2428 caelum
2901 2383 2948 2428 et
2987 2389 3160 2428 coram
3188 2381 3234 2428 te
3265 2414 3279 2438 ,
3311 2381 3360 2429 et
3401 2375 3518 2445 jam
3549 2389 3656 2428 non
3685 2388 3822 2427 sum

2205 2471 2396 2546 dignus
2423 2471 2598 2526 vocari
2629 2469 2770 2540 ﬁlius
2803 2479 2922 2524 tuus
2943 2511 2956 2536 ,
2985 2469 3072 2540 {ac
3103 2487 3182 2522 me
3218 2471 3350 2524 sicut
3377 2485 3538 2524 unum
3579 2468 3640 2522 de
3667 2485 3826 2524 mer-

2205 2566 2426 2620 cenariis
2457 2565 2581 2620 tuis.
2621 2565 2696 2620 Ex
2727 2579 2835 2635 quo
2863 2563 3230 2634 intelligimus
3266 2563 3410 2634 quod
3457 2561 3826 2632 providentia

2207 2659 2460 2728 Deismpe
2485 2659 2642 2713 nobis
2673 2657 2928 2714 accidant
2953 2657 3096 2712 mala
3123 2699 3137 2724 ,
3171 2671 3238 2710 ne
3257 2653 3564 2712 habeamus
3589 2669 3652 2711 ea
3683 2671 3828 2726 quae

2206 2755 2458 2824 cupimus
2483 2797 2498 2820 ,
2528 2763 2576 2810 et
2611 2754 2778 2808 variis
2801 2753 3054 2824 oppressi
3083 2751 3488 2808 calamitatibus
3515 2751 3676 2822 hujus
3703 2767 3828 2808 sae-

2207 2847 2312 2903 culi
2344 2863 2406 2904 ac
2437 2847 2692 2914 miseriis,
2721 2847 2790 2912 ad
2811 2847 2908 2902 Dei
2943 2846 3262 2902 servitutem
3291 2845 3478 2902 redire
3517 2859 3814 2916 cogamur.

2209 2943 2496 2998 Amatores
2521 2953 2701 2997 autem
2739 2941 3044 2998 Jerusalem
3069 2949 3124 2996 et
3143 2941 3328 3012 gentis
3347 2939 3572 3004 Iudaea},
3605 2953 3830 2994 secun-

2209 3037 2336 3092 dum
2361 3035 2650 3092 historiam
2679 3033 3126 3104 illiustemporis,
3161 3033 3424 3104 Assyrios
3453 3041 3613 3100 atque
3643 3029 3830 3086 Chal-

2213 3129 2362 3186 daeos
2385 3141 2440 3186 et
2469 3129 2752 3200 rEgyptios
2769 3127 3130 3198 nationesque
3153 3135 3382 3182 uarietas
3411 3123 3822 3196 intelligamus,

503 3219 598 3274 lilii
655 3235 846 3276 eorum
903 3229 1103 3274 terram
1157 3221 1606 3292 repromissionis
1661 3211 1898 3292 ingressi
1951 3229 2100 3276 sunt.
2137 3197 2182 3260 Ο
2215 3237 2338 3278 cum
2363 3197 2590 3292 quorum
2616 3197 2776 3275 idolis
2801 3197 3073 3276 fornicata
3097 3227 3216 3286 est,
3249 3233 3276 3271 a
3307 3217 3503 3288 quibus
3535 3215 3822 3270 bellorum

503 3311 658 3369 Nunc
686 3323 868 3368 autem
909 3313 1216 3370 fornicariae
1261 3317 1450 3370 matris
1495 3315 1654 3370 liberi
1701 3316 1954 3386 peribunt
1981 3329 2104 3370 cum

509 3419 684 3462 matre
731 3405 1331 3478 merctrice,quoniam
1365 3409 1458 3464 lilii
1507 3409 1890 3464 fornicationis
1939 3419 2104 3472 sunt,

507 3510 564 3556 et
591 3501 716 3556 mali
739 3515 806 3556 ex
829 3500 991 3556 malis
1007 3499 1198 3572 geniti.
1221 3501 1430 3570 Quibus
1463 3501 1516 3556 in
1551 3503 1844 3572 Evangelio
1870 3501 2102 3558 dicitur:

509 3595 786 3652 Generatio
831 3595 1128 3666 viperarum
1159 3593 1380 3667 (Matth.
1423 3611 1503 3660 ιιι,
1539 3595 1632 3664 7):
1667 3611 1790 3666 quae
1821 3595 1874 3650 in
1901 3605 2106 3648 tantam

510 3691 664 3746 venit
693 3689 1118 3760 impudentiam,
1153 3699 1213 3744 ut
1245 3689 1462 3744 audiret
1489 3705 1584 3758 per
1625 3689 1922 3746 Jeremiam
1949 3705 1962 3741 :
1993 3687 2106 3741 Fa-

509 3785 612 3838 cies
633 3783 919 3838 meretricis
942 3785 1084 3856 [acta
1109 3794 1182 3838 est
1213 3783 1304 3838 tibi
1329 3801 1347 3838 :
1373 3783 1708 3854 impudorata
1737 3799 1790 3838 es
1811 3795 1864 3836 tu
1889 3781 2104 3856 (Jerem.

511 3893 590 3943 ιιι,
615 3879 692 3948 5).
725 3879 808 3934 Αιι
857 3895 966 3934 non
998 3889 1080 3940 est
1113 3879 1218 3934 hoc
1261 3879 1414 3936 durae
1447 3879 1643 3936 frontis
1687 3887 1746 3934 et
1785 3877 2108 3934 meretriciu-

514 3973 865 4041 impudentiae
891 4015 906 4040 ,
937 3985 994 4028 ut
1018 3975 1068 4029 in
1103 3989 1202 4028 suo
1239 3975 1446 4030 scelere
1483 3975 1786 4044 glorietur,
1817 3979 1872 4026 et
1917 3970 2064 4027 dicat
2094 3988 2106 4024 :

516 4067 718 4137 Sequar
739 4077 996 4122 amatores
1027 4083 1198 4131 meos;
1225 4067 1416 4124 vadum
1447 4067 1516 4122 ad
1553 4067 1696 4122 idola
1727 4081 1850 4137 quae
1893 4063 2026 4118 mihi
2056 4049 2111 4118 et

517 4159 584 4214 ad
629 4159 828 4216 victum
875 4173 928 4216 et
967 4159 1034 4214 ad
1065 4161 1323 4215 vestitum
1371 4161 1682 4216 necessaria
1735 4157 2104 4228 praebuerunt.

512 4253 706 4312 Omnia
729 4271 852 4327 qua:
879 4255 1234 4328 propheticus
1257 4271 1444 4311 sermo
1475 4253 1774 4320 describit,
1804 4251 2108 4322 spirituali-

517 4359 598 4406 ter
627 4366 656 4406 a
687 4346 920 4407 Domino
971 4363 1236 4420 accepere
1281 4347 1476 4405 Judaei.
1531 4349 1596 4403 Et
1627 4347 1751 4418 quia
1791 4345 1888 4402 Dei
1941 4344 2111 4398 lilium

517 4455 888 4518 negaverunt,
945 4447 1211 4518 eligentes
1243 4443 1346 4500 sibi
1399 4441 1701 4498 Barabbam
1733 4439 2012 4496 latrocinii
2057 4445 2114 4492 et

517 4541 814 4598 seditionis
867 4551 1202 4608 auctorem,
1254 4549 1312 4594 et
1355 4537 1738 4608 cruciﬁgentes
1789 4533 1984 4590 Filium
2019 4531 2112 4587 Dei

2213 3325 2482 3386 tempore,
2505 3323 2556 3370 et
2583 3313 2958 3384 prementibus
2983 3312 3138 3368 Inalis
3165 3311 3370 3368 frustra
3395 3311 3632 3380 speravit
3653 3311 3826 3366 auxi-

2213 3411 2362 3465 lium.
2391 3409 2500 3464 llos
2529 3415 2802 3462 amatores
2829 3407 2982 3477 juxta
3013 3405 3436 3476 intelligentiam
3464 3403 3824 3474 spiritualem

2211 3511 2518 3572 sequuntur
2547 3501 2788 3559 lueretici
2813 3543 2828 3570 ,
2875 3515 2906 3554 a
2951 3499 3150 3570 quibus
3197 3515 3348 3570 saepe
3377 3497 3602 3564 deserti,
3633 3495 3828 3550 malo-

2213 3611 2334 3650 rum
2369 3593 2614 3664 pondere
2659 3593 2726 3648 ad
2771 3591 2950 3648 sinum
2997 3593 3190 3646 matris
3221 3591 3486 3647 Ecclesiae
3525 3595 3830 3644 revertun-

2215 3701 2322 3744 tur.
2353 3689 2459 3744 Por
2489 3689 2674 3744 omnia
2701 3688 2848 3744 enim
2879 3686 3090 3759 flagella
3121 3695 3288 3760 atque
3321 3691 3584 3742 tormenta
3617 3682 3832 3738 erudi-

2215 3793 2306 3838 tur
2333 3783 2521 3838 Israel.

2285 3877 2464 3946 (V'ers.
2493 3875 2572 3948 8.)
2597 3875 2664 3930 Et
2689 3877 2798 3932 huic
2822 3877 3034 3932 nescivit
3061 3917 3074 3942 ,
3103 3877 3228 3948 quia
3257 3891 3350 3947 ego
3371 3873 3488 3928 dedi
3507 3871 3552 3926 ei
3575 3871 3832 3942 frumen—

2215 3983 2326 4026 tum
2349 3981 2396 4025 et
2421 3973 2600 4026 riuum
2621 4015 2634 4038 ,
2671 3981 2718 4027 et
2763 3971 2932 4026 oleum
2967 4015 2980 4040 ,
3023 3981 3068 4024 et
3097 3979 3369 4042 argentum
3397 3965 3740 4038 multiplicari
3777 3969 3834 4022 ci

2215 4073 2262 4118 et
2281 4079 2468 4118 aurum
2491 4106 2506 4130 ,
2537 4081 2652 4136 qua?
2681 4067 2914 4136 fecerunt
2951 4063 3052 4135 l7
3079 4059 3234 4116 Baal.
3261 4059 3434 4118 LXX:
3467 4060 3532 4116 Et
3575 4061 3696 4130 ipsa
3717 4077 3828 4114 ne-

2219 4161 2366 4216 scivit
2389 4161 2510 4230 quia
2533 4179 2626 4232 ego
2657 4163 2778 4216 dedi
2803 4161 2850 4216 ei
2873 4161 3214 4232 frumentum,
3241 4169 3288 4214 et
3312 4161 3509 4224 vinum,
3537 4167 3585 4212 et
3607 4157 3830 4220 oleum.

2217 4263 2266 4310 et
2295 4267 2562 4328 argentum
2605 4255 2950 4328 inalt-iplicaui
2995 4256 3084 4309 ei:
3117 4253 3226 4309 lucc
3269 4261 3442 4307 autem
3491 4261 3738 4324 argentea
3771 4263 3834 4308 et

2219 4365 2380 4403 aurea
2409 4349 2526 4420 fecit
2551 4349 2655 4418 ipsi
2691 4347 2848 4402 Baal.
2881 4347 2964 4402 Ad
2995 4347 3278 4418 superiora
3309 4343 3592 4416 respondit
3617 4387 3632 4412 ,
3661 4341 3836 4400 dixe-

2219 4451 2304 4497 rat
2331 4443 2474 4496 enim
2507 4461 2518 4496 :
2545 4441 2748 4496 Vadam
2783 4449 2910 4510 post
2937 4449 3216 4494 amatores
3245 4451 3418 4505 meos,
3446 4437 3536 4508 qui
3563 4435 3690 4490 dant
3719 4451 3832 4506 pa-

2221 4549 2322 4590 nes
2353 4535 2506 4602 mihi,
2539 4543 2590 4588 ut
2614 4549 2780 4606 aquas
2809 4547 2980 4599 meas,
2995 4534 3174 4588 lanam
3197 4575 3209 4598 ,
3235 4539 3290 4587 et
3311 4530 3584 4598 linum,et
3603 4525 3834 4596 oleum,

515 4635 701 4706 (Joan.
733 4633 912 4706 xvut).
947 4605 1242 4706 Propterea
1275 4648 1448 4704 usque
1475 4605 1642 4686 hodie
1669 4637 1974 4700 sequuntur
2003 4627 2112 4682 dat-
2141 4605 2194 4666 Ῑ)
2219 4639 2272 4686 et
2301 4639 2486 4700 potum
2529 4645 2726 4694 meum,
2761 4643 2880 4697 qtue
2911 4627 3160 4681 universa
3183 4629 3520 4694 susceperat,
3552 4627 3608 4676 ut
3635 4619 3690 4674 in
3715 4617 3830 4676 Dei

517 4743 732 4796 mones,
767 4739 822 4784 et
853 4729 944 4784 Dei
971 4727 1234 4784 beneﬁcia
1266 4727 1330 4782 ad
1365 4725 1488 4780 illos
1533 4722 1821 4792 referunt,
1857 4721 1948 4794 qui
1979 4721 2102 4776 cul-

517 4835 696 4881 torum
729 4839 950 4880 suortun
1001 4825 1212 4880 animas
1239 4821 1614 4894 perdiderunt.
1655 4821 1833 4876 Panes
1863 4827 1918 4876 et
1943 4831 2112 4888 aquas

519 4919 792 4976 Imbentet
819 4917 1086 4983 haeretici,
1115 4933 1344 4988 quorum
1369 4917 1528 4987 panis
1555 4915 1732 4970 luctus
1754 4923 1860 4980 est,
1879 4921 1934 4966 et
1961 4927 2112 4980 aqua:

517 5029 706 5071 eorum
733 5027 970 5069 caenosa:
995 5055 1010 5080 ,
1045 5027 1166 5082 qua:
1205 5011 1476 5066 sull'ocant
1499 5019 1554 5066 et
1577 5006 1906 5065 interficiunt
1935 5005 2114 5076 bapti-

517 5118 688 5164 zatos.
710 5107 926 5164 Habent
951 5113 1008 5162 et
1033 5105 1208 5160 lanam
1237 5105 1305 5162 de
1326 5105 1568 5161 scabidis
1597 5103 1792 5158 ovibus
1815 5145 1828 5168 ,
1867 5107 1922 5154 et
1945 5099 2110 5154 linum

517 5207 570 5262 iu
613 5203 902 5276 nigredine
949 5215 1305 5272 perseverans
1331 5245 1346 5270 ,
1395 5201 1714 5272 oleumque,
1755 5197 1824 5252 de
1855 5209 1962 5266 quo
1989 5209 2116 5265 pro-

519 5299 682 5371 pheta
711 5299 881 5356 dicit:
913 5295 1096 5354 Oleum
1135 5296 1420 5368 peccatoris
1463 5312 1564 5350 non
1619 5293 1908 5362 impingunt
1957 5295 2114 5356 caput

519 5391 1012 5464 meum(Psal.cr.x,
1041 5391 1100 5462 5)
1127 5431 1142 5452 .
1172 5399 1226 5446 et
1257 5399 1442 5462 potum
1471 5403 1734 5460 aquarum
1769 5383 2016 5456 Egypti,
2049 5385 2118 5438 de

519 5489 715 5558 quibus
739 5486 1060 5558 clamat16
1079 5483 1319 5541 Ieremia
1343 5503 1354 5538 :
1387 5481 1531 5550 Quid
1557 5479 1654 5535 tibi
1679 5489 1724 5534 et
1747 5477 1842 5534 vite
1869 5475 2114 5550 Λῑῃειρῑὶ,

519 5589 576 5634 ut
603 5579 748 5634 bibas
763 5595 950 5650 aquam
973 5577 1119 5634 Geon
1149 5576 1366 5648 (Jerem.
1397 5591 1452 5640 ιι,
1491 5573 1578 5645 18)
1599 5573 1622 5627 ?
1647 5571 1748 5627 Et:
1783 5569 1924 5636 Quid
1951 5569 2042 5624 tibi
2071 5579 2118 5622 et

517 5675 614 5730 uite
667 5675 1000 5746 Assyriorum
1045 5681 1100 5726 ut
1149 5671 1292 5728 bibas
1337 5685 1498 5741 aquas
1525 5665 1846 5740 ﬂuminum?
1877 5661 2122 5718 Breviter

520 5775 718 5821 uincta
745 5767 1136 5835 percurrimus.
1171 5771 1230 5818 ut
1257 5762 1326 5818 ad
1357 5761 1568 5833 reliqua
1603 5769 1976 5816 transeamus.

519 5889 562 5934 -,.
595 5857 778 5932 (Vers.
799 5857 862 5922 6,
885 5859 966 5929 7.)
999 5857 1218 5928 Propter
1233 5857 1326 5910 hor
1351 5871 1464 5910 ecce
1491 5853 1794 5926 egosepiam
1823 5849 1954 5904 rium
1985 5859 2122 5904 tuam

2216 4723 2424 4778 cultum
2439 4733 2702 4778 verteret.
2729 4721 2824 4776 llla
2853 4735 2988 4775 vero
3009 4735 3204 4790 panem
3233 4727 3290 4774 et
3319 4717 3532 4782 vinum,
3561 4713 3650 4785 qui
3671 4727 3824 4768 con-

2219 4819 2417 4882 firmat,
2447 4829 2502 4872 et
2529 4817 2668 4886 quod
2699 4815 2938 4869 lmtilicat
2963 4829 3058 4870 eor
3089 4813 3328 4868 hominis
3354 4809 3532 4884 (Psal.
3565 4805 3682 4878 cur)
3705 4849 3720 4873 ,
3755 4821 3828 4864 et

2217 4909 2398 4965 oleum
2427 4909 2571 4980 quod
2614 4906 2886 4962 illuminat
2928 4921 3146 4962 omnem
3179 4905 3454 4960 hominem
3497 4899 3828 4956 venientem

2217 4999 2270 5056 in
2301 5001 2444 5056 hunc
2473 4999 2728 5054 mundum
2753 4997 2934 5074 (Joan.
2965 4999 3030 5070 ι),
3057 5007 3113 5052 et
3137 5005 3417 5067 argentum
3441 4991 3510 5049 de
3537 5007 3642 5062 quo
3661 5005 3834 5060 same

2221 5095 2490 5152 diximus:
2545 5095 2774 5168 Eloquia
2805 5093 3051 5159 Domini,
3105 5091 3312 5164 eloquia
3355 5099 3520 5154 casta,
3545 5097 3836 5162 argentum

2221 5193 2340 5264 igne
2369 5191 2746 5259 examinatum,
2793 5189 3066 5260 probatum
3107 5195 3292 5252 terrm,
3339 5193 3616 5257 purgatum
3635 5189 3838 5250 septu-

2223 5285 2369 5358 plum
2411 5287 2430 5360 (
2461 5283 2603 5340 Psal.
2635 5301 2710 5354 ιιι,
2741 5283 2820 5356 7).
2849 5283 2914 5338 Et
2941 5297 3134 5338 aurum
3179 5281 3250 5336 de
3292 5295 3404 5351 quo
3435 5279 3672 5350 legimus
3705 5293 3720 5330 :
3757 5275 3836 5332 Si

2225 5379 2494 5434 dormiatis
2521 5379 2654 5434 inter
2695 5377 2894 5431 medios
2923 5375 3112 5440 cleros,
3145 5387 3332 5446 penna:
3377 5367 3628 5426 columba:
3659 5365 3836 5420 dear-

2223 5483 2466 5546 gentataz,
2497 5481 2542 5526 et
2571 5471 2862 5542 posteriora
2891 5469 3033 5523 dorsi
3061 5471 3172 5542 ejus
3199 5467 3254 5520 in
3283 5465 3450 5520 virore
3489 5461 3608 5516 auri
3633 5457 3834 5530 (l’sal.

2225 5581 2466 5632 Lxxxvtt,
2499 5563 2622 5636 14),
2653 5563 2816 5619 vertit
2843 5563 2896 5617 in
2925 5559 3068 5616 idola
3095 5601 3110 5627 ,
3141 5567 3198 5614 et
3225 5557 3355 5614 fecit
3373 5555 3530 5620 Baal,
3563 5552 3708 5623 quod
3739 5551 3842 5608 in—

2225 5667 2560 5731 terpretatur
2609 5659 2848 5730 superior
2877 5665 2924 5710 et
2953 5653 3216 5711 deuoratio
3249 5667 3266 5706 :
3297 5651 3427 5706 dum
3473 5657 3566 5703 aut
3611 5645 3846 5715 majora

2227 5769 2286 5812 se
2317 5763 2466 5828 putat
2495 5753 2700 5810 habere
2721 5751 2974 5824 dogmata
3006 5763 3170 5820 quam
3195 5744 3470 5808 Ecclesia,
3503 5749 3598 5796 aut
3625 5741 3680 5794 in
3705 5739 3844 5808 ipsa

2234 5851 2380 5904 falsa:
2431 5847 2706 5920 opinionis
2767 5845 2994 5904 scientia
3051 5842 3370 5898 devoratur.
3429 5833 3586 5904 Quod
3639 5841 3850 5892 autem
