4150 6346
282 272 408 333 835

1167 270 1815 329 COMMENTARIORUM
1858 269 1923 327 IN
1964 268 2141 325 USEE
2182 268 2313 324 LIB.
2355 270 2393 325 l.
2439 265 2592 326 CAP.
2636 268 2700 324 ll.

3492 266 3595 327 εει

281 388 450 457 juxta
499 387 738 442 litteram
776 427 788 451 ,
841 400 973 441 auro
1004 396 1057 442 et
1112 397 1338 459 argento
1366 397 1418 443 ct
1452 388 1662 442 eunetis
1697 388 1891 457 Opibus

2023 386 2166 455 Ἢν),
2184 384 2325 440 unde
2348 401 2578 439 CADlATll
2604 385 2765 439 anm
2796 380 3191 473 (arauiris-1P),
3215 382 3607 453 interpretatur

286 483 658 537 almmlaxerit
684 481 1007 547 Jerusalem,
1031 492 1083 537 et
1109 482 1302 538 iecerit
1334 482 1478 537 idola
1505 480 1633 535 Baal
1660 480 1895 534 dvenioui

289 576 687 641 Sidoniorum,
721 575 837 631 sive
862 618 875 639 ,
910 586 966 630 nt
991 576 1215 646 quidam
1265 577 1470 631 rectius
1524 574 1894 639 arbitrantur,

285 670 642 743 Babylonio,
675 686 747 726 ex
778 687 887 742 quo
916 680 971 727 et
1007 670 1105 726 Bel
1132 670 1363 736 dicitur,
1392 670 1654 727 Ezechiel
1687 668 1898 740 plenius

290 762 357 819 in
378 779 477 819 suo
502 764 657 834 ponit
682 764 982 831 volumine,
1006 774 1061 820 et
1089 764 1271 822 omnis
1297 762 1687 835 prophetarum
1713 765 1903 817 narrat

290 857 526 914 chorus.

378 951 555 1023 (Vers.
581 949 662 1022 9.)
703 949 911 1006 Idcirco
940 959 1167 1005 revertar
1200 948 1380 1023 [Vulg.
1416 950 1707 1022 convertar]
1733 960 1782 1005 et
1812 967 1901 1004 su-

290 1060 437 1099 mam
458 1045 774 1115 frumentum
804 1061 969 1099 nteant
992 1045 1043 1099 in
1063 1055 1288 1116 tempore
1312 1061 1428 1112 suo,
1454 1053 1499 1097 et
1528 1044 1701 1097 vinum
1731 1059 1901 1097 meum

292 1138 354 1192 in
399 1150 623 1213 tempore
677 1155 791 1207 suo,
847 1148 893 1192 et
941 1139 1165 1193 liberabo
1205 1138 1383 1193 lanam
1428 1146 1686 1203 meam,et
1736 1137 1901 1189 linum

293 1247 491 1296 meum,
514 1247 626 1302 qua:
666 1230 955 1304 aperiebant
987 1230 1322 1302 ignominiam
1364 1231 1497 1300 ejus.
1540 1227 1684 1283 LXX
1714 1245 1725 1280 :
1758 1226 1896 1281 Pro-

293 1335 471 1397 pterea
502 1336 727 1380 revertar
745 1334 792 1379 et
837 1326 1020 1380 tollam
1066 1326 1296 1379 triticum
1342 1340 1510 1378 meum
1563 1324 1616 1376 in
1674 1331 1901 1394 tempore

292 1434 418 1484 suo,
450 1427 496 1473 et
524 1419 699 1473 vinum
726 1434 895 1473 meum
925 1420 977 1472 in
1007 1426 1234 1488 tempore
1254 1433 1371 1478 suo,
1402 1425 1448 1470 et
1478 1416 1715 1485 auferant
1745 1415 1901 1468 vesti-

294 1522 475 1567 menta
515 1530 645 1575 utea,
696 1524 742 1567 et
784 1515 1087 1568 linteamina
1137 1529 1270 1578 mea,
1323 1530 1387 1567 ne
1415 1511 1650 1582 Operiant
1681 1511 1902 1580 ignomi-

294 1607 442 1661 niam
468 1610 599 1678 ejus.
634 1607 862 1664 Gravior
909 1623 1066 1679 ptena
1117 1617 1221 1675 est,
1278 1608 1497 1679 quando
1550 1608 1602 1659 in
1657 1616 1901 1675 tempore
1941 1638 1953 1647 -

294 1701 495 1757 messis
520 1710 575 1756 et
602 1701 887 1757 vindemia:
916 1711 1149 1772 speratae
1179 1700 1363 1772 fruges
1393 1700 1713 1755 auferuntur
1735 1706 1787 1750 et
1816 1697 1900 1750 vi-

2002 478 2127 532 villa
2166 479 2432 541 silvarum,
2466 477 2611 533 LXX
2657 481 3052 535 transtttletunt
3081 479 3453 533 testiinonium.
3494 477 3605 532 RES

2002 589 2071 629 Ετ
2103 590 2315 629 DALETII
2343 573 2647 628 litterarum
2678 572 2801 629 falsi
2827 572 3206 628 similitudine.
3236 572 3291 628 Si
3324 571 3472 627 enim
3506 586 3604 641 pro

2001 683 2100 723 nas
2128 684 2343 725 panem
2374 670 2607 738 legatur,
2634 666 2985 721 testimonium
3014 666 3214 723 dicitur
3237 684 3251 722 :
3277 667 3347 721 ita
3382 665 3603 721 dumta-

2001 774 2113 832 xat,
2138 775 2198 820 ut
2225 780 2318 820 son
2345 765 2523 818 littera
2549 779 2659 819 non
2682 763 2974 834 praecedat.
3004 762 3276 819 Liberalis
3297 778 3431 834 ergo
3451 768 3603 818 veste

2002 868 2056 912 et
2085 857 2424 923 linteamine,
2455 873 2524 913 ne
2551 857 2831 929 operirent
2871 858 3011 912 ultra
3044 856 3395 928 ignominiam
3433 856 3605 911 forni-

2003 952 2397 1019 cari;n,omuis
2451 953 2728 1024 turpitudo
2783 952 3113 1018 Jerusalem,
3164 953 3280 1012 sive
3336 951 3597 1017 stultitia,

2006 1063 2100 1118 per
2132 1063 2292 1117 quam
2337 1055 2559 1116 operata
2604 1055 2690 1102 est
2734 1045 3152 1115 turpitudinem,
3187 1043 3519 1099 revelabitur
3548 1043 3599 1099 in

2004 1149 2298 1209 conspectu
2326 1148 2632 1193 amatorum
2665 1139 2804 1207 ejus,
2839 1148 2896 1191 ut
2927 1152 3087 1207 quam
3124 1136 3356 1192 velatam
3386 1135 3601 1192 deside-

2004 1232 2217 1296 rabant,
2248 1240 2493 1302 apertam
2526 1238 2904 1287 contemnant.
2931 1232 3175 1301 Cumque
3200 1230 3396 1286 tradita
3431 1230 3600 1285 fuerit

2011 1328 2114 1399 19
2135 1326 2471 1381 amatoribus
2497 1326 2608 1380 suis
2640 1325 2903 1397 Assyriis,
2929 1326 3045 1381 sive
3073 1324 3440 1393 daemonibus,
3471 1325 3592 1395 qui-

2008 1422 2107 1475 bus
2138 1430 2192 1475 et
2232 1422 2350 1490 ipsa
2380 1427 2436 1475 et
2462 1421 2671 1491 Assyrii
2700 1420 2969 1486 serviunt,
3010 1419 3213 1486 nullus,
3252 1419 3448 1487 inquit,
3480 1433 3600 1474 eam

2004 1514 2073 1570 de
2104 1532 2267 1569 manu
2299 1530 2417 1570 mea
2459 1514 2661 1583 poterit
2691 1513 2927 1583 eripere,
2967 1512 3190 1583 probata
3223 1512 3602 1568 imbecillitate

2007 1610 2367 1676 dmmoniaca,
2404 1608 2546 1679 quod
2585 1623 2723 1678 quos
2756 1608 2918 1663 rebus
2964 1608 3219 1664 omnibus
3258 1607 3604 1662 abundantes

2007 1710 2364 1770 receperant,
2396 1714 2687 1771 oppressos
2727 1700 2884 1754 malis
2928 1699 3163 1755 liberare
3212 1715 3317 1754 non
3350 1707 3602 1769 possunt.

295 1813 454 1864 num,
484 1807 537 1853 et
581 1796 985 1868 quodammodo
1028 1806 1189 1852 tenta:
1239 1796 1504 1850 tolluntur
1550 1808 1580 1847 e
1630 1790 1898 1846 manibus.
1932 1788 1981 1849 B
2008 1794 2228 1850 Tradita
2268 1804 2451 1851 autem
2487 1794 2802 1866 Babylonia:
2830 1795 3099 1863 servituti,
3133 1810 3471 1866 nequaquam
3498 1806 3607 1850 tres

294 1890 394 1946 Sin
425 1900 602 1946 autem
633 1890 684 1945 in
736 1901 981 1961 tempore
1014 1904 1154 1946 areae
1186 1901 1240 1945 et
1287 1889 1436 1961 prmli
1483 1898 1546 1944 es
1587 1886 1895 1951 torcularis,

294 1986 515 2057 quando
536 1986 884 2043 sterilitatem
917 1988 1255 2057 prreteritam
1290 1985 1446 2039 novis
1471 1983 1720 2053 frugibus
1752 1990 1901 2037 terra

294 2076 580 2146 fecundat,
617 2080 860 2135 omnium
893 2095 1078 2135 rerum
1112 2079 1338 2150 penuria
1381 2086 1485 2145 est,
1517 2076 1649 2147 quid
1682 2075 1749 2130 de
1780 2075 1905 2129 reli-

296 2187 411 2244 quo
454 2173 580 2227 anni
634 2182 917 2244 tempore,
960 2174 1180 2245 quando
1240 2182 1430 2229 vetera
1464 2176 1901 2236 conservantur,

300 2264 574 2322 mstimare
614 2266 911 2324 debemus?
944 2267 1234 2323 Liberatur
1262 2276 1442 2323 autem
1476 2267 1597 2321 lana
1630 2274 1687 2321 et
1715 2266 1906 2328 linum,

301 2359 420 2415 sive
442 2369 622 2417 vestes
650 2370 705 2417 et
728 2362 1044 2417 linteamina
1064 2405 1078 2429 ,
1109 2378 1177 2419 ne
1203 2362 1346 2418 ultra
1395 2359 1747 2433 ignominiam
1780 2373 1911 2428 ope-

306 2454 450 2509 riant
486 2456 833 2512 meretricis:
867 2467 925 2513 ut
966 2457 1179 2514 scilicet
1230 2459 1324 2513 Dei
1376 2456 1613 2512 nudetur
1654 2454 1858 2509 auxilio
1892 2470 1907 2509 :

307 2554 362 2601 et
392 2550 632 2605 omnium
674 2551 743 2605 ab
787 2566 851 2607 eo
904 2553 1221 2623 angelorum
1276 2552 1447 2607 tutela
1500 2553 1604 2624 18
1650 2548 1911 2606 discedat.

311 2637 466 2696 Unde
495 2650 550 2697 et
576 2643 852 2711 apostolus
883 2653 909 2682 δ
954 2644 1171 2699 liberari
1203 2644 1334 2699 dicit
1378 2654 1686 2701 creaturam
1734 2659 1764 2697 a
1795 2658 1910 2697 scr-

307 2734 479 2791 vitute
504 2738 873 2808 corruptionis
902 2739 955 2794 in
991 2739 1295 2796 libertatem
1322 2741 1513 2811 gloria:
1545 2740 1783 2795 ﬁliorum
1824 2739 1915 2797 Dei

314 2828 488 2900 (Rom.
519 2832 658 2902 vui).
685 2831 838 2887 Multi
867 2846 1132 2903 accepere
1159 2849 1353 2889 aurum
1397 2842 1451 2889 et
1492 2844 1778 2904 argentum
1819 2846 1916 2887 sa-

310 2922 529 2993 pientiae
561 2933 618 2980 et
647 2924 999 2996 eloquentiae,
1038 2926 1108 2983 de
1140 2928 1340 2999 quibus
1386 2927 1631 2984 lacerent
1658 2926 1918 2983 candela-

310 3014 469 3072 brum
516 3027 726 3089 septem
776 3018 1122 3077 lucernarum
1192 3038 1260 3079 ex
1307 3038 1443 3079 auro
1497 3024 1812 3093 purissimo,
1867 3032 1921 3077 et

308 3126 555 3168 mensam
576 3115 970 3185 propositionis
989 3131 1233 3186 auream,
1279 3127 1333 3173 et
1360 3118 1821 3189 pr0pitiatoritun,
1862 3125 1919 3171 et

2004 1892 2380 1946 solemnitates
2415 1888 2635 1945 Pascha:
2667 1898 2721 1945 et
2753 1890 3111 1945 Pcntecostes
3157 1899 3211 1944 et
3258 1888 3606 1945 Tabernacu-

2008 1985 2183 2039 lorum
2214 1984 2493 2039 celebrare
2526 1983 2745 2053 poterit.
2778 1982 2895 2037 Non
2937 1981 3263 2050 neomenim,
3300 1982 3352 2037 id
3385 1992 3470 2038 est
3508 1982 3605 2036 ka-
3673 2028 3676 2031 .

2003 2077 2317 2144 lendarum,
2338 2094 2443 2132 non
2471 2076 2686 2132 sabbati
2714 2092 2973 2133 exercere
2988 2075 3255 2143 laetitiam,
3284 2092 3384 2133 nec
3414 2091 3604 2133 omnes

2012 2171 2339 2226 festivitates
2380 2185 2517 2241 quas
2557 2185 2665 2225 uno
2702 2172 2920 2225 nomine
2964 2169 3399 2241 comprehendit.
3434 2169 3607 2227 Vinea

2011 2279 2229 2335 quoque
2253 2272 2310 2318 et
2335 2264 2470 2319 licus
2496 2272 2550 2318 et
2593 2278 2776 2319 rerum
2829 2263 3073 2319 omnium
3120 2262 3459 2318 abundantia
3488 2278 3612 2319 cor-

2012 2367 2298 2427 rumpetur
2327 2374 2339 2410 :
2389 2356 2443 2411 in
2488 2356 2645 2411 vinea
2684 2355 2958 2424 Iretitiam,
2986 2355 3039 2410 in
3068 2355 3174 2410 licu
3204 2356 3525 2411 suavitatem
3555 2365 3613 2412 et

2013 2449 2357 2506 dulcedinem
2377 2449 2641 2520 intellige,
2674 2449 3127 2520 quaeauleruntur
3143 2446 3479 2519 gravissima:
3496 2460 3612 2500 ser-

2016 2545 2206 2599 vitutis
2236 2543 2391 2598 malis
2418 2562 2429 2595 :
2461 2550 2517 2598 et
2543 2540 2871 2598 aufereutur
2894 2542 3117 2607 idcirco,
3153 2541 3278 2612 quia
3303 2554 3408 2595 non
3434 2552 3465 2592 a
3498 2537 3613 2593 Deo

2019 2636 2120 2693 sibi
2135 2636 2332 2693 donata
2346 2636 2502 2707 quasi
2526 2635 2645 2706 conj
2655 2636 2740 2705 ngi
2757 2651 2770 2700 ;
2787 2634 2881 2690 sed
2895 2635 2964 2691 ab
2980 2632 3316 2689 amatoribus
3329 2631 3441 2687 suis
3459 2630 3614 2701 quasi

2020 2732 2291 2787 meretrici
2307 2746 2403 2801 pro
2424 2729 2666 2785 libidinis
2690 2729 3031 2785 mercedibus
3057 2728 3319 2783 arbitrata
3346 2734 3447 2793 est.
3464 2724 3615 2779 Tunc

2020 2841 2360 2897 nequaquam
2403 2825 2628 2881 habebit
2665 2824 2901 2881 arbores
2933 2824 3244 2896 pomiferas,
3298 2820 3396 2878 sed
3433 2819 3613 2877 omnia

2022 2929 2300 2977 vertentur
2326 2919 2381 2974 in
2416 2919 2639 2975 saltum.
2667 2918 2874 2991 thuia
2902 2913 3613 2988 semelmetaphoramasil-

2022 3013 2105 3070 vis
2128 3022 2372 3083 ceperat,
2404 3012 2521 3068 linit
2550 3012 2606 3068 in
2631 3012 2864 3083 reliquo,
2897 3011 3152 3067 uthostes
3175 3026 3203 3066 a
3236 3010 3433 3080 quibus
3453 3009 3617 3065 devo-

2024 3106 2198 3161 randa
2223 3116 2352 3162 sunt
2384 3106 2588 3172 omnia,
2614 3106 2821 3162 bestias
2860 3115 3155 3177 nuncupet.
3206 3104 3332 3160 llaec
3387 3112 3441 3160 et
3463 3104 3618 3174 juxta

309 3206 610 3264 Cherubim
650 3208 767 3265 auri
798 3211 1095 3282 splendore
1114 3188 1403 3279 radiantia,
1439 3221 1493 3269 et
1518 3212 1679 3268 bases
1701 3211 1912 3266 colum-
1939 3188 1986 3252 Ο
2017 3198 2297 3255 hiSloriam
2332 3210 2388 3256 θῐ
2421 3200 2577 3271 imm
2629 3198 2991 3271 "0P0108iam
3042 3198 3227 3255 infelix
3274 3197 3457 3253 Judm
3490 3212 3617 3268 De"

311 3318 504 3359 narum
536 3314 844 3376 argenteas,
892 3315 947 3362 et
990 3307 1227 3363 triticum
1276 3307 1544 3363 sermonis
1591 3307 1708 3375 Dei,
1743 3316 1797 3362 et
1828 3307 1909 3360 vi-

313 3415 444 3454 num
467 3400 722 3471 gaudium
751 3401 988 3473 Spiritus
1013 3402 1187 3458 sancti
1214 3419 1228 3456 :
1256 3403 1583 3458 vestimenta
1613 3415 1832 3473 quoque
1859 3410 1912 3457 et

310 3492 625 3550 linteamina
648 3495 841 3565 quibus
872 3495 1163 3552 credentes
1194 3496 1529 3567 vestirentur
1559 3496 1614 3550 in
1645 3495 1864 3550 Christo
1896 3510 1909 3547 :

311 3602 433 3659 qua:
464 3587 717 3645 universa
740 3597 1017 3645 verterunt
1048 3588 1101 3643 iu
1127 3588 1455 3645 idololatriae
1495 3588 1726 3657 cultum,
1760 3588 1912 3643 varia

312 3696 567 3736 errorum
588 3680 840 3752 dogmata
872 3689 1288 3752 componentes,
1324 3691 1378 3737 et
1404 3680 1618 3752 decepti
1657 3680 1795 3736 alios
1817 3680 1912 3736 de-

315 3781 603 3843 ceperunt.
637 3774 768 3842 Qua:
798 3775 979 3829 omnia
1008 3773 1223 3831 auferet
1246 3774 1411 3841 Deus,
1446 3783 1504 3829 ut
1530 3774 1621 3845 qui
1655 3790 1721 3828 ex
1758 3774 1913 3843 copia

315 3864 564 3921 datorem
593 3881 699 3921 non
731 3875 1045 3932 senserant,
1078 3865 1319 3923 sentiant
1347 3883 1414 3923 ex
1447 3867 1692 3937 penuria.

391 3958 575 4029 (Vers.
614 3960 815 4028 10,“,
842 3970 896 4015 et
934 3959 1049 4031 12.)
1091 3958 1160 4014 Et
1187 3977 1323 4015 nunc
1375 3960 1607 4015 revelabo
1638 3960 1917 4015 stultitiam

319 4056 433 4127 ejus
462 4055 516 4108 in
563 4056 725 4111 oculis
767 4066 1061 4111 amatorum
1099 4061 1215 4131 ejus
1245 4074 1263 4112 :
1291 4067 1338 4111 et
1376 4056 1485 4130 [ΑΙ.
1516 4066 1564 4110 et
1594 4052 1792 4126 nullus]
1840 4055 1917 4108 vir

320 4165 423 4205 non
452 4162 589 4205 eruet
616 4167 730 4206 eam
761 4152 824 4206 de
846 4169 999 4207 manu
1044 4169 1188 4221 mea,
1222 4161 1270 4207 et
1309 4168 1505 4207 cessare
1531 4151 1723 4221 faciam
1769 4165 1916 4204 omne

319 4244 569 4318 gaudium
613 4246 744 4317 ejus,
795 4246 1167 4301 solemnitatem
1211 4246 1353 4317 ejus,
1408 4245 1730 4300 neomeniam
1781 4243 1913 4313 ejus,

318 4336 588 4390 sabbatum
614 4341 748 4411 ejus,
782 4345 827 4392 et
851 4339 1025 4392 omnia
1057 4339 1189 4410 festa
1231 4348 1460 4410 tempora
1500 4339 1655 4409 ejus:
1707 4346 1756 4390 et
1803 4351 1920 4390 cor-

319 4445 558 4501 rumpam
588 4433 786 4487 vineam
809 4437 942 4504 ejus,
982 4442 1029 4486 et
1069 4436 1225 4502 ﬁcum
1267 4435 1402 4505 ejus,
1436 4434 1499 4487 de
1527 4433 1713 4504 quibus
1743 4431 1875 4485 dixit
1902 4446 1921 4485 :

319 4525 589 4581 Mercedes
616 4527 697 4580 [ire
722 4541 845 4579 mea:
885 4535 1027 4593 sunt,
1057 4543 1187 4597 quas
1227 4526 1478 4581 dederunt
1506 4526 1635 4581 mihi
1662 4532 1916 4580 amatores

2016 3308 2176 3364 pessa
2201 3304 2303 3363 est,
2341 3294 2496 3362 cujus
2536 3294 2716 3350 omnis
2758 3292 3036 3363 turpitudo
3065 3293 3118 3348 in
3164 3292 3344 3347 oculis
3375 3291 3618 3364 gentium

2017 3387 2256 3442 revelata
2288 3396 2393 3453 est,
2426 3395 2481 3443 et
2518 3387 2699 3442 nullus
2742 3401 2861 3444 eam
2906 3401 3103 3443 eruere
3138 3386 3312 3456 potuit
3343 3384 3410 3441 de
3448 3384 3623 3440 mani-

2016 3480 2117 3543 bus
2147 3480 2266 3537 Dei.
2301 3480 2667 3537 Cessaveruut
2707 3481 2977 3537 universa:
3011 3481 3384 3551 cazremoniar,
3424 3479 3481 3535 in
3526 3480 3613 3535 lu-

2017 3589 2165 3631 etum
2197 3583 2283 3631 est
2310 3590 2468 3632 versa
2500 3576 2813 3632 festivitas:
2846 3576 3027 3631 omnia
3060 3591 3181 3649 qua:
3230 3575 3337 3630 sibi
3390 3574 3622 3647 putabat

2017 3670 2136 3727 dari
2169 3688 2199 3726 a
2230 3670 2592 3739 daemonibus,
2628 3685 2773 3726 nunc
2802 3670 2871 3727 ob
2895 3670 3158 3726 olleusam
3194 3669 3288 3726 Dei
3312 3669 3497 3726 ablata
3527 3684 3623 3725 co-

2017 3763 2691 3836 gnoscit.Devoraverunt
2740 3778 2861 3819 eam
2907 3764 3149 3834 primum
3198 3762 3410 3834 Assyrii
3459 3771 3623 3835 atque

2017 3856 2279 3922 Chaldaei,
2314 3855 2452 3911 Medi
2479 3866 2533 3911 et
2559 3855 2742 3912 Persa:
2776 3865 2938 3926 atque
2960 3855 3309 3926 Macedones,
3345 3856 3412 3911 ad
3435 3864 3626 3913 extre«

2019 3966 2167 4005 mum
2200 3949 2499 4007 saevissima
2532 3950 2795 4007 laceravit
2824 3950 3016 4018 bestia,
3049 3951 3425 4007 Romanorum
3449 3950 3621 4021 impe-

2020 4045 2186 4111 rium,
2222 4043 2377 4114 cujus
2407 4044 2460 4099 in
2488 4044 2711 4100 Daniele
2734 4060 2934 4101 nomen
2961 4053 3192 4110 tacetur,
3226 4056 3282 4100 ut
3308 4045 3483 4116 major
3515 4046 3629 4099 for-

2022 4139 2171 4195 mido
2203 4138 2289 4193 his
2310 4139 2402 4210 qui
2435 4137 2733 4195 devorandi
2763 4149 2912 4206 sunt,
2944 4146 3233 4211 augeatur.
3264 4140 3398 4205 Qua:
3421 4137 3490 4193 de
3520 4139 3622 4195 Ju-

2022 4234 2137 4289 dtca
2179 4235 2437 4301 diximus,
2472 4232 2620 4289 refer
2662 4232 2729 4288 ad
2774 4234 3085 4301 haereticos,
3119 4233 3208 4304 qui
3243 4233 3415 4303 prima
3447 4230 3628 4287 fronte

2025 4329 2331 4386 doctrinam
2384 4341 2438 4384 et
2480 4328 2762 4383 scientiam
2814 4327 3222 4399 promittentes,
3292 4325 3503 4396 egressi
3559 4325 3628 4382 de

2027 4425 2268 4481 Ecclesia
2298 4425 2627 4481 deseruntur
2657 4442 2687 4480 a
2723 4426 2855 4489 Deo,
2888 4434 2943 4481 et
2972 4426 3150 4479 omnis
3180 4439 3368 4479 eorum
3394 4423 3629 4493 ignomi-

2028 4518 2115 4571 nia
2149 4519 2201 4580 in
2235 4527 2533 4587 conspectu
2564 4524 2867 4571 amatorum
2912 4518 3155 4585 punitur,
3185 4530 3323 4585 quos
3354 4514 3505 4584 prius
3532 4514 3631 4570 de-

321 4621 422 4674 mei
454 4634 473 4673 :
495 4627 540 4672 et
565 4634 753 4690 ponam
777 4635 892 4672 eam
924 4620 979 4673 in
1021 4594 1235 4688 saltum,
1270 4628 1317 4675 et
1348 4620 1579 4675 comedet
1604 4636 1718 4673 eam
1761 4618 1922 4673 bestia
1948 4594 2003 4654 Ῐ)
2028 4618 2309 4680 ceperant,
2342 4617 2397 4664 et
2428 4608 2612 4665 traditi
2649 4607 2841 4662 bestiis
2888 4622 3021 4677 quas
3072 4606 3330 4676 propheta
3366 4605 3627 4669 declinat,

322 4712 459 4785 agri.
488 4709 630 4766 LXX
660 4728 673 4764 :
709 4710 778 4765 Et
810 4728 946 4765 nunc
987 4712 1222 4766 revelabo
1275 4714 1662 4768 immunditiam
1710 4712 1822 4781 ejus
1867 4711 1921 4763 in

327 4812 603 4874 conspectu
623 4813 915 4858 amatorum
939 4804 1116 4871 illius;
1146 4815 1195 4859 et
1219 4805 1399 4860 nullus
1420 4816 1561 4861 eruet
1583 4822 1694 4859 eam
1720 4804 1783 4857 de
1804 4819 1916 4856 ma-

328 4914 399 4952 nu
423 4912 570 4952 mea:
596 4905 642 4951 et
672 4905 903 4951 avertam
943 4912 1122 4951 omnes
1158 4896 1364 4952 lwtitias
1390 4899 1524 4969 ejus,
1567 4895 1918 4951 solemnitates

329 4992 499 5060 illius,
524 5001 573 5047 et
598 4990 915 5059 neomenias,
948 5000 995 5045 et
1024 4989 1295 5058 sabbatha,
1328 5003 1375 5046 et
1393 5000 1604 5046 cunctas
1629 4991 1926 5063 festivitates

329 5084 493 5152 illius,
519 5094 565 5141 et
590 5085 891 5156 disperdam
912 5086 1112 5141 vineam
1139 5086 1283 5157 ejus,
1334 5095 1379 5139 et
1422 5084 1551 5155 ﬁcus
1593 5083 1763 5151 illius,
1812 5100 1926 5155 quae

331 5179 509 5235 dixit:
559 5178 821 5235 Mercedes
866 5196 993 5234 mea:
1033 5181 1147 5235 ista:
1189 5188 1328 5243 sunt,
1364 5197 1493 5251 quas
1524 5180 1773 5233 dederunt
1804 5179 1933 5232 mihi

331 5281 588 5327 amatores
610 5273 710 5327 mei
740 5288 758 5326 :
800 5281 847 5327 et
871 5290 1059 5343 ponam
1079 5290 1193 5328 eam
1219 5274 1275 5327 in
1300 5275 1666 5339 testimonium,
1694 5281 1740 5326 et
1762 5289 1932 5327 come-

332 5366 454 5422 dent
500 5384 609 5421 eam
637 5368 813 5423 bestia:
848 5368 965 5441 agri
996 5384 1017 5423 :
1067 5366 1094 5406 ι)
1143 5368 1297 5437 Quod
1343 5368 1629 5438 sequitur:
1688 5366 1931 5423 Volatilia

332 5461 449 5518 mli
499 5472 545 5517 et
581 5464 785 5537 reptilia
827 5472 1009 5533 terrte,
1052 5467 1106 5531 σξ-
1167 5464 1329 5521 obelo
1376 5464 1791 5534 prrenotandum
1824 5476 1927 5521 est.

333 5555 441 5613 Pro
490 5557 633 5612 saltu
679 5564 923 5629 qucque,
977 5558 1123 5631 quod
1179 5557 1447 5614 llebraice
1486 5558 1689 5614 dicitur
1749 5570 1770 5597 ε
1829 5559 1932 5615 Jan

411 5703 437 5731 ι
475 5694 641 5769 Olim,
672 5702 794 5769 erat
819 5696 1112 5769 liberatam,
1152 5711 1252 5764 pro
1284 5713 1392 5769 quo
1418 5695 1704 5752 maluisset
1728 5696 1935 5765 Victor,

338 5766 689 5845 liberandam,
712 5766 780 5845 ad
813 5766 989 5845 Grtec.
1024 5766 1505 5845 ἆλσυθερωθῆσιτᾳι.

412 5839 439 5878 b
481 5836 854 5912 Expunximus
882 5839 947 5893 ad
982 5855 1111 5895 mss.
1155 5836 1317 5899 ﬁdem
1346 5843 1531 5913 verba,
1579 5842 1811 5898 volatilia
1847 5858 1944 5897 ra:-

2031 4705 2260 4761 diccns:
2305 4701 2391 4757 Ne
2448 4702 2625 4756 tradas
2665 4701 2842 4755 bestiis
2883 4702 3113 4754 animam
3158 4700 3485 4771 conﬁtentem
3542 4697 3636 4753 tibi

2031 4796 2221 4871 (Psal.
2255 4812 2453 4867 Lxxnt,
2498 4791 2630 4866 19),
2680 4810 2864 4851 earum
2916 4793 3198 4851 morsibus
3242 4793 3634 4864 derelinquen-

2029 4902 2137 4949 tur.

2112 4985 2292 5057 (Vers.
2327 4983 2437 5057 l5.)
2477 4983 2547 5039 Et
2574 4983 2794 5039 visitabo
2816 5001 2971 5053 super
2993 5000 3107 5040 eam
3131 4984 3240 5040 dies
3269 4982 3501 5053 Baalim,
3524 4984 3637 5056 qui-

2034 5081 2128 5135 bus
2150 5078 2460 5135 accendebat
2502 5081 2795 5148 incensum,
2841 5090 2887 5134 et
2920 5081 3206 5135 ornabatur
3236 5080 3421 5135 iuaure
3441 5095 3557 5144 sua,
3590 5088 3635 5133 et

2036 5174 2220 5230 monili
2239 5193 2334 5231 suo
2359 5185 2447 5231 :'et
2489 5176 2596 5231 ibat
2622 5186 2737 5247 post
2767 5185 3024 5232 amatores
3054 5192 3175 5232 suos
3204 5191 3222 5232 :
3251 5185 3298 5232 et
3324 5175 3424 5230 mei
3456 5173 3639 5229 oblivi-

2037 5272 2292 5343 scebatur,
2321 5273 2450 5327 dicit
2472 5274 2581 5347 20
2599 5271 2878 5328 Dominus.
2909 5272 3053 5328 LXX
3088 5290 3101 5325 :
3136 5270 3205 5326 Et
3234 5272 3460 5327 ulciscar
3485 5283 3639 5341 super

2036 5384 2146 5422 eam
2175 5366 2281 5421 dies
2302 5365 2531 5435 Baalt’m,
2560 5367 2614 5420 in
2638 5366 2822 5439 quibus
2851 5364 3157 5421 immolabat
3184 5366 3256 5420 eis
3279 5380 3298 5419 :
3342 5373 3390 5419 et
3420 5364 3642 5417 circum-

2038 5459 2193 5515 dabat
2221 5460 2321 5514 sibi
2352 5460 2556 5513 inaures
2578 5475 2724 5526 suas,
2750 5468 2798 5514 et
2827 5458 3089 5513 monilia:
3120 5465 3169 5511 et
3193 5456 3297 5511 ibat
3341 5464 3457 5527 post
3495 5470 3640 5509 ama-

2039 5567 2173 5612 tores
2190 5571 2310 5611 suos
2342 5570 2358 5608 :
2390 5554 2489 5611 mei
2519 5565 2692 5610 autem
2718 5552 2881 5609 oblita
2920 5562 3017 5622 est,
3047 5552 3172 5607 dicit
3209 5550 3481 5605 Dominus.
3519 5549 3646 5606 Scr-

2051 5696 2090 5750 ti
2110 5737 2124 5761 ,
2150 5701 2198 5749 et
2225 5693 2436 5765 reptilia
2458 5702 2630 5762 terrae,
2656 5708 2780 5763 quae
2802 5693 2892 5749 hic
2912 5692 2968 5747 in
3000 5702 3346 5751 antecessum
3374 5690 3649 5763 ponebam

2054 5776 2159 5835 tur,
2190 5779 2313 5821 cum
2342 5765 2524 5820 statim
2555 5782 2656 5825 suo
2682 5767 2805 5822 loco
2832 5775 3138 5823 recurrant.

2131 5851 2149 5875 τ
2196 5835 2428 5892 Palatini
2457 5852 2587 5895 mss.
2624 5853 2740 5896 mn
2764 5837 2969 5910 legunt.
