4100 6336
536 277 645 338 859

1789 285 1850 343 S.
1894 281 2166 343 EUSEBll
2200 281 2585 343 l—llERONYMl

3734 288 3840 346 ϐω

538 405 595 452 et
624 395 778 452 verbi
809 394 1244 462 similitudinem,
1273 411 1614 472 nequaquam
1663 401 1823 456 velim
1855 400 1987 467 dici,
2039 399 2132 454 sed
2161 402 2212 461 Α
2243 401 2343 456 sub
2370 417 2478 458 uno
2507 409 2725 473 pastore
2755 401 3130 474 requiescent,
3163 403 3279 459 sive
3305 401 3638 474 sperabunt,
3673 400 3725 458 in
3756 403 3839 459 his

539 492 804 563 appellari
839 507 926 549 me
957 508 1073 562 ISSI,
1105 495 1274 565 magis
1305 495 1412 566 25
1443 511 1604 566 quam
1644 512 1800 554 BAALI
1837 514 1849 551 :
1903 510 1970 549 ne
2009 493 2135 549 dum

537 586 688 642 aliud
718 586 980 656 loquitur,
1004 587 1235 644 alterius
1267 589 1618 658 recordetur,
1663 602 1714 646 et
1758 593 1933 646 virum
1969 590 2142 645 nomi-

540 695 701 749 nans,
732 678 936 736 idolum
974 681 1200 753 cogitet.
1231 681 1456 754 Ignosce
1489 683 1836 751 obscuritati,
1886 697 2010 754 quae
2038 683 2138 739 tri-

536 772 639 829 bus
691 774 944 830 nascitur
977 775 1198 832 modis:
1247 786 1339 832 aut
1396 792 1577 834 rerum
1645 778 1992 848 difﬁcultate,
2048 788 2142 833 aut

538 864 786 938 magistri
818 865 1129 938 imperitia,
1176 876 1268 924 aut
1319 869 1584 926 discentis
1641 872 1807 927 nimia
1856 871 2136 928 tarditate.

537 957 723 1030 Neque
747 960 891 1015 enim
923 960 1212 1017 llebrmnm
1241 963 1563 1034 prophetam
1597 964 1928 1028 edissercns,
1951 973 2138 1020 orato-

539 1055 637 1111 riis
665 1054 842 1112 debeo
870 1055 1384 1116 declamatiunculis
1411 1060 1624 1129 ludere,
1654 1069 1710 1116 ct
1735 1062 1786 1116 in
1813 1059 2142 1116 narrationi—

540 1146 644 1204 bus
673 1157 836 1220 atque
859 1149 1092 1221 epilogis
1119 1151 1365 1208 Asiatico
1389 1167 1540 1208 more
1581 1162 1823 1222 cantare,
1861 1152 1958 1208 sed
1983 1152 2138 1207 auxi-

539 1239 614 1296 lio
643 1239 954 1297 orationum
988 1251 1231 1310 tuarum,
1285 1255 1340 1300 et
1389 1245 1698 1302 incredibili
1741 1245 1983 1302 discendi
2027 1254 2142 1301 stu-

538 1335 650 1402 dio,
684 1337 907 1407 aperire
956 1353 1077 1408 qua:
1103 1337 1286 1394 clausa
1337 1350 1484 1395 sunt.
1521 1339 1760 1410 Denique
1792 1341 1986 1410 Aquila
2011 1338 2140 1394 dili~

540 1445 674 1502 gens
695 1441 751 1488 et
780 1432 1031 1487 curiosus
1063 1433 1336 1502 interpres
1365 1449 1383 1487 :
1438 1433 1672 1499 Vocabit,
1717 1434 1912 1504 inquit,
1962 1450 2041 1487 me
2063 1434 2140 1488 vir

539 1540 707 1592 meus,
775 1535 821 1579 et
896 1541 997 1580 non
1073 1526 1268 1581 vocabit
1323 1543 1404 1581 me
1473 1528 1611 1582 ultra
1667 1526 1858 1582 habens
1924 1543 2024 1595 me,
2090 1527 2141 1582 id

543 1626 648 1685 est,
691 1633 847 1674 BAAL.

615 1710 794 1783 (Vers.
823 1710 940 1784 ‘18.)
967 1711 1032 1766 Et
1072 1714 1355 1783 percutiam
1393 1716 1466 1769 eis
1504 1716 1672 1786 [trdus
1701 1715 1756 1768 in
1783 1715 1864 1768 die
1893 1713 1985 1769 illa
2026 1732 2143 1769 cum

2242 512 2362 568 quae
2409 498 2599 553 oculus
2646 513 2753 553 non
2801 498 2981 562 vidit,
3025 506 3079 552 et
3120 499 3267 554 auris
3299 512 3404 554 non
3428 497 3668 564 audivit,
3699 506 3755 553 et
3785 497 3837 552 in

2239 606 2335 647 cor
2368 591 2606 647 hominis
2633 608 2738 647 non
2770 593 3164 662 ascenderunt,
3194 608 3314 664 quae
3346 593 3670 664 praeparavit
3698 593 3838 648 Deus

2241 684 2592 756 diligentibus
2617 701 2677 743 se
2705 686 2752 758 (Ι
2781 685 2900 742 Cor.
2935 687 3001 758 ι).

2315 777 2498 849 (Vers.
2533 777 2646 851 19.)
2678 778 2744 833 Et
2771 779 3028 852 sponsabo
3051 788 3099 836 te
3120 777 3246 834 mihi
3273 780 3331 833 in
3355 779 3724 849 sempiternum
3748 796 3765 833 :
3793 790 3839 834 et

2241 871 2497 943 sponsabo
2536 880 2585 926 te
2630 873 2754 926 mihi
2781 875 2834 928 in
2855 875 3069 947 justitia
3095 915 3110 940 ,
3142 882 3190 929 et
3213 871 3454 945 judicio,
3484 883 3533 928 et
3559 873 3614 927 in
3639 874 3840 928 miseri-

2243 963 2453 1032 cordia,
2505 974 2552 1018 et
2602 965 2655 1019 in
2697 965 2881 1038 [Vulgn
2930 967 3139 1038 absque
3182 965 3258 1040 in]
3296 967 3707 1022 miserationibus
3748 985 3768 1022 .'
3797 977 3840 1022 et

2243 1058 2499 1127 sponsabo
2538 1069 2586 1113 te
2626 1061 2756 1114 mihi
2792 1061 2844 1114 in
2873 1061 2976 1130 ﬁde
3008 1077 3027 1115 .'
3057 1069 3102 1115 et
3137 1064 3268 1115 scies
3297 1062 3420 1130 quia
3447 1079 3538 1134 ego
3564 1062 3836 1117 Dominus.

2244 1150 2396 1206 LXX
2443 1152 2718 1208 similiter.
2771 1152 2816 1208 0
2858 1163 3059 1225 quanta
3090 1155 3379 1210 clementia
3411 1154 3542 1211 Dei!
3576 1156 3840 1212 meretrix

2244 1261 2369 1316 qua:
2417 1259 2538 1300 cum
2590 1245 2780 1302 multis
2827 1248 3170 1303 amatoribus
3215 1247 3480 1304 fornicata
3525 1260 3642 1317 est,
3681 1260 3736 1305 et
3775 1250 3841 1305 ob

2243 1339 2451 1393 crimen
2504 1339 2694 1395 bestiis
2733 1341 2960 1406 tradita,
3007 1351 3294 1412 postquam
3340 1345 3638 1398 revertitur
3665 1343 3732 1398 ad
3768 1343 3843 1398 vi-

2244 1447 2400 1501 rum,
2447 1448 2788 1504 nequaquam
2840 1436 3188 1490 reconciliari
3227 1438 3274 1490 ei
3314 1435 3555 1506 dicitur,
3601 1436 3691 1492 sed
3747 1437 3839 1492 de-

2247 1523 2464 1592 spondi.
2499 1525 2566 1578 Et
2591 1526 2712 1580 vide
2739 1525 2870 1596 quid
2902 1529 2969 1582 sit
2999 1529 3140 1582 inter
3176 1527 3269 1582 Dei
3299 1529 3744 1599 conjunctionem
3790 1541 3843 1586 ct

2249 1615 2528 1672 hominum
2562 1637 2575 1672 :
2609 1619 2772 1676 homo
2803 1635 2925 1675 cum
2961 1637 3185 1676 uxorem
3209 1623 3504 1692 acceperit,
3538 1624 3604 1678 de
3633 1623 3840 1694 virgine

2247 1712 2534 1769 mulierem
2593 1713 2754 1780 facit,
2803 1714 2852 1769 id
2890 1725 3004 1780 est,
3033 1731 3138 1769 non
3170 1716 3468 1787 virginem;
3507 1717 3646 1772 Dens
3675 1718 3838 1772 etiam

540 1805 701 1860 bestia
725 1807 839 1879 agri
859 1851 875 1877 ,
912 1815 957 1860 et
987 1824 1104 1861 cum
1133 1807 1340 1862 volucre
1365 1809 1475 1864 (teli
1497 1851 1510 1876 ,
1538 1820 1582 1864 et
1609 1826 1722 1863 cum
1748 1807 1919 1881 reptili
1948 1817 2141 1863 terrae:
2173 1807 2219 1867 Β
2249 1809 2628 1865 meretricibus
2650 1809 2964 1881 copulatus,
2996 1825 3093 1866 eas
3119 1821 3289 1866 mutat
3321 1813 3372 1866 in
3404 1813 3840 1883 virgines,juxta

538 1910 585 1956 et
608 1916 818 1968 arcum,
845 1908 892 1956 et
915 1901 1179 1974 gladium,
1213 1913 1258 1957 et
1287 1902 1478 1958 bellum
1508 1914 1768 1959 conteram
1793 1904 1856 1957 de
1883 1915 2019 1958 terra
2049 1919 2064 1956 :
2093 1914 2139 1956 et

536 1995 762 2050 dormire
811 2011 895 2050 eos
936 1997 1126 2068 faciam
1170 1999 1502 2066 ﬁducialiter.
1534 1997 1680 2054 LXX
1719 2016 1732 2052 :
1766 1995 1839 2052 Et
1863 1999 2140 2068 disponam

536 2092 609 2146 eis
657 2099 1016 2147 testamentum
1060 2093 1115 2146 in
1156 2093 1241 2146 die
1276 2092 1368 2147 illa
1405 2109 1523 2147 cum
1561 2093 1732 2147 bestiis
1760 2093 1915 2164 agri,
1947 2101 1995 2146 et
2024 2108 2143 2145 cum

533 2185 831 2242 volatilibus
861 2187 975 2242 coeli
1001 2228 1015 2254 ,
1046 2198 1093 2241 et
1119 2203 1239 2241 eum
1259 2187 1530 2257 reptilibus
1562 2199 1752 2242 terrae:
1779 2197 1824 2240 et
1853 2202 2060 2254 arcum,
2093 2194 2142 2240 et

534 2279 773 2351 gladium
792 2321 808 2349 ,
839 2290 884 2335 et
917 2278 1114 2334 bellant
1144 2291 1407 2335 conteram
1433 2281 1496 2334 de
1523 2288 1695 2334 terra:
1718 2289 1766 2333 et
1797 2277 2035 2332 habitare
2056 2295 2142 2332 eos

539 2374 733 2445 faciam
773 2375 827 2427 in
851 2389 963 2444 spe.
994 2373 1222 2442 Quando
1253 2373 1430 2429 omnia
1455 2373 1736 2444 religionis
1767 2371 2010 2427 adversae
2044 2386 2140 2425 vo-

537 2467 733 2524 cabula
759 2465 962 2523 fuerint
990 2467 1168 2524 ablata
1193 2467 1262 2523 de
1287 2466 1489 2538 populo
1513 2465 1797 2521 Dominum
1820 2464 2138 2531 confitente,

536 2571 591 2617 et
650 2559 924 2617 vocaverit
967 2576 1085 2628 me,
1131 2561 1339 2632 inquit,
1387 2561 1467 2614 vir
1503 2576 1645 2614 meus
1670 2601 1684 2626 ,
1719 2568 1773 2614 et
1803 2573 2139 2629 nequaquam

536 2651 727 2723 Bauli,
784 2654 836 2710 id
891 2664 1013 2724 est,
1051 2654 1252 2710 idolum
1295 2670 1465 2710 meum
1491 2696 1504 2719 ,
1545 2666 1675 2709 tunc
1714 2653 2008 2724 percutiam
2059 2653 2141 2708 cis

535 2746 716 2804 ftedus
751 2755 914 2817 atque
941 2747 1288 2805 concordiam
1320 2764 1440 2804 cum
1482 2747 1670 2804 bestiis
1697 2747 1847 2818 agri,
1896 2754 1950 2802 et
1991 2745 2142 2802 volu-

539 2841 724 2898 cribus
753 2841 878 2898 coeli
905 2883 920 2910 ,
951 2849 1006 2898 et
1033 2842 1322 2914 reptilibus
1353 2850 1536 2898 terrae.
1569 2841 1644 2897 De
1683 2840 1786 2896 hoc
1813 2848 2057 2911 tempore
2088 2850 2142 2896 et

536 2933 706 2991 Isaias
734 2935 975 3007 loquitur
1004 2953 1016 2990 :
1051 2933 1318 2990 Habitabit
1345 2933 1499 3009 lupus
1527 2950 1643 2990 cum
1671 2950 1842 3008 agno;
1871 2943 1917 2988 et
1947 2934 2141 3007 pardus

535 3043 654 3082 cum
677 3027 828 3084 Itde
850 3026 1140 3084 accubabit.
1177 3027 1410 3097 Vitulus,
1434 3037 1483 3084 et
1510 3029 1611 3096 leo,
1641 3036 1690 3082 et
1714 3028 1819 3082 ovis
1846 3025 2003 3083 simul
2032 3043 2143 3082 mo-

533 3121 826 3191 rabuntur,
878 3131 925 3177 et
968 3137 1096 3194 puer
1147 3122 1396 3193 parvulus
1433 3121 1652 3177 minabit
1690 3138 1799 3176 eos.
1854 3120 2058 3176 Vitulus
2096 3130 2143 3175 et

2248 1902 2380 1957 illud
2424 1902 2567 1972 quod
2602 1901 2862 1958 adultera:
2893 1904 3092 1958 dicitur
3125 1920 3220 1974 pcr
3245 1905 3536 1961 Jeremiam
3575 1925 3586 1961 :
3631 1905 3759 1960 Non
3793 1919 3842 1962 ut

2246 1996 2511 2050 dominum
2564 2013 2645 2052 me
2695 1997 2983 2066 invocasti,
3037 2009 3125 2052 aut
3165 2009 3398 2069 patrem,
3431 2010 3520 2054 aut
3555 2001 3839 2073 principem

2245 2091 2556 2162 virginitatis
2589 2099 2692 2147 tua:
2715 2090 2852 2164 (Jer.
2884 2108 2978 2159 ιιι,
3014 2093 3104 2164 ιι).
3137 2093 3292 2149 Unde
3323 2103 3378 2149 et
3408 2098 3685 2166 apostolus
3723 2106 3838 2168 pOst

2246 2177 2671 2242 fornicationem
2714 2198 2768 2242 et
2814 2187 3079 2242 idolorum
3121 2188 3330 2243 cultum
3360 2189 3711 2246 credentibus
3743 2190 3838 2247 Co-

2245 2280 2461 2336 rinthiis
2503 2281 2745 2351 loquitur
2792 2299 2804 2334 :
2859 2280 3130 2352 Despondi
3168 2285 3306 2337 enim
3351 2302 3436 2338 vos
3477 2286 3566 2340 uni
3607 2287 3713 2339 viro
3747 2288 3842 2341 rir-

2244 2381 2413 2448 ginem
2435 2375 2880 2431 castamexhibere
2901 2375 3184 2452 Christo(ll
3203 2378 3322 2434 Cor.
3342 2395 3418 2444 xr,
3441 2378 3518 2450 1).
3539 2380 3841 2446 Quaerimus

2244 2485 2342 2524 cur
2399 2468 2561 2524 tertio
2613 2469 2994 2539 desponsionis
3041 2486 3236 2526 nomen
3297 2471 3596 2540 repetierit.
3659 2473 3842 2530 Primo

2245 2561 2388 2617 cnim
2412 2562 2488 2615 ait
2514 2561 2821 2631 :Sponsabo
2849 2571 2899 2616 te
2917 2563 3046 2617 mihi
3069 2563 3123 2616 in
3143 2565 3536 2634 sempiternum.
3552 2565 3805 2620 Secundo
3828 2582 3840 2618 :

2245 2655 2521 2727 Sponsabo
2551 2671 2597 2711 te
2627 2657 2753 2711 mihi
2785 2661 2836 2712 in
2859 2659 3072 2731 justitia
3098 2667 3147 2713 et
3182 2659 3382 2728 iudicio
3403 2701 3418 2729 ,
3463 2669 3509 2715 et
3547 2661 3601 2715 in
3641 2661 3844 2716 miseri-

2245 2751 2422 2806 cordia
2475 2761 2523 2805 et
2573 2751 3011 2807 miserationibus.
3069 2752 3178 2809 Nec
3235 2754 3338 2810 hoc
3395 2755 3502 2811 line
3553 2766 3842 2811 contentus

2241 2844 2418 2916 jungit
2447 2855 2498 2901 et
2530 2843 2747 2900 tertium
2786 2865 2798 2899 :
2834 2846 3103 2914 Sponsabo
3134 2855 3182 2902 te
3209 2847 3337 2902 mihi
3366 2849 3420 2902 in
3457 2847 3562 2918 [ide
3587 2894 3600 2916 ,
3633 2859 3679 2902 et
3713 2849 3840 2903 scies

2243 2938 2364 3009 quia
2391 2955 2485 3012 ego
2508 2936 2784 2992 Dominus.
2809 2937 2994 2993 Primo
3017 2939 3306 3010 despondit
3332 2956 3450 2996 eam
3472 2940 3522 2995 in
3547 2940 3837 3007 Abraham,

2245 3034 2362 3087 sive
2415 3032 2470 3085 in
2509 3030 2776 3103 Egypto,
2830 3041 2889 3087 ut
2926 3047 3148 3088 uxorem
3196 3034 3391 3089 habeat
3429 3035 3836 3105 sempiternam.

2246 3123 2499 3180 Secundo
2550 3124 2604 3180 in
2647 3136 2830 3182 monte
2875 3126 3028 3183 Sinai
3055 3169 3068 3195 ,
3119 3127 3254 3184 dans
3281 3129 3330 3184 ci
3371 3145 3470 3201 pro
3497 3131 3840 3201 sponsalibus

537 3232 691 3273 ursus
724 3224 1031 3286 pascentur,
1060 3225 1107 3270 et
1131 3213 1290 3270 simul
1319 3215 1632 3288 requiescent
1659 3214 1823 3270 catuli
1843 3231 2022 3269 eorum
2052 3229 2069 3268 :
2097 3215 2215 3278 etC
2252 3221 2408 3292 Legis
2450 3220 2716 3292 justitiam
2769 3231 2932 3292 atque
2971 3221 3232 3293 judicium
3261 3264 3276 3289 ,
3331 3232 3384 3279 et
3427 3223 3672 3294 junctam
3711 3223 3838 3294 Legi

537 3311 618 3365 leo
645 3311 798 3383 quasi
847 3311 936 3366 bos
982 3310 1216 3367 comedet
1255 3311 1435 3382 paleas
1478 3310 1612 3384 (lsa.
1659 3325 1744 3380 ιιι,
1784 3309 1850 3377 6,
1883 3309 1978 3381 7);
2031 3325 2140 3364 ne-

541 3418 815 3476 quaquam
881 3418 1102 3461 carnem
1153 3403 1584 3477 sanguinemque
1642 3403 1990 3472 desiderans,
2046 3400 2139 3457 sed

542 3501 766 3558 mundis
823 3510 986 3574 atque
1040 3501 1377 3573 simplicibus
1428 3515 1656 3556 vesccns
1701 3498 1860 3555 cibis.
1913 3497 2140 3566 Quando

537 3595 742 3664 Petro,
813 3605 873 3652 ut
937 3595 1252 3653 Cornelium
1326 3596 1632 3666 susciperet
1705 3611 1770 3649 ex
1827 3593 2140 3648 nationibus

540 3687 680 3758 (Act.
733 3703 766 3744 x
787 3730 802 3757 ,
857 3687 949 3761 15)
969 3734 983 3760 ,
1027 3688 1324 3744 revelatum
1350 3730 1364 3754 ,
1407 3687 1728 3758 iussumque
1760 3695 1842 3742 est
1871 3695 1932 3740 ut
1959 3700 2142 3740 come-

541 3783 697 3840 deret
747 3798 939 3840 omnes
983 3784 1188 3840 bestias
1213 3826 1228 3851 ,
1271 3791 1326 3839 et
1362 3782 1495 3838 nihil
1527 3779 1866 3838 immundum
1891 3796 2014 3836 esse
2049 3794 2139 3836 co-

536 3887 857 3949 gnosceret,
881 3877 1160 3950 quodcum
1183 3877 1482 3949 gratiarum
1499 3878 1713 3932 actione
1737 3877 2136 3946 perciperetur:

537 3985 701 4042 super
727 3965 924 4044 qufbus
949 3972 1102 4028 audit
1133 3979 1317 4044 postea
1351 3987 1366 4027 :
1399 3970 1554 4038 Quod
1590 3971 1730 4025 Deus
1759 3970 2053 4034 mandarit,
2086 3977 2140 4022 tu

539 4079 603 4118 ne
629 4078 897 4118 commune
927 4064 1120 4118 dixeris
1151 4062 1371 4136 (Ephes.
1407 4078 1478 4132 ιι,
1516 4061 1589 4134 1).
1628 4062 1774 4133 Ergo
1815 4061 1868 4116 in
1905 4061 2140 4116 adventu

539 4159 752 4214 Domini
797 4157 1128 4227 Salvatoris,
1174 4168 1297 4228 post
1342 4155 1764 4212 resurrectionis
1787 4155 1906 4225 ejus
1952 4155 2142 4209 trium-

537 4251 700 4323 phos,
725 4261 781 4306 et
805 4263 1091 4307 ascensum
1125 4250 1196 4306 ad
1223 4250 1438 4305 Patrem
1461 4290 1476 4316 ,
1499 4249 1606 4304 duo
1630 4248 1864 4320 parietes
1892 4249 2141 4319 angulari

536 4347 718 4421 lapide
765 4347 1002 4418 copulati
1041 4356 1164 4402 sunt
1202 4345 1270 4400 ab
1307 4344 1520 4417 eo,qui
1547 4343 1674 4400 fecit
1698 4353 1987 4413 utrumque
2029 4343 2135 4414 [AL

541 4440 794 4515 utraque]
849 4455 1038 4497 unum.
1094 4439 1166 4494 Et
1213 4439 1434 4493 vocavit
1481 4453 1599 4492 eam
1641 4452 1761 4508 quae
1813 4437 2136 4503 dicebatur,

536 4538 743 4609 absque
766 4535 1138 4593 misericordia
1160 4575 1175 4600 ,
1209 4531 1644 4589 misericordiam
1673 4544 2019 4586 consecutam
2049 4540 2140 4588 :et

2245 3318 2681 3374 misericordiam
2714 3359 2728 3384 ,
2805 3326 2863 3373 ut
2917 3319 3136 3390 quando
3195 3321 3543 3390 peccaverit,
3597 3319 3840 3375 tradatur

2242 3410 2543 3481 captivitati
2574 3452 2587 3476 ,
2642 3425 2765 3466 cum
2809 3411 2985 3481 egerit
3021 3410 3396 3480 pmnitentiam
3424 3452 3438 3474 ,
3469 3423 3754 3468 revocetur
3785 3411 3837 3466 in

2245 3506 2506 3575 patriam,
2570 3513 2627 3560 et
2661 3527 2664 3530 ·
2695 3504 3130 3561 misericordiam
3185 3515 3574 3576 consequatur.
3632 3505 3707 3561 De
3759 3505 3840 3560 his

2243 3599 2592 3670 sponsalibus
2647 3600 2697 3654 in
2749 3597 2984 3655 diversis
3016 3599 3163 3670 locis
3205 3599 3487 3671 psalmista
3523 3599 3776 3656 decantat
3826 3617 3835 3652 :

2247 3692 2663 3748 Misericordiam
2729 3703 2778 3748 et
2838 3693 3104 3766 judicium
3157 3691 3375 3746 cantabo
3432 3692 3558 3758 tibi,
3617 3690 3840 3745 Domine

2245 3789 2367 3862 (Ps.
2417 3805 2488 3846 cn
2511 3835 2524 3861 ,
2561 3789 2643 3858 2).
2693 3788 2763 3845 Et
2795 3806 2807 3842 :
2842 3787 3206 3844 Misericordia
3234 3799 3282 3842 et
3306 3788 3490 3843 raritas
3515 3787 3618 3859 27
3663 3785 3838 3839 obvia~

2244 3895 2419 3940 verunt
2473 3885 2602 3954 sibi,
2658 3893 2705 3940 et
2751 3883 2966 3958 justitia
3012 3891 3056 3938 et
3111 3900 3214 3955 pax
3260 3882 3571 3938 deosculata:
3617 3891 3738 3936 sum
3785 3897 3841 3933 se

2247 3979 2364 4055 (Ps.
2398 3997 2595 4036 Lxxxrv
2613 4022 2627 4047 ,
2655 3979 2766 4050 ll).
2801 3980 2949 4048 Quos
2976 3979 3114 4034 duos
3140 3979 3340 4034 calices
3363 3978 3415 4033 in
3442 3976 3842 4049 septuagesimo

2243 4086 2436 4144 quarto
2469 4073 2681 4143 psalmo
2709 4072 2942 4144 legimus
2984 4090 2997 4126 :
3043 4070 3196 4126 Calir.
3224 4072 3278 4126 in
3310 4089 3466 4126 manu
3501 4068 3706 4124 Domini
3739 4071 3842 4124 vini

2243 4168 2369 4220 meri
2417 4167 2600 4239 plenus
2648 4167 2809 4222 mixto
2836 4209 2850 4234 ,
2882 4174 2932 4220 et
2955 4164 3218 4219 inclinavit
3249 4179 3312 4218 ex
3343 4164 3439 4218 hoc
3462 4163 3517 4218 in
3545 4163 3692 4217 illum
3726 4178 3743 4215 :
3776 4161 3844 4217 de

2239 4258 2466 4329 justitia:
2504 4259 2674 4315 calice
2714 4261 2766 4313 in
2800 4259 3025 4314 calicem
3059 4256 3449 4311 misericordiae
3473 4301 3486 4325 ,
3529 4263 3580 4311 et
3621 4269 3844 4309 rursum

2243 4353 2312 4410 de
2362 4355 2531 4410 calice
2575 4353 2966 4409 misericordia:
3008 4353 3058 4407 in
3093 4352 3320 4408 calicem
3343 4349 3592 4420 justitia.
3641 4349 3705 4406 Si
3747 4349 3846 4402 ini‘

2243 4450 2480 4516 quitates,
2515 4446 2715 4516 inquit,
2749 4446 3118 4511 observaveris,
3151 4443 3375 4498 Domine
3400 4484 3414 4510 ,
3445 4441 3704 4507 Domine,
3730 4443 3842 4513 quis

2242 4543 2506 4597 sustinebit
2534 4544 2558 4596 ἱ)
2581 4541 2718 4607 Quia
2749 4539 2891 4609 apud
2928 4549 2973 4595 te
2997 4540 3298 4613 prapitiatio
3337 4548 3412 4593 est
3443 4538 3617 4610 (Psal.
3646 4551 3842 4600 cxxrx,

537 4647 666 4690 eum
713 4631 806 4703 qui
863 4629 1146 4685 dicebatur
1204 4643 1310 4683 non
1353 4625 1586 4698 populus
1632 4639 1822 4692 meus,
1878 4623 2308 4702 populumDS,
2364 4636 2464 4707 4).
2517 4635 2623 4691 Ista
2684 4634 2851 4706 igitur
2906 4634 3203 4701 meretrix,
3258 4649 3380 4706 quin
3427 4633 3663 4704 primum
3720 4641 3846 4687 voto

536 4743 697 4784 suum
731 4744 745 4783 :
778 4725 1093 4797 pacatisque
1122 4723 1370 4780 omnibus
1397 4763 1412 4789 ,
1444 4735 1602 4776 arcus
1627 4729 1683 4776 et
1711 4719 1922 4789 gladius
1946 4728 2134 4776 conte-

534 4833 688 4883 retur
736 4839 797 4880 ac
853 4823 1082 4880 bellum.
1130 4821 1247 4877 Non
1289 4821 1434 4877 enim
1470 4829 1634 4876 erunt
1677 4819 1784 4891 26
1826 4817 2138 4874 necessaria

534 4921 898 4978 instrumenta
927 4917 1319 4988 pugnantium,
1351 4930 1474 4970 cum
1507 4915 1596 4986 qui
1629 4923 1870 4985 pugnent
1893 4955 1908 4981 ,
1951 4912 2136 4968 defue-

529 5015 668 5072 rint.
720 5010 989 5082 Jungetur
1037 5008 1206 5064 Israel
1249 5009 1540 5080 gentibus,
1572 5018 1628 5065 et
1653 5007 1968 5078 implebitur
2002 5006 2136 5062 illud

534 5105 946 5164 Deuteronomii
1012 5121 1026 5157 :
1079 5101 1351 5157 Ltetamini
1398 5112 1574 5177 gentes
1620 5118 1733 5157 cum
1789 5103 1981 5175 papula
2023 5102 2136 5172 ejus

531 5198 715 5272 (Deut.
749 5211 928 5264 xxx",
972 5192 1091 5267 45).
1142 5193 1316 5249 Notus
1361 5197 1507 5250 enim
1550 5196 1605 5249 in
1638 5195 1831 5249 .ludtea
1876 5193 2050 5258 Deus,
2079 5193 2136 5246 in

535 5287 710 5347 Israel
738 5307 982 5362 magnum
1024 5305 1209 5344 nomen
1231 5291 1366 5362 ejus.
1411 5289 1524 5343 Et:
1561 5286 1758 5342 Factus
1801 5297 1876 5342 est
1917 5287 1968 5339 in
2010 5303 2136 5358 pace

535 5387 678 5445 locus
720 5391 872 5459 eius,
916 5396 964 5443 et
1007 5387 1258 5442 habitatio
1302 5389 1415 5459 ejus
1457 5385 1510 5438 in
1559 5383 1690 5438 Sion
1717 5382 1890 5453 (Psal.
1925 5379 2089 5451 Lxxv)
2117 5427 2130 5448 ,

534 5481 638 5539 hoc
666 5493 780 5551 est,
807 5483 866 5539 in
895 5482 1143 5538 Ecclesia
1167 5528 1181 5552 ,
1216 5482 1268 5537 in
1299 5494 1404 5553 qua
1432 5475 1710 5546 confregit
1742 5476 2011 5546 potentias
2045 5491 2135 5530 ar-

535 5591 693 5633 cuum
725 5617 741 5643 ,
769 5585 1017 5643 scutum,
1048 5576 1287 5649 gladium
1315 5583 1372 5632 et
1405 5572 1610 5629 bellum
1655 5589 1667 5624 :
1711 5570 1906 5641 quibus
1948 5570 2133 5627 fractis

533 5677 694 5740 atque
723 5671 980 5726 contritis
1004 5712 1019 5738 ,
1051 5670 1329 5728 dormient
1356 5666 1651 5726 credentes
1681 5664 2004 5722 fiducialiter
2025 5709 2040 5736 ,
2076 5675 2133 5723 et

2243 4730 2430 4802 sponsi
2482 4729 2535 4784 in
2586 4739 2610 4766 ⁸
2663 4737 2900 4786 aeternos
2947 4729 3119 4784 fuerat
3150 4728 3338 4799 juncta
3379 4726 3740 4798 complexus,
3792 4735 3845 4779 ut

2243 4838 2534 4896 numquam
2563 4839 2592 4877 a
2623 4823 2842 4879 vinculo
2867 4821 3149 4878 recederet
3174 4821 3434 4889 maritali,
3459 4821 3581 4891 quia
3614 4819 3847 4875 recessit

2241 4929 2295 4976 et
2332 4923 2385 4974 in
2433 4917 2670 4990 Egypto
2701 4916 2967 4974 fornicata
2994 4924 3113 4982 est,
3151 4931 3370 4970 rursum
3400 4929 3501 4986 per
3526 4913 3731 4984 Legem
3761 4927 3849 4968 as-

2240 5015 2472 5072 sumitur
2531 5031 2544 5068 :
2599 5027 2758 5082 quam
2813 5012 2938 5083 quia
2988 5010 3299 5082 praeteriit,
3355 5005 3646 5079 prophetis
3692 5005 3847 5078 quasi

2239 5107 2424 5176 sponsi
2475 5105 2755 5162 sodalibus
2785 5149 2799 5174 ,
2844 5104 2935 5174 qui
2981 5103 3047 5159 ad
3097 5120 3156 5159 se
3203 5099 3357 5157 missi
3391 5101 3638 5167 fuerant,
3675 5099 3848 5154 inter.

2242 5200 2397 5256 feetis
2423 5243 2436 5268 ,
2472 5197 2772 5255 novissime
2795 5197 2943 5253 venit
2981 5197 3073 5252 Dei
3101 5195 3269 5250 Filius
3293 5235 3306 5258 ,
3343 5193 3604 5248 Dominus
3635 5190 3802 5247 Jesus
3833 5209 3845 5244 :

2239 5309 2346 5364 quo
2377 5292 2634 5348 cruciﬁxo
2656 5337 2670 5360 ,
2693 5299 2749 5348 et
2770 5307 2797 5344 ει
2821 5290 3049 5346 mortuis
3081 5296 3401 5358 resurgente
3430 5329 3443 5354 ,
3477 5287 3850 5355 desponsatur

2240 5403 2581 5457 nequaquam
2632 5387 2684 5440 in
2739 5385 2896 5454 Legis
2937 5381 3148 5454 justitia
3179 5424 3193 5448 ,
3223 5381 3320 5438 sed
3358 5381 3412 5436 in
3447 5379 3555 5435 ﬁde
3581 5387 3640 5435 et
3667 5379 3849 5451 gratia

2239 5479 2556 5551 Evangelii,
2592 5488 2651 5535 ut
2685 5495 2808 5536 cum
2839 5477 3160 5550 cognoverit
3190 5474 3541 5546 Unigenitum
3567 5515 3585 5542 ,
3638 5488 3851 5544 cogno-

2239 5582 2445 5630 scatet
2492 5571 2731 5628 Patrem.
2787 5572 2928 5628 Dicit
2972 5570 3120 5626 enim
3171 5568 3288 5639 ipse
3339 5566 3406 5622 ad
3456 5565 3773 5635 Philippum
3831 5581 3845 5618 :

2242 5667 2406 5724 Tanto
2432 5675 2660 5740 tempore
2683 5665 2944 5722 vobiscum
2973 5680 3089 5720 sum
3114 5703 3130 5732 ,
3161 5671 3210 5718 et
3238 5677 3344 5718 non
3366 5658 3683 5734 cognovistis
3724 5658 3851 5715 me.’

604 5867 628 5897 α
655 5856 781 5915 Mss.
813 5854 1072 5923 Palatini,
1103 5856 1156 5909 in
1179 5864 1379 5911 exteros
1410 5857 1609 5925 fuerat,
1641 5855 1778 5917 οἱα,
1807 5857 1864 5906 et
1900 5846 2058 5920 paulo
2095 5855 2215 5921 post
2246 5865 2334 5923 per
2364 5848 2592 5920 legitima
2621 5845 2923 5902 assumitur.
