4150 6346
380 238 480 297 8M

1243 228 1894 294 COMMENTARIORUM
1934 229 2002 291 IN
2039 226 2217 290 OSEE
2260 229 2387 290 LIB.
2434 230 2475 291 Ι.
2518 230 2673 291 CAP.
2715 233 2808 291 Ill.

3564 238 3669 294 842

380 356 662 430 Philippe,
694 357 784 428 qui
810 355 947 411 videt
976 370 1089 426 me,
1119 355 1257 412 videt
1284 368 1329 412 et
1352 357 1565 413 Patrem
1592 374 1762 412 meum
1795 370 1967 428 :quo-
1996 355 2051 416 Α
2078 354 2276 408 vinacia
2324 369 2558 408 uvarum.
2617 354 2761 409 LXX
2804 371 2817 409 :
2866 352 2935 408 Et
2985 352 3116 407 dixit
3152 352 3409 410 Dominus
3438 355 3505 408 ad
3538 371 3617 411 me
3657 374 3675 411 :

379 450 534 505 modo
558 461 613 504 tu
648 450 815 519 dicis,
846 449 1053 506 ostende
1082 452 1227 506 nobis
1250 450 1511 506 Patrem?
1538 468 1637 506 non
1664 450 1828 506 credis
1858 451 1979 521 quia
2079 447 2263 502 Adhuc
2307 448 2437 502 vade
2486 458 2533 502 et
2587 449 2745 521 dilige
2783 449 3050 503 mulierem
3090 448 3385 520 diligentem
3437 451 3577 504 mala
3629 460 3677 505 et

379 558 474 615 ego
513 545 567 598 in
602 542 763 599 Patre
783 586 798 610 ,
831 554 879 600 et
898 544 1060 601 Pater
1088 547 1142 600 in
1170 563 1247 601 me
1273 555 1347 602 est
1375 544 1552 619 (Joan.
1589 561 1679 601 .vtv
1706 587 1720 612 ,
1748 544 1836 612 10,
1861 544 1975 613 il).

2081 544 2403 609 adulteram,
2433 544 2563 598 sicut
2594 543 2767 614 diligit
2800 542 3055 598 Dominus
3086 544 3225 614 ﬁlios
3251 544 3424 598 Israel
3454 560 3470 598 :
3499 555 3547 599 et
3576 545 3679 616 ipsi

378 638 482 704 Qui
538 637 591 692 in
641 637 751 694 ﬁde
797 636 960 695 fuerit
999 639 1364 711 desponsatus
1388 649 1445 695 et
1473 639 1769 695 crediderit
1800 638 1980 694 Evan-
2080 636 2363 706 respiciunt
2393 635 2461 689 ad
2515 635 2637 691 deos
2688 636 2883 691 alienos
2910 680 2922 704 ,
2966 645 3013 691 et
3055 644 3232 691 amant
3278 637 3531 691 coctiones
3560 652 3677 691 cum

379 729 525 801 gelio
551 775 566 799 ,
614 732 803 786 statim
836 732 974 789 sciet
1005 773 1020 801 ,
1055 732 1181 804 quia
1208 733 1325 804 ipse
1352 733 1423 788 sit
1449 732 1593 788 Deus
1618 777 1632 802 ,
1663 730 1892 787 credens
1924 729 1981 785 in

380 836 505 879 eum
538 838 699 895 quem
722 825 873 896 prius
905 835 1220 897 negaverat.

456 918 641 993 (Vers.
690 921 762 978 20
816 922 999 994 seqq.)
1036 922 1103 977 Et
1148 924 1243 979 erit
1273 923 1328 978 in
1353 924 1438 979 die
1465 922 1559 977 illa
1588 926 1628 978 =:
1656 922 1981 989 Exaudiam,

382 1011 509 1066 dicit
565 1011 818 1069 Dominus

385 1112 607 1170 terram,
651 1113 700 1158 et
730 1114 874 1159 terra.
898 1107 1141 1161 exaudiet
1170 1107 1397 1162 triticum
1426 1118 1474 1162 et
1501 1108 1677 1161 viuum
1706 1116 1752 1161 et
1781 1108 1981 1174 oleum,

2084 732 2317 787 vinaciis.
2344 730 2520 787 Priori
2550 732 2765 786 mulieri
2792 731 2848 786 in
2880 740 3061 803 typum
3088 732 3277 789 decem
3306 734 3569 801 tribuum,
3592 730 3682 788 vel

2087 824 2251 880 totius
2277 824 2488 880 Judaici
2530 824 2717 895 populi
2748 824 3069 879 fornicantis
3096 870 3110 893 ,
3144 826 3405 896 propheta
3451 825 3682 896 conjun-

2085 916 2229 989 gitur
2252 960 2267 985 ,
2318 927 2375 973 et
2404 918 2645 987 abjectos
2675 916 2817 972 ﬁlios
2846 925 3009 988 atque
3044 918 3315 972 cruciatos
3345 918 3562 973 tandem
3601 933 3687 973 re-

864 1030 885 1070 :
939 1015 1216 1071 exaudiam
1262 1016 1414 1071 caelos
1441 1057 1456 1082 ,
1508 1024 1558 1071 et
1593 1015 1673 1070 illi
1712 1016 1987 1070 exaudient
2088 1012 2233 1082 cepit
2273 1012 2327 1066 in
2358 1011 2590 1067 salutem
2634 1029 2645 1062 :
2679 1010 3012 1081 hicjubetur
3040 1019 3098 1065 ut
3118 1010 3293 1065 adhuc
3314 1012 3507 1082 diligat
3532 1012 3686 1066 adul-

2091 1113 2263 1160 teram
2307 1104 2617 1160 mulierem.
2665 1103 2893 1171 Quando
2939 1103 3141 1159 dicitur
3166 1145 3181 1171 ,
3211 1102 3383 1157 adhuc
3410 1149 3423 1173 ,
3454 1105 3693 1161 ostendit.

385 1205 436 1251 et
491 1198 599 1251 lucc
644 1199 920 1254 exaudient
963 1199 1207 1271 Jezrael,
1255 1211 1300 1256 et
1341 1201 1603 1256 seminabo
1634 1217 1744 1256 eam
1780 1200 1908 1254 mihi
1936 1201 1989 1254 in
2090 1198 2211 1269 quia
2242 1199 2394 1267 prius
2419 1199 2683 1254 amaverit
2714 1198 3063 1253 l‘ornicariam
3100 1213 3259 1268 :quac
3289 1198 3536 1253 adultera
3560 1242 3574 1265 ,
3606 1201 3691 1252 vcl

387 1301 557 1359 terra,
592 1301 640 1348 et
673 1294 949 1350 miserebor
970 1297 1081 1367 ejus
1112 1313 1226 1365 qua:
1252 1297 1352 1363 fuit
1380 1297 1569 1367 absque
1599 1295 1985 1363 misericordia,

387 1395 436 1443 et
478 1386 651 1441 dicam
687 1404 791 1443 non
831 1393 1021 1462 populo
1050 1407 1193 1459 meo,
1226 1392 1451 1463 pepulus
1482 1408 1627 1446 meus
1674 1408 1726 1445 es
1777 1400 1832 1443 tu
1878 1406 1896 1444 :
1945 1398 1990 1445 et

388 1478 499 1551 ipse
527 1480 701 1549 dicet,
728 1479 873 1536 Deus
900 1480 1048 1537 meus’
1065 1500 1117 1538 es
1148 1493 1226 1537 tu.
1256 1482 1403 1537 LXX
1428 1499 1442 1537 :
1477 1481 1545 1536 Et
1571 1483 1669 1537 erit
1693 1483 1745 1536 in
1768 1483 1849 1536 die
1870 1481 1989 1551 illa,

389 1572 519 1627 dicit
542 1572 799 1629 Dominus
832 1590 851 1628 :
884 1574 1179 1630 Exaudiant
1210 1575 1394 1631 coelum
1417 1616 1430 1642 ,
1464 1584 1511 1630 et
1538 1579 1722 1630 caelum
1752 1575 1994 1629 exaudiet

392 1673 623 1734 terram,
698 1674 746 1720 et
802 1675 939 1721 terra
986 1668 1226 1722 exaudiet
1272 1667 1624 1737 frumentum,
1680 1667 1889 1733 vinum,
1948 1674 1995 1719 et

2093 1290 2283 1361 diligat
2338 1291 2430 1345 illa
2490 1291 2673 1356 mala,
2731 1290 2838 1362 29
2889 1291 2977 1346 vel
3026 1291 3291 1361 diligatur
3332 1291 3399 1344 ah
3431 1293 3607 1346 atuico
3639 1303 3690 1346 ct

2095 1382 2345 1452 proximo
2398 1400 2410 1435 :
2471 1399 2539 1437 RE
2582 1381 2715 1455 (Ἦ)
2744 1384 2888 1437 enim
2933 1383 3159 1437 verbum
3206 1382 3534 1437 llebraicum
3563 1426 3577 1448 ,
3607 1384 3693 1436 vel

2096 1476 2291 1529 malum
2338 1475 2578 1547 legitur,
2629 1476 2713 1530 vel
2770 1477 2989 1530 amicus.
3028 1478 3091 1531 Et
3135 1491 3204 1531 ne
3241 1486 3490 1542 putemus
3517 1476 3693 1531 dilec-

2097 1568 2299 1623 tionem
2324 1568 2609 1639 prophetae
2634 1569 2686 1622 in
2712 1568 3034 1636 adulteram,
3058 1569 3208 1624 aliud
3233 1569 3361 1639 quid
3385 1568 3699 1638 signiﬁcare

2097 1678 2261 1733 quam
2295 1664 2389 1718 Dei
2422 1664 2775 1720 dilectionem
2811 1665 2862 1719 in
2895 1664 3040 1719 filios
3072 1664 3237 1721 Israel
3264 1706 3279 1731 ,
3313 1664 3494 1719 intulit
3525 1682 3538 1717 :
3570 1665 3701 1718 sicut

393 1757 601 1826 oleum,
653 1768 702 1813 et
752 1758 864 1814 hcec
914 1761 1194 1815 exaudient
1229 1758 1437 1814 Jezrael
1464 1801 1479 1827 ,
1517 1768 1563 1814 et
1600 1758 1860 1813 seminabo
1888 1773 1999 1812 eam
2028 1758 2077 1819 B
2105 1756 2273 1827 diligit
2317 1756 2570 1812 Dominus
2612 1758 2749 1825 ﬁlios
2794 1757 2979 1813 Israel.
3014 1759 3152 1828 Ergo
3181 1760 3304 1829 quia
3334 1759 3597 1829 propheta
3623 1759 3705 1814 di-

391 1853 518 1907 mihi
570 1869 722 1925 super
778 1863 1000 1922 terram,
1046 1863 1072 1894 ει
1116 1864 1163 1909 et
1196 1854 1597 1927 misereborejus
1622 1870 1736 1921 qua:
1756 1853 1855 1922 fuit
1884 1852 2001 1906 abs-

390 1962 489 2018 que
535 1948 887 2003 misericordia
908 1993 922 2017 ,
967 1958 1015 2002 et
1045 1949 1212 2002 dicam
1243 1965 1345 2002 non
1370 1949 1562 2019 populo
1600 1963 1711 2001 meo
1736 1991 1750 2015 ,
1782 1945 2003 2018 papulas

392 2055 534 2093 meus
578 2056 631 2094 es
662 2048 717 2094 tu
748 2054 768 2094 :
796 2051 842 2095 et
870 2041 979 2113 ipse
1006 2040 1140 2095 dicet
1160 2082 1175 2108 ,
1204 2038 1461 2095 Dominus
1493 2037 1634 2094 Deus
1664 2055 1807 2093 meus
1838 2054 1890 2093 es
1923 2048 1999 2091 tu.

391 2130 452 2187 In
485 2131 574 2187 die
604 2131 695 2187 illa
718 2138 772 2188 et
797 2132 852 2187 in
887 2132 983 2188 illo
1012 2141 1292 2203 tempore,
1322 2131 1541 2203 quando
1573 2141 1624 2187 te
1655 2129 1793 2186 mihi
1816 2131 1870 2185 in
1899 2129 2005 2186 ﬁde

392 2224 774 2297 despondero,
836 2234 892 2282 et
944 2228 1265 2296 cognoveris
1314 2225 1462 2298 quod
1515 2240 1618 2297 ego
1659 2226 1764 2280 sim
1817 2224 2002 2280 Domi-

394 2333 528 2387 nus,
581 2317 866 2374 exaudiam
910 2319 1117 2386 cmlos,
1152 2318 1244 2389 qui
1295 2325 1553 2374 enarrant
1601 2317 1829 2389 gloriam
1911 2317 2007 2373 Dei

397 2410 573 2485 (Psal.
603 2411 759 2483 xvut)
780 2453 795 2478 ,
824 2412 1029 2483 etfcmli
1056 2411 1352 2468 exaudient
1383 2420 1590 2466 terram
1612 2452 1628 2478 ,
1660 2420 1720 2464 ut
1750 2425 1869 2465 eam
1898 2422 2009 2465 cm-

403 2504 532 2561 lesti
561 2506 742 2575 pluvia
794 2507 903 2579 28
944 2507 1174 2577 irrigent
1200 2546 1214 2573 ,
1244 2515 1299 2562 et
1329 2514 1475 2562 terra
1498 2548 1513 2575 ,
1542 2504 1612 2561 de
1641 2519 1748 2575 qua
1772 2513 1895 2560 orta
1927 2513 2011 2560 est

398 2598 605 2653 veritas
654 2596 827 2669 (Psal.
886 2598 1164 2670 Lxxxtv),
1220 2607 1276 2655 et
1327 2598 1389 2653 iu
1432 2597 1585 2668 cujus
1641 2612 1833 2668 agrum
1911 2612 2007 2668 pa-

399 2691 725 2749 terfamilias
802 2694 1112 2764 egreditur,
1163 2703 1222 2749 ut
1285 2692 1517 2749 seminet
1590 2706 1777 2749 semen
1851 2707 2009 2749 suum

401 2788 623 2864 (Matth.
647 2805 744 2846 xm
766 2835 779 2861 ,
802 2792 857 2861 5)
885 2790 1144 2847 exaudiet
1165 2790 1404 2847 triticum
1427 2797 1483 2846 et
1504 2789 1692 2845 vinum
1714 2798 1771 2845 et
1796 2788 2005 2860 oleum,

401 2880 475 2938 de
504 2883 700 2953 quibus
728 2897 892 2953 supra
936 2883 1215 2951 diximus,
1260 2894 1316 2941 et
1354 2889 1470 2939 haec
1501 2883 1684 2939 omnia
1711 2884 2015 2939 exaudient

403 2977 617 3035 Jezrael
645 3019 660 3045 ,
690 2978 743 3034 id
772 2989 856 3035 est
876 3020 892 3047 ,
926 2994 1115 3035 semen
1149 2978 1278 3045 Dei,
1310 2988 1370 3034 ut
1398 2978 1737 3050 intelligatur
1766 2978 2012 3034 omnium

409 3084 598 3128 rerum
654 3071 988 3128 abundantia
1039 3082 1201 3143 atque
1243 3071 1499 3128 fertilitas
1548 3073 1620 3128 ob
1660 3073 1755 3128 Dei
1783 3087 2008 3139 semen,

406 3165 502 3235 qui
555 3164 670 3237 [Αἰ.
720 3165 888 3238 quod]
919 3118 1171 3222 Christh
1210 3174 1330 3235 est,
1358 3165 1694 3241 condonari,
1731 3165 1875 3237 quod
1915 3118 2014 3222 Dei
2041 3118 2088 3185 Ο

408 3271 600 3313 semen
648 3259 954 3314 seminatur
1000 3258 1055 3314 in
1107 3267 1289 3327 terra,
1340 3267 1400 3314 ut
1445 3259 1776 3330 multiplices
1802 3259 2016 3316 fructus

410 3349 639 3417 afferat,
698 3352 1111 3422 centenarium,
1163 3352 1630 3423 sexagenarium,
1674 3362 1731 3408 et
1787 3353 2019 3408 tricena-

410 3445 556 3502 rium
606 3443 775 3516 (Ibid.
806 3486 821 3509 ,
863 3446 940 3518 8).
984 3447 1051 3502 Et
1078 3446 1170 3502 illa
1200 3448 1494 3514 meretrix,
1548 3462 1672 3518 qua:
1712 3448 1821 3505 Deo
1841 3445 2021 3503 fuerat

416 3538 667 3609 copulata
687 3578 703 3607 ,
736 3546 792 3595 et
839 3547 952 3596 tres
980 3539 1232 3597 ediderat
1270 3540 1508 3606 liberos,
1538 3538 1676 3596 duos
1704 3540 1979 3596 masculos
2005 3580 2019 3607 ,

418 3639 475 3688 et
524 3646 687 3687 unam
739 3631 1032 3699 feminam;
1091 3633 1327 3703 primum
1379 3631 1628 3699 Jezrael,
1677 3633 1972 3687 secundam
2004 3673 2020 3701 ,

419 3724 629 3797 absque
657 3724 1075 3793 misericordia;
1109 3727 1333 3782 tertium
1361 3770 1375 3796 ,
1420 3740 1531 3782 non
1563 3727 1795 3796 populus
1827 3741 1980 3782 meus
2006 3771 2021 3796 ,

419 3819 601 3876 videat
649 3827 876 3891 propter
920 3836 1107 3877 semen
1136 3820 1236 3876 Dei
1260 3828 1468 3876 mutata
1493 3835 1619 3877 esse
1646 3836 1830 3877 rerum
1865 3836 2027 3877 voca-

422 3910 549 3969 bula
574 3953 588 3981 ,
624 3922 680 3968 et
719 3913 774 3968 in
799 3910 1004 3970 Christi
1034 3913 1142 3969 fide
1170 3922 1521 3971 consecutam
1554 3913 1983 3970 misericordiam
2010 3959 2023 3984 ,

426 4022 548 4079 qua:
572 4006 776 4079 absque
801 4006 1183 4064 misericordia
1222 4017 1375 4075 erat,
1407 4017 1461 4064 et
1488 4016 1741 4063 vocatum
1769 4008 2028 4079 populum

426 4098 558 4167 Dei,
609 4099 706 4171 qui
756 4100 944 4171 prius,
991 4113 1100 4156 non
1152 4099 1387 4170 populus
1438 4100 1758 4155 vocabatur.
1803 4100 1885 4154 Ex
1924 4115 2031 4170 quo

430 4193 798 4264 prospicimus
844 4207 1004 4263 posse
1054 4193 1310 4249 universa
1346 4208 1467 4265 qua:
1508 4192 1654 4248 dicta
1685 4200 1811 4249 sunt
1837 4192 2035 4249 referri

431 4296 489 4344 et
513 4287 580 4343 ad
612 4287 802 4346 decem
835 4288 1008 4344 tribus
1031 4304 1151 4359 quae
1174 4287 1341 4344 Israel
1374 4296 1641 4343 vocantur
1668 4328 1682 4354 ,
1716 4297 1769 4343 et
1807 4288 1909 4343 sub
1936 4301 2034 4343 no-

432 4380 581 4435 mine
608 4379 911 4436 meretricis
937 4388 1050 4436 tres
1066 4380 1269 4436 liberos
1294 4379 1620 4447 ediderunt,
1645 4387 1703 4435 et
1726 4379 1793 4434 ad
1816 4393 2033 4434 omnem

2104 1850 2228 1921 ligit
2258 1851 2603 1920 adulteram,
2635 1861 2691 1907 et
2719 1863 2898 1909 tamen
2940 1870 3046 1909 non
3083 1855 3133 1909 ei
3166 1854 3519 1911 matrimonio
3546 1870 3709 1924 copu-

2104 1942 2285 2011 latur,
2346 1960 2449 2000 nec
2499 1946 2865 2002 fornicatione
2911 1946 3292 2018 conjungitur,
3343 1950 3438 2003 sed
3493 1958 3702 2003 tantum

2105 2035 2283 2107 diligit
2307 2036 2714 2109 delinquentem
2736 2082 2751 2106 ,
2785 2050 2942 2111 typus
2979 2040 3076 2095 Dei
3102 2050 3222 2108 est,
3255 2042 3346 2111 qui
3372 2041 3517 2096 ﬁlios
3540 2041 3710 2097 Israel

2106 2130 2381 2200 pessimos
2417 2131 2625 2203 diligit,
2677 2133 2769 2203 qui
2797 2148 2918 2188 cum
2953 2132 3302 2205 diligantura
3335 2135 3565 2190 Domino
3592 2179 3605 2203 ,
3638 2136 3706 2190 ad

2107 2223 2237 2279 deos
2265 2223 2477 2280 alienos
2499 2224 2753 2296 idolaque
2780 2226 3082 2297 respiciunt
3109 2270 3123 2294 ,
3158 2236 3211 2283 et
3241 2227 3474 2298 diligunt
3500 2229 3707 2283 vinacia

2110 2332 2376 2385 uvarum,
2430 2333 2554 2389 qua:
2605 2319 2727 2374 vina
2773 2334 2881 2375 non
2928 2319 3159 2387 habent,
3191 2329 3245 2375 et
3274 2321 3560 2390 prisuinam
3590 2336 3712 2391 gra-

2110 2413 2241 2468 tiam
2271 2412 2664 2483 perdiderunt,
2698 2415 2847 2470 sicut
2870 2415 3153 2471 daemones
3183 2416 3274 2486 qui
3321 2416 3458 2485 lapsi
3488 2415 3556 2470 de
3587 2429 3711 2485 pro-

2110 2507 2231 2576 pria
2255 2505 2521 2576 dignitate
2549 2548 2563 2574 ,
2592 2514 2649 2561 et
2678 2506 2816 2562 nihil
2842 2508 3081 2578 antiqum
3108 2509 3300 2579 gratia:
3333 2507 3678 2577 possidentes
3697 2550 3710 2574 ,

2112 2602 2249 2657 aridi
2290 2610 2417 2657 sunt
2443 2644 2457 2669 ,
2489 2609 2545 2657 et
2568 2601 2744 2657 veteri
2783 2602 3036 2658 siccitate
3065 2612 3395 2658 marcentes.
3431 2601 3585 2658 Unde
3617 2616 3717 2671 pro

2113 2697 2371 2764 vinaciis,
2436 2696 2581 2767 quod
2647 2696 2910 2752 llebraicc
2961 2696 3198 2763 dicitur,
3257 2711 3403 2751 ssrse
3455 2695 3713 2769 (itemst).

2114 2792 2313 2864 Aquila
2369 2792 2766 2863 interpretatus
2815 2802 2899 2847 est
2955 2793 3186 2857 παλαιὰ,
3243 2792 3297 2845 id
3350 2800 3472 2859 est,
3524 2800 3712 2845 vetera.

2116 2885 2479 2954 Symmachus
2500 2885 2782 2960 ἀκάρπους,
2819 2882 2873 2939 id
2897 2892 2979 2939 est
3003 2926 3018 2951 ,
3046 2883 3246 2937 steriles
3279 2899 3297 2937 :
3326 2894 3507 2939 etnon
3540 2885 3717 2938 solum

2117 2978 2329 3033 vinacia
2360 2986 2487 3033 sunt
2514 3022 2528 3047 ,
2559 2977 2658 3032 sed
2706 2986 2759 3032 et
2798 2986 2985 3032 vetera
3013 2976 3226 3031 vinacia
3250 3016 3264 3041 ,
3295 2984 3351 3029 ut
3382 2977 3601 3045 antiqua
3629 2976 3723 3030 dc-

2120 3071 2245 3128 licta
2278 3081 2567 3129 testentur.
2597 3071 2669 3126 Et
2698 3070 2999 3126 notandum
3029 3070 3153 3140 quia
3173 3069 3290 3125 lucc
3316 3068 3561 3124 adultera
3584 3086 3720 3137 pra:-

2118 3181 2248 3223 sens
2280 3174 2495 3236 tempus
2527 3163 2796 3235 significet
2826 3164 3140 3220 Judzeorum
3166 3205 3179 3228 ,
3224 3164 3316 3234 qui
3363 3163 3574 3234 absque
3612 3164 3721 3218 Deo

2118 3268 2173 3317 et
2198 3259 2390 3315 notitia
2446 3257 2865 3327 Scripturarum
2924 3266 2977 3312 et
3029 3256 3201 3326 gratia
3258 3255 3495 3327 Spiritus
3552 3256 3726 3310 sancti

2118 3354 2470 3425 diligantura
2516 3352 2766 3419 Domino,
2823 3350 2917 3421 qui
2972 3351 3218 3406 omnium
3270 3358 3524 3419 expectat
3576 3350 3723 3404 salu-

2123 3459 2262 3516 tem,
2295 3457 2350 3505 et
2376 3448 2551 3518 aperit
2572 3447 2793 3516 januam
2814 3445 3209 3516 poenitentibus
3233 3486 3247 3513 ,
3290 3456 3344 3501 et
3375 3444 3725 3499 nihilominus

2122 3544 2200 3599 illi
2250 3557 2337 3598 res
2389 3542 2614 3598 inutiles
2665 3552 2880 3609 amant,
2942 3540 3266 3596 traditiones
3336 3538 3617 3595 hominum
3670 3547 3727 3593 et

2124 3633 2480 3713 δευτερωσέων
2506 3634 2712 3689 somnia
2740 3634 3066 3705 diligentes,
3097 3641 3153 3689 et
3195 3647 3541 3704 nequaquam
3592 3648 3725 3687 uvas

2125 3729 2448 3784 habeantet
2486 3728 2674 3783 vinum
2714 3736 2769 3783 et
2823 3726 2980 3798 plena
3031 3735 3213 3781 musto
3251 3726 3549 3781 toreularia
3575 3772 3588 3795 ,
3630 3726 3728 3781 sed

2126 3830 2308 3877 vetera
2354 3820 2571 3875 vinacia
2605 3835 2726 3889 quae
2758 3819 2999 3890 proiecta
3046 3829 3194 3875 sunt.
3244 3817 3350 3873 Pro
3383 3818 3728 3887 pemmatibus

2127 3929 2249 3984 quae
2274 3912 2418 3968 LXX
2450 3912 2889 3978 transtulerunt,
2936 3920 2991 3967 et
3023 3912 3389 3967 comeduntur
3441 3926 3561 3966 cum
3610 3909 3733 3964 uvis

2128 4007 2327 4077 passis,
2376 4008 2493 4062 sive
2518 4007 2773 4075 vinaciis,
2816 4006 3084 4072 placeretne
3109 4005 3302 4060 Latine
3332 4019 3623 4073 possumus
3652 4003 3735 4059 di-

2130 4116 2258 4157 cere
2279 4143 2293 4167 ,
2328 4101 2411 4157 vel
2444 4103 2709 4171 crustula,
2744 4116 2865 4172 quas
2892 4100 3057 4155 idolis
3086 4099 3417 4165 offeruntur,
3450 4111 3504 4154 et
3544 4097 3737 4153 Grmce

2134 4194 2480 4266 appellantur
2508 4196 2735 4252 πόπανα.
2787 4194 2910 4249 Filii
2954 4202 3136 4251 autem
3164 4193 3335 4249 Israel
3377 4193 3431 4247 in
3481 4192 3739 4263 prmsenti

2132 4290 2255 4346 loco
2300 4289 2585 4345 duodecim
2630 4298 2897 4345 vocantur
2944 4289 3156 4355 tribus;
3191 4302 3355 4358 supra
3384 4302 3517 4343 vero
3547 4289 3736 4343 decem

2135 4395 2257 4452 quae
2283 4390 2441 4436 erant
2463 4382 2516 4436 in
2534 4381 2783 4437 Samaria
2810 4422 2824 4447 ,
2856 4390 2910 4437 et
2949 4379 3304 4450 possidebant
3336 4381 3682 4449 metropolim
3716 4423 3728 4447 ,

432 4480 654 4544 gentem
707 4472 920 4529 Judaici
968 4472 1229 4528 nominis.
1285 4474 1364 4528 De
1412 4472 1768 4528 exauditione
1814 4472 1938 4528 coeli
1983 4474 2378 4576 etDJezrael.

436 4574 598 4621 terra:
627 4605 642 4628 ,
692 4574 747 4620 et
788 4566 1081 4632 frumenti,
1124 4566 1273 4635 vini,
1314 4576 1367 4622 et
1390 4566 1496 4623 olei
1523 4608 1539 4636 ,
1567 4574 1625 4623 et
1650 4566 1863 4622 Jezrael
1889 4608 1904 4635 ,
1934 4566 2039 4621 hoc

438 4658 662 4730 quidam
690 4658 966 4725 sentiunt,
1001 4661 1127 4730 quia
1150 4669 1437 4731 postquam
1463 4661 1715 4717 Christus
1738 4660 2039 4725 advenerit,

440 4751 625 4808 omnia
677 4766 780 4806 suo
832 4760 1059 4806 currant
1105 4751 1337 4821 ordine,
1383 4763 1438 4809 et
1485 4752 1707 4809 utilitati
1762 4752 2039 4807 hominum

440 4854 636 4902 cuncta
668 4844 949 4899 deserviat
992 4853 1246 4900 creatura
1273 4886 1287 4911 ,
1311 4855 1370 4900 ut
1395 4846 1464 4900 ab
1496 4847 1651 4901 initio
1689 4844 1906 4901 condita
1938 4854 2040 4901 est.

445 4936 580 5005 Qum
618 4936 800 4992 omnia
826 4936 1001 4993 Judaei
1037 4945 1093 4993 et
1122 4938 1293 4992 nostri
1330 4936 1681 4993 Judaizantes
1728 4946 1849 5007 post
1892 4937 2046 4993 Anti-

446 5030 709 5088 christum
742 5031 795 5086 in
825 5031 934 5086 ﬁne
961 5031 1151 5086 mundi
1180 5030 1543 5101 corporaliter
1567 5031 1969 5100 praestolamur.

524 5125 681 5199 (Cap.
711 5124 800 5180 Ill.
851 5154 921 5165 —-
965 5124 1123 5184 Vers.
1154 5123 1234 5197 1.)
1264 5124 1331 5178 Et
1354 5125 1484 5180 dixit
1516 5122 1770 5179 Dominus
1798 5125 1868 5178 ad
1908 5140 1986 5178 me
2029 5142 2048 5179 :

453 5219 638 5275 Adhuc
668 5220 799 5275 vade
825 5260 840 5286 ,
871 5220 1029 5293 dilige
1059 5218 1327 5275 mulierem
1357 5217 1600 5274 dilectam
1626 5220 1794 5275 amico
1822 5229 1866 5274 et
1889 5219 2047 5275 adul-

455 5322 648 5382 teram,
677 5313 811 5368 sicut
841 5312 1012 5385 diligit
1042 5313 1290 5369 Dominus
1318 5312 1456 5383 ﬁlios
1487 5311 1687 5381 Israel,
1717 5322 1766 5367 et
1806 5314 1909 5383 ipsi
1946 5330 2054 5367 res-

455 5416 658 5478 pectant
691 5405 873 5479 [Vulg.
901 5406 1208 5481 respiciunt]
1236 5408 1304 5462 ad
1334 5410 1452 5462 deos
1479 5407 1673 5462 alienos
1702 5448 1718 5475 ,
1757 5416 1807 5461 et
1831 5406 2052 5479 diligunt

532 5577 559 5607 ει
606 5567 712 5641 Pro
751 5566 947 5641 hisce,
995 5577 1060 5641 et
1088 5568 1366 5625 miserebor
1408 5570 1551 5640 ejus,
1595 5583 1711 5641 quis
1732 5569 1840 5641 fuit
1876 5570 2068 5641 absque

460 5639 815 5695 misericordia
841 5681 858 5709 ,
891 5656 1011 5708 quae
1037 5639 1388 5697 Alexandrini
1413 5639 1437 5710 ,
1458 5648 1619 5711 atque
1641 5640 1823 5696 Aldini
1852 5639 2059 5698 codicis

460 5711 631 5785 lectio
678 5722 804 5778 est,
836 5712 1173 5785 substituunt
1198 5727 1330 5785 mss.
1364 5715 1578 5778 nostri,
1629 5711 1936 5785 etdiligam
1956 5728 2061 5768 non

463 5782 727 5855 dilectam,
754 5797 875 5854 quae
904 5782 1219 5840 Graecorum
1258 5783 1434 5842 ferme
1472 5792 1529 5840 et
1556 5784 1799 5841 omnium
1817 5782 1929 5844 'est
1970 5798 2061 5842 co-

748 5876 1027 5940 PATROL.
1080 5876 1283 5940 XXV.

2214 4568 2500 4639 (Vers.?..)
2546 4565 2615 4619 Et
2637 4566 2749 4636 fodi
2770 4581 2884 4619 eam
2940 4562 3065 4617 mihi
3110 4562 3406 4632 quindecim
3455 4568 3734 4635 argenteis,

2146 4671 2192 4717 et
2219 4678 2339 4716 coro
2364 4661 2567 4727 hordei,
2598 4669 2645 4713 et
2667 4658 2884 4713 dimidio
2911 4672 3030 4712 coro
3057 4655 3265 4721 hordei,
3298 4667 3345 4711 et
3368 4657 3477 4711 dixi
3506 4659 3575 4710 ad
3605 4675 3734 4712 cam.

2145 4753 2291 4809 LXX
2318 4771 2330 4808 :
2361 4753 2430 4807 Et
2463 4751 2689 4806 conduxi
2735 4768 2847 4805 eam
2878 4749 3004 4804 mihi
3045 4749 3341 4821 quindecim
3368 4753 3644 4821 argenteis,
3696 4761 3742 4804 et

2148 4868 2326 4922 gomor
2352 4850 2557 4915 hordei,
2591 4857 2640 4903 et
2666 4849 2811 4904 nebel
2836 4849 2958 4916 vini,
3013 4856 3060 4903 et
3087 4848 3199 4903 dixi
3228 4848 3296 4902 ad
3324 4864 3457 4902 eam.
3502 4848 3607 4902 Pro
3636 4847 3743 4902 Go-

2151 4957 2271 4997 mor
2325 4944 2379 4997 in
2431 4940 2701 4997 Hebraico
2746 4942 3009 5011 scriptum
3064 4949 3148 4995 est
3191 4940 3554 5012 ouem-17:37),
3598 4940 3748 5011 quod

2150 5049 2344 5091 omnes
2371 5034 2722 5104 interpretes,
2764 5033 2966 5103 absque
3004 5031 3171 5098 LXX,
3205 5050 3381 5087 eorum
3406 5032 3747 5102 interpretati

2152 5135 2299 5194 sunt,
2353 5140 2608 5182 sermone
2655 5124 2846 5181 Graeco
2900 5134 2955 5181 et
3010 5125 3243 5180 maxime
3294 5125 3611 5187 Palaestino,
3659 5126 3750 5195 qui

2155 5223 2318 5278 habet
2340 5221 2555 5292 triginta
2579 5221 2815 5276 modios.
2841 5220 2907 5274 Et
2934 5234 3036 5291 pro
3057 5219 3213 5275 nebel
3246 5219 3380 5284 vini,
3409 5220 3459 5273 in
3488 5219 3751 5275 Hebraico

2152 5316 2352 5387 legitur
2394 5330 2643 5372 LETHECE
2692 5312 2721 5353 ι’
2769 5328 2963 5370 seomu
2995 5313 3240 5383 (ων-τω
3276 5296 3411 5395 πώ)
3462 5312 3571 5383 30
3611 5312 3757 5383 quod

2158 5408 2345 5465 caeteri
2376 5407 2707 5481 interpretes
2736 5408 2973 5483 ἡμίκορον
3021 5405 3213 5461 hordei
3250 5404 3668 5470 transtulerunt,
3702 5402 3757 5457 id

2173 5572 2352 5647 dicunt
2382 5575 2509 5647 ,__xai
2536 5572 2797 5647 ἀγαπήσω
2821 5576 2913 5632 τὴν
2940 5569 3033 5647 obit
3059 5568 3407 5647 ἠγαπημένην.

2167 5715 2212 5773 v
2236 5644 2265 5683 1)
2307 5644 2367 5700 1η
2387 5638 2619 5701 Hebraeo
2649 5651 2829 5700 tamen
2860 5638 3160 5713 archetypo
3186 5638 3290 5709 est,
3309 5646 3529 5709 civ-astu,
3556 5638 3763 5711 absque

2218 5731 2307 5773 au.

3249 5870 3327 5929 27
