4150 6346
438 268 547 329 845

1700 271 1757 327 S.
1803 268 2074 328 LUSEBII
2120 266 2503 328 BIERONYMI

3639 274 3764 330 $.54

442 394 551 453 est,
582 383 806 441 mediani
838 390 1039 453 partem
1066 385 1199 449 cori,
1246 398 1367 455 quae
1410 383 1541 439 l‘acit
1572 383 1881 452 quindecim
1930 397 2045 437 mo-
2072 382 2308 443 AUnde
2352 393 2409 441 et
2456 386 2509 440 in
2562 386 2680 457 lege
2729 386 2943 451 mulier,
2990 402 3109 455 quae
3148 402 3173 441 a
3208 388 3404 444 marito
3450 398 3761 444 accusatur

446 480 587 536 dios.
619 477 882 547 Quodque
915 476 1162 547 jungitur
1195 476 1250 532 in
1294 477 1536 533 editione
1562 476 1827 546 Vulgata:
1862 475 2039 547 Neque

440 571 542 628 eris
566 569 717 624 alteri
754 570 900 624 viro:
932 570 1085 625 alteri
1116 569 1167 625 in
1203 569 1472 625 Hebraico
1500 585 1607 624 non
1657 568 1912 634 habetur,
1942 567 2039 623 sed

441 661 786 731 simpliciter,
827 678 930 716 non
984 662 1086 717 eris
1130 662 1264 720 viro.
1299 663 1358 719 Si
1410 662 1554 718 enim
1605 669 1833 730 ponatur
1863 659 2038 728 alteri,

441 754 766 811 subauditur
790 754 935 826 quod
964 770 994 811 a
1042 771 1141 813 suo
1173 755 1439 813 habeatur
1478 755 1617 811 viro.
1669 754 1898 822 Quando
1943 770 2041 809 au-

445 859 556 909 tem
584 850 835 908 absolute
858 850 1076 917 dicitur,
1110 867 1213 907 non
1242 852 1342 906 eris
1365 852 1500 919 viro,
1530 849 1875 919 intelligimus
1898 849 2040 918 quod

447 943 581 1000 nulli
606 943 867 1014 jungatur
910 944 1149 1009 omnino,
1179 956 1237 1001 et
1266 943 1471 1013 absque
1498 943 1647 997 coitu
1686 942 1916 996 maritali
1948 942 2037 998 sit.

447 1038 757 1095 Mensuram
811 1045 990 1092 autem
1018 1037 1132 1092 cori
1181 1037 1232 1092 iu
1283 1035 1533 1092 Ezechiel
1564 1034 2040 1106 legimus(Ezech.

446 1132 595 1205 ην).
625 1142 680 1189 et
712 1132 764 1189 in
799 1131 1092 1202 Evangelio
1123 1130 1280 1199 (Luc.
1316 1129 1488 1201 sui).
1519 1128 1679 1185 Fodit
1709 1128 1892 1197 itaque
1919 1143 2040 1184 eam

445 1224 574 1294 sibi,
606 1223 661 1278 id
688 1232 795 1291 est,
825 1223 1153 1289 adulteram,
1178 1222 1292 1278 sive
1319 1221 1573 1277 conduxit
1606 1220 1915 1292 quindecim
1953 1236 2040 1276 ar-

446 1319 679 1392 genteis.
718 1318 944 1387 Quando
981 1319 1132 1386 dicit,
1164 1320 1299 1390 fodi,
1330 1319 1569 1375 ostendit
1600 1318 1839 1384 vineam,
1867 1332 1986 1387 quae
2012 1332 2040 1371 a

445 1412 680 1468 Domino
726 1411 968 1481 plantata
1027 1421 1151 1476 est,
1195 1420 1249 1467 et
1292 1412 1344 1465 iu
1399 1410 1583 1467 multis
1640 1410 1776 1465 locis
1827 1409 2043 1479 ponitur

447 1507 873 1577 Scripturarum,
918 1506 1233 1576 signiﬁcans
1281 1508 1538 1577 populum
1567 1503 1898 1560 Judaeorum.
1949 1503 2041 1558 Sin

448 1611 633 1655 autem
684 1600 1006 1670 legerimus,
1056 1599 1305 1663 conduxi,
1351 1598 1608 1654 adulterae
1657 1598 1889 1666 pretium
1937 1603 2041 1661 est,

452 1708 562 1749 non
586 1701 644 1748 ut
672 1707 796 1749 cum
827 1692 1092 1762 propheta
1124 1691 1393 1757 dormiat;
1419 1691 1515 1747 sed
1544 1700 1601 1745 ut
1622 1700 1875 1746 contenta
1906 1704 2046 1744 mer-

2141 479 2419 548 adulterii,
2455 478 2507 533 iu
2553 480 2776 547 potione
2827 480 3061 553 ἑλεγμοῦ,
3118 480 3170 535 id
3220 489 3323 549 est,
3380 482 3747 549 convictionis,

2141 572 2360 642 quando
2386 571 2633 641 arguitur
2662 569 2717 627 in
2751 581 2994 638 peccato,
3028 570 3259 626 farinam
3301 573 3505 643 accipit
3548 571 3756 627 hordei

2142 663 2334 735 (Num.
2382 664 2460 736 v),
2516 678 2638 735 quae
2669 664 2813 720 enim
2866 663 3076 718 imitata
3127 673 3409 734 estequos
3455 672 3513 719 et
3542 664 3746 728 mulos,

2141 760 2342 830 quibus
2380 775 2485 812 non
2517 767 2601 813 est
2639 758 2997 828 intelligentia
3046 756 3219 829 (Psal.
3264 755 3441 827 xxxt),
3470 771 3746 826 equorum

2144 861 2305 923 atque
2355 851 2631 906 mulorum
2663 859 3001 905 sustentatur
3045 850 3340 905 alimentis.
3371 848 3478 904 Pro
3510 847 3748 903 dimidio

2088 932 2091 935 ’
2142 961 2276 1001 coro
2309 942 2525 1009 hordei,
2566 940 2711 996 nebel
2742 943 2848 996 uini
2899 943 3252 1013 Septuaginta
3309 940 3745 1007 transtulerunt,

2143 1035 2287 1107 quod
2320 1035 2535 1105 penitus
2586 1036 2638 1088 in
2674 1034 2940 1090 llebrait'o
2985 1050 3095 1090 non
3146 1033 3397 1090 habetur.
3450 1033 3517 1089 Et
3551 1048 3752 1101 possu—

2145 1146 2267 1186 mus
2290 1130 2496 1198 dicere,
2544 1131 2598 1185 iu
2632 1130 2790 1184 nehel
2820 1130 2954 1195 viui,
3010 1129 3113 1184 hoc
3142 1139 3251 1197 est,
3295 1143 3549 1183 mensura
3584 1128 3751 1198 plena

2143 1234 2305 1295 atque
2334 1224 2573 1295 perlecta
2616 1222 2946 1277 iuebriatam
2978 1223 3303 1288 adulteram,
3352 1230 3406 1276 et
3455 1220 3627 1291 plenis
3659 1219 3750 1273 af-

2145 1317 2350 1373 ﬂictam
2395 1332 2521 1371 esse
2562 1316 2865 1387 suppliciis.
2899 1316 3056 1372 Unde
3110 1326 3165 1370 et
3214 1316 3481 1372 Jereiuias
3517 1314 3747 1369 calicem

2144 1413 2284 1468 meri
2317 1412 2568 1481 propinat
2596 1412 2846 1482 gentibus
2873 1420 2928 1466 et
2958 1410 3260 1467 Jerusalem
3308 1408 3442 1482 (Jer.
3488 1411 3608 1479 xv).
3651 1408 3748 1462 Vir

2145 1520 2358 1576 quoque
2394 1504 2569 1568 sedet,
2624 1505 2789 1559 immo
2834 1484 3115 1575 exspectat
3166 1504 3427 1560 adultera:
3476 1504 3746 1573 paeniten-

2145 1600 2298 1665 tiam,
2332 1609 2390 1653 ut
2427 1608 2713 1668 postquam
2747 1598 3025 1667 plenitudo
3055 1600 3301 1668 gentiqu
3350 1596 3625 1651 subiutrm
3640 1596 3747 1651 erit

2148 1692 2329 1763 (Rom.
2362 1692 2474 1761 ιιι),
2519 1702 2574 1745 et
2620 1692 2950 1745 novissimus
2997 1690 3292 1747 crediderit
3338 1688 3528 1755 Israel,
3582 1690 3652 1741 ita
3686 1696 3747 1743 ut

450 1788 586 1842 cede
629 1801 750 1853 sua,
802 1785 1120 1841 adulterare
1151 1785 1407 1854 desistat,
1460 1798 1562 1839 nec
1603 1783 1799 1853 passim
1832 1782 2045 1837 caeteris
2077 1771 2121 1831 Β
2146 1787 2238 1855 qui
2271 1785 2443 1840 luerat
2471 1793 2634 1854 caput
2660 1829 2674 1853 ,
2709 1796 2954 1839 vertatur
2984 1784 3036 1837 in
3064 1782 3288 1839 caudam
3320 1782 3499 1853 (Deut.
3527 1782 3742 1853 xxvnt),

446 1879 756 1949 Copuletur.
790 1878 1017 1935 Foditur
1046 1879 1232 1945 etiam,
1266 1878 1380 1933 sive
1409 1876 1731 1932 conducitur
1760 1889 1891 1929 coro
1922 1874 2047 1928 hor-

442 1971 551 2038 dei,
598 1978 653 2025 et
684 1969 909 2025 dimidio
939 1984 1070 2025 coro
1102 1969 1315 2037 hordei,
1348 1968 1400 2023 id
1441 1975 1549 2034 est,
1581 1960 1941 2037 quadraginta
1993 1975 2047 2021 et

445 2063 682 2135 quinque
729 2061 953 2131 modiis,
1001 2069 1057 2118 et
1105 2061 1207 2118 hac
1252 2060 1505 2119 mercede
1540 2071 1810 2131 suscepta,
1842 2060 2047 2116 audivit

446 2173 476 2213 a
510 2158 771 2213 Domino:

518 2250 702 2322 (Vers.
744 2251 827 2323 5.)
876 2249 1001 2306 Dies
1032 2250 1219 2305 multos
1269 2248 1590 2319 exspectabis
1635 2263 1752 2301 me:
1782 2264 1885 2301 non
1933 2250 2045 2318 for-

441 2344 719 2412 nicaberis,
745 2353 793 2399 et
835 2361 939 2399 non
984 2344 1086 2399 eris
1116 2347 1249 2408 viro;
1277 2343 1366 2399 sed
1414 2350 1459 2398 el
1504 2360 1598 2413 ego
1635 2344 1946 2414 exspectabo
1975 2352 2040 2397 te.

449 2435 591 2491 LXX
616 2452 633 2489 :
668 2435 793 2492 Dies
825 2436 1014 2491 inultos
1042 2436 1243 2491 sedebis
1273 2436 1398 2493 mihi
1416 2451 1436 2493 :
1477 2444 1523 2489 et
1553 2452 1656 2491 non
1686 2436 2039 2506 fornicaberis,

448 2545 542 2583 nec
564 2530 663 2583 eris
685 2527 838 2582 alteri
864 2529 995 2595 viro,
1027 2538 1076 2584 et
1101 2545 1195 2602 ego
1225 2528 1335 2583 tibi.
1369 2529 1480 2584 Hoc
1499 2540 1603 2591 est,
1633 2543 1732 2583 nec
1753 2528 1874 2582 aliis
1897 2543 2047 2583 ama-

446 2622 653 2679 toribus
686 2622 921 2692 turpiter
958 2631 1009 2677 te
1039 2620 1353 2692 prosﬁtues,
1403 2636 1502 2677 nec
1530 2620 1682 2687 mihi,
1718 2622 1834 2678 viro
1870 2636 1899 2676 a
1938 2636 2045 2690 quo

444 2713 713 2770 condunta
741 2728 822 2777 es,
857 2713 1098 2784 legitime
1137 2713 1507 2784 conjungeris.
1540 2714 1619 2767 Ac
1661 2728 1725 2766 ne
1756 2722 1911 2780 putes
1936 2712 2042 2770 fac-

441 2816 550 2861 tam
581 2805 681 2863 tibi
713 2805 988 2877 injuriam,
1019 2807 1149 2877 quia
1176 2805 1287 2861 dixi
1318 2804 1639 2877 exspectabis
1670 2820 1768 2872 me,
1805 2821 1900 2874 par
1930 2806 2045 2876 pari

444 2899 703 2965 referam,
737 2908 784 2952 et
826 2914 919 2969 ego
947 2898 1253 2970 exspectabo
1281 2907 1348 2953 te.
1398 2897 1593 2967 Quinta
1622 2896 1837 2954 decima
1864 2899 1952 2952 die
1981 2899 2045 2957 il-

445 2992 754 3046 lucescente
787 2992 990 3045 mensis
1021 2989 1189 3045 Nisau
1222 3005 1483 3061 percussa
1510 3000 1637 3044 sunt
1668 2989 2042 3061 [Egyptiorum

446 3083 826 3155 primogenita,
858 3092 913 3139 et
944 3082 1162 3137 Israelis
1210 3083 1276 3137 de
1318 3081 1553 3153 [Egypto
1579 3081 1807 3138 eductus
1841 3093 1922 3138 est
1948 3098 2045 3152 po—

2150 1885 2205 1932 et
2229 1876 2423 1951 ,cauda
2470 1886 2715 1932 vertatur
2760 1877 2813 1931 in
2835 1886 3030 1947 caput,
3066 1885 3193 1931 tunc
3223 1875 3315 1929 ﬁat
3361 1891 3501 1931 unus
3528 1890 3663 1945 grex
3691 1885 3745 1930 et

2149 1985 2290 2024 unus
2320 1978 2535 2039 pastor.

2220 2063 2403 2136 (Vers.
2432 2064 2489 2130 4,
2522 2062 2605 2134 5.)
2641 2063 2779 2130 Quia
2800 2064 2908 2117 dies
2932 2066 3122 2118 multos
3153 2062 3399 2117 sedebant
3431 2061 3531 2131 ﬁlii
3572 2059 3746 2115 Israel

2148 2158 2256 2211 sine
2284 2174 2420 2227 rege,
2448 2166 2496 2211 et
2519 2157 2631 2210 sine
2650 2157 2904 2227 principe,
2938 2164 2985 2209 et
3009 2157 3121 2209 sine
3142 2154 3424 2223 sacriﬁcio,
3453 2160 3501 2205 et
3523 2153 3632 2207 sine
3660 2151 3743 2204 al—

2148 2252 2272 2316 tari,
2301 2263 2346 2303 et
2374 2252 2486 2304 sine
2512 2249 2701 2319 ephod,
2726 2261 2772 2303 et
2821 2252 2930 2304 sine
2956 2247 3231 2317 teraphim.
3262 2245 3331 2299 Et
3359 2255 3472 2315 post
3521 2244 3630 2299 lucc
3660 2261 3746 2298 re-

2148 2354 2409 2399 rertentur
2438 2344 2537 2413 ﬁlii
2564 2342 2732 2397 Israel
2758 2352 2804 2397 el
2829 2352 3062 2414 quterent
3087 2341 3367 2397 Dominum
3394 2340 3558 2395 Deum
3594 2355 3745 2393 suum

2147 2447 2193 2491 et
2220 2435 2393 2490 Darid
2419 2452 2589 2509 regem
2613 2453 2764 2488 suum
2792 2452 2809 2489 .'
2838 2444 2885 2490 et
2927 2436 3177 2508 parebunt
3203 2435 3271 2487 ad
3298 2433 3579 2487 Dominum
3607 2443 3653 2486 et
3676 2432 3742 2485 ad

2147 2531 2336 2585 bonum
2382 2532 2493 2602 ejus
2530 2531 2583 2583 in
2624 2531 2903 2583 novissimo
2935 2530 3155 2582 dierum.
3185 2526 3329 2581 LXX
3355 2544 3368 2580 :
3402 2525 3538 2591 Quia
3566 2525 3744 2579 diebus

2146 2625 2324 2679 multis
2365 2623 2609 2677 sedebant
2655 2622 2755 2690 filii
2796 2622 2964 2675 Israel
3004 2623 3114 2674 sine
3162 2637 3302 2690 rege,
3335 2621 3447 2674 sine
3490 2618 3740 2689 principe,

2145 2719 2255 2772 sine
2279 2717 2555 2784 sacriﬁcio,
2589 2716 2701 2768 sine
2725 2713 2901 2779 altari,
2927 2714 3038 2767 sine
3077 2713 3391 2775 sacerdotio,
3415 2712 3526 2765 sine
3569 2710 3741 2763 muni-

2146 2806 2503 2880 festationibus
2526 2803 2669 2878 (quae
2699 2804 2889 2860 Graece
2918 2804 3177 2859 dicuntur
3205 2800 3465 2873 δή)οι).Εῑ
3496 2810 3609 2872 post
3635 2802 3743 2854 lucc

2146 2908 2462 2955 reuertentur
2505 2898 2601 2966 ﬁlii
2644 2896 2834 2962 Israel,
2879 2906 2928 2950 et
2966 2904 3200 2967 quaerent
3247 2894 3527 2949 Dominum
3577 2894 3744 2947 Deum

2144 3009 2316 3057 suum,
2339 2999 2384 3045 et
2410 2990 2579 3045 David
2604 3007 2773 3060 regem
2796 3006 2947 3044 suum
2971 3005 2986 3042 :
3020 2989 3128 3060 32
3156 3000 3203 3042 et
3232 2988 3510 3056 stupebant
3544 2986 3612 3039 ad
3633 2986 3745 3039 Do-

2146 3086 2363 3151 minum,
2388 3094 2433 3140 et
2457 3099 2611 3151 super
2635 3083 2781 3136 bonis
2808 3084 2916 3153 ejus
2939 3083 2989 3135 in
3018 3082 3298 3135 novissimo
3321 3081 3426 3135 die.
3451 3081 3555 3135 Pro
3574 3082 3743 3147 ephod

444 3176 601 3245 putus
628 3218 641 3243 ,
696 3188 759 3229 ac
819 3174 871 3228 iu
924 3174 1244 3229 servitutem
1296 3173 1393 3229 Dei
1449 3173 1698 3229 mercede
1742 3166 2116 3230 conductusC
2148 3188 2195 3231 et
2226 3178 2519 3247 therapliim
2554 3175 2787 3245 (Dia-tn)
2820 3156 3173 3245 Septuaginta
3205 3175 3494 3251 ἱερατείαν,
3525 3174 3579 3228 id
3622 3183 3739 3240 cst,

445 3265 649 3337 (Exod.
693 3266 816 3337 xtl).
873 3265 1120 3335 Denique
1167 3282 1262 3335 pro
1306 3264 1685 3337 primogenitis
1729 3264 1895 3321 Israel
1925 3283 2044 3335 quae

441 3358 649 3429 plagam
684 3372 790 3413 non
822 3372 1047 3413 sensere
1078 3372 1447 3423 communem,
1481 3356 1681 3427 quinos
1708 3359 1918 3426 argenti
1951 3373 2042 3413 ac-

441 3452 561 3521 cipe
590 3451 752 3505 siclos
782 3448 970 3520 (Num.
1003 3448 1110 3521 ιιι),
1143 3450 1234 3518 qui
1263 3450 1315 3504 in
1358 3449 1545 3520 templi
1592 3449 1820 3505 donaria
1864 3450 2047 3505 conle-

442 3551 661 3595 runtur.
696 3541 948 3609 Plerique
973 3549 1282 3597 nostrorum
1312 3540 1628 3612 quindecim,
1652 3543 1718 3596 ad
1744 3543 2045 3597 hebdoma-

447 3633 571 3688 dam
616 3633 797 3705 Legis,
824 3642 879 3687 et
907 3632 1208 3702 ogdoadem
1235 3633 1479 3687 referunt
1521 3633 1821 3705 Evangelii,
1857 3635 1907 3689 id
1940 3643 2044 3700 est,

446 3727 753 3792 sabbatum,
816 3734 872 3779 et
922 3725 1069 3781 diem
1117 3726 1557 3792 resurrectionis,
1606 3743 1712 3796 quo
1763 3737 2048 3784 exercetur

445 3820 794 3875 circumcisio
822 3817 1145 3890 spiritualis.
1175 3820 1281 3877 Sed
1333 3821 1610 3892 quomodo
1650 3822 1890 3877 adultera
1926 3841 2044 3877 ιιιιιο

449 3913 550 3969 lier
578 3927 697 3980 quas
724 3911 931 3965 hordeo
955 3911 1215 3983 pascitur,
1247 3921 1300 3966 et
1321 3930 1350 3967 a
1371 3913 1489 3966 viro
1511 3914 1685 3969 aliena
1710 3924 1813 3981 est,
1843 3928 2047 3970 utrum-

448 4018 554 4077 que
586 4004 639 4056 in
674 4002 977 4057 merendam
1021 4002 1252 4070 accipiat
1288 4002 1724 4073 Testamentum,
1757 4007 2048 4074 explanare

447 4110 557 4149 non
593 4104 838 4165 possunt.
883 4093 1311 4164 Quadragesimo
1356 4094 1549 4163 quinto
1594 4096 1681 4152 die
1711 4095 1776 4151 ad
1809 4108 2046 4153 montem

449 4187 585 4244 Sina
621 4186 867 4253 pervenit
902 4186 1157 4254 pupulas,
1188 4186 1483 4255 statimque
1514 4188 1686 4242 altero
1718 4188 1803 4243 die
1836 4200 1889 4243 ut
1921 4205 2047 4245 san-

445 4278 761 4334 ctiﬁceutur
789 4276 894 4349 31
928 4292 957 4328 a
1005 4276 1152 4329 coitu
1206 4274 1529 4330 feminarum
1564 4293 1659 4347 per
1691 4278 1949 4346 triduum,
1996 4290 2053 4336 et

449 4386 511 4426 se
543 4377 853 4441 praeparent
900 4368 967 4421 ad
1013 4367 1387 4436 accipiendam
1432 4369 1607 4440 legem
1656 4371 1773 4437 Dei,
1822 4372 2048 4429 edicitur

447 4462 647 4535 (Exod.
682 4460 825 4531 xxx).
877 4459 1191 4514 Transactis
1235 4460 1405 4514 tribus
1454 4461 1672 4526 diebus,
1715 4464 2048 4537 quinquage-

2144 3270 2515 3336 sacerdotium,
2545 3278 2599 3324 et
2643 3268 2824 3329 δήλους
2850 3309 2864 3334 ,
2899 3267 2952 3322 id
3002 3281 3121 3335 est,
3172 3269 3623 3339 manifestationes
3660 3268 3745 3321 iu-

2148 3365 2429 3433 terpretati
2468 3375 2614 3419 sunt.
2672 3364 2962 3419 Sciendum
3010 3373 3188 3418 autem
3216 3407 3229 3431 ,
3267 3373 3320 3417 ut
3363 3364 3558 3417 crebro
3607 3364 3743 3418 dixi-

2149 3474 2267 3517 tuus
2295 3501 2310 3523 ,
2365 3457 2544 3525 ephod
2592 3458 2899 3525 signiﬁcare
2937 3458 3320 3512 indumentum
3361 3458 3740 3526 sacerdotale,

2147 3552 2289 3622 quod
2323 3554 2374 3607 iu
2406 3552 2593 3606 Exodo
2617 3562 2671 3606 et
2704 3552 2945 3606 Levilico
2976 3568 3003 3605 a
3034 3551 3179 3623 LXX
3214 3554 3412 3623 ἐπωμὶς
3433 3552 3657 3620 dicitur,
3691 3551 3745 3605 id

2148 3652 2233 3700 est
2258 3685 2272 3708 ,
2300 3643 2723 3713 superhunzerale
2748 3686 2762 3711 ,
2792 3644 2861 3697 ab
2889 3643 3079 3712 Aquila
3111 3642 3369 3717 ἕπὲνδυμα
3390 3686 3402 3706 ,
3435 3644 3484 3698 id
3533 3651 3619 3698 est
3658 3660 3745 3697 su-

2150 3737 2617 3806 perindumentum.
2642 3737 2975 3806 Theraphim
3009 3746 3189 3791 autem
3222 3739 3439 3807 praprie
3463 3737 3746 3806 appellant

2147 3835 2501 3907 μορφώματα,
2531 3832 2581 3886 id
2634 3841 2758 3897 est,
2790 3833 2974 3903 ﬁgurm
3012 3846 3066 3887 et
3118 3833 3418 3898 simulacra,
3466 3845 3587 3899 quae
3644 3844 3745 3884 nos

2152 3939 2436 3992 possumus
2464 3925 2521 3980 in
2551 3926 2803 3994 praesenti
2826 3925 3108 3980 dumtaxat
3133 3928 3249 3979 loco
3271 3924 3547 3978 Cberubim
3570 3933 3627 3978 et
3651 3924 3748 3979 Se-

2148 4016 2355 4084 rapbim
2375 4017 2490 4072 sive
2517 4017 2620 4071 alia
2648 4034 2769 4087 quae
2799 4020 2851 4071 in
2874 4019 3062 4088 templi
3091 4029 3414 4073 ornan'tenta
3450 4018 3566 4073 ﬁeri
3595 4018 3748 4088 jussu

2149 4117 2310 4173 sunt,
2341 4108 2546 4163 dicere.
2588 4109 2783 4163 Verum
2818 4111 2943 4178 quia
2971 4111 3326 4181 Septuaginta
3365 4108 3552 4172 δήλους
3582 4110 3749 4164 inter-

2152 4202 2348 4269 pretati
2377 4210 2524 4265 sunt,
2545 4216 2643 4270 pro
2671 4203 2866 4271 quibus
2891 4204 3084 4272 Aquila
3116 4205 3411 4277 φωτισμούς
3445 4204 3746 4269 transtulit;

2149 4304 2202 4349 et
2236 4291 2351 4346 haec
2382 4292 2502 4361 ipsa
2523 4302 2650 4349 sunt
2677 4293 2734 4347 iu
2764 4295 2939 4366 λογείῳ
2967 4336 2979 4359 ,
3006 4295 3057 4349 id
3094 4305 3177 4350 est
3197 4337 3211 4360 ,
3235 4296 3288 4349 in
3318 4294 3612 4360 Rationali,
3647 4296 3749 4350 hoc

2151 4383 2541 4454 intelligimus,
2582 4386 2708 4455 quia
2765 4386 2818 4441 iu
2868 4397 3091 4456 pectore
3149 4398 3205 4441 et
3256 4387 3424 4442 corde
3473 4386 3748 4457 pontiﬁcis

2151 4477 2353 4535 ἀλήθεια
2380 4486 2435 4532 et
2454 4480 2728 4549 φωτισμοὶ,
2756 4478 2807 4530 id
2838 4485 2923 4532 est
2947 4521 2962 4545 ,
2994 4479 3183 4533 reritas
3210 4492 3332 4534 esse
3359 4478 3559 4533 debeat
3586 4488 3748 4549 atque

451 4557 591 4611 Simo
621 4554 709 4608 die
737 4553 953 4620 Μυγεεε
984 4553 1231 4608 a‘Celldil
1262 4552 1313 4608 ill
1350 4565 1611 4621 "mntem,
1646 4566 1699 4611 el
1726 4556 2042 4630 decolngum
2076 4547 2125 4607 Ῐ)
2154 4570 2437 4625 doctrina:
2463 4547 2524 4627 ut
2565 4547 2673 4625 non
2719 4571 2892 4626 solum
2924 4571 3059 4626 sciat
3092 4581 3293 4628 rectam
3318 4573 3481 4627 ﬁdem
3510 4589 3525 4638 ;
3555 4547 3749 4628 sedet

447 4647 704 4718 sum-epit.
729 4645 898 4700 Sedet
921 4646 1104 4715 itaqne
1134 4646 1364 4718 pupulus
1391 4646 1726 4713 Judtcorum,
1758 4652 1844 4721 qui
1875 4668 2049 4721 quon-

450 4740 574 4795 dam
605 4738 917 4809 quindecim
967 4741 1265 4808 argenteis,
1311 4749 1366 4795 et
1410 4742 1765 4812 quadraginta
1804 4746 2050 4815 quinque

455 4835 645 4888 hordei
676 4832 872 4887 modiis
916 4841 1003 4888 est
1027 4835 1350 4901 conductus,
1376 4846 1495 4907 post
1518 4836 1807 4894 adventum
1837 4842 2049 4898 Domini

449 4926 779 4991 Salvmoris,
808 4935 860 4979 et
889 4928 988 4979 viri
1018 4929 1101 4980 sui
1135 4936 1418 4997 exspectat
1438 4928 1752 4985 adventum.
1786 4932 2049 5006 Quodque

2153 4664 2296 4733 quod
2320 4664 2572 4727 noverit,
2605 4662 2775 4731 possit
2803 4680 2898 4719 ore
2921 4666 3187 4734 proferre.
3213 4664 3365 4732 Quod
3387 4674 3442 4719 et
3468 4665 3748 4734 apostolus

2156 4755 2358 4811 Paulus
2403 4756 2598 4811 scribit
2644 4759 2710 4809 ad
2758 4756 2973 4819 Titum,
3010 4756 3213 4810 docens
3242 4757 3416 4826 qualis
3456 4756 3749 4825 episcopus

2154 4847 2492 4904 ordinandus
2520 4849 2586 4903 sit
2612 4866 2623 4901 :
2662 4845 2875 4916 Oportet
2902 4849 3038 4901 enim
3059 4849 3363 4918 episcopum
3387 4851 3497 4903 sine
3535 4850 3748 4903 crimine

2153 4956 2263 4995 esse
2286 4947 2549 5007 tamquam
2576 4937 2671 4993 Dei
2694 4940 3101 5010 dispensatorem
3125 4959 3144 4995 :
3175 4957 3277 4994 non
3304 4941 3607 5010 superbum,
3643 4957 3747 4995 non

453 5019 619 5073 dicit:
656 5017 779 5071 Non
810 5019 1172 5089 fornicaberis,
1206 5030 1253 5073 et
1298 5037 1397 5073 non
1439 5022 1539 5075 eris
1570 5023 1703 5088 viro,
1736 5025 1836 5079 hoc
1869 5034 2055 5083 osten-
2150 5031 2480 5099 iracundum,
2532 5049 2633 5089 non
2664 5033 3013 5097 vinolentum,
3056 5050 3161 5087 non
3199 5050 3555 5104 percussorem
3582 5074 3596 5099 ,
3643 5049 3749 5115 ηομ

449 5111 529 5166 dit
556 5110 699 5180 quod
745 5110 965 5164 interim
1002 5111 1164 5163 modo
1197 5111 1357 5165 idolis
1411 5128 1515 5167 non
1551 5116 1773 5186 serviat,
1830 5133 1929 5173 nec
1972 5130 2051 5174 ta-

451 5219 574 5259 men
606 5202 805 5257 habeat
850 5201 1054 5266 Deum;
1100 5203 1193 5257 sed
1234 5210 1289 5258 et
1314 5205 1659 5259 amatoribus
1690 5218 1744 5262 et
1786 5209 1904 5263 viro
1926 5227 2051 5283 spo-

448 5297 572 5352 liata
601 5295 692 5349 sit.
727 5295 793 5347 Et
818 5297 944 5364 quia
972 5294 1148 5348 virum
1179 5309 1281 5347 non
1318 5295 1499 5359 habet,
1530 5313 1637 5351 non
1662 5300 1900 5354 vescitur
1926 5302 2051 5356 cibo

452 5388 759 5451 hominum,
810 5387 1078 5440 frumento
1115 5395 1167 5440 et
1208 5386 1498 5456 legumine,
1545 5389 1638 5444 sed
1672 5391 1875 5445 hordeo
1915 5392 2053 5449 irra-

445 5481 786 5536 tionabilium
807 5480 1206 5550 iumentorum,
1239 5482 1521 5535 ruminans
1548 5484 1806 5539 vilitatem
1832 5485 2046 5556 litterae,

446 5587 567 5642 quae
596 5573 871 5643 interﬁcit,
901 5581 955 5630 et
987 5589 1093 5630 non
1125 5573 1329 5633 habens
1361 5575 1617 5645 Spiritum
1659 5577 2039 5636 viviﬁcantem.

2154 5126 2321 5194 turpis
2363 5124 2495 5179 lucri
2522 5125 2808 5194 cupidum:
2836 5127 2925 5180 sed
2961 5126 3293 5195 hospitalem,
3326 5130 3633 5197 benignum,
3659 5144 3748 5180 so-

2155 5215 2344 5282 brium,
2366 5216 2583 5288 justum,
2636 5228 2891 5281 sanctum,
2916 5222 3261 5274 continentem
3284 5260 3301 5287 ,
3352 5222 3750 5290 arnplectentem

2153 5325 2286 5373 eum,
2312 5309 2400 5380 qui
2425 5310 2705 5365 secundum
2733 5321 2951 5367 "sanam
2972 5312 3265 5368 doctrinam
3284 5322 3382 5380 est,
3409 5315 3617 5384 fidelem
3637 5330 3746 5367 ser-

2155 5415 2377 5466 monem,
2403 5409 2456 5453 nt
2486 5408 2663 5471 potens
2685 5402 2753 5459 sit
2780 5404 3042 5459 exhortari
3067 5405 3122 5459 in
3143 5404 3382 5461 doctrina
3407 5423 3560 5476 sana,
3586 5417 3631 5460 et
3660 5422 3747 5459 eos

2154 5492 2241 5560 qui
2271 5491 2632 5546 contradicunt
2667 5510 2883 5566 arguere
2910 5495 3037 5565 (Tit.
3070 5510 3109 5557 ι,
3142 5495 3282 5567 7-9).
3316 5497 3507 5566 Ephod
3529 5513 3591 5552 ac
3626 5501 3745 5552 tlte-

2153 5582 2365 5652 rapbim
2403 5593 2459 5639 et
2496 5584 2550 5638 in
2597 5584 2844 5640 Judicum
2880 5585 3024 5642 libro
3057 5587 3283 5660 legimus
3310 5587 3513 5661 (ludio.
3552 5604 3659 5643 χιιι
3696 5598 3751 5644 et

518 5760 545 5792 κ
584 5751 771 5811 Nostri
822 5770 954 5813 mss.
1000 5773 1106 5813 non
1158 5756 1494 5812 interserunt
1538 5771 1738 5826 sanam,
1773 5771 1933 5827 quam
1960 5771 2145 5818 vocem
2180 5760 2401 5827 Graccus
2430 5777 2645 5839 quoque
2670 5773 2849 5825 textus
2880 5764 3132 5830 hocloco
3163 5768 3399 5841 ignorat.
