4150 6346
460 301 562 359 847

1706 302 1766 361 S.
1808 294 2084 361 EUSEBII
2120 298 2497 359 IIIERONYMI

3652 295 3757 355 848

462 436 576 476 non
602 417 937 486 cstvcritas,
967 425 1022 473 et
1064 430 1171 471 non
1202 422 1283 472 est
1313 416 1711 486 misericordia,
1757 429 1945 475 etnon
1976 425 2061 473 est
2085 416 2141 477 A
2165 420 2308 473 enim
2356 436 2461 475 non
2509 427 2635 476 sunt
2663 426 2837 490 captae
2881 417 3067 475 decem
3104 416 3272 475 tribus
3298 460 3313 487 ,
3360 415 3665 473 habuerunt
3706 424 3761 470 et

461 514 691 570 scientia
730 512 825 568 Dei
866 526 1032 582 super
1066 520 1269 567 terram
1298 556 1312 579 ,
1343 512 1444 569 sed
1484 528 1514 569 e
1551 513 1775 585 regione
1804 512 2061 569 maledic-

465 619 601 670 tum,
631 614 686 662 et
714 605 1084 675 mendacium,
1123 616 1177 660 et
1216 604 1609 675 homicidium,
1652 614 1707 661 et
1750 606 1974 673 furtum,
2008 614 2064 660 et

459 696 795 752 adulterium
826 695 1257 764 inundaverunt,
1287 706 1342 753 et
1376 699 1597 769 sanguis
1628 698 1946 768 sanguinem
1984 707 2063 753 tc-

464 794 584 865 tigit
611 810 623 847 :
653 792 857 849 idcirco
899 792 1108 864 lugebit
1152 801 1295 849 terra
1324 808 1447 849 cum
1499 792 1895 849 habitatoribus
1923 793 2061 858 suis,

468 897 525 942 ct
550 886 935 955 inﬁrmabitur,
969 894 1030 942 ut
1061 901 1167 942 non
1204 886 1401 942 habeat
1426 887 1626 943 bestias
1656 887 1794 958 agri,
1830 897 1884 942 et
1910 887 2064 941 volu-

466 996 585 1037 cres
614 979 765 1048 cceli,
797 987 854 1035 et
880 980 1059 1050 pisces
1097 981 1263 1036 maris
1292 980 1572 1036 deﬁcient.
1603 977 1737 1034 Cum
1762 979 1906 1035 enim
1936 993 2064 1049 cap—

462 1073 647 1130 tivitas
689 1071 882 1130 decem
926 1074 1168 1129 tribuum
1218 1074 1452 1140 venerit,
1488 1073 1794 1129 habitatore
1822 1072 2060 1140 sublato,

462 1170 656 1226 bestia:
707 1185 926 1243 quoque
974 1179 1031 1227 et
1079 1171 1328 1227 volucres
1376 1170 1505 1226 (ιωιί
1560 1180 1614 1226 et
1665 1171 1844 1241 pisces
1898 1170 2064 1225 maris

461 1262 758 1330 deﬁcient;
785 1264 1031 1334 iramque
1056 1264 1267 1318 Domini
1291 1265 1457 1319 etiam
1478 1273 1626 1318 muta
1648 1264 1917 1319 elementa
1939 1277 2063 1318 sen-

463 1359 624 1413 tient.
671 1356 788 1412 Iloc
824 1357 914 1427 qui
947 1370 1053 1411 non
1084 1356 1260 1411 credit
1293 1356 1562 1411 accidisse
1604 1356 1808 1426 populo
1857 1354 2061 1419 Israel,

468 1449 942 1522 cernatlllyricum
962 1492 976 1517 ,
996 1449 1457 1505 cernatThracias
1478 1490 1492 1515 ,
1515 1447 1886 1504 Macedoniam
1902 1456 2065 1514 atque

468 1545 807 1612 Pannonias,
837 1558 1165 1614 omnemque
1194 1551 1393 1598 terram
1416 1583 1430 1607 ,
1460 1558 1578 1612 qua:
1609 1538 1985 1609 aPropontidc
2006 1548 2066 1594 et

466 1639 754 1711 Bosphoro
778 1653 956 1710 usque
992 1638 1060 1693 ad
1088 1638 1252 1709 Alpes
1275 1636 1447 1693 Julias
1480 1636 1753 1703 tenditur,
1787 1644 1839 1689 et
1870 1635 2066 1705 proha-

466 1734 548 1790 bit
585 1748 711 1788 cum
754 1731 1067 1788 hominibus
1116 1741 1172 1787 et
1220 1730 1515 1786 animantia
1559 1739 1753 1784 cuncta
1798 1727 2060 1794 deﬁcere,

2165 511 2341 567 Ellam
2375 513 2696 585 prophetam
2727 522 2781 569 et
2808 512 3066 568 Elismum
3095 555 3108 579 ,
3142 520 3196 568 et
3218 519 3445 567 cmteros
3476 510 3616 565 ﬁlios
3639 523 3763 579 pro-

2164 610 2449 680 phetarum
2472 658 2485 681 ,
2518 612 2611 682 qui
2641 610 3108 682 prophetaverunt
3138 611 3189 665 in
3223 607 3489 667 Samaria.
3528 606 3680 664 Unde
3709 615 3763 661 et

2163 705 2331 760 Amos
2358 706 2628 777 propheta
2655 706 2748 777 qui
2775 706 2842 762 dc
2868 705 3011 761 tribu
3038 704 3173 761 Juda
3205 711 3361 772 erat,
3409 712 3464 758 et
3486 701 3555 758 de
3584 700 3764 756 viculo

2166 796 2429 865 Thecue,
2487 797 2705 869 cogitur
2753 797 2935 853 redire
2965 796 3033 853 ad
3065 797 3298 869 patriam
3349 809 3541 863 suam,
3592 807 3663 849 ne
3709 793 3763 849 in

2163 892 2341 947 alieno
2367 906 2537 962 regno
2567 900 2621 947 et
2645 891 2895 947 Samaria
2929 891 3301 962 prephetaret.

2238 984 2433 1054 (Vers.
2464 984 2517 1039 6.
2541 981 2561 1056 )
2586 982 2756 1039 Nocte
2778 994 2947 1040 tacere
2964 985 3063 1055 feci
3092 994 3309 1040 matrem
3340 992 3503 1053 tuam,
3522 981 3767 1037 conticuit

2164 1078 2388 1148 populus
2416 1093 2556 1131 meus
2575 1118 2589 1144 ,
2632 1093 2690 1132 eo
2725 1078 2866 1149 quod
2895 1095 2998 1132 non
3040 1078 3275 1134 habuerit
3303 1077 3569 1133 scientiam
3600 1093 3619 1130 :
3647 1075 3769 1145 quia

2168 1180 2222 1224 tu
2254 1171 2522 1225 scientiam
2550 1172 2823 1242 repulisti,
2855 1172 3109 1243 repellam
3142 1181 3191 1226 to
3219 1181 3266 1226 et
3292 1170 3593 1244 ego[Vulg.
3623 1177 3771 1225 tacet

2167 1274 2212 1319 et
2236 1263 2397 1335 ego],
2450 1281 2512 1319 ne
2555 1264 2847 1319 sacerdotio
2903 1266 3140 1335 fungaris
3188 1266 3316 1319 mihi
3360 1280 3379 1319 :
3417 1272 3464 1319 et
3506 1262 3670 1318 oblita
3717 1279 3771 1317 es

2168 1358 2296 1429 legis
2320 1355 2419 1412 Dei
2445 1358 2519 1411 tui
2536 1400 2551 1425 ,
2586 1358 2857 1412 obliviscar
2884 1359 3119 1427 ﬁliorum
3142 1366 3352 1412 tuorum
3373 1365 3421 1411 et
3449 1373 3567 1429 ego.
3591 1353 3766 1410 LXX:

2176 1450 2332 1508 Nocti
2357 1452 2640 1506 assimilavi
2676 1463 2892 1507 matrem
2924 1464 3103 1523 tuam,
3146 1462 3196 1509 et
3228 1453 3546 1508 assimilatas
3568 1459 3640 1506 est
3679 1466 3771 1523 po-

2168 1545 2321 1616 pulus
2346 1562 2487 1599 meus
2510 1546 2659 1616 quasi
2682 1562 2782 1600 non
2808 1546 2999 1601 habens
3030 1547 3342 1602 scientiam:
3374 1546 3497 1617 quia
3520 1554 3575 1599 tu
3606 1544 3771 1599 scien-

2168 1638 2293 1691 tiam
2324 1638 2565 1708 repulisti
2589 1685 2602 1707 ,
2634 1649 2681 1693 et
2710 1656 2802 1711 ego
2829 1640 3082 1712 repellam
3111 1650 3158 1694 te
3184 1684 3198 1709 ,
3227 1657 3295 1695 ne
3321 1640 3615 1695 sacerdotio
3643 1638 3769 1708 fun-

2169 1732 2310 1801 garis
2342 1731 2470 1785 mihi
2502 1751 2515 1785 :
2550 1731 2713 1787 oblita
2740 1750 2793 1787 es
2823 1732 2953 1807 legis
2989 1733 3087 1787 Dei
3130 1734 3241 1802 tui,
3294 1744 3342 1788 et
3368 1737 3473 1805 'ego
3500 1734 3773 1788 obliriscar

466 1841 587 1897 qua:
630 1825 687 1880 in
717 1839 849 1880 usus
892 1823 1177 1879 hominum
1220 1839 1250 1879 a
1282 1821 1545 1879 Creatore
1573 1821 1722 1891 prius
1750 1820 2058 1876 alebantur.
2093 1806 2141 1866 Β
2168 1826 2401 1895 filiorum
2439 1834 2668 1880 tuorum.
2694 1826 2809 1881 Non
2832 1806 2974 1898 quod
3000 1828 3101 1882 alia
3124 1834 3298 1883 mater
3319 1828 3421 1893 sit,
3450 1836 3506 1883 et
3534 1827 3625 1882 alii
3656 1827 3771 1895 lilii,

465 1919 563 1976 Sin
592 1927 776 1975 autem
806 1918 1174 1984 voluerimus,
1212 1926 1269 1973 ut
1299 1916 1518 1987 quidam
1544 1924 1772 1984 putant,
1804 1916 1948 1970 feros
1971 1914 2065 1969 ho-

465 2010 644 2067 mines
660 2010 868 2067 bestias
884 2011 1237 2081 interpretari
1261 2050 1276 2076 ,
1302 2016 1358 2065 et
1381 2008 1633 2063 volucres
1658 2007 1781 2062 caeli
1810 2021 1906 2062 eos
1926 2046 1940 2074 ,
1972 2006 2064 2076 qui

467 2104 752 2159 elevantur
812 2102 868 2157 in
890 2101 1245 2172 superbiam,
1297 2112 1350 2156 et
1409 2101 1589 2156 omnia
1645 2099 1883 2153 humana
1937 2114 2066 2153 con-

462 2203 742 2264 temnunt,
772 2203 826 2251 et
853 2195 1030 2265 pisces
1061 2194 1256 2262 maris,
1289 2194 1378 2263 qui
1400 2192 1808 2248 irrationabiles
1827 2199 1987 2258 sunt,
2013 2199 2066 2245 et

468 2289 545 2348 ita
569 2290 744 2359 bruti,
775 2296 836 2345 ut
861 2288 996 2345 nihil
1018 2288 1245 2345 omnino
1267 2289 1515 2358 sapiant,
1544 2295 1595 2342 et
1628 2301 1811 2343 aerem
1836 2286 2066 2341 liberum

475 2386 785 2455 coelumque
809 2397 921 2439 non
948 2382 1195 2439 videant:
1226 2380 1329 2438 hoc
1346 2398 1452 2436 non
1484 2389 1592 2435 tam
1622 2380 1743 2434 irati
1773 2394 1934 2448 quam
1958 2362 2067 2434 ele-

471 2478 675 2535 mentis
703 2484 786 2533 est
815 2474 1065 2542 Domini,
1110 2483 1169 2531 ut
1197 2490 1318 2545 quae
1361 2474 1501 2529 mala
1545 2480 1707 2541 sunt,
1749 2472 2069 2527 auferantur

473 2573 542 2630 de
575 2584 740 2629 terra.

540 2664 738 2738 (Vers.
763 2664 819 2730 4,
844 2662 897 2719 5.
922 2662 942 2732 )
968 2660 1333 2717 Verumtamen
1356 2661 1708 2732 unusquisque
1731 2678 1833 2716 non
1842 2661 2068 2733 judicet,

474 2770 525 2818 et
570 2777 674 2816 non
703 2767 957 2832 arguatur
986 2759 1063 2813 vir
1090 2774 1107 2811 :
1137 2757 1363 2830 populus
1401 2758 1537 2811 enim
1567 2765 1685 2810 tuus
1721 2756 1855 2810 sicut
1886 2755 1940 2808 hi
1980 2756 2071 2826 qui

472 2852 839 2911 contradicunt
880 2851 1171 2919 sacerdoti,
1222 2860 1269 2905 et
1311 2866 1521 2905 corrues
1557 2848 1709 2903 hodie
1734 2893 1747 2916 ,
1780 2858 1829 2902 et
1869 2858 2073 2903 corruet

480 2947 639 3002 etiam
670 2943 929 3018 prapheta
952 2952 1136 2999 tecum.
1171 2941 1315 2996 LXX
1343 2960 1355 2996 :
1392 2940 1459 2997 Ut
1483 2942 1660 2996 nullus
1684 2958 1844 3012 neque
1859 2940 2073 3012 judice-

473 3048 561 3094 tur
582 3081 597 3106 ,
620 3054 781 3110 neque
816 3046 1068 3109 arguatur
1110 3035 1383 3108 quisquam
1413 3051 1431 3088 :
1458 3035 1683 3106 papulas
1723 3042 1897 3089 autem
1932 3050 2073 3088 meus

472 3132 624 3204 quasi
696 3130 941 3186 sacerdos
978 3171 994 3198 ,
1048 3129 1133 3183 cui
1197 3127 1582 3183 contradicetur
1618 3169 1632 3193 ,
1714 3136 1762 3180 et
1832 3127 2077 3194 inﬁrma-

476 3195 613 3280 bitur
669 3240 761 3297 per
838 3195 1029 3290 diem,
1087 3232 1135 3277 et
1196 3221 1543 3291 inﬁrmabitur
1611 3220 1767 3274 etiam
1826 3195 2148 3290 praphetac

485 3328 671 3373 tecum.
754 3314 1065 3373 Secundum
1131 3314 1483 3385 Septuaginta
1566 3313 1927 3383 interpretes,
1974 3312 2079 3368 hoc

479 3410 628 3483 quod
680 3410 995 3481 posuimus,
1057 3416 1111 3462 ut
1166 3406 1341 3461 nullus
1408 3422 1567 3474 neque
1640 3405 1956 3478 judicetur,‘
1990 3422 2078 3460 ue-

478 3520 578 3576 que
596 3510 851 3575 arguatur
890 3500 1200 3571 quisquam,
1252 3498 1524 3567 superiori
1562 3498 1800 3567 capitulo
1827 3506 2080 3567 coaptan-

477 3600 608 3654 dum
655 3605 740 3653 est
790 3613 804 3652 :
845 3594 941 3651 sed
985 3610 1082 3649 nos
1150 3592 1406 3648 llebrrcos
1454 3591 1563 3664 36
1599 3591 1898 3662 sequimur.
1954 3590 2082 3645 Pro-

482 3687 665 3744 vocati
704 3685 772 3741 ad
795 3684 1060 3757 judicium
1093 3684 1221 3751 Dei,
1264 3682 1361 3736 ﬁlii
1394 3682 1593 3749 Israel,
1637 3684 1729 3752 qui
1763 3683 2082 3738 habitabant

481 3783 538 3836 in
572 3788 716 3835 terra
754 3788 813 3833 ut
834 3791 1032 3833 causas
1053 3775 1354 3832 Dominicze
1383 3776 1771 3846 indignationis
1801 3776 2079 3845 audirent,

476 3882 532 3929 et
562 3870 838 3943 praeterita
866 3877 1088 3940 peccata
1119 3878 1533 3939 cognoscerent,
1567 3876 1789 3937 propter
1810 3884 1928 3937 qurc
1963 3868 2083 3923 hos-

483 3967 630 4022 tibus
661 3964 1046 4030 traderentur,
1079 3977 1223 4017 nunc
1245 3963 1372 4032 quia
1400 3961 1452 4015 in
1481 3962 1780 4017 sceleribus
1814 3978 2080 4032 perseve-

481 4067 640 4127 rant,
687 4066 741 4114 et
784 4054 1088 4127 impudenti
1140 4055 1309 4110 Deum
1338 4053 1515 4108 fronte
1546 4062 1933 4124 contemnunt,
1988 4071 2083 4111 au-

483 4152 645 4208 diunt
674 4167 687 4203 :
720 4148 841 4205 Non
868 4162 1102 4204 necesse
1133 4156 1217 4202 est
1251 4155 1307 4200 ut
1332 4146 1566 4201 veniatis
1595 4146 1658 4199 ad
1688 4146 1993 4217 judicium,
2025 4158 2084 4204 ut

487 4246 545 4300 in
593 4242 794 4298 vestris
823 4241 1047 4311 ﬂagitiis
1090 4240 1431 4311 arguamini;
1466 4240 1589 4310 quia
1632 4250 1794 4296 tantae
1823 4244 1955 4299 estis
1984 4243 2085 4297 im-

489 4335 793 4409 pudentiae,
821 4342 880 4388 ut
910 4348 1010 4389 nec
1041 4332 1277 4389 convicti
1307 4331 1551 4403 quidem,
1586 4332 1850 4403 pudorem
1884 4334 2085 4390 habea-

495 4431 565 4485 tis
587 4436 645 4484 et
670 4426 1094 4489 verecundiam;
1152 4424 1246 4481 sed
1278 4424 1672 4480 contradicatis
1702 4425 1837 4480 mihi
1858 4468 1873 4494 ,
1931 4426 2084 4497 quasi

490 4522 537 4577 si
566 4519 868 4591 discipulus
898 4518 1163 4589 magistro
1192 4518 1463 4574 sacerdoti
1497 4518 1774 4589 plebecula
1808 4522 2081 4577 contradi-

492 4625 611 4684 cat,
656 4628 780 4684 quae
810 4627 921 4668 non
954 4612 1122 4667 habet
1160 4611 1456 4669 sacerdotii
1483 4613 1822 4685 dignitatem.
1858 4616 1923 4671 Et
1961 4617 2083 4686 quia
2109 4594 2165 4657 Ῑ)

491 4713 629 4769 tales
672 4711 809 4768 estis
835 4752 850 4777 ,
899 4709 1021 4767 ideo
1054 4709 1219 4765 hodie
1250 4711 1516 4765 corruetis
1549 4708 1672 4781 [ΑΙ.
1705 4712 1994 4780 corr-uitis,
2031 4722 2087 4768 et

488 4807 785 4879 ducimini,
819 4816 873 4864 et
896 4804 1191 4878 perditis],
1227 4806 1279 4861 id
1308 4815 1410 4873 est,
1462 4805 1741 4862 ducemini
1772 4807 1828 4861 in
1860 4807 2088 4878 captivi-

491 4909 662 4958 tatem
688 4941 704 4968 ,
753 4907 811 4956 et
851 4897 1091 4969 perdetis
1122 4913 1348 4968 regnum
1396 4897 1584 4954 Israel.
1616 4898 1773 4967 Quod
1803 4900 1963 4969 dicit,
1996 4902 2089 4955 ho-

491 4994 611 5061 die,
651 5000 745 5048 aut
784 5005 1031 5062 praesens
1083 5001 1295 5061 tempus
1343 4989 1641 5060 significat,
1676 5000 1768 5045 aut
1806 5007 1915 5046 non
1943 4992 2089 5047 frau—

493 5089 564 5145 de
593 5096 650 5145 et
680 5086 925 5153 insidiis,
959 5084 1052 5141 sed
1087 5084 1236 5139 clara
1279 5084 1329 5137 in
1364 5084 1733 5155 captivitatem
1761 5086 1879 5142 luce
1920 5089 2086 5145 duee-

495 5183 669 5249 mini,
708 5191 967 5251 lautaque
992 5179 1099 5236 erit
1127 5178 1290 5234 vestri
1324 5178 1607 5235 inﬁrmitas
1634 5220 1647 5243 ,
1698 5190 1754 5234 ut
1780 5182 1937 5236 etiam
1962 5198 2089 5253 pro-

489 5274 702 5345 phetae,
750 5273 843 5344 qui
874 5270 1028 5327 vobis
1057 5271 1309 5326 solebant
1351 5270 1680 5341 prephetare
1710 5273 2049 5330 mendacium
2072 5320 2086 5345 ,

488 5368 773 5425 vobiscum
824 5374 1117 5433 corruant,
1166 5373 1221 5421 et
1266 5362 1505 5421 sentiant
1548 5367 1934 5436 captivitatem.
1993 5370 2090 5425 llic

485 5461 784 5536 prophetas
803 5503 819 5529 ,
849 5469 943 5516 aut
971 5458 1479 5531 pseudoprophetas
1509 5459 1773 5516 debemus
1801 5463 2051 5533 accipere
2072 5505 2087 5530 ,

489 5568 587 5617 aut
625 5565 777 5617 certe
819 5572 1037 5613 omnem
1093 5559 1324 5628 gratiam
1368 5554 1763 5627 prephetalem.
1824 5557 2091 5625 Quamdiu

2167 1929 2397 1974 matrem
2414 1928 2572 1976 vocat
2589 1929 2641 1976 et
2656 1920 2795 1976 tilios
2815 1937 2829 1987 ;
2851 1921 2944 1976 sed
2969 1919 3243 1989 quomodo
3266 1920 3527 1975 Dominus
3547 1921 3774 1991 loquens

2165 2014 2231 2069 ad
2256 2010 2512 2084 populum
2527 2013 2841 2070 Judreorum
2860 2013 3078 2069 dicebat
3094 2032 3105 2069 :
3124 2012 3437 2082 Jerusalem,
3457 2012 3772 2077 Jerusalem,

2165 2124 2281 2177 qua:
2306 2106 2498 2162 occidis
2526 2106 2823 2177 Prophetas
2842 2150 2857 2174 ,
2910 2118 2956 2161 et
2988 2107 3201 2177 lapidas
3236 2123 3324 2161 eos
3344 2105 3435 2177 qui
3462 2106 3531 2158 ad
3558 2113 3607 2160 te
3633 2106 3777 2159 missi

2168 2210 2319 2264 sunt,
2357 2200 2555 2269 quoties
2579 2199 2719 2254 volui
2754 2216 3071 2271 congregare
3098 2200 3238 2269 ﬁlios
3263 2209 3378 2253 tuos
3399 2241 3414 2266 ,
3454 2199 3593 2253 sicut
3622 2198 3777 2271 galli-

2169 2310 2236 2345 na
2258 2292 2602 2364 congregabat
2631 2293 2800 2364 pullos
2829 2309 2951 2347 suos
2991 2292 3085 2346 sub
3107 2292 3219 2347 alas
3267 2308 3389 2346 suas
3410 2334 3424 2357 ,
3476 2302 3523 2346 et
3563 2291 3777 2346 noluisti

2171 2383 2406 2455 (Matth.
2434 2400 2590 2451 χχιιι,
2625 2383 2658 2438 5
2684 2385 2745 2454 )?
2772 2384 2890 2439 Non
2922 2385 3065 2456 quod
3096 2385 3201 2440 alia
3232 2385 3338 2457 37
3367 2384 3693 2450 Jerusalem,
3722 2392 3777 2440 et

2170 2478 2309 2534 alius
2349 2478 2589 2549 populus
2626 2478 2743 2548 ejus
2774 2497 2787 2533 :
2823 2493 3001 2549 neque
3038 2478 3186 2535 enim
3225 2479 3435 2549 absque
3479 2476 3681 2547 popqu
3712 2475 3777 2531 ad

2171 2580 2431 2626 caementa
2476 2570 2627 2625 urbis
2674 2581 2730 2626 et
2762 2571 2905 2641 ligna
2961 2577 3016 2626 et
3062 2569 3274 2641 lapides
3302 2568 3656 2640 loquebatur.
3691 2568 3781 2625 Sic

2174 2671 2350 2718 mater
2376 2672 2602 2719 vocatur
2626 2664 2811 2733 populi
2836 2663 3140 2734 frequentia
3195 2670 3250 2718 et
3279 2661 3462 2718 omnis
3496 2661 3649 2717 turba
3682 2674 3781 2715 na-

2175 2757 2339 2812 tionis
2369 2757 2617 2812 llcbraeae
2644 2799 2657 2823 ,
2685 2757 2752 2812 ad
2777 2772 2934 2827 quam
2964 2756 3205 2827 loquitur
3235 2772 3249 2811 :
3287 2754 3381 2809 ﬁlii
3420 2763 3599 2811 autem
3626 2796 3643 2823 ,
3692 2754 3779 2811 vel

2175 2850 2378 2921 singuli
2405 2866 2468 2905 ex
2502 2851 2735 2920 populo,
2767 2852 2855 2907 vel
2889 2865 2986 2922 per
3002 2851 3200 2920 oppida
3223 2850 3487 2921 villasque
3513 2850 3776 2921 dispersi.

2176 2944 2233 2999 In
2257 2954 2416 3000 nocte
2440 2960 2569 3017 ergo
2602 2960 2665 3000 ac
2697 2944 2937 3001 tenebris
2967 2944 3300 3014 captivitatis
3329 2952 3383 3000 et
3423 2944 3679 3000 maeroris
3726 2952 3781 2999 et

2174 3039 2477 3107 prementis
2510 3041 2775 3109 angustiae
2800 3036 3031 3092 traditur
3057 3036 3259 3104 Israel,
3309 3047 3358 3092 et
3396 3036 3629 3106 populus
3659 3035 3779 3106 ejus

2178 3142 2385 3190 aeterno
2435 3132 2656 3189 silentio
2686 3132 3046 3198 contieescit;
3099 3129 3223 3201 quia
3254 3145 3362 3185 non
3406 3128 3597 3185 habuit
3644 3128 3779 3200 legis

2180 3227 2500 3292 scientiam,
2543 3241 2644 3281 nec
2688 3226 2786 3281 Dei
2833 3232 3102 3296 praecepta
3143 3224 3417 3289 servavit,
3470 3223 3781 3293 recepitque

2181 3322 2325 3392 quod
2358 3321 2579 3377 fecerat.
2613 3321 2731 3391 Ipsa
2768 3321 2915 3376 enim
2946 3320 3041 3375 Dei
3073 3318 3276 3389 repulit
3315 3317 3490 3389 legem
3517 3358 3532 3385 ,
3576 3325 3631 3373 et
3658 3316 3779 3373 ideo

2182 3415 2551 3470 sacerdotium
2596 3413 2838 3484 perdidit
2884 3413 2940 3468 in
2986 3421 3294 3478 aeternum,
3342 3410 3534 3467 colens
3578 3409 3781 3466 vitulos

2182 3524 2379 3565 aureos
2404 3508 2456 3563 in
2488 3509 2600 3564 Dan
2624 3517 2676 3564 et
2702 3508 2895 3563 Bethel
2922 3524 2934 3561 :
2961 3518 3016 3563 et
3048 3507 3174 3577 quia
3192 3504 3360 3560 oblita
3391 3514 3474 3561 est
3497 3504 3633 3576 legis
3663 3504 3777 3573 Dei,

2183 3614 2239 3660 et
2271 3605 2489 3675 penitus
2513 3602 2789 3675 Egyptiis
2812 3617 2874 3658 se
2902 3601 3061 3656 idolis
3083 3598 3419 3670 mancipavit
3443 3637 3460 3665 ,
3490 3599 3699 3655 idcirco
3723 3608 3783 3655 et

2185 3697 2448 3751 Dominus
2501 3696 2853 3753 obliviscetur
2898 3695 3133 3749 ﬁliorum
3185 3694 3345 3763 ejus,
3381 3693 3628 3755 itradens
3683 3708 3783 3750 eos

2184 3800 2409 3845 ueterum
2456 3788 2758 3859 captivitati
2807 3788 2955 3855 :Qui
3002 3786 3147 3842 enim
3200 3787 3407 3858 ignorat
3456 3785 3786 3857 ignorabitur

2185 3882 2238 3956 (l
2268 3882 2387 3938 Cor.
2422 3898 2516 3938 xrv
2542 3888 2595 3953 ),
2652 3894 2707 3938 et
2747 3883 2801 3938 in
2832 3880 3061 3936 Psalmis
3104 3880 3380 3947 legimus:
3424 3878 3779 3948 Nescierunt,

2186 3995 2350 4049 neque
2381 3977 2744 4031 intellexerunt
2768 4018 2781 4042 ,
2809 3976 2864 4029 in
2894 3974 3113 4029 tenebris
3134 3971 3403 4027 ambulant
3427 3970 3447 4043 (
3471 3969 3565 4027 Ps.
3596 3988 3781 4040 Lxxst,

2188 4072 2278 4142 5).
2313 4071 2511 4126 Omnia
2553 4086 2674 4141 qua:
2704 4070 2960 4125 dicuntur
2987 4069 3054 4125 ad
3084 4069 3274 4127 decem
3309 4070 3485 4126 tribus
3509 4113 3523 4138 ,
3573 4066 3787 4124 referre

2186 4179 2481 4234 possumus
2536 4164 2602 4217 ad
2661 4164 2991 4232 luereticos,
3049 4164 3141 4235 qui
3171 4162 3511 4235 reliquerunt
3557 4174 3786 4233 regnum

2190 4257 2357 4312 David
2389 4266 2443 4312 et
2470 4257 2773 4313 Jerusalem
2794 4298 2808 4322 ,
2844 4256 2894 4313 id
2925 4267 3030 4324 est,
3060 4255 3340 4313 Christum
3362 4267 3413 4313 et
3442 4254 3740 4312 Ecclesiam
3770 4272 3785 4309 :

2189 4361 2241 4406 et
2267 4350 2390 4406 ideo
2435 4358 2640 4405 acterna
2692 4358 2853 4405 nocte
2903 4350 3147 4421 cooperti
3195 4358 3362 4417 sunt,
3421 4362 3527 4405 nec
3584 4347 3790 4403 habent

2188 4445 2474 4501 scientiam
2502 4444 2598 4499 Dei
2622 4485 2636 4509 ,
2664 4451 2721 4500 et
2738 4442 3081 4513 repelluntur
3103 4458 3130 4496 a
3159 4442 3395 4497 Domino
3419 4456 3490 4497 ne
3530 4439 3789 4496 sacerdo-

2191 4538 2266 4593 tio
2296 4537 2587 4608 fungantur
2607 4537 2688 4603 ci,
2737 4546 2791 4591 et
2818 4536 3051 4592 ﬁliorum
3083 4550 3222 4607 quos
3259 4532 3589 4606 genuerint,
3617 4533 3789 4607 :num-

2189 4648 2352 4704 quam
2380 4630 2668 4699 meminit,
2710 4629 2835 4701 quia
2868 4629 2961 4684 lilii
2990 4628 3151 4684 alieni
3184 4627 3314 4685 laeti
3343 4636 3470 4684 sunt
3499 4626 3570 4683 ei.

2263 4724 2445 4797 (Vers.
2476 4724 2508 4777 7
2536 4737 2717 4795 seqq.)
2754 4722 3054 4777 Secundum
3076 4721 3459 4777 multitudinem
3488 4735 3684 4787 eorum,
3712 4718 3787 4773 sic

2192 4828 2526 4890 peccaverunt
2578 4817 2760 4870 mihi:
2830 4816 3053 4887 gloriam
3108 4832 3287 4870 eorum
3346 4815 3399 4867 in
3447 4811 3789 4886 ignominiam

2191 4910 2515 4965 commutabo
2538 4951 2553 4977 ,
2596 4919 2808 4982 peccata
2849 4910 3030 4982 pepuli
3060 4909 3162 4965 mei
3189 4907 3479 4974 comedent,
3508 4917 3555 4962 et
3583 4907 3653 4960 ad
3679 4905 3782 4960 ini-

2191 5004 2441 5074 quitatem
2472 5018 2647 5057 eorum
2676 5002 3009 5058 sublevabunt
3035 5003 3237 5057 animas
3256 5018 3436 5057 eorum
3457 5046 3471 5070 ,
3510 5010 3558 5055 et
3598 4999 3692 5053 erit
3713 5000 3787 5053 si-

2197 5108 2281 5151 cut
2309 5096 2555 5169 pOpulus,
2594 5099 2667 5151 sic
2706 5099 2970 5166 sacerdos,
3019 5106 3067 5152 et
3103 5097 3317 5151 visitabo
3355 5111 3510 5167 super
3543 5110 3657 5148 eum
3678 5093 3789 5148 vias

2192 5195 2323 5263 ejus,
2350 5200 2399 5244 et
2422 5190 2761 5262 c0gitationcs
2786 5189 2933 5245 illius
2953 5189 3169 5245 reddam
3194 5190 3262 5243 ei.
3279 5186 3446 5243 LXX:
3483 5184 3788 5242 Secundum

2192 5280 2579 5335 multitudinem
2621 5298 2798 5336 eorum
2822 5325 2837 5351 ,
2887 5284 2961 5337 sic
2988 5290 3330 5355 peccaverunt
3368 5280 3532 5349 mihi,
3569 5278 3789 5351 gloriam

2192 5394 2371 5433 eorum
2406 5378 2461 5431 in
2489 5377 2825 5448 ignominiam
2854 5394 3041 5448 ponam
3070 5375 3191 5449 [AL
3231 5373 3489 5446 pandam]
3518 5389 3533 5427 :
3576 5381 3788 5443 peccata

2194 5469 2376 5540 papuli
2404 5469 2502 5522 mei
2533 5470 2841 5538 comedent,
2877 5478 2925 5523 et
2963 5470 3019 5524 in
3057 5468 3421 5539 iniquitatibus
3450 5483 3627 5523 eorum
3651 5466 3791 5523 acci-

2192 5565 2334 5634 pient
2367 5572 2393 5601 ει
2421 5563 2514 5617 alii
2542 5563 2742 5619 animas
2783 5575 2983 5630 eorum,
3030 5572 3077 5619 et
3124 5563 3221 5619 erit
3262 5562 3396 5617 sicut
3438 5560 3685 5633 populus,
3711 5560 3789 5615 sic

541 5768 813 5850 ‘_Vo_ce_m
841 5808 857 5837 ,
902 5767 1178 5850 aliizunon
1233 5766 1437 5850 habent
1494 5766 1725 5827 Palatini
1784 5783 1918 5827 mss.
1969 5770 2067 5829 sed
2100 5787 2278 5847 neque
2318 5775 2566 5850 Graecus,
2598 5784 2837 5850 excepto
2878 5776 3003 5835 cod.
3048 5772 3281 5846 Aldino‘,
3332 5781 3536 5833 textus.
3586 5772 3644 5830 In
3676 5787 3783 5831 uno

477 5838 821 5908 Barberinio,
856 5853 959 5910 pro
986 5838 1150 5910 ἄλλοι,
1182 5850 1268 5897 est
1294 5842 1420 5896 λαοὶ.
