4100 6336
398 247 503 306 849

1260 242 1912 302 COMMENTARIORUM
1951 242 2018 299 ΙΝ
2055 240 2235 302 OSEE
2276 243 2409 300 LlB'
2451 244 2492 303 l.
2533 242 2690 301 CAP.
2733 244 2826 301 IV.

3589 242 3697 300 850

396 372 446 420 et
472 363 752 431 sacerdos,
780 372 829 419 et
855 361 1078 419 ulciscar
1106 379 1262 435 super
1289 379 1405 418 eum
1426 362 1539 417 vias
1574 364 1708 434 ejus,
1731 372 1778 418 et
1800 362 1995 436 coyita-
2021 360 2075 423 Α
2102 360 2205 414 cati
2250 371 2367 416 sunt
2415 378 2447 415 a
2496 360 2607 417 Deo
2654 378 2768 418 suo.
2830 359 3092 434 Voluptas
3134 361 3462 419 insatiabilis
3503 369 3611 429 est,
3645 369 3702 418 et

397 458 564 514 tiones
596 459 745 513 illius
776 458 992 514 reddam
1022 460 1090 514 ei.
1137 460 1281 527 Quot
1320 458 1571 514 [nomines
1598 457 1783 513 habuit
1804 457 1992 524 Israel,

395 562 476 607 tot
504 568 630 608 aras
661 553 939 609 exstruxit
982 552 1346 619 dtemonibus,
1394 552 1449 607 in
1483 565 1715 622 quorum
1758 550 1995 606 victimis

392 648 651 719 peccavit
699 645 854 701 mihi.
905 646 1206 717 Propterea
1252 646 1490 716 gloriam
1538 660 1751 711 eorum,
1804 644 1857 698 in
1889 658 1992 713 qua

392 738 785 809 gloriabantur
829 738 975 807 sibi,
1024 749 1079 794 et
1130 740 1243 794 Deo
1286 737 1432 792 idola
1482 737 1885 807 praeferebant,
1940 738 1993 791 in

391 830 749 902 ignominiam
778 830 1129 887 commutabo
1153 871 1166 896 ,
1203 839 1261 885 ut
1290 839 1346 886 et
1372 831 1687 886 sacerdotes
1708 831 1994 901 capiantur

391 937 447 983 et
476 928 684 999 populi.
738 927 1026 999 Siquidem
1056 928 1167 1000 38
1201 928 1522 983 sacerdotes
1553 937 1780 998 peccata
1808 926 1990 996 populi

392 1025 500 1080 mei
532 1022 873 1091 comedunt,
925 1024 994 1079 de
1016 1023 1217 1094 quibus
1258 1024 1525 1093 scriptum
1557 1031 1667 1077 est:
1707 1022 1809 1087 Qui
1840 1022 1993 1076 devo-

389 1126 512 1172 rant
543 1117 739 1189 plebem
775 1132 943 1172 meam
966 1158 983 1185 ,
1034 1118 1167 1172 sicut
1198 1132 1367 1171 escam
1407 1118 1561 1189 panis
1604 1116 1723 1187 (Ps.
1755 1131 1874 1181 xm,
1910 1115 1989 1187 8).

388 1211 454 1265 Et
497 1208 703 1266 idcirco
746 1218 972 1280 peccata
1012 1209 1197 1281 populi
1236 1209 1341 1264 mei
1376 1209 1712 1276 comedunt,
1755 1222 1992 1264 consen-

388 1302 595 1361 tientes
637 1302 939 1359 sceleribus
989 1302 1477 1373 delinquentium:
1523 1304 1651 1373 quia
1710 1317 1834 1357 cum
1895 1316 1991 1357 eos

387 1412 624 1468 peccare
652 1395 1075 1469 perspexerint,
1111 1411 1220 1452 non
1253 1397 1430 1451 solum
1454 1410 1563 1451 non
1597 1404 1854 1467 arguunt,
1892 1393 1991 1450 sed

388 1489 619 1545 laudant
648 1500 816 1561 atque
842 1489 1183 1559 sustollunt,
1216 1499 1270 1545 et
1306 1489 1501 1546 beatos
1531 1489 1854 1561 praedicant.
1914 1489 1992 1545 De

387 1583 589 1653 quibus
620 1591 677 1638 et
704 1581 873 1638 Isaias
895 1582 1173 1653 loquitur:
1219 1581 1465 1653 Populus
1498 1598 1665 1647 meus,
1696 1582 1785 1652 qui
1811 1582 1989 1636 beatos

390 1690 478 1730 vos
501 1675 703 1740 dicunt,
728 1676 985 1729 seducunt
1016 1692 1127 1741 eos,
1166 1685 1213 1727 et
1242 1676 1449 1729 semitas
1483 1674 1671 1744 pedum
1701 1684 1990 1728 vestrorum

2100 466 2300 527 quanto
2329 457 2500 527 magis
2526 458 2760 529 capitur,
2791 466 2939 513 tanto
2967 458 3090 528 plus
3116 458 3394 515 utentibus
3415 473 3475 515 se
3500 456 3697 513 famem

2098 557 2269 604 creat.
2332 549 2654 604 Econtrario
2702 549 2854 605 beati
2903 554 3213 607 esurientes
3251 562 3305 607 et
3341 551 3701 621 sitientesju-

2098 643 2299 697 stitiam
2321 684 2335 709 ,
2373 642 2631 713 quoniam
2676 642 2781 712 ipsi
2813 644 3203 699 saturabuntur
3227 642 3387 715 (Mat.
3409 642 3489 716 v).
3547 643 3706 701 Sicut

2094 738 2300 806 justitia
2321 746 2549 802 saturat,
2578 737 2658 792 sic
2683 737 2945 807 iniquitas
2962 738 3324 795 substantiam
3346 753 3453 794 non
3469 738 3701 805 habens,

2102 840 2124 867 ο
2153 844 2288 882 vana
2333 828 2691 884 comedentes
2732 827 2926 884 fraude
2954 828 3199 897 deludit,
3230 839 3283 886 et
3314 840 3501 887 uteros
3530 831 3697 897 devo:

2099 922 2341 976 rantium
2374 935 2577 975 vacuos
2602 920 2958 992 derelinquit.
3008 920 3287 978 Foruicati
3318 932 3483 992 sunt,
3507 933 3561 978 et
3591 894 3703 979 non

2096 1023 2477 1069 cessaverunt.
2534 1014 2689 1069 Vires
2719 1012 2773 1068 in
2806 1013 3166 1070 fornicatione
3193 1014 3477 1085 deficiunt,
3510 1025 3566 1072 et
3591 1015 3696 1073 for-

2097 1107 2319 1163 nicandi
2351 1108 2685 1164 desiderium
2720 1123 2827 1163 non
2861 1110 3116 1179 quiescit.
3148 1109 3453 1167 Foruicatze
3484 1119 3614 1168 sunt
3640 1122 3697 1169 et

2094 1200 2284 1257 decem
2323 1202 2497 1257 tribus
2525 1217 2647 1256 cum
2685 1201 2845 1257 idolis
2874 1201 3169 1258 Jeroboam
3198 1203 3297 1260 ﬁlii
3324 1203 3573 1261 Nabaotb
3599 1221 3615 1261 :
3644 1215 3699 1263 et

2094 1295 2444 1365 reliquerunt
2476 1296 2765 1352 Dominum
2791 1295 2961 1351 Deum
2992 1313 3172 1364 suum,
3204 1313 3313 1353 non
3334 1300 3700 1357 custodiendo

2093 1404 2213 1459 qua:
2238 1389 2477 1459 jusserat
2501 1432 2515 1457 ,
2566 1390 2755 1446 dicens
2780 1408 2793 1443 :
2828 1391 3109 1446 Dominum
3137 1392 3303 1447 Deum
3330 1402 3474 1448 tuum
3502 1395 3699 1450 adora-

2094 1483 2192 1547 bis,
2220 1492 2267 1537 et
2294 1484 2391 1554 ipsi
2417 1485 2515 1538 soli
2537 1487 2723 1539 servies
2747 1483 2928 1556 (Deut.
2960 1502 3033 1553 v1,
3062 1485 3169 1556 15),
3204 1488 3494 1562 ippon-m6;
3515 1499 3699 1546 autem

2093 1573 2414 1644 legendum:
2470 1574 2786 1630 Fornicatio
2832 1585 2887 1631 et
2935 1577 3119 1631 vinum
3156 1585 3212 1632 et
3248 1578 3487 1635 ebrietas
3518 1580 3702 1637 aufert

2094 1682 2208 1722 cor.
2242 1668 2395 1724 Sicut
2439 1669 2582 1724 enim
2621 1669 2805 1724 vinum
2842 1682 2897 1725 et
2944 1671 3179 1727 ebrietas
3204 1687 3329 1728 eum
3354 1676 3445 1745 qui
3472 1675 3696 1744 biberit,

386 1770 728 1839 supplantant
755 1768 910 1843 (Isai.
944 1783 1023 1835 ιιι,
1056 1767 1169 1838 12).
1197 1768 1274 1823 De
1304 1769 1391 1824 his
1424 1778 1479 1825 et
1507 1784 1603 1839 per
1636 1769 1986 1824 Psalmistam
2018 1767 2066 1826 B
2093 1763 2295 1816 mentis
2334 1776 2449 1816 suae
2495 1762 2755 1831 impotem
2803 1762 2966 1818 facit:
3016 1761 3087 1817 ita
3116 1774 3171 1819 et
3196 1764 3490 1822 fornicatio
3519 1781 3583 1824 ac
3605 1784 3703 1825 vo-

385 1862 626 1917 clamat:
699 1863 963 1931 Quoniam
1011 1863 1261 1917 laudatur
1318 1872 1557 1932 peccator
1608 1865 1661 1917 in
1712 1862 1985 1917 desideriis

385 1954 574 2010 anima:
590 1971 722 2022 suis,
750 1964 800 2009 et
827 1955 1040 2027 iniquus
1068 1954 1389 2009 benedicitur
1421 1954 1543 2028 (Ps.
1572 1972 1644 2021 ιιι,
1673 1955 1789 2025 24).
1833 1952 1988 2010 Unde

384 2047 673 2118 mqualiter
694 2048 931 2119 populus
960 2056 1015 2103 et
1042 2048 1303 2103 sacerdos
1344 2048 1683 2119 indignantis
1731 2047 1824 2102 Dei
1859 2061 1985 2101 sen-

389 2142 613 2197 tentiam
654 2140 1039 2207 sustinebunt;
1082 2141 1208 2211 quia
1249 2156 1356 2196 non
1384 2140 1565 2196 solum
1597 2156 1763 2213 opera
1795 2154 1984 2196 eorum

388 2236 661 2302 visitabit,
706 2252 832 2307 quae
874 2235 1225 2308 appellantur
1267 2236 1401 2302 vite,
1456 2239 1514 2292 in
1565 2237 1766 2307 quibus
1803 2237 1986 2307 ingre-

385 2327 613 2383 diuntur
640 2344 653 2395 ;
700 2328 799 2384 sed
826 2337 884 2385 et
912 2330 1278 2401 cogitationes
1303 2371 1319 2398 ,
1352 2330 1550 2402 quibus
1588 2340 1647 2385 ut
1682 2330 1808 2385 talia
1839 2329 1985 2385 face-

385 2432 529 2490 rent,
564 2430 961 2479 tractaverunt.
1014 2422 1134 2479 Non
1172 2424 1354 2479 solum
1387 2425 1532 2480 enim
1576 2438 1748 2494 opus,
1794 2422 1889 2479 sed
1934 2431 1990 2478 et

384 2516 647 2585 cogitatio
695 2516 821 2570 mali
863 2516 1048 2585 Operis
1085 2531 1275 2586 poenas
1304 2517 1438 2573 luet.
1494 2518 1571 2572 De
1602 2516 1878 2572 haereticis
1907 2515 1989 2571 fa-

381 2608 509 2664 cilis
538 2609 909 2681 intelligentia
940 2619 1023 2667 est
1048 2654 1064 2678 ,
1112 2611 1259 2683 quod
1288 2619 1496 2683 quanto
1530 2611 1720 2681 plures
1762 2611 1985 2677 fuerint,

382 2710 538 2757 tanto
585 2703 759 2774 magis
803 2703 1133 2775 delinquunt
1179 2705 1330 2774 Deo,
1380 2714 1434 2761 et
1460 2706 1773 2775 glorientur
1804 2705 1854 2758 in
1884 2718 1984 2774 po-

384 2794 567 2866 pulis:
598 2805 653 2850 et
682 2794 888 2851 idcirco
915 2796 1197 2866 decipiant
1226 2796 1482 2853 infelices
1501 2838 1516 2864 ,
1551 2806 1611 2852 ut
1640 2806 1859 2866 peccata
1889 2810 1988 2865 po-

384 2889 498 2959 puli
542 2888 877 2957 comedant,
932 2899 988 2945 et
1031 2905 1129 2959 per
1173 2890 1363 2946 dulces
1397 2905 1683 2946 sermones
1721 2890 1988 2946 devorent

384 2979 584 3035 domus
630 2980 918 3036 viduarum
975 2981 1129 3054 (Luc.
1199 2981 1315 3054 xx).
1385 2982 1519 3037 Cum
1558 2983 1705 3038 enim
1749 2982 1989 3038 viderint

385 3072 603 3143 aliquos
645 3072 1030 3145 delinquentes
1076 3083 1103 3112 α
1151 3075 1347 3129 aiunt:
1398 3074 1549 3131 Nihil
1598 3075 1749 3130 aliud
1788 3077 1990 3145 quaerit

2095 1856 2270 1927 luptas
2295 1857 2557 1926 pervertit
2581 1872 2824 1923 sensum,
2855 1859 3206 1929 animumque
3228 1860 3517 1918 debilitat:
3548 1870 3605 1918 et
3632 1863 3702 1918 de

2092 1950 2346 2005 rationali
2382 1951 2633 2016 homine,
2669 1949 2887 2004 brutum
2916 1949 3087 2005 efficit
3121 1951 3350 2021 animal,
3395 1961 3456 2008 ut
3492 1968 3695 2024 ganeas

2091 2044 2443 2115 ctlupanaria
2458 2054 2511 2098 et
2532 2044 2817 2099 libidinum
2850 2044 3021 2099 lustra
3053 2054 3318 2101 sectetur.
3348 2045 3601 2118 Cumque
3621 2048 3695 2104 ita

2090 2153 2186 2193 cor
2204 2139 2325 2194 loco
2339 2155 2438 2195 suo
2452 2149 2659 2193 motum
2688 2138 2873 2206 fuerit,
2893 2139 3037 2210 ligna
3063 2148 3118 2195 et
3139 2140 3495 2211 lapidesdeos
3514 2153 3691 2214 putat,

2092 2240 2145 2287 et
2168 2232 2361 2287 adorat
2383 2247 2549 2304 opera
2573 2247 2831 2287 manuum
2860 2248 3106 2290 suarum.
3160 2234 3316 2292 Unde
3342 2245 3398 2292 et
3428 2238 3698 2309 prOpheta

2090 2323 2243 2394 quasi
2265 2332 2492 2394 stupens
2509 2322 2941 2393 et_mirabundus
2956 2324 3259 2395 eloquitur:
3283 2326 3520 2397 Populus
3534 2344 3691 2385 meus

2092 2419 2185 2488 qui
2215 2418 2487 2489 quondam
2524 2432 2647 2473 meo
2668 2417 2968 2473 vocabatur
2992 2418 3245 2487 nomine,
3271 2419 3476 2491 lignum
3519 2422 3698 2479 inter-

2091 2512 2303 2582 rogavit
2344 2521 2399 2568 et
2444 2512 2625 2582 virgas
2669 2530 2681 2565 :
2723 2512 2866 2581 quod
2917 2528 3088 2583 genus
3131 2513 3485 2571 divinationis
3511 2516 3692 2574 Graeci

2090 2604 2495 2679 ραϐδομαντείαν
2526 2615 2744 2661 vocant.
2770 2605 2925 2663 Unde
2945 2607 2998 2662 in
3018 2608 3265 2666 Ezechiel
3280 2610 3530 2681 legimus,
3545 2610 3692 2683 quod

2092 2705 2273 2775 virgas
2325 2720 2453 2760 suas
2483 2704 2769 2762 miscuerit
2810 2705 3316 2764 Nabuchodonosor
3340 2716 3533 2765 contra
3563 2709 3695 2764 Am-

2093 2814 2222 2853 mon
2254 2806 2312 2853 et
2337 2798 2660 2866 Jerusalem,
2694 2808 2749 2854 et
2776 2798 2974 2854 exierit
3001 2799 3153 2869 virga
3179 2810 3370 2857 contra
3392 2800 3698 2859 Jerusalem

2092 2891 2314 2964 (Ezech.
2349 2892 2478 2963 xxv)
2509 2910 2520 2945 :
2553 2907 2828 2964 causaque
2856 2893 3017 2962 hujus
3045 2896 3299 2951 amentiae
3320 2896 3703 2952 fornicationis

2092 2997 2177 3043 est
2204 2988 2447 3057 spiritus,
2479 2988 2569 3057 qui
2592 2987 2807 3056 decepit
2842 3000 2957 3055 eos,
2993 2997 3053 3042 ut
3085 2986 3494 3053 fornicareutur
3524 3004 3556 3044 ιι
3587 2989 3703 3045 Deo

2094 3097 2216 3137 suo.
2250 3081 2697 3137 Fornicationem
2727 3080 2754 3117 ά
2783 3090 2965 3137 autem
3005 3081 3371 3138 idololatriam
3418 3083 3699 3151 nominat,

385 3169 536 3225 Deus
558 3170 662 3225 nisi
688 3170 815 3227 fidei
836 3171 1151 3238 veritatem,
1180 3185 1340 3240 quam
1373 3169 1416 3224 si
1447 3171 1850 3232 custodieritis,
1877 3186 1986 3226 non
2014 3164 2057 3225 C
2087 3175 2237 3245 juxta
2259 3176 2389 3231 illud
2418 3175 2560 3245 quod
2588 3175 2640 3229 in
2655 3174 3139 3245 Jeremialegimus
3165 3195 3178 3231 :
3204 3175 3273 3229 Et
3302 3176 3695 3231 inachabantur

387 3274 547 3320 curat
576 3265 712 3336 quid
737 3266 931 3337 agatis.
980 3267 1110 3322 Haec
1139 3267 1285 3321 enim
1312 3266 1582 3332 dicentes,
1609 3267 1662 3321 in
1690 3267 1986 3337 iniquitati-

2087 3270 2140 3323 in
2164 3270 2306 3341 ligno
2330 3280 2375 3323 et
2391 3270 2590 3338 lapide,
2614 3278 2663 3324 et
2688 3268 2797 3322 dixi
2822 3284 2841 3322 :
2863 3276 3135 3339 postquam
3156 3270 3403 3339 fornicati
3428 3278 3549 3323 sunt
3579 3285 3699 3323 cum

389 3356 494 3413 bus
523 3373 715 3414 eorum
744 3359 1034 3415 sublevant
1061 3361 1274 3415 animas
1305 3375 1492 3416 eorum
1517 3405 1532 3427 ,
1571 3369 1629 3415 ut
1672 3377 1778 3416 non
1810 3361 1986 3416 solum
2090 3361 2170 3416 his
2194 3363 2452 3429 onmibus,
2482 3369 2735 3415 revertere
2761 3361 2831 3414 ad
2852 3377 2950 3425 me,
2976 3368 3021 3415 et
3045 3376 3147 3415 non
3172 3370 3243 3415 est
3271 3376 3477 3415 reversa
3506 3361 3562 3415 in
3586 3369 3694 3415 toto

393 3465 503 3505 non
530 3460 694 3522 agant
722 3452 1134 3523 paenitentiam,
1170 3468 1270 3507 nec
1292 3453 1691 3519 humilientur;
1735 3454 1832 3508 sed
1858 3468 1991 3524 gau-

394 3544 566 3599 deant
598 3546 651 3600 in
680 3546 978 3602 sceleribus
1008 3546 1158 3614 suis,
1205 3554 1261 3601 et
1288 3557 1473 3602 erecta
1502 3548 1718 3603 cervice
1741 3547 1992 3617 gradian-

394 3646 508 3693 tur.
566 3638 727 3694 Unde
770 3648 827 3695 et
872 3638 1104 3709 populus
1132 3648 1186 3693 et
1207 3640 1500 3705 sacerdos,
1542 3650 1595 3694 et
1636 3640 1688 3695 hi
1719 3640 1811 3711 qui
1843 3640 1993 3694 docti

394 3741 566 3796 sunt,
615 3742 673 3788 et
718 3732 773 3788 hi
813 3733 904 3804 qui
952 3733 1287 3801 docuerunt,
1323 3736 1443 3805 pari
1480 3734 1689 3805 judicio
1713 3734 1990 3791 constrino

395 3835 615 3897 gentur.

468 3920 651 3990 (Vers.
682 3921 751 3978 10
772 3920 954 3993 seqq.)
980 3920 1049 3976 Et
1077 3922 1366 3985 comedent,
1389 3932 1436 3976 et
1462 3940 1562 3977 non
1586 3922 1995 3977 saturabuntur:

398 4021 448 4067 et
474 4014 713 4084 fornicati
741 4024 880 4082 sunt,
910 4025 957 4069 et
993 4032 1097 4070 non
1140 4026 1463 4069 cessaverunt
1486 4034 1503 4071 :
1530 4018 1777 4088 quoniam
1814 4017 1966 4071 Domi
1978 4047 1995 4058 -

398 4125 519 4162 num
566 4110 895 4181 reliquerunt
937 4113 991 4165 in
1036 4129 1138 4166 non
1180 4111 1558 4166 custodiendo:
1610 4114 1916 4183 fornicatio,
1951 4123 1996 4166 et

397 4202 572 4256 vinum
598 4244 613 4270 ,
661 4213 709 4257 et
736 4203 957 4257 ebrietas
984 4205 1156 4274 aufert
1184 4220 1294 4257 cor.
1349 4203 1588 4275 Papulas
1611 4222 1751 4259 meus
1772 4206 1826 4259 in
1855 4206 1997 4275 ligno

398 4310 494 4347 suo
521 4296 856 4366 interrogavit
885 4312 903 4348 :
945 4306 991 4350 et
1021 4296 1235 4351 baculus
1266 4300 1377 4369 ejus
1408 4299 1731 4351 annuntiavit
1762 4301 1828 4352 ei.
1883 4298 2002 4367 Spi-

403 4390 534 4443 ritus
563 4389 700 4443 enim
727 4389 1131 4459 fornicationum
1159 4389 1358 4458 decepit
1384 4406 1468 4443 eos
1492 4431 1506 4456 ,
1539 4400 1587 4444 et
1617 4391 1863 4459 fornicati
1884 4401 2003 4444 sunt

402 4499 435 4535 a
461 4482 566 4535 Deo
593 4499 710 4537 suo.
758 4481 931 4537 LXX:
978 4481 1045 4536 Et
1073 4484 1374 4550 comedent,
1404 4494 1451 4536 et
1483 4501 1589 4537 non
1622 4485 2000 4553 implebuntur:

404 4574 647 4644 fornicati
669 4584 812 4641 sunt,
844 4583 892 4629 et
918 4590 1025 4629 non
1048 4574 1342 4647 dirigentur
1366 4591 1385 4630 :
1417 4576 1539 4645 quia
1581 4575 1862 4628 Dominum
1885 4576 1999 4629 reli-
2026 4563 2080 4624 D

405 4677 625 4739 querunt
652 4709 667 4734 ,
705 4679 759 4722 ut
788 4686 889 4723 non
920 4671 1275 4724 custodirent:
1305 4671 1705 4741 fornicationem
1727 4681 1773 4722 et
1799 4673 1998 4735 vinum,

405 4770 454 4815 et
478 4762 775 4816 ebrietatem
806 4764 1027 4834 suscepit
1054 4778 1143 4817 cor
1168 4762 1349 4834 populi
1392 4764 1491 4816 mei
1515 4778 1533 4817 ε
1582 4765 1635 4816 in
1665 4763 1898 4834 auguriis
1923 4762 2005 4815 in-

409 4856 742 4927 terrogabant
768 4870 788 4910 :
816 4855 925 4927 39
971 4865 1019 4910 et
1066 4857 1119 4909 in
1162 4856 1321 4927 virgis
1368 4857 1473 4909 suis
1511 4856 1888 4910 annuntiabant
1915 4856 2006 4907 ei:

408 4947 648 5016 quoniam
697 4948 885 5016 spiritu
928 4947 1289 5018 fornicationis
1334 4946 1531 5001 seducti
1561 4956 1680 5001 sunt
1708 4946 1735 4985 ιι
1767 4957 1814 5002 et
1844 4949 2009 5019 forul-

484 5136 508 5164 η
548 5128 723 5196 Quam
770 5126 1056 5196 apposite,
1108 5126 1286 5197 inquit
1333 5126 1609 5182 Victorius
1642 5169 1655 5191 ,
1711 5135 2003 5183 novatores

414 5202 585 5254 nostri
614 5200 863 5269 depingit
896 5199 1158 5267 temporis
1179 5243 1193 5265 ,
1247 5197 1341 5266 qui
1379 5198 1541 5254 fidem
1572 5208 1779 5254 tantum
1813 5213 2008 5255 neces-

411 5272 607 5326 sariam
632 5285 776 5331 esse.
810 5284 976 5340 opera
1009 5277 1195 5324 autem
1220 5284 1586 5340 nequaquam,
1619 5280 1725 5325 tam
1751 5270 2006 5341 perfricta

412 5343 685 5397 adlatrant
732 5341 930 5397 fronte.
987 5341 1233 5409 Explosit
1276 5356 1307 5395 a
1340 5342 1608 5411 principio
1642 5345 1784 5397 hanc
1831 5343 2005 5397 luere-

414 5416 515 5469 sim
546 5415 611 5469 D.
646 5412 915 5479 Jacobus,
955 5421 1010 5467 et
1038 5413 1210 5468 veluti
1241 5414 1384 5467 male
1414 5414 1751 5469 intellectum
1780 5414 2010 5469 Paulum

414 5486 757 5549 declaravit,
812 5485 941 5539 dum
1014 5484 1172 5539 fidem
1223 5485 1426 5555 absque
1476 5486 1742 5551 operibus
1792 5486 2009 5541 inanem

415 5572 645 5630 prorsus
675 5571 799 5630 esse
822 5600 836 5622 ,
866 5571 933 5630 ac
960 5567 1227 5630 mortuam
1252 5565 1359 5610 tam
1390 5556 1618 5630 eruditis
1651 5557 1837 5630 verbis
1862 5572 2015 5612 asse-

418 5628 651 5693 veravit;
680 5628 777 5685 sed
806 5628 947 5683 mala
977 5629 1170 5697 herba,
1204 5628 1555 5698 quantumvis
1583 5629 1783 5697 saepius
1811 5630 2014 5685 evella-

419 5713 529 5768 tur,
558 5715 780 5770 semper
801 5700 1121 5772 repullulat;
1151 5700 1281 5756 dum
1303 5701 1536 5772 quilibet
1562 5699 1797 5756 maxime
1821 5702 2017 5771 probat

416 5773 769 5844 opinionem,
819 5771 927 5844 qua
954 5771 1185 5840 dicitur,
1219 5771 1499 5829 hominem
1538 5787 1609 5829 ex
1656 5774 1770 5829 otio
1800 5783 1855 5828 et
1882 5774 2018 5831 delia

2092 3454 2247 3507 corde
2267 3454 2359 3508 sed
2390 3454 2443 3507 in
2468 3453 2762 3507 mendacia.
2802 3453 2871 3507 Et
2902 3467 3149 3507 rursum:
3182 3452 3272 3507 Me
3295 3451 3621 3523 dcretiquisti
3647 3461 3697 3509 et

2094 3548 2309 3601 dixisti:
2348 3547 2550 3601 Vadam
2575 3563 2731 3617 super
2757 3563 2959 3602 omnem
2991 3547 3179 3601 collem
3209 3547 3488 3615 excelsum,
3509 3556 3558 3602 et
3589 3548 3700 3619 dif-

2093 3640 2286 3711 fundar
2314 3641 2365 3694 in
2396 3640 2741 3711 fornicatione
2768 3656 2883 3694 mea
2916 3639 3087 3694 subter
3116 3640 3256 3694 omni
3279 3640 3422 3711 ligno
3445 3640 3699 3710 frondoso

2096 3733 2230 3807 (Jer.
2261 3751 2339 3801 ιιι,
2366 3736 2418 3802 εἰ,
2447 3734 2524 3806 (ἰ).
2592 3735 2658 3790 Ει
2687 3733 2799 3806 ω
2826 3734 2882 3789 in
2907 3734 3129 3790 Psalmo
3170 3734 3401 3790 dicitur:
3449 3733 3701 3790 Perdidi-

2095 3830 2160 3884 sti
2186 3845 2359 3883 omnes
2396 3829 2484 3899 qui
2507 3830 2834 3899 fornicantur
2864 3828 2955 3882 abs
2979 3836 3025 3881 te
3048 3826 3169 3899 (Ps.
3196 3843 3367 3895 Lxxn,
3397 3826 3516 3898 27).
3546 3827 3703 3883 Prin—

2097 3924 2292 3993 cipium
2327 3922 2471 3978 enim
2503 3921 2911 3987 fornicationis,
2938 3921 3209 3978 idolorum
3241 3922 3503 3978 inventio.
3531 3920 3703 3978 Num-

2099 4032 2262 4089 quam
2299 4017 2543 4073 hreretiei
2585 4032 2684 4071 suo
2714 4031 2903 4072 errore
2926 4017 3195 4072 satiantur
3216 4058 3231 4083 ,
3281 4031 3383 4073 nec
3423 4024 3644 4073 cessant
3671 4031 3701 4072 a

2101 4112 2477 4168 fornicationis
2508 4110 2865 4181 turpitudine,
2899 4120 2954 4165 et
2981 4109 3225 4178 quotidie
3251 4124 3361 4164 non
3390 4109 3706 4166 custodien-

2102 4205 2172 4260 do
2202 4201 2400 4275 Legem
2434 4213 2488 4259 et
2516 4202 2827 4273 Scripturas
2854 4210 3107 4267 sanctas,
3147 4201 3436 4257 Dominum
3459 4200 3706 4257 derelin-

2102 4308 2295 4369 quunt,
2332 4296 2616 4351 insaniunt
2640 4306 2696 4351 et
2724 4293 3098 4360 inebriantur,
3132 4304 3223 4359 et,
3262 4294 3480 4363 perdito
3506 4293 3709 4350 mentis

2098 4391 2327 4460 judicio,
2360 4391 2591 4446 adorant
2626 4390 2792 4453 idola,
2830 4404 2952 4459 quae
2975 4389 3044 4443 de
3076 4402 3176 4443 suo
3205 4388 3372 4444 corde
3400 4388 3705 4458 ﬁnxerunt,

2106 4484 2597 4554 fornicationisque
2625 4483 2818 4552 spiritu
2845 4479 3219 4552 possidentur.

2180 4576 2359 4648 (Vers.
2402 4574 2515 4647 15.)
2549 4575 2720 4645 Super
2748 4576 2922 4646 capita
2952 4574 3208 4627 montium
3232 4575 3625 4645 sacriﬁcabant,
3656 4586 3706 4630 et

2110 4686 2263 4740 super
2312 4666 2468 4721 colles
2513 4666 2859 4721 accendebant
2902 4664 3186 4735 thymiama
3212 4680 3231 4720 :
3257 4666 3440 4721 subtus
3467 4683 3713 4738 quercum

2112 4771 2159 4814 et
2190 4760 2442 4829 populum
2468 4768 2516 4813 et
2544 4758 3030 4826 terebinthum,quia
3062 4760 3194 4813 bona
3219 4769 3327 4815 erat
3356 4761 3541 4815 umbra
3566 4764 3701 4833 ejus.

2115 4854 2289 4909 LXX:
2341 4853 2509 4926 Super
2530 4856 2771 4909 verticem
2794 4855 3047 4908 montium
3073 4854 3461 4924 sacrificabant,
3488 4863 3536 4909 et
3555 4870 3717 4923 super

2118 4948 2274 5003 colles
2304 4947 2641 5004 immolabant
2666 4963 2684 5001 :
2735 4946 2909 5003 subter
2937 4964 3183 5020 quercum
3219 4956 3268 5003 et
3290 4948 3541 5021 pupulum
3560 4955 3609 5003 et
3630 4962 3722 5001 ne-

2106 5126 2208 5202 ciis
2238 5126 2290 5181 in
2315 5127 2514 5184 caelum
2542 5127 2831 5202 transferri
2853 5170 2867 5196 ,
2894 5127 3232 5202 militemque
3259 5129 3377 5186 sine
3406 5126 3715 5187 certamine

2112 5198 2303 5267 aliquo
2334 5199 2611 5254 coronari.

2188 5270 2213 5343 β
2256 5270 2459 5339 Verba,
2510 5282 2559 5327 et
2591 5272 2831 5343 fornicati
2861 5280 3019 5340 sunt,
3056 5273 3324 5341 deerant,
3368 5287 3492 5343 quat
3513 5287 3584 5328 ex
3615 5288 3715 5330 no-

2112 5342 2247 5399 stris
2273 5357 2407 5415 mssﬁ.
2431 5342 2765 5409 sulfeCimus,
2789 5345 3125 5414 astipulante
3147 5342 3395 5399 subnexa
3418 5345 3723 5415 expositio-

2118 5431 2208 5481 ne,
2262 5422 2317 5469 et
2365 5414 2560 5471 Graeco
2609 5430 2826 5487 quoque
2879 5423 3051 5483 textu,
3104 5417 3453 5475 ἐπλανήθησαν
3495 5414 3579 5473 καὶ
3608 5419 3718 5485 ἐξε-

2118 5488 2430 5564 πρρςδετθςαν.
2461 5560 2470 5564 _
2504 5486 2714 5564 Vocula
2751 5495 2887 5564 sunt_
2919 5487 3005 5540 bis
3047 5488 3281 5564 repetita
3309 5486 3612 5564 oscitantes
3641 5489 3720 5547 fe-

2119 5558 2260 5616 fellit
2290 5560 2565 5624 librarios,
2592 5558 2682 5629 qui
2717 5574 2783 5629 ex
2806 5558 2981 5624 prima
3009 5558 3076 5611 ad
3105 5560 3331 5614 alteram
3358 5559 3718 5619 transierunt.

2197 5643 2219 5671 ο
2260 5632 2319 5685 1η
2350 5646 2459 5685 uno
2485 5628 2722 5685 Pala’tin.
2756 5628 2889 5701 bona
2919 5629 3243 5685 comedentes
3269 5631 3475 5701 fraude,
3502 5641 3611 5689 etc.

2194 5701 2222 5740 ά
2263 5702 2392 5758 Mss.
2424 5702 2622 5770 nostri,
2653 5700 2927 5771 fornicatio
2962 5709 3138 5758 autem
3161 5700 3517 5761 idololatriam
3544 5715 3719 5777 sonat;

2120 5777 2299 5845 jua‘ta,
2332 5783 2438 5829 etc.
