4100 6336
394 254 495 310 851

1659 250 1717 307 s.
1762 238 2031 307 susum
2066 246 2447 305 lllEltONYMl

3589 244 3705 303 85!

392 386 624 425 morosus
670 368 911 435 arbores,
955 369 1078 440 quia
1126 366 1317 423 bonum
1352 375 1460 422 erat
1490 367 1866 422 umbraculum.
1927 364 1985 421 lu
2014 366 2301 438 Aphegor
2364 366 2433 420 ob
2479 364 2721 419 obscwni
2792 362 3259 433 magnitudinem,
3301 361 3329 401 ἀ
3376 370 3538 435 quem
3592 370 3699 419 nos

395 464 542 534 Lege
572 470 904 533 prteceptum
929 469 1012 517 est
1032 472 1089 517 ut
1114 476 1223 517 non
1248 460 1583 516 sacrificetur
1609 459 1862 526 Domino,
1892 458 1995 514 nisi

394 557 450 611 in
486 557 605 611 loco
635 570 795 626 quem
825 555 1061 625 elegerit
1080 553 1343 609 Dominus
1368 552 1543 609 Dens:
1572 563 1626 608 et
1643 552 1792 622 juxta
1820 552 1993 606 altare

396 648 552 703 lucus
581 657 635 702 et
666 648 895 702 arbores
929 662 1036 702 non
1068 647 1401 717 plantentur,
1438 662 1507 701 ne
1533 646 1742 700 scilicet
1778 643 1992 714 passiva

390 752 445 796 et
471 739 796 809 voluptuosa
827 738 1018 811 religio
1044 739 1425 795 austeritatem
1460 739 1619 792 unius
1648 747 1702 791 et
1725 750 1869 790 verae
1900 751 1991 791 re-

388 831 612 904 ligionis
657 838 891 886 evertat.
969 828 1295 885 Econtrario
1345 828 1508 885 Israel
1554 827 1895 884 sacriﬁcabat
1936 827 1989 880 in

392 927 694 993 montibus,
724 934 781 981 et
813 927 864 980 in
896 924 1131 981 collibus
1155 924 1409 981 adolebat
1440 927 1742 989 incensum,
1773 923 1989 977 excelsa

392 1028 552 1074 terra:
582 1018 818 1089 diligens
840 1018 979 1083 loca,
1013 1018 1136 1089 quia
1162 1018 1436 1073 excelsum
1472 1017 1765 1085 reliquerat
1796 1015 1988 1082 Deum,

388 1121 443 1165 et
503 1111 748 1165 tttnbram
807 1126 1061 1182 quaerens
1118 1110 1430 1179 perdiderat
1486 1110 1795 1165 veritatem.
1877 1108 1989 1163 lloc

389 1211 473 1257 est
502 1204 647 1272 quod
678 1204 909 1273 legimus
952 1204 1017 1258 de
1051 1202 1279 1273 singulis
1309 1203 1525 1273 regibus
1554 1220 1565 1255 :
1626 1200 1990 1255 Verumtamen

393 1298 594 1351 excelsa
626 1313 727 1351 non
756 1296 970 1351 abstulit
996 1312 1015 1351 :
1046 1297 1216 1349 adhuc
1246 1296 1473 1367 papulas
1500 1293 1803 1347 immolabat
1826 1300 1876 1346 et
1906 1309 1992 1345 sa-

391 1390 661 1458 criﬁcabat
684 1391 736 1443 in
761 1390 982 1444 excelsis
1011 1388 1103 1464 (lll
1129 1389 1196 1444 R.
1230 1404 1367 1452 χχιι,
1401 1386 1518 1457 44),
1551 1388 1694 1457 quod
1728 1386 1992 1442 Hebraice

390 1486 700 1555 appellatur
726 1502 868 1543 eam
898 1487 1122 1558 (nm).
1181 1486 1432 1541 Hmretici
1467 1486 1855 1541 sublimitatem
1888 1484 1990 1540 sibi

391 1577 709 1649 dogmatum
738 1582 1122 1649 repromittunt.
1146 1622 1159 1641 ,
1193 1589 1247 1635 et
1270 1580 1585 1636 sacrificant
1606 1581 1798 1636 subter
1826 1595 1992 1651 quer-

393 1686 515 1725 cum
554 1682 604 1724 et
634 1672 897 1742 populum
930 1680 985 1727 et
1015 1672 1380 1729 terebinthnm
1400 1718 1412 1739 ,
1441 1673 1808 1728 infructuosas
1830 1672 1991 1727 arbo-

2096 459 2352 530 Priapum
2387 471 2677 527 possumus
2708 455 3003 526 appellare.
3030 454 3193 511 Unde
3218 462 3274 512 et
3302 459 3408 510 Asa
3432 466 3527 511 rex
3573 454 3700 511 tulit

2094 552 2312 609 excelsa
2358 552 2425 606 de
2476 552 2696 621 populo,
2742 563 2797 607 et
2830 551 3213 620 hujuscemodi
3261 550 3605 618 sacerdotes,
3639 559 3702 607 et

2095 657 2323 701 matrem
2347 646 2415 701 de
2435 655 2664 717 augusto
2685 646 2937 716 deposuit
2961 647 3214 716 imperio,
3242 647 3385 701 sicut
3412 646 3698 718 Scriptura

2097 746 2347 804 testatur,
2381 737 2604 792 dicens:
2628 735 2698 791 Et
2730 738 2849 809 fecit
2874 738 2979 792 Asa
2999 746 3199 793 rectum
3221 748 3341 792 ante
3365 749 3701 808 conspectum

2095 828 2329 896 Domini,
2362 830 2491 884 sicut
2513 829 2683 884 David
2712 839 2856 901 pater
2891 834 3025 903 ejus,
3051 838 3101 885 et
3131 830 3344 885 abstulit
3369 830 3699 899 effeminatos

2096 922 2159 977 de
2184 930 2339 989 terra,
2372 925 2710 995 purgavitque
2740 938 2915 978 omnes
2942 923 3123 979 sordes
3144 920 3423 991 idolorum,
3455 940 3573 996 qua
3612 925 3698 994 fe-

2096 1023 2268 1069 cerant
2290 1024 2465 1087 patres
2496 1019 2627 1087 ejus.
2659 1014 2889 1083 Insuper
2917 1025 2965 1070 et
2995 1013 3275 1071 Moechum
3298 1024 3515 1072 matrem
3543 1032 3702 1070 suam

2094 1110 2306 1177 amovit,
2342 1125 2404 1162 ne
2434 1118 2563 1163 esset
2594 1110 2836 1179 princeps
2880 1110 2933 1164 in
2959 1111 3122 1165 sacris
3172 1109 3371 1182 Priapi,
3411 1119 3462 1165 et
3490 1111 3543 1165 in
3577 1110 3703 1165 luco

2096 1202 2207 1271 ejus
2239 1215 2389 1269 quem
2430 1211 2815 1256 consecrauerat
2857 1218 2875 1255 :
2903 1203 3249 1274 subvertitque
3292 1216 3506 1273 specum
3555 1205 3697 1277 ejus,

2095 1302 2142 1346 et
2172 1294 2424 1364 confregit
2461 1294 2799 1348 simulacrum
2830 1295 3209 1366 turpissimum,
3257 1304 3307 1349 et
3335 1295 3611 1349 combussit
3640 1295 3703 1349 iss

2097 1394 2317 1439 torrente
2347 1385 2569 1441 Cedron.
2610 1384 2833 1441 Excelsa
2872 1396 3047 1442 autem
3089 1402 3193 1442 non
3220 1386 3705 1444 abstulitwerum-

2098 1489 2265 1533 tanien
2289 1495 2378 1534 cor
2395 1478 2498 1535 Asa
2513 1481 2798 1553 perfectum
2824 1493 2934 1537 erat
2958 1498 3132 1536 coram
3156 1481 3268 1538 Deo
3295 1484 3496 1539 cunctis
3516 1482 3703 1537 diebus

2094 1575 2203 1627 suis
2232 1570 2334 1645 (ΙΙΙ
2370 1573 2502 1646 Reg.
2537 1591 2629 1638 xv,
2665 1576 2727 1630 11
2770 1590 2910 1648 seqq.
2932 1577 2973 1646 ).
3008 1577 3302 1632 Sciendum
3331 1587 3512 1633 autem
3542 1577 3691 1649 quod

2094 1668 2146 1719 in
2190 1667 2443 1736 praesenti
2491 1681 2787 1735 etesse-ru,
2836 1669 3147 1735 meretrices,
3182 1679 3205 1707 ε
3233 1671 3438 1747 εερεξας,
3488 1669 3542 1725 id
3585 1680 3696 1737 εει,

392 1778 503 1828 res,
545 1764 708 1816 ticum
740 1768 793 1818 et
819 1765 1034 1819 vineam
1060 1780 1165 1820 non
1193 1764 1481 1831 habentes,
1505 1765 1607 1820 sub
1631 1764 1825 1835 quibus
1853 1764 1989 1819 San—
2021 1759 2070 1819 B
2095 1761 2405 1828 sacerdotes,
2441 1761 2645 1831 Priapo
2673 1764 3010 1834 mancipatus
3044 1773 3221 1819 vocet.
3257 1763 3315 1818 In
3347 1764 3470 1819 aliis
3513 1775 3702 1819 autem

393 1864 515 1913 etus
556 1856 910 1927 requiescere
956 1857 1179 1913 dicitur.
1235 1859 1539 1915 Assnmunt
1564 1869 1743 1914 autem
1774 1858 1882 1914 sibi
1913 1859 1999 1913 in-

396 1949 614 2004 terdum
647 1948 1038 2015 terebinthum,
1070 1958 1095 1986 α
1127 1966 1250 2020 quae
1293 1950 1452 2021 juxta
1498 1951 1695 2005 lsaiam
1728 1950 1855 2005 folia
1888 1964 1995 2003 non

400 2042 607 2111 habet,
677 2048 759 2095 ttt‘
792 2041 1028 2097 Abrahae
1089 2042 1288 2097 imitari
1336 2042 1634 2099 videantur
1683 2043 1996 2113 exemplum

399 2133 554 2203 (Isai.
590 2135 688 2202 vr).

470 2225 655 2299 (Vcrs.
692 2226 806 2295 M.)
834 2225 964 2282 Ideo
983 2227 1380 2298 fornicabuntur
1400 2229 1526 2298 ﬁlia:
1552 2239 1750 2295 vestris,
1777 2238 1824 2284 et
1844 2246 2000 2302 spon-

398 2333 471 2372 sa:
509 2328 691 2373 vestris
732 2317 989 2373 adulterae
1039 2328 1209 2373 erupit.
1284 2319 1408 2374 Non
1453 2322 1671 2376 visitabo
1718 2338 1887 2393 super,
1930 2323 1998 2392 fr»

400 2413 499 2466 lias
546 2422 780 2477 vestras,
821 2428 936 2467 cum
984 2414 1174 2484 fuerint
1218 2415 1510 2485 fornicum,
1558 2426 1605 2470 et
1651 2432 1805 2486 super
1846 2434 2001 2488 spon-

402 2522 489 2558 sas
536 2514 729 2559 vestras
773 2520 889 2559 cum
936 2506 1381 2561 adulteraserint:
1432 2510 1674 2577 quoniam
1727 2509 1831 2577 ipsi
1884 2525 2001 2563 cum

402 2595 759 2650 meretricibus
800 2597 1234 2652 comersabantur
1276 2598 1474 2671 [Vulg
1509 2600 1900 2673 versabantur].
1944 2612 2003 2654 ἐι

404 2704 522 2741 cum
570 2688 882 2756 e/feminatis
928 2691 1331 2759 sacriﬁcabant,
1404 2701 1452 2746 et
1507 2693 1733 2763 populus
1778 2709 1880 2746 non
1923 2694 2000 2749 its-

407 2779 645 2849 telligens
694 2781 980 2854 vapulabit.
1027 2782 1214 2837 LXX:
1272 2783 1556 2855 Propterea
1607 2784 2004 2853 foruicabuntur

406 2872 533 2941 ﬁlice
555 2881 756 2941 vestrm,
784 2885 831 2928 et
855 2890 1061 2943 sponsa
1089 2887 1265 2930 restrtc
1286 2875 1698 2941 mwchabuntur,
1722 2885 1771 2929 et
1802 2890 1904 2927 non
1932 2874 2007 2928 vi-

404 2967 573 3021 sitabo
598 2966 703 3039 41
745 2984 897 3040 super
928 2967 1068 3039 ﬁlias
1096 2978 1289 3021 vestras
1332 2985 1445 3021 cum
1474 2968 1665 3038 fuerint
1709 2968 2005 3036 fornicatat,

408 3072 453 3114 et
483 3078 638 3132 super
659 3079 880 3132 sponsas
906 3072 1102 3116 uestras
1130 3078 1251 3115 cum
1279 3062 1690 3115 adulteraverint
1714 3078 1730 3114 :
1760 3061 2005 3131 quoniam

410 3155 512 3221 ipsi
530 3168 647 3207 cum
674 3154 1022 3209 meretricibus
1044 3155 1390 3209 miscebantur
1410 3172 1430 3210 .'
1453 3164 1499 3210 et
1528 3172 1640 3208 cum
1664 3155 1882 3208 initiatis
1906 3156 2007 3208 ima

410 3246 700 3309 malebant,
732 3256 781 3301 et
810 3248 1036 3318 populus
1064 3245 1090 3285 ι)
1120 3263 1225 3300 non
1253 3247 1545 3319 intelligens
1574 3247 1869 3300 adlmrcbat
1902 3262 2008 3301 me-

410 3341 609 3394 retrici.
671 3340 906 3394 Verbum
960 3354 1239 3395 canesorn
1270 3338 1564 3427 (πω-φ),
1616 3338 1757 3409 quod
1812 3338 2007 3409 Aquila

411 3430 802 3503 ὶνηλλαογμένων,
830 3431 1189 3500 Symmachus
1215 3430 1505 3506 ἑταιρίδων,
1535 3430 1889 3501 Septuaginta
1917 3451 2004 3487 rso

410 3522 746 3593 τιλεσμένων,
801 3521 1140 3578 Theodotion
1201 3524 1604 3599 κεχωρισμένων
1665 3522 2006 3591 interpretati

410 3624 559 3679 sunt,
609 3631 707 3671 nos
762 3614 1081 3682 slieminatos
1126 3616 1417 3680 vertimus,
1472 3624 1530 3670 ut
1577 3630 1798 3672 sensum
1854 3613 2009 3670 verbi

411 3716 727 3763 nostrorum
798 3707 1019 3763 nuribus
1088 3706 1473 3776 ponderemus.
1541 3705 1605 3762 lli
1671 3714 1801 3760 sunt.
1865 3720 2005 3776 quos

410 3798 572 3854 hodie
604 3800 812 3866 Romae,
844 3800 1025 3866 matri,
1056 3814 1162 3854 non
1194 3800 1446 3864 deorum,
1469 3799 1564 3856 sed
1607 3797 2007 3871 damnoniornm

408 3892 732 3961 servientes,
785 3892 971 3949 Gallos
1018 3906 1239 3960 vocant,
1292 3908 1361 3949 eo
1389 3894 1532 3962 quod
1580 3893 1649 3947 de
1701 3892 1801 3947 hac
1842 3900 2007 3961 gente

412 3984 643 4040 Romani
681 3996 959 4042 truncatos
986 3988 1237 4055 libidine,
1271 3987 1326 4043 in
1357 3987 1620 4041 honorem
1654 3987 1822 4059 Atys(
1843 4000 2007 4053 quem

413 4078 723 4134 etnmchum
754 4080 856 4136 dea
888 4080 1150 4137 meretrix
1202 4079 1450 4151 fecerat)
1493 4080 1809 4136 sacerdotes
1860 4079 2007 4136 illius

413 4174 805 4243 manciparint.
833 4174 1132 4243 Propterea
1170 4183 1347 4231 autem
1377 4174 1657 4231 Gallorum
1685 4174 1863 4244 gentis
1904 4174 2007 4228 ho-

414 4267 592 4322 mines
624 4266 1028 4329 eﬂ'eminantur,
1072 4275 1129 4322 ut
1158 4277 1180 4306 ο
1219 4268 1310 4335 qui
1361 4268 1555 4324 urbem
1587 4267 1889 4321 Romanam
1919 4281 2008 4322 ce-

414 4371 629 4431 perant,
656 4361 757 4418 hsc
786 4360 1050 4418 feriantur
1080 4360 1396 4431 ignominia.
1437 4360 1751 4417 Istiusmodi
1779 4359 2007 4416 idolola-

415 4458 515 4511 tria
544 4466 661 4512 erat
689 4457 741 4512 in
775 4456 962 4527 Israel,
1002 4455 1308 4513 colentibus
1338 4456 1573 4512 maxime
1601 4455 1820 4512 feminis
1850 4456 2009 4513 Beelo

2098 1855 2231 1909 locis
2258 1854 2404 1910 viros
2433 1863 2685 1910 exsectos
2715 1855 2965 1922 libidine,
2995 1870 3222 1911 canssru
3253 1856 3525 1943 (amr-rp)
3564 1858 3703 1928 legi-

2099 1964 2239 2016 mus,
2285 1949 2420 2004 lsaia
2452 1950 2692 2014 dicente.
2738 1950 2806 2002 Et
2835 1948 2852 1986 τ
2879 1948 3123 2004 illusores
3160 1950 3570 2005 dominabuntur
3606 1966 3703 2005 eo-

2098 2057 2234 2106 rum,
2268 2058 2365 2111 pro
2392 2058 2502 2112 quo
2542 2043 2595 2096 in
2644 2042 2876 2097 llebrrco
2908 2043 3166 2111 scriptum
3216 2052 3301 2098 est
3334 2041 3442 2100 :Et
3469 2056 3706 2099 censent

2101 2136 2507 2190 dominabuntur
2546 2151 2747 2204 eorum,
2784 2135 2926 2206 quod
2976 2151 3074 2189 nos
3102 2136 3155 2189 itt
3184 2132 3508 2203 eﬂeminatos
3533 2137 3711 2192 verti‘

2100 2245 2241 2284 mus.
2267 2229 2463 2301 Aquila
2505 2241 2690 2286 autem
2722 2240 2745 2278 ις
2777 2230 3173 2303 ἐνηλλαγμένως
3214 2230 3613 2300 interpretans,
3649 2229 3707 2285 id

2102 2332 2210 2389 est,
2241 2331 2490 2387 mutatos,
2517 2320 2627 2394 42
2656 2321 2761 2377 hoc
2791 2321 3085 2377 ostendere
3126 2323 3316 2387 voluit,
3370 2323 3511 2393 quod
3543 2337 3711 2378 suam

2103 2425 2352 2469 naturam
2394 2415 2749 2477 mutaverint,
2799 2422 2855 2468 et
2884 2414 2952 2468 de
2992 2415 3123 2468 viris
3156 2414 3283 2468 facti
3318 2416 3428 2471 sint
3457 2413 3704 2472 femina.

2104 2506 2466 2579 Symmachus
2508 2506 2767 2582 ἐταιρίὃας
2800 2507 3017 2577 propric
3056 2508 3350 2562 meretrices
3379 2508 3706 2578 appellavit.

2106 2599 2460 2669 Septuaginta
2490 2599 2899 2670 τετελεσμένους,
2933 2597 2987 2653 id
3017 2608 3120 2661 est,
3147 2609 3495 2665 consecratos,
3525 2610 3573 2653 et
3600 2600 3713 2653 ini-

2108 2692 2280 2756 tiatos,
2317 2701 2373 2743 ut
2415 2691 2654 2745 cultores
2708 2690 2979 2746 idolorum
3031 2691 3387 2746 ostenderent
3415 2707 3429 2744 :
3456 2690 3718 2748 Theodo-

2108 2788 2246 2853 tion,
2292 2788 2733 2861 κεχωρισμένους,
2777 2783 2828 2839 id
2866 2794 2968 2845 est.
2999 2801 3030 2837 a
3061 2786 3256 2856 populo
3295 2792 3581 2855 separatos,
3612 2786 3713 2855 qui

2110 2878 2215 2933 sibi
2264 2879 2591 2933 videbantur
2633 2895 2663 2931 a
2710 2876 2872 2946 vulgo
2920 2876 3122 2945 aliquid
3176 2877 3299 2944 plus
3346 2875 3569 2931 habere.
3626 2875 3714 2932 De

2110 2969 2277 3024 verbo
2310 2968 2552 3023 breviter
2596 2967 2974 3033 disseruimus,
3013 2981 3157 3020 nunc
3204 2967 3271 3019 ad
3304 2982 3520 3021 sensum
3562 2966 3717 3035 capi-

2112 3060 2207 3115 tuli
2240 3070 2602 3115 revertamur.
2639 3059 2880 3114 Grandis
2910 3057 3115 3113 oﬁ‘ensa
3147 3068 3233 3113 est
3260 3066 3548 3128 postquam
3574 3074 3713 3129 pec-

2031 3143 2078 3206 C
2110 3155 2341 3214 caveris,
2376 3154 2507 3207 iram
2539 3153 2756 3207 Domini
2791 3166 2895 3205 non
2927 3151 3146 3207 mereri.
3183 3150 3505 3207 Fornicatus
3531 3151 3719 3209 fuerat

2114 3247 2281 3301 Israel
2316 3261 2345 3300 a
2381 3246 2609 3299 Domino
2657 3245 2768 3299 Deo
2822 3258 2941 3311 suo,
2995 3252 3049 3297 et
3078 3244 3274 3313 spiritu
3328 3243 3714 3299 fornicationis

2110 3341 2370 3397 seductus
2404 3358 2417 3394 :
2452 3339 2577 3395 ideo
2608 3338 2946 3393 fornicantur
2976 3345 3033 3394 et
3063 3336 3187 3393 tilia:
3222 3337 3342 3405 ejus
3373 3348 3429 3392 et
3460 3350 3710 3407 sponsas,

2110 3443 2166 3488 et
2194 3434 2400 3504 absque
2432 3434 2539 3487 ulla
2566 3432 2805 3487 vindicta
2846 3431 2899 3486 in
2931 3446 3031 3487 suo
3058 3430 3271 3486 scelere
3301 3430 3711 3498 relinquuntur,

2112 3537 2169 3581 nt
2189 3528 2333 3597 quod
2368 3526 2465 3580 ﬁlii
2491 3537 2544 3579 et
2576 3540 2710 3579 uxor
2731 3539 2860 3580 vero
2891 3524 3099 3593 parenti
3132 3526 3374 3579 iecerant
3402 3531 3459 3578 et
3484 3522 3708 3593 marito,

2112 3622 2213 3675 hoc
2247 3622 2297 3675 in
2343 3621 2532 3677 liberis
2555 3619 2669 3675 suis
2697 3628 2753 3674 et
2784 3619 3045 3675 uxoribus
3086 3619 3350 3684 sentiant,
3382 3626 3438 3674 et
3478 3633 3542 3673 ex
3578 3631 3713 3685 pro-

2109 3713 2230 3783 prio
2261 3713 2455 3769 dolore
2498 3711 2806 3781 intelligant
2842 3711 3088 3767 dolorem
3132 3710 3255 3777 Dei,
3297 3711 3392 3781 qui
3422 3708 3696 3764 intantum

2107 3807 2278 3862 iratus
2315 3816 2420 3871 est,
2470 3813 2525 3860 ut
2574 3819 2912 3875 nequaquam
2971 3803 3241 3873 percutiat
3284 3802 3691 3872 delinquentes.

2109 3900 2267 3966 Quod
2307 3909 2362 3954 et
2406 3899 2703 3969 Apostolus
2742 3898 2809 3951 ad
2852 3898 3125 3953 Romanos
3171 3897 3437 3965 scribens,
3469 3895 3707 3963 mystico

2107 4008 2363 4049 sermone
2394 4003 2666 4048 testatur:
2712 3991 2954 4047 Dicentes
2984 3992 3120 4045 enim
3162 4007 3218 4044 se
3261 4007 3369 4046 esse
3415 3990 3708 4059 sapientes,

2108 4083 2252 4139 stulti
2274 4085 2401 4154 facti
2429 4092 2573 4147 sunt,
2598 4094 2645 4138 et
2672 4091 3003 4139 mutaverunt
3034 4083 3255 4154 gloriam
3293 4079 3711 4149 incorruptibilis

2109 4176 2209 4231 Dei
2237 4178 2291 4231 in
2328 4175 2720 4231 similitudinem
2761 4175 3003 4246 imaginis
3047 4174 3401 4244 corruptibilis
3448 4171 3707 4237 hominis,

2106 4282 2152 4326 et
2186 4275 2481 4335 voluerunt,
2529 4280 2574 4326 et
2604 4271 2998 4344 quadrupedum
3022 4311 3036 4335 ,
3079 4280 3125 4324 et
3169 4277 3463 4342 serpentum
3499 4266 3699 4336 (Rom.

2110 4380 2164 4431 κ,
2197 4363 2269 4418 22
2306 4379 2446 4434 seqq.
2468 4365 2507 4433 ).
2550 4364 2615 4418 Et
2654 4364 2777 4434 quia
2809 4378 2932 4418 cum
2962 4362 3123 4419 idolis
3154 4363 3367 4417 luerunt
3414 4359 3708 4429 fornicati,

2111 4455 2203 4510 tali
2234 4454 2507 4512 feriuntur
2545 4456 2811 4512 sententia
2844 4472 2856 4510 :
2890 4453 3114 4525 Propter
3143 4454 3281 4524 quod
3327 4452 3544 4508 tradidit
3579 4449 3710 4506 illos

486 4602 510 4632 α
550 4594 801 4649 Notatum
836 4582 1108 4658 Victorio,
1165 4591 1329 4647 alludi
1362 4602 1531 4663 caput
1570 4590 1795 4646 Genesis
1835 4606 1987 4657 xvnt,
2019 4593 2074 4654 D
2099 4590 2244 4645 mine
2271 4583 2339 4663 ita
2373 4578 3040 4663 nuncupatis,confundit.
3065 4582 3323 4663 Errorem
3352 4605 3420 4645 ex
3451 4590 3710 4663 ὁμφνέυμίᾳ

412 4664 504 4722 tibi
553 4666 695 4721 enim
741 4664 939 4734 legitur
985 4663 1301 4735 apparuisse
1344 4662 1635 4735 Dominum
1672 4663 1907 4718 Abrahae
1939 4664 1993 4718 in

412 4738 663 4792 convalle
706 4722 948 4791 Mantbre
971 4775 984 4798 ,
1022 4722 1133 4805 pro
1181 4734 1459 4798 convalle,
1487 4722 1651 4795 ’JSN‘J
1690 4743 1774 4791 est
1806 4736 1858 4788 in
1896 4736 1999 4790 lle-

415 4810 592 4875 brmo,
640 4822 801 4878 quam
830 4821 1018 4878 vocem
1050 4808 1400 4877 Septuaginta
1434 4823 1679 4878 quercum
1706 4808 1999 4878 transtule-

411 4865 695 4953 runt,'alii
728 4874 1086 4953 terebinthum,
1125 4865 1189 4953 eo
1216 4865 1356 4949 quod
1389 4865 1726 4953 terebitttluts
1776 4865 1886 4939 n53
1913 4876 1996 4932 di—

412 4963 595 5017 catur,
647 4950 704 5004 ιιι
737 4954 951 5004 constat
976 4945 1208 5004 Genesis
1232 4945 1408 5017 ἰιιιχτ,
1441 4950 1566 5004 item
1595 4948 1617 5004 ῐ
1647 4947 1771 5019 Βεςη
1810 4956 1917 5005 XVII
1945 4957 2001 5004 et

411 5025 478 5080 ΠΙ
504 5027 633 5094 Reg.
661 5038 777 5077 xm.
818 5020 1081 5088 Quamvis
1108 5021 1129 5075 l
1158 5021 1281 5075 Par.
1314 5037 1376 5085 x,
1407 5036 1503 5091 pro
1530 5036 1736 5093 quercu
1769 5022 2001 5091 accipia-

400 5126 519 5171 tur.
556 5117 638 5171 Ab
659 5098 774 5175 ὡκ
799 5123 983 5169 autem
1012 5112 1227 5167 ducitur
1256 5096 1398 5173 ηιμ.

482 5187 508 5225 b
545 5187 716 5242 Abest
742 5203 769 5240 a
793 5183 1053 5239 Palatinis
1081 5200 1211 5238 mss.
1246 5186 1478 5254 negandi
1502 5185 1785 5253 particula,
1811 5186 2003 5242 Graeco

408 5259 529 5329 ipso
559 5269 708 5314 textu
738 5265 1029 5329 renuente,
1055 5266 1166 5329 tum
1194 5255 1506 5329 Symmachi
1534 5272 1747 5325 quoque
1776 5273 1997 5324 nomen,

404 5326 461 5384 et
482 5329 668 5400 Grmca
691 5328 1072 5394 interpretatio
1090 5326 1454 5400 desideratur.
1483 5328 1651 5400 Porro
1673 5336 1772 5398 pro
1792 5330 1999 5400 Aquila

402 5391 572 5474 verbo
598 5391 998 5474 ὶνηὶλᾳγρίένωπ,
1032 5399 1191 5474 iidem
1228 5413 1359 5474 mss.
1394 5414 1536 5474 cum
1561 5399 1650 5474 hic
1675 5391 1806 5455 'tum
1829 5391 1992 5474 inira,

324 5484 325 5487 η
402 5470 492 5524 ιιιιί
527 5487 627 5526 vox
664 5469 854 5527 eadem
887 5473 1143 5537 recurrit,
1192 5470 1457 5540 prtelerre
1492 5469 1741 5527 videntur
1771 5469 1993 5532 ὶνδιηλαέ-

401 5545 618 5614 γμένῳςι,
646 5543 788 5612 quod
817 5553 872 5598 et
897 5544 1071 5614 magis
1093 5544 1292 5614 placet.

480 5624 500 5649 ε
543 5612 819 5669 Gallorum
866 5612 1104 5684 gentem,
1148 5629 1177 5668 a
1207 5613 1402 5684 quibus
1452 5625 1607 5685 capta
1646 5615 1818 5671 Roma
1860 5614 1989 5685 olim

393 5681 529 5756 (ait,
573 5685 824 5756 instant
851 5681 1097 5752 videtur,
1134 5681 1366 5756 Hieron.
1405 5681 1534 5741 cuni
1576 5684 1989 5756 cognominibus

396 5751 564 5809 Gallis
587 5751 818 5825 Cybeles
849 5751 1246 5824 sacerdotibus,
1275 5772 1303 5810 a
1328 5755 1506 5813 Galles
1538 5758 1589 5814 in
1619 5751 1853 5829 P'hrygia
1882 5756 1982 5813 llu—

2102 4663 2180 4717 sic
2210 4662 2452 4733 perbelle
2477 4650 2622 4716 canit
2647 4650 2875 4717 0vidlus
2907 4662 3004 4716 lib.
3039 4675 3093 4715 tv
3126 4660 3414 4717 Fastorum
3438 4650 3491 4717 vi
3520 4650 3695 4716 516τ⁶

2228 4774 2326 4839 Cur
2346 4775 2496 4839 igitur
2523 4773 2706 4839 Gallos,
2731 4773 3156 4839 qut‘seexcldere
3179 4772 3449 4839 vocamus?

2291 4836 2411 4889 Cum
2430 4844 2565 4887 tanto
2580 4838 2792 4900 Phrygia
2812 4836 2993 4900 Gallica
3017 4838 3169 4900 distet
3188 4836 3383 4900 uulgus.

2230 4900 2387 4962 Inter,
2415 4901 2501 4963 ait,
2526 4898 2734 4950 viridem
2754 4899 2991 4963 Cybelen,
3021 4899 3244 4963 altasque
3269 4898 3479 4951 Celonas

2291 4960 2446 5013 Annis
2472 4960 2509 5012 ιι
2528 4963 2697 5012 insana
2722 4960 2917 5011 nomlne
2944 4960 3112 5012 Gallus
3131 4960 3272 5025 aqua.

2106 5047 2277 5119 Hujus
2309 5046 2546 5101 ﬂuminis
2575 5047 2625 5100 in
2663 5046 2915 5119 Phrygia,
2963 5060 2993 5098 a
3040 5063 3150 5119 quo
3173 5043 3704 5119 _Galliisacerdotes

2107 5115 2303 5173 nomen
2354 5132 2637 5187 accepere,
2682 5115 2931 5171 meminit
2977 5116 3143 5171 etiam
3172 5117 3315 5173 Plin.
3357 5118 3396 5173 l.
3427 5129 3479 5184 ν,
3516 5130 3564 5173 o.
3613 5115 3705 5170 ul-

2105 5192 2363 5316 “ngoi’id.
2393 5271 2585 5316 contra
2614 5259 2960 5317 Jovlnisnum
2996 5259 3090 5314 lib.
3123 5276 3160 5326 ι,
3193 5274 3246 5316 c.
3280 5259 3372 5315 t2.

2179 5344 2201 5373 ε
2244 5332 2610 5409 Rescribimus
2660 5334 2866 5409 ἱερείας,
2912 5347 3037 5409 cum
3066 5347 3133 5409 ex
3182 5332 3409 5409 nostris,
3460 5340 3580 5409 tum
3617 5344 3699 5386 ex

2095 5406 2333 5530 ﬁliorum
2384 5419 2516 5461 mss.
2570 5403 2742 5460 Antea
2789 5413 2906 5458 erat
2953 5404 3126 5482 εεριὶς,
3174 5403 3263 5459 vel
3306 5405 3479 5484 ἱερεῖς,
3513 5403 3701 5459 minus

2136 5492 2256 5530 ene.

2174 5514 2390 5602 'fwllaud
2421 5547 2558 5612 scio,
2590 5560 2690 5602 cur
2718 5545 2967 5601 Gracum
3002 5545 3090 5601 hic
3134 5554 3340 5602 textum
3375 5558 3702 5617 praeponam

2091 5620 2456 5691 mssanostri,
2490 5622 2579 5675 καὶ
2614 5621 2903 5691 ἐμπαῖκται
2931 5620 3270 5691 appulissent
3294 5619 3483 5678 αὐτῶν.

2165 5698 2190 5739 s
2228 5687 2444 5763 Nostri,
2496 5701 2553 5744 ut
2601 5687 2765 5759 supra
2820 5687 3167 5758 monuimus,
3218 5703 3351 5749 mss.
3394 5688 3702 5763 proferunt

2090 5760 2555 5838 ἕνδιηλλαγμένους.
2606 5836 2609 5839 _
