  <div class='ocr_page' id='page_1' title='image "/cluster/home/n/w/nwhite01/storage/ocr_20150623/25/hvd.32044015471394/434.png"; bbox 0 0 4150 6346; ppageno 0'>
   <div class='ocr_carea' id='block_1_1' title="bbox 390 307 499 364">
    <p class='ocr_par' dir='ltr' id='par_1_1' title="bbox 390 307 499 364">
     <span class='ocr_line' id='line_1_1' title="bbox 390 307 499 364; baseline -0.018 0"><span class='ocrx_word' id='word_1_1' title='bbox 390 307 499 364; x_wconf 76' lang='lat'><strong>855</strong></span> 
     </span>
    </p>
   </div>
   <div class='ocr_carea' id='block_1_2' title="bbox 1254 290 2811 355">
    <p class='ocr_par' dir='ltr' id='par_1_2' title="bbox 1254 290 2811 355">
     <span class='ocr_line' id='line_1_2' title="bbox 1254 290 2811 355; baseline -0.001 -5"><span class='ocrx_word' id='word_1_2' title='bbox 1254 294 1908 355; x_wconf 66' lang='lat' dir='ltr'><strong>COMMENTARIOBUH</strong></span> <span class='ocrx_word' id='word_1_3' title='bbox 1948 291 2014 351; x_wconf 77' lang='lat' dir='ltr'><strong>IN</strong></span> <span class='ocrx_word' id='word_1_4' title='bbox 2052 290 2231 350; x_wconf 78' lang='lat' dir='ltr'><strong>OSEE</strong></span> <span class='ocrx_word' id='word_1_5' title='bbox 2271 295 2399 351; x_wconf 86' lang='lat' dir='ltr'><strong>LIB.</strong></span> <span class='ocrx_word' id='word_1_6' title='bbox 2445 294 2483 353; x_wconf 87' lang='grc' dir='ltr'><strong>Ι.</strong></span> <span class='ocrx_word' id='word_1_7' title='bbox 2526 294 2678 350; x_wconf 84' lang='lat' dir='ltr'><strong>CAP.</strong></span> <span class='ocrx_word' id='word_1_8' title='bbox 2721 294 2811 349; x_wconf 81' lang='grc' dir='ltr'><strong>ιγ.</strong></span> 
     </span>
    </p>
   </div>
   <div class='ocr_carea' id='block_1_3' title="bbox 3574 278 3680 343">
    <p class='ocr_par' dir='ltr' id='par_1_3' title="bbox 3574 278 3680 343">
     <span class='ocr_line' id='line_1_3' title="bbox 3574 278 3680 343; baseline -0.009 0"><span class='ocrx_word' id='word_1_9' title='bbox 3574 278 3680 343; x_wconf 58' lang='grc'><strong>854</strong></span> 
     </span>
    </p>
   </div>
   <div class='ocr_carea' id='block_1_4' title="bbox 390 406 3681 482">
    <p class='ocr_par' dir='ltr' id='par_1_4' title="bbox 390 406 3681 482">
     <span class='ocr_line' id='line_1_4' title="bbox 390 406 3681 482; baseline -0.004 -7"><span class='ocrx_word' id='word_1_10' title='bbox 390 420 535 475; x_wconf 88' lang='lat' dir='ltr'><strong>Deus</strong></span> <span class='ocrx_word' id='word_1_11' title='bbox 578 420 633 473; x_wconf 90' lang='lat' dir='ltr'><strong>in</strong></span> <span class='ocrx_word' id='word_1_12' title='bbox 673 416 929 472; x_wconf 87' lang='lat' dir='ltr'><strong>desideria</strong></span> <span class='ocrx_word' id='word_1_13' title='bbox 957 414 1129 470; x_wconf 90' lang='lat' dir='ltr'><strong>cordis</strong></span> <span class='ocrx_word' id='word_1_14' title='bbox 1157 430 1357 479; x_wconf 88' lang='lat' dir='ltr'><strong>eorum,</strong></span> <span class='ocrx_word' id='word_1_15' title='bbox 1400 415 1455 467; x_wconf 89' lang='lat' dir='ltr'><strong>in</strong></span> <span class='ocrx_word' id='word_1_16' title='bbox 1484 412 1891 477; x_wconf 71' lang='lat' dir='ltr'><strong>immunditiam,</strong></span> <span class='ocrx_word' id='word_1_17' title='bbox 1923 416 1979 462; x_wconf 87' lang='lat' dir='ltr'><strong>ut</strong></span> <span class='ocrx_word' id='word_1_18' title='bbox 2006 409 2059 467; x_wconf 76' lang='grc' dir='ltr'>Α</span> <span class='ocrx_word' id='word_1_19' title='bbox 2082 419 2187 463; x_wconf 75' lang='lat' dir='ltr'><strong>scel</strong></span> <span class='ocrx_word' id='word_1_20' title='bbox 2217 427 2303 464; x_wconf 86' lang='lat' dir='ltr'><strong>eos</strong></span> <span class='ocrx_word' id='word_1_21' title='bbox 2326 410 2579 465; x_wconf 86' lang='lat' dir='ltr'><strong>Dominus</strong></span> <span class='ocrx_word' id='word_1_22' title='bbox 2617 412 2754 465; x_wconf 81' lang='lat' dir='ltr'><strong>sicut</strong></span> <span class='ocrx_word' id='word_1_23' title='bbox 2780 422 2971 482; x_wconf 80' lang='lat' dir='ltr'><strong>agnum</strong></span> <span class='ocrx_word' id='word_1_24' title='bbox 3011 411 3066 464; x_wconf 86' lang='lat' dir='ltr'><strong>in</strong></span> <span class='ocrx_word' id='word_1_25' title='bbox 3103 410 3350 481; x_wconf 85' lang='lat' dir='ltr'><strong>spatioso.</strong></span> <span class='ocrx_word' id='word_1_26' title='bbox 3384 408 3491 462; x_wconf 89' lang='lat' dir='ltr'><strong>Pro</strong></span> <span class='ocrx_word' id='word_1_27' title='bbox 3516 406 3681 462; x_wconf 87' lang='lat' dir='ltr'><strong>domo</strong></span> 
     </span>
    </p>
   </div>
   <div class='ocr_carea' id='block_1_5' title="bbox 390 502 1982 582">
    <p class='ocr_par' dir='ltr' id='par_1_5' title="bbox 390 502 1982 582">
     <span class='ocr_line' id='line_1_5' title="bbox 390 502 1982 582; baseline -0.007 -16"><span class='ocrx_word' id='word_1_28' title='bbox 390 508 717 567; x_wconf 72' lang='lat' dir='ltr'><strong>contumeliis</strong></span> <span class='ocrx_word' id='word_1_29' title='bbox 756 510 991 582; x_wconf 78' lang='lat' dir='ltr'><strong>afﬁciant</strong></span> <span class='ocrx_word' id='word_1_30' title='bbox 1042 522 1263 579; x_wconf 86' lang='lat' dir='ltr'><strong>corpora</strong></span> <span class='ocrx_word' id='word_1_31' title='bbox 1302 523 1397 560; x_wconf 86' lang='lat' dir='ltr'><strong>sua</strong></span> <span class='ocrx_word' id='word_1_32' title='bbox 1425 506 1481 561; x_wconf 88' lang='lat' dir='ltr'><strong>in</strong></span> <span class='ocrx_word' id='word_1_33' title='bbox 1524 504 1845 574; x_wconf 83' lang='lat' dir='ltr'><strong>semetipsis,</strong></span> <span class='ocrx_word' id='word_1_34' title='bbox 1892 502 1982 573; x_wconf 80' lang='lat' dir='ltr'><strong>qui</strong></span> 
     </span>
    </p>
   </div>
   <div class='ocr_carea' id='block_1_6' title="bbox 390 597 1983 661">
    <p class='ocr_par' dir='ltr' id='par_1_6' title="bbox 390 597 1983 661">
     <span class='ocr_line' id='line_1_6' title="bbox 390 597 1983 661; baseline -0.006 -2"><span class='ocrx_word' id='word_1_35' title='bbox 390 612 830 659; x_wconf 84' lang='lat' dir='ltr'><strong>commutaverunt</strong></span> <span class='ocrx_word' id='word_1_36' title='bbox 861 602 1119 655; x_wconf 88' lang='lat' dir='ltr'><strong>veritatem</strong></span> <span class='ocrx_word' id='word_1_37' title='bbox 1150 598 1242 652; x_wconf 88' lang='lat' dir='ltr'><strong>Dei</strong></span> <span class='ocrx_word' id='word_1_38' title='bbox 1273 601 1325 651; x_wconf 90' lang='lat' dir='ltr'><strong>in</strong></span> <span class='ocrx_word' id='word_1_39' title='bbox 1360 599 1709 661; x_wconf 79' lang='lat' dir='ltr'><strong>mendacium,</strong></span> <span class='ocrx_word' id='word_1_40' title='bbox 1733 606 1780 649; x_wconf 87' lang='lat' dir='ltr'><strong>et</strong></span> <span class='ocrx_word' id='word_1_41' title='bbox 1807 597 1983 650; x_wconf 88' lang='lat' dir='ltr'><strong>colue-</strong></span> 
     </span>
    </p>
   </div>
   <div class='ocr_carea' id='block_1_7' title="bbox 387 689 1983 763">
    <p class='ocr_par' dir='ltr' id='par_1_7' title="bbox 387 689 1983 763">
     <span class='ocr_line' id='line_1_7' title="bbox 387 689 1983 763; baseline -0.005 -12"><span class='ocrx_word' id='word_1_42' title='bbox 387 706 511 751; x_wconf 87' lang='lat' dir='ltr'><strong>rttnt</strong></span> <span class='ocrx_word' id='word_1_43' title='bbox 540 708 587 750; x_wconf 89' lang='lat' dir='ltr'><strong>et</strong></span> <span class='ocrx_word' id='word_1_44' title='bbox 614 697 897 750; x_wconf 68' lang='lat' dir='ltr'><strong>servierunt</strong></span> <span class='ocrx_word' id='word_1_45' title='bbox 928 703 1200 759; x_wconf 66' lang='lat' dir='ltr'><strong>creaturae,</strong></span> <span class='ocrx_word' id='word_1_46' title='bbox 1241 693 1413 763; x_wconf 86' lang='lat' dir='ltr'><strong>potius</strong></span> <span class='ocrx_word' id='word_1_47' title='bbox 1439 707 1594 761; x_wconf 87' lang='lat' dir='ltr'><strong>quam</strong></span> <span class='ocrx_word' id='word_1_48' title='bbox 1621 690 1869 753; x_wconf 74' lang='lat' dir='ltr'><strong><em>creatori,</em></strong></span> <span class='ocrx_word' id='word_1_49' title='bbox 1893 689 1983 759; x_wconf 80' lang='lat' dir='ltr'><strong>qui</strong></span> 
     </span>
    </p>
   </div>
   <div class='ocr_carea' id='block_1_8' title="bbox 387 783 1982 850">
    <p class='ocr_par' dir='ltr' id='par_1_8' title="bbox 387 783 1982 850">
     <span class='ocr_line' id='line_1_8' title="bbox 387 783 1982 850; baseline -0.006 -5"><span class='ocrx_word' id='word_1_50' title='bbox 387 800 466 846; x_wconf 80' lang='lat' dir='ltr'><strong>est</strong></span> <span class='ocrx_word' id='word_1_51' title='bbox 508 790 802 846; x_wconf 72' lang='lat' dir='ltr'><strong>benedictus</strong></span> <span class='ocrx_word' id='word_1_52' title='bbox 833 788 888 841; x_wconf 92' lang='lat' dir='ltr'><strong>in</strong></span> <span class='ocrx_word' id='word_1_53' title='bbox 918 789 1132 842; x_wconf 70' lang='lat' dir='ltr'><strong>siccata.</strong></span> <span class='ocrx_word' id='word_1_54' title='bbox 1161 785 1346 841; x_wconf 84' lang='lat' dir='ltr'><strong>Amen.</strong></span> <span class='ocrx_word' id='word_1_55' title='bbox 1384 786 1453 841; x_wconf 88' lang='lat' dir='ltr'><strong>Ut</strong></span> <span class='ocrx_word' id='word_1_56' title='bbox 1495 793 1675 838; x_wconf 82' lang='lat' dir='ltr'><strong>autem</strong></span> <span class='ocrx_word' id='word_1_57' title='bbox 1718 783 1982 850; x_wconf 82' lang='lat' dir='ltr'><strong>sciamus,</strong></span> 
     </span>
    </p>
   </div>
   <div class='ocr_carea' id='block_1_9' title="bbox 387 875 1986 951">
    <p class='ocr_par' dir='ltr' id='par_1_9' title="bbox 387 875 1986 951">
     <span class='ocr_line' id='line_1_9' title="bbox 387 875 1986 951; baseline -0.004 -15"><span class='ocrx_word' id='word_1_58' title='bbox 387 883 755 937; x_wconf 68' lang='lat' dir='ltr'><strong>visitationem</strong></span> <span class='ocrx_word' id='word_1_59' title='bbox 784 881 935 951; x_wconf 90' lang='lat' dir='ltr'><strong>quasi</strong></span> <span class='ocrx_word' id='word_1_60' title='bbox 962 878 1368 934; x_wconf 76' lang='lat' dir='ltr'><strong>vulneratorum</strong></span> <span class='ocrx_word' id='word_1_61' title='bbox 1394 888 1443 931; x_wconf 91' lang='lat' dir='ltr'><strong>et</strong></span> <span class='ocrx_word' id='word_1_62' title='bbox 1475 877 1841 948; x_wconf 71' lang='lat' dir='ltr'><strong>languentium</strong></span> <span class='ocrx_word' id='word_1_63' title='bbox 1865 875 1986 930; x_wconf 89' lang='lat' dir='ltr'><strong>ideo</strong></span> 
     </span>
    </p>
   </div>
   <div class='ocr_carea' id='block_1_10' title="bbox 388 967 1990 1037">
    <p class='ocr_par' dir='ltr' id='par_1_10' title="bbox 388 967 1990 1037">
     <span class='ocr_line' id='line_1_10' title="bbox 388 967 1990 1037; baseline -0.007 -9"><span class='ocrx_word' id='word_1_64' title='bbox 388 971 577 1028; x_wconf 77' lang='lat' dir='ltr'><strong>inferri</strong></span> <span class='ocrx_word' id='word_1_65' title='bbox 610 989 638 1027; x_wconf 91' lang='lat' dir='ltr'><strong>a</strong></span> <span class='ocrx_word' id='word_1_66' title='bbox 684 972 813 1037; x_wconf 86' lang='lat' dir='ltr'><strong>Deo,</strong></span> <span class='ocrx_word' id='word_1_67' title='bbox 845 980 901 1025; x_wconf 86' lang='grc' dir='ltr'><strong>ιιι</strong></span> <span class='ocrx_word' id='word_1_68' title='bbox 940 971 1104 1026; x_wconf 86' lang='lat' dir='ltr'><strong>veluti</strong></span> <span class='ocrx_word' id='word_1_69' title='bbox 1135 970 1373 1025; x_wconf 74' lang='lat' dir='ltr'><strong>cauterio</strong></span> <span class='ocrx_word' id='word_1_70' title='bbox 1405 978 1460 1023; x_wconf 83' lang='lat' dir='ltr'><strong>et</strong></span> <span class='ocrx_word' id='word_1_71' title='bbox 1496 967 1852 1023; x_wconf 87' lang='lat' dir='ltr'><strong>amarissimis</strong></span> <span class='ocrx_word' id='word_1_72' title='bbox 1893 983 1990 1036; x_wconf 84' lang='lat' dir='ltr'><strong>po-</strong></span> 
     </span>
    </p>
   </div>
   <div class='ocr_carea' id='block_1_11' title="bbox 390 1063 1988 1133">
    <p class='ocr_par' dir='ltr' id='par_1_11' title="bbox 390 1063 1988 1133">
     <span class='ocr_line' id='line_1_11' title="bbox 390 1063 1988 1133; baseline -0.003 -12"><span class='ocrx_word' id='word_1_73' title='bbox 390 1067 628 1121; x_wconf 73' lang='lat' dir='ltr'><strong>tiotiibus</strong></span> <span class='ocrx_word' id='word_1_74' title='bbox 664 1066 925 1133; x_wconf 74' lang='lat' dir='ltr'><strong>recipiant</strong></span> <span class='ocrx_word' id='word_1_75' title='bbox 966 1065 1278 1133; x_wconf 77' lang='lat' dir='ltr'><strong>sanitatem,</strong></span> <span class='ocrx_word' id='word_1_76' title='bbox 1301 1072 1358 1119; x_wconf 89' lang='lat' dir='ltr'><strong>et</strong></span> <span class='ocrx_word' id='word_1_77' title='bbox 1386 1063 1588 1118; x_wconf 81' lang='lat' dir='ltr'><strong>morbis</strong></span> <span class='ocrx_word' id='word_1_78' title='bbox 1616 1068 1857 1127; x_wconf 78' lang='lat' dir='ltr'><strong>careant,</strong></span> <span class='ocrx_word' id='word_1_79' title='bbox 1892 1076 1988 1130; x_wconf 89' lang='lat' dir='ltr'><strong>per</strong></span> 
     </span>
    </p>
   </div>
   <div class='ocr_carea' id='block_1_12' title="bbox 388 1154 1988 1229">
    <p class='ocr_par' dir='ltr' id='par_1_12' title="bbox 388 1154 1988 1229">
     <span class='ocr_line' id='line_1_12' title="bbox 388 1154 1988 1229; baseline -0.003 -16"><span class='ocrx_word' id='word_1_80' title='bbox 388 1158 713 1229; x_wconf 81' lang='lat' dir='ltr'><strong>prophetam</strong></span> <span class='ocrx_word' id='word_1_81' title='bbox 734 1164 1045 1226; x_wconf 77' lang='lat' dir='ltr'><strong>loquentem</strong></span> <span class='ocrx_word' id='word_1_82' title='bbox 1074 1157 1356 1212; x_wconf 89' lang='lat' dir='ltr'><strong>audiamus</strong></span> <span class='ocrx_word' id='word_1_83' title='bbox 1388 1157 1674 1211; x_wconf 87' lang='lat' dir='ltr'><strong>Dominum</strong></span> <span class='ocrx_word' id='word_1_84' title='bbox 1706 1174 1718 1208; x_wconf 94' lang='lat'>:</span> <span class='ocrx_word' id='word_1_85' title='bbox 1764 1154 1988 1210; x_wconf 86' lang='lat' dir='ltr'><strong>Visitabo</strong></span> 
     </span>
    </p>
   </div>
   <div class='ocr_carea' id='block_1_13' title="bbox 388 1249 1987 1325">
    <p class='ocr_par' dir='ltr' id='par_1_13' title="bbox 388 1249 1987 1325">
     <span class='ocr_line' id='line_1_13' title="bbox 388 1249 1987 1325; baseline -0.003 -19"><span class='ocrx_word' id='word_1_86' title='bbox 388 1253 443 1307; x_wconf 85' lang='lat' dir='ltr'><strong>in</strong></span> <span class='ocrx_word' id='word_1_87' title='bbox 471 1253 610 1325; x_wconf 76' lang='lat' dir='ltr'><strong>virga</strong></span> <span class='ocrx_word' id='word_1_88' title='bbox 640 1253 937 1324; x_wconf 74' lang='lat' dir='ltr'><strong>iniquitates</strong></span> <span class='ocrx_word' id='word_1_89' title='bbox 961 1268 1160 1315; x_wconf 84' lang='lat' dir='ltr'><strong>eorum,</strong></span> <span class='ocrx_word' id='word_1_90' title='bbox 1187 1261 1231 1305; x_wconf 90' lang='lat' dir='ltr'><strong>et</strong></span> <span class='ocrx_word' id='word_1_91' title='bbox 1254 1250 1305 1303; x_wconf 89' lang='lat' dir='ltr'><strong>in</strong></span> <span class='ocrx_word' id='word_1_92' title='bbox 1330 1249 1618 1304; x_wconf 78' lang='lat' dir='ltr'><strong>verberibus</strong></span> <span class='ocrx_word' id='word_1_93' title='bbox 1658 1257 1865 1320; x_wconf 86' lang='lat' dir='ltr'><strong>peccata</strong></span> <span class='ocrx_word' id='word_1_94' title='bbox 1902 1264 1987 1301; x_wconf 57' lang='lat' dir='ltr'><strong>eoo</strong></span> 
     </span>
    </p>
   </div>
   <div class='ocr_carea' id='block_1_14' title="bbox 391 1339 1988 1412">
    <p class='ocr_par' dir='ltr' id='par_1_14' title="bbox 391 1339 1988 1412">
     <span class='ocr_line' id='line_1_14' title="bbox 391 1339 1988 1412; baseline -0.004 -12"><span class='ocrx_word' id='word_1_95' title='bbox 391 1363 507 1400; x_wconf 88' lang='lat' dir='ltr'><strong>rum</strong></span> <span class='ocrx_word' id='word_1_96' title='bbox 541 1362 559 1398; x_wconf 91' lang='lat'><em>:</em></span> <span class='ocrx_word' id='word_1_97' title='bbox 592 1346 1002 1399; x_wconf 82' lang='lat' dir='ltr'><strong>misericordiam</strong></span> <span class='ocrx_word' id='word_1_98' title='bbox 1043 1353 1211 1397; x_wconf 70' lang='lat' dir='ltr'><strong>autem</strong></span> <span class='ocrx_word' id='word_1_99' title='bbox 1244 1360 1405 1396; x_wconf 63' lang='lat' dir='ltr'><strong>meam</strong></span> <span class='ocrx_word' id='word_1_100' title='bbox 1450 1360 1550 1396; x_wconf 85' lang='lat' dir='ltr'><strong>non</strong></span> <span class='ocrx_word' id='word_1_101' title='bbox 1594 1342 1893 1412; x_wconf 79' lang='lat' dir='ltr'><strong>dispergam</strong></span> <span class='ocrx_word' id='word_1_102' title='bbox 1923 1339 1988 1394; x_wconf 92' lang='lat' dir='ltr'><strong>ab</strong></span> 
     </span>
    </p>
   </div>
   <div class='ocr_carea' id='block_1_15' title="bbox 387 1434 1986 1507">
    <p class='ocr_par' dir='ltr' id='par_1_15' title="bbox 387 1434 1986 1507">
     <span class='ocr_line' id='line_1_15' title="bbox 387 1434 1986 1507; baseline -0.003 -14"><span class='ocrx_word' id='word_1_103' title='bbox 387 1454 447 1493; x_wconf 88' lang='lat' dir='ltr'><strong>eo</strong></span> <span class='ocrx_word' id='word_1_104' title='bbox 478 1438 495 1506; x_wconf 94' lang='lat'>(</span> <span class='ocrx_word' id='word_1_105' title='bbox 521 1434 610 1491; x_wconf 88' lang='lat' dir='ltr'><strong>Ps.</strong></span> <span class='ocrx_word' id='word_1_106' title='bbox 647 1453 911 1500; x_wconf 74' lang='lat' dir='ltr'><strong>Lxxxvttt,</strong></span> <span class='ocrx_word' id='word_1_107' title='bbox 942 1437 1031 1497; x_wconf 76' lang='grc'><strong>55.</strong></span> <span class='ocrx_word' id='word_1_108' title='bbox 1066 1436 1134 1490; x_wconf 69' lang='grc'><strong>54</strong></span> <span class='ocrx_word' id='word_1_109' title='bbox 1155 1442 1193 1506; x_wconf 87' lang='grc'><strong>).</strong></span> <span class='ocrx_word' id='word_1_110' title='bbox 1230 1437 1330 1503; x_wconf 88' lang='lat' dir='ltr'><strong>Qui</strong></span> <span class='ocrx_word' id='word_1_111' title='bbox 1360 1438 1523 1507; x_wconf 82' lang='lat' dir='ltr'><strong>igitur</strong></span> <span class='ocrx_word' id='word_1_112' title='bbox 1547 1444 1779 1500; x_wconf 88' lang='lat' dir='ltr'><strong>amatur,</strong></span> <span class='ocrx_word' id='word_1_113' title='bbox 1812 1434 1986 1490; x_wconf 84' lang='lat' dir='ltr'><strong>corri-</strong></span> 
     </span>
    </p>
   </div>
   <div class='ocr_carea' id='block_1_16' title="bbox 392 1528 1987 1601">
    <p class='ocr_par' dir='ltr' id='par_1_16' title="bbox 392 1528 1987 1601">
     <span class='ocr_line' id='line_1_16' title="bbox 392 1528 1987 1601; baseline -0.001 -16"><span class='ocrx_word' id='word_1_114' title='bbox 392 1533 535 1601; x_wconf 86' lang='lat' dir='ltr'><strong>pi:ur</strong></span> <span class='ocrx_word' id='word_1_115' title='bbox 561 1550 572 1584; x_wconf 88' lang='lat'><strong>:</strong></span> <span class='ocrx_word' id='word_1_116' title='bbox 599 1534 687 1600; x_wconf 87' lang='lat' dir='ltr'><strong>qui</strong></span> <span class='ocrx_word' id='word_1_117' title='bbox 725 1531 1035 1600; x_wconf 79' lang='lat' dir='ltr'><strong>negligitur,</strong></span> <span class='ocrx_word' id='word_1_118' title='bbox 1067 1531 1183 1585; x_wconf 83' lang='lat' dir='ltr'><strong>suis</strong></span> <span class='ocrx_word' id='word_1_119' title='bbox 1215 1536 1446 1599; x_wconf 77' lang='lat' dir='ltr'><strong>peccatis</strong></span> <span class='ocrx_word' id='word_1_120' title='bbox 1492 1529 1804 1585; x_wconf 84' lang='lat' dir='ltr'><strong>dimittitur.</strong></span> <span class='ocrx_word' id='word_1_121' title='bbox 1848 1528 1987 1583; x_wconf 79' lang='lat' dir='ltr'><strong>Tan-</strong></span> 
     </span>
    </p>
   </div>
   <div class='ocr_carea' id='block_1_17' title="bbox 394 1622 1993 1692">
    <p class='ocr_par' dir='ltr' id='par_1_17' title="bbox 394 1622 1993 1692">
     <span class='ocr_line' id='line_1_17' title="bbox 394 1622 1993 1692; baseline -0.002 -14"><span class='ocrx_word' id='word_1_122' title='bbox 394 1636 586 1692; x_wconf 86' lang='lat' dir='ltr'><strong>tusqtte</strong></span> <span class='ocrx_word' id='word_1_123' title='bbox 620 1623 716 1678; x_wconf 90' lang='lat' dir='ltr'><strong>fuit</strong></span> <span class='ocrx_word' id='word_1_124' title='bbox 746 1638 1005 1678; x_wconf 90' lang='lat' dir='ltr'><strong>numerus</strong></span> <span class='ocrx_word' id='word_1_125' title='bbox 1044 1632 1069 1659; x_wconf 69' lang='grc' dir='ltr'>τι</span> <span class='ocrx_word' id='word_1_126' title='bbox 1096 1624 1478 1678; x_wconf 87' lang='lat' dir='ltr'><strong>fornicatorum</strong></span> <span class='ocrx_word' id='word_1_127' title='bbox 1512 1622 1706 1687; x_wconf 79' lang='lat' dir='ltr'><strong>Israel,</strong></span> <span class='ocrx_word' id='word_1_128' title='bbox 1731 1633 1788 1676; x_wconf 88' lang='lat' dir='ltr'><strong>ut</strong></span> <span class='ocrx_word' id='word_1_129' title='bbox 1811 1629 1993 1676; x_wconf 89' lang='lat' dir='ltr'><strong>cesset</strong></span> 
     </span>
    </p>
   </div>
   <div class='ocr_carea' id='block_1_18' title="bbox 391 1714 1987 1788">
    <p class='ocr_par' dir='ltr' id='par_1_18' title="bbox 391 1714 1987 1788">
     <span class='ocr_line' id='line_1_18' title="bbox 391 1714 1987 1788; baseline -0.001 -18"><span class='ocrx_word' id='word_1_130' title='bbox 391 1719 547 1781; x_wconf 80' lang='lat' dir='ltr'><strong>ultio,</strong></span> <span class='ocrx_word' id='word_1_131' title='bbox 573 1716 868 1786; x_wconf 85' lang='lat' dir='ltr'><strong>desperans</strong></span> <span class='ocrx_word' id='word_1_132' title='bbox 892 1716 1348 1771; x_wconf 72' lang='lat' dir='ltr'><strong>emendationem.</strong></span> <span class='ocrx_word' id='word_1_133' title='bbox 1379 1715 1487 1788; x_wconf 64' lang='lat'><strong>43</strong></span> <span class='ocrx_word' id='word_1_134' title='bbox 1529 1714 1667 1783; x_wconf 84' lang='lat' dir='ltr'><strong>Quid</strong></span> <span class='ocrx_word' id='word_1_135' title='bbox 1696 1716 1842 1770; x_wconf 84' lang='lat' dir='ltr'><strong>enim</strong></span> <span class='ocrx_word' id='word_1_136' title='bbox 1876 1725 1987 1768; x_wconf 89' lang='lat' dir='ltr'><strong>tur-</strong></span> 
     </span>
    </p>
   </div>
   <div class='ocr_carea' id='block_1_19' title="bbox 2092 497 3685 572">
    <p class='ocr_par' dir='ltr' id='par_1_19' title="bbox 2092 497 3685 572">
     <span class='ocr_line' id='line_1_19' title="bbox 2092 497 3685 572; baseline 0 -18"><span class='ocrx_word' id='word_1_137' title='bbox 2092 500 2158 555; x_wconf 80' lang='grc' dir='ltr'><strong>ὢν</strong></span> <span class='ocrx_word' id='word_1_138' title='bbox 2190 502 2240 555; x_wconf 91' lang='lat' dir='ltr'><strong>in</strong></span> <span class='ocrx_word' id='word_1_139' title='bbox 2271 501 2592 572; x_wconf 81' lang='lat' dir='ltr'><strong>quibusdam</strong></span> <span class='ocrx_word' id='word_1_140' title='bbox 2616 502 3046 572; x_wconf 76' lang='lat' dir='ltr'><strong>exemplaribus,</strong></span> <span class='ocrx_word' id='word_1_141' title='bbox 3076 511 3131 558; x_wconf 88' lang='lat' dir='ltr'><strong>et</strong></span> <span class='ocrx_word' id='word_1_142' title='bbox 3155 502 3392 558; x_wconf 80' lang='lat' dir='ltr'><strong>maxime</strong></span> <span class='ocrx_word' id='word_1_143' title='bbox 3417 501 3473 555; x_wconf 86' lang='lat' dir='ltr'><strong>in</strong></span> <span class='ocrx_word' id='word_1_144' title='bbox 3505 497 3685 556; x_wconf 85' lang='lat' dir='ltr'><strong>Theo-</strong></span> 
     </span>
    </p>
   </div>
   <div class='ocr_carea' id='block_1_20' title="bbox 2090 592 3688 665">
    <p class='ocr_par' dir='ltr' id='par_1_20' title="bbox 2090 592 3688 665">
     <span class='ocr_line' id='line_1_20' title="bbox 2090 592 3688 665; baseline -0.001 -17"><span class='ocrx_word' id='word_1_145' title='bbox 2090 594 2311 648; x_wconf 87' lang='lat' dir='ltr'><strong>dotione</strong></span> <span class='ocrx_word' id='word_1_146' title='bbox 2334 594 2534 665; x_wconf 84' lang='lat' dir='ltr'><strong>legitur</strong></span> <span class='ocrx_word' id='word_1_147' title='bbox 2551 594 2732 648; x_wconf 88' lang='lat' dir='ltr'><strong>domus</strong></span> <span class='ocrx_word' id='word_1_148' title='bbox 2752 596 3056 661; x_wconf 86' lang='lat' dir='ltr'><strong>iniquitatis.</strong></span> <span class='ocrx_word' id='word_1_149' title='bbox 3082 594 3225 665; x_wconf 83' lang='lat' dir='ltr'><strong>quod</strong></span> <span class='ocrx_word' id='word_1_150' title='bbox 3249 594 3445 664; x_wconf 79' lang='lat' dir='ltr'><strong>Aquila</strong></span> <span class='ocrx_word' id='word_1_151' title='bbox 3461 600 3516 648; x_wconf 87' lang='lat' dir='ltr'><strong>et</strong></span> <span class='ocrx_word' id='word_1_152' title='bbox 3530 592 3688 664; x_wconf 88' lang='lat' dir='ltr'><strong>Sym-</strong></span> 
     </span>
    </p>
   </div>
   <div class='ocr_carea' id='block_1_21' title="bbox 2096 686 3684 763">
    <p class='ocr_par' dir='ltr' id='par_1_21' title="bbox 2096 686 3684 763">
     <span class='ocr_line' id='line_1_21' title="bbox 2096 686 3684 763; baseline -0.001 -22"><span class='ocrx_word' id='word_1_153' title='bbox 2096 688 2320 743; x_wconf 78' lang='lat' dir='ltr'><strong>machus</strong></span> <span class='ocrx_word' id='word_1_154' title='bbox 2351 690 2694 756; x_wconf 79' lang='lat' dir='ltr'><strong>interpretati</strong></span> <span class='ocrx_word' id='word_1_155' title='bbox 2724 697 2855 742; x_wconf 83' lang='lat' dir='ltr'><strong>sunt</strong></span> <span class='ocrx_word' id='word_1_156' title='bbox 2891 688 3108 742; x_wconf 90' lang='lat' dir='ltr'><strong>domum</strong></span> <span class='ocrx_word' id='word_1_157' title='bbox 3150 689 3457 763; x_wconf 72' lang='grc' dir='ltr'><strong>ἀνωφελοῦς,</strong></span> <span class='ocrx_word' id='word_1_158' title='bbox 3490 686 3543 740; x_wconf 87' lang='lat' dir='ltr'><strong>id</strong></span> <span class='ocrx_word' id='word_1_159' title='bbox 3574 692 3684 751; x_wconf 89' lang='lat' dir='ltr'><strong>est,</strong></span> 
     </span>
    </p>
   </div>
   <div class='ocr_carea' id='block_1_22' title="bbox 2090 781 3683 851">
    <p class='ocr_par' dir='ltr' id='par_1_22' title="bbox 2090 781 3683 851">
     <span class='ocr_line' id='line_1_22' title="bbox 2090 781 3683 851; baseline 0 -18"><span class='ocrx_word' id='word_1_160' title='bbox 2090 781 2347 848; x_wconf 75' lang='lat' dir='ltr'><strong>inutilem,</strong></span> <span class='ocrx_word' id='word_1_161' title='bbox 2380 798 2501 851; x_wconf 72' lang='lat' dir='ltr'><strong>qua:</strong></span> <span class='ocrx_word' id='word_1_162' title='bbox 2526 782 2661 837; x_wconf 86' lang='lat' dir='ltr'><strong>nihil</strong></span> <span class='ocrx_word' id='word_1_163' title='bbox 2692 782 2886 847; x_wconf 82' lang='lat' dir='ltr'><strong>prosit,</strong></span> <span class='ocrx_word' id='word_1_164' title='bbox 2919 791 2974 836; x_wconf 90' lang='lat' dir='ltr'><strong>et</strong></span> <span class='ocrx_word' id='word_1_165' title='bbox 2994 782 3101 835; x_wconf 88' lang='lat' dir='ltr'><strong>alio</strong></span> <span class='ocrx_word' id='word_1_166' title='bbox 3131 784 3298 837; x_wconf 89' lang='lat' dir='ltr'><strong>verbo</strong></span> <span class='ocrx_word' id='word_1_167' title='bbox 3321 781 3515 835; x_wconf 82' lang='lat' dir='ltr'><strong>idolum</strong></span> <span class='ocrx_word' id='word_1_168' title='bbox 3545 795 3683 833; x_wconf 89' lang='lat' dir='ltr'><strong>nun-</strong></span> 
     </span>
    </p>
   </div>
   <div class='ocr_carea' id='block_1_23' title="bbox 2088 873 3685 944">
    <p class='ocr_par' dir='ltr' id='par_1_23' title="bbox 2088 873 3685 944">
     <span class='ocr_line' id='line_1_23' title="bbox 2088 873 3685 944; baseline 0 -15"><span class='ocrx_word' id='word_1_169' title='bbox 2088 884 2339 944; x_wconf 87' lang='lat' dir='ltr'><strong>cupetnr.</strong></span> <span class='ocrx_word' id='word_1_170' title='bbox 2368 877 2459 930; x_wconf 85' lang='lat' dir='ltr'><strong>Est</strong></span> <span class='ocrx_word' id='word_1_171' title='bbox 2490 887 2671 930; x_wconf 88' lang='lat' dir='ltr'><strong>autem</strong></span> <span class='ocrx_word' id='word_1_172' title='bbox 2703 873 2886 929; x_wconf 82' lang='lat' dir='ltr'><strong>Bctltel</strong></span> <span class='ocrx_word' id='word_1_173' title='bbox 2918 891 2933 928; x_wconf 91' lang='lat'><strong><em>:</em></strong></span> <span class='ocrx_word' id='word_1_174' title='bbox 2963 884 3019 929; x_wconf 91' lang='lat' dir='ltr'><strong>et</strong></span> <span class='ocrx_word' id='word_1_175' title='bbox 3047 890 3167 944; x_wconf 67' lang='lat' dir='ltr'><strong>qum</strong></span> <span class='ocrx_word' id='word_1_176' title='bbox 3199 877 3344 944; x_wconf 82' lang='lat' dir='ltr'><strong>prius</strong></span> <span class='ocrx_word' id='word_1_177' title='bbox 3387 875 3685 928; x_wconf 80' lang='lat' dir='ltr'><strong>vocabatur</strong></span> 
     </span>
    </p>
   </div>
   <div class='ocr_carea' id='block_1_24' title="bbox 2092 964 3692 1039">
    <p class='ocr_par' dir='ltr' id='par_1_24' title="bbox 2092 964 3692 1039">
     <span class='ocr_line' id='line_1_24' title="bbox 2092 964 3692 1039; baseline 0.002 -21"><span class='ocrx_word' id='word_1_178' title='bbox 2092 965 2271 1019; x_wconf 84' lang='lat' dir='ltr'><strong>domus</strong></span> <span class='ocrx_word' id='word_1_179' title='bbox 2315 965 2445 1031; x_wconf 79' lang='lat' dir='ltr'><strong>Dei,</strong></span> <span class='ocrx_word' id='word_1_180' title='bbox 2493 979 2776 1037; x_wconf 85' lang='lat' dir='ltr'><strong>postquam</strong></span> <span class='ocrx_word' id='word_1_181' title='bbox 2821 968 2974 1022; x_wconf 83' lang='lat' dir='ltr'><strong>vituli</strong></span> <span class='ocrx_word' id='word_1_182' title='bbox 3012 968 3064 1022; x_wconf 90' lang='lat' dir='ltr'><strong>in</strong></span> <span class='ocrx_word' id='word_1_183' title='bbox 3105 982 3167 1021; x_wconf 88' lang='lat' dir='ltr'><strong>ea</strong></span> <span class='ocrx_word' id='word_1_184' title='bbox 3210 968 3372 1039; x_wconf 86' lang='lat' dir='ltr'><strong>positi</strong></span> <span class='ocrx_word' id='word_1_185' title='bbox 3398 976 3547 1032; x_wconf 85' lang='lat' dir='ltr'><strong>sunt,</strong></span> <span class='ocrx_word' id='word_1_186' title='bbox 3580 964 3692 1039; x_wconf 64' lang='grc'><strong>44.</strong></span> 
     </span>
    </p>
   </div>
   <div class='ocr_carea' id='block_1_25' title="bbox 2095 1060 3685 1128">
    <p class='ocr_par' dir='ltr' id='par_1_25' title="bbox 2095 1060 3685 1128">
     <span class='ocr_line' id='line_1_25' title="bbox 2095 1060 3685 1128; baseline 0.002 -17"><span class='ocrx_word' id='word_1_187' title='bbox 2095 1061 2359 1128; x_wconf 87' lang='lat' dir='ltr'><strong>appellata</strong></span> <span class='ocrx_word' id='word_1_188' title='bbox 2385 1070 2469 1115; x_wconf 79' lang='lat' dir='ltr'><strong>est</strong></span> <span class='ocrx_word' id='word_1_189' title='bbox 2498 1060 2781 1126; x_wconf 79' lang='lat' dir='ltr'><strong>Bethavcn,</strong></span> <span class='ocrx_word' id='word_1_190' title='bbox 2824 1060 2874 1115; x_wconf 89' lang='lat' dir='ltr'><strong>id</strong></span> <span class='ocrx_word' id='word_1_191' title='bbox 2908 1072 3013 1121; x_wconf 69' lang='lat' dir='ltr'><strong>est.</strong></span> <span class='ocrx_word' id='word_1_192' title='bbox 3049 1062 3231 1115; x_wconf 86' lang='lat' dir='ltr'><strong>domus</strong></span> <span class='ocrx_word' id='word_1_193' title='bbox 3258 1062 3480 1125; x_wconf 80' lang='lat' dir='ltr'><strong>inutilis,</strong></span> <span class='ocrx_word' id='word_1_194' title='bbox 3509 1072 3565 1116; x_wconf 89' lang='lat' dir='ltr'><strong>et</strong></span> <span class='ocrx_word' id='word_1_195' title='bbox 3592 1062 3685 1114; x_wconf 54' lang='lat' dir='ltr'><strong>do.</strong></span> 
     </span>
    </p>
   </div>
   <div class='ocr_carea' id='block_1_26' title="bbox 2092 1153 3688 1224">
    <p class='ocr_par' dir='ltr' id='par_1_26' title="bbox 2092 1153 3688 1224">
     <span class='ocr_line' id='line_1_26' title="bbox 2092 1153 3688 1224; baseline 0.001 -19"><span class='ocrx_word' id='word_1_196' title='bbox 2092 1168 2208 1206; x_wconf 87' lang='lat' dir='ltr'><strong>mus</strong></span> <span class='ocrx_word' id='word_1_197' title='bbox 2250 1153 2403 1217; x_wconf 83' lang='lat' dir='ltr'><strong>idoli,</strong></span> <span class='ocrx_word' id='word_1_198' title='bbox 2444 1154 2587 1223; x_wconf 85' lang='lat' dir='ltr'><strong>quod</strong></span> <span class='ocrx_word' id='word_1_199' title='bbox 2632 1170 2729 1208; x_wconf 89' lang='lat' dir='ltr'><strong>nos</strong></span> <span class='ocrx_word' id='word_1_200' title='bbox 2766 1164 2822 1207; x_wconf 93' lang='lat' dir='ltr'><strong>ut</strong></span> <span class='ocrx_word' id='word_1_201' title='bbox 2850 1154 2903 1208; x_wconf 89' lang='lat' dir='ltr'><strong>in</strong></span> <span class='ocrx_word' id='word_1_202' title='bbox 2936 1154 3165 1208; x_wconf 41' lang='lat' dir='ltr'><strong>l&#39;lehrico</strong></span> <span class='ocrx_word' id='word_1_203' title='bbox 3188 1155 3384 1224; x_wconf 80' lang='lat' dir='ltr'><strong>legitur</strong></span> <span class='ocrx_word' id='word_1_204' title='bbox 3410 1154 3688 1218; x_wconf 73' lang='lat' dir='ltr'><strong>ettprcssi-</strong></span> 
     </span>
    </p>
   </div>
   <div class='ocr_carea' id='block_1_27' title="bbox 2094 1246 3678 1317">
    <p class='ocr_par' dir='ltr' id='par_1_27' title="bbox 2094 1246 3678 1317">
     <span class='ocr_line' id='line_1_27' title="bbox 2094 1246 3678 1317; baseline 0 -17"><span class='ocrx_word' id='word_1_205' title='bbox 2094 1264 2234 1300; x_wconf 90' lang='lat' dir='ltr'><strong>mus.</strong></span> <span class='ocrx_word' id='word_1_206' title='bbox 2284 1247 2514 1302; x_wconf 80' lang='lat' dir='ltr'><strong>Videtur</strong></span> <span class='ocrx_word' id='word_1_207' title='bbox 2541 1258 2717 1304; x_wconf 90' lang='lat' dir='ltr'><strong>autem</strong></span> <span class='ocrx_word' id='word_1_208' title='bbox 2751 1247 2882 1302; x_wconf 92' lang='lat' dir='ltr'><strong>mihi</strong></span> <span class='ocrx_word' id='word_1_209' title='bbox 2927 1247 3131 1302; x_wconf 88' lang='lat' dir='ltr'><strong>idcirco</strong></span> <span class='ocrx_word' id='word_1_210' title='bbox 3167 1258 3219 1303; x_wconf 89' lang='lat' dir='ltr'><strong>et</strong></span> <span class='ocrx_word' id='word_1_211' title='bbox 3248 1246 3479 1317; x_wconf 88' lang='lat' dir='ltr'><strong>populus</strong></span> <span class='ocrx_word' id='word_1_212' title='bbox 3509 1246 3678 1300; x_wconf 66' lang='lat' dir='ltr'><strong>Israel</strong></span> 
     </span>
    </p>
   </div>
   <div class='ocr_carea' id='block_1_28' title="bbox 2091 1339 3681 1409">
    <p class='ocr_par' dir='ltr' id='par_1_28' title="bbox 2091 1339 3681 1409">
     <span class='ocr_line' id='line_1_28' title="bbox 2091 1339 3681 1409; baseline -0.001 -16"><span class='ocrx_word' id='word_1_213' title='bbox 2091 1339 2147 1394; x_wconf 92' lang='lat' dir='ltr'><strong>in</strong></span> <span class='ocrx_word' id='word_1_214' title='bbox 2176 1340 2474 1396; x_wconf 84' lang='lat' dir='ltr'><strong>solitudine</strong></span> <span class='ocrx_word' id='word_1_215' title='bbox 2503 1340 2698 1396; x_wconf 57' lang='lat' dir='ltr'><strong>fecisse</strong></span> <span class='ocrx_word' id='word_1_216' title='bbox 2729 1341 2831 1396; x_wconf 85' lang='lat' dir='ltr'><strong>sibi</strong></span> <span class='ocrx_word' id='word_1_217' title='bbox 2870 1352 3030 1409; x_wconf 84' lang='lat' dir='ltr'><strong>caput</strong></span> <span class='ocrx_word' id='word_1_218' title='bbox 3061 1340 3235 1407; x_wconf 88' lang='lat' dir='ltr'><strong>vituli,</strong></span> <span class='ocrx_word' id='word_1_219' title='bbox 3269 1340 3413 1408; x_wconf 82' lang='lat' dir='ltr'><strong>quod</strong></span> <span class='ocrx_word' id='word_1_220' title='bbox 3446 1339 3681 1405; x_wconf 85' lang='lat' dir='ltr'><strong>coleret,</strong></span> 
     </span>
    </p>
   </div>
   <div class='ocr_carea' id='block_1_29' title="bbox 2090 1433 3686 1498">
    <p class='ocr_par' dir='ltr' id='par_1_29' title="bbox 2090 1433 3686 1498">
     <span class='ocr_line' id='line_1_29' title="bbox 2090 1433 3686 1498; baseline -0.001 -9"><span class='ocrx_word' id='word_1_221' title='bbox 2090 1442 2146 1489; x_wconf 88' lang='lat' dir='ltr'><strong>et</strong></span> <span class='ocrx_word' id='word_1_222' title='bbox 2173 1434 2464 1489; x_wconf 80' lang='lat' dir='ltr'><strong>.lcruhOam</strong></span> <span class='ocrx_word' id='word_1_223' title='bbox 2497 1437 2640 1490; x_wconf 88' lang='lat' dir='ltr'><strong>filius</strong></span> <span class='ocrx_word' id='word_1_224' title='bbox 2668 1434 2879 1490; x_wconf 86' lang='lat' dir='ltr'><strong>Nabth</strong></span> <span class='ocrx_word' id='word_1_225' title='bbox 2910 1435 3113 1490; x_wconf 87' lang='lat' dir='ltr'><strong>vitulos</strong></span> <span class='ocrx_word' id='word_1_226' title='bbox 3139 1450 3338 1489; x_wconf 87' lang='lat' dir='ltr'><strong>aureos</strong></span> <span class='ocrx_word' id='word_1_227' title='bbox 3368 1433 3686 1498; x_wconf 85' lang='lat' dir='ltr'><strong>fabricatus,</strong></span> 
     </span>
    </p>
   </div>
   <div class='ocr_carea' id='block_1_30' title="bbox 2094 1526 3694 1602">
    <p class='ocr_par' dir='ltr' id='par_1_30' title="bbox 2094 1526 3694 1602">
     <span class='ocr_line' id='line_1_30' title="bbox 2094 1526 3694 1602; baseline 0 -21"><span class='ocrx_word' id='word_1_228' title='bbox 2094 1537 2152 1581; x_wconf 85' lang='lat' dir='ltr'><strong>ut</strong></span> <span class='ocrx_word' id='word_1_229' title='bbox 2178 1528 2323 1597; x_wconf 86' lang='lat' dir='ltr'><strong>quod</strong></span> <span class='ocrx_word' id='word_1_230' title='bbox 2354 1530 2405 1583; x_wconf 85' lang='lat' dir='ltr'><strong>iit</strong></span> <span class='ocrx_word' id='word_1_231' title='bbox 2430 1528 2666 1601; x_wconf 64' lang='lat' dir='ltr'><strong>Egypto</strong></span> <span class='ocrx_word' id='word_1_232' title='bbox 2687 1530 2993 1584; x_wconf 82' lang='lat' dir='ltr'><strong>didicerant</strong></span> <span class='ocrx_word' id='word_1_233' title='bbox 3024 1526 3147 1585; x_wconf 84' lang='grc' dir='ltr'><strong>ἅπιν</strong></span> <span class='ocrx_word' id='word_1_234' title='bbox 3178 1540 3231 1582; x_wconf 93' lang='lat' dir='ltr'><strong>et</strong></span> <span class='ocrx_word' id='word_1_235' title='bbox 3251 1536 3445 1602; x_wconf 78' lang='grc' dir='ltr'><strong>μνεῦιν,</strong></span> <span class='ocrx_word' id='word_1_236' title='bbox 3469 1528 3560 1595; x_wconf 81' lang='lat' dir='ltr'><strong>qui</strong></span> <span class='ocrx_word' id='word_1_237' title='bbox 3590 1526 3694 1580; x_wconf 88' lang='lat' dir='ltr'><strong>sub</strong></span> 
     </span>
    </p>
   </div>
   <div class='ocr_carea' id='block_1_31' title="bbox 2094 1621 3690 1692">
    <p class='ocr_par' dir='ltr' id='par_1_31' title="bbox 2094 1621 3690 1692">
     <span class='ocr_line' id='line_1_31' title="bbox 2094 1621 3690 1692; baseline -0.001 -16"><span class='ocrx_word' id='word_1_238' title='bbox 2094 1621 2265 1692; x_wconf 82' lang='lat' dir='ltr'><strong>ﬁgura</strong></span> <span class='ocrx_word' id='word_1_239' title='bbox 2298 1622 2461 1677; x_wconf 84' lang='lat' dir='ltr'><strong>boum</strong></span> <span class='ocrx_word' id='word_1_240' title='bbox 2492 1624 2765 1686; x_wconf 84' lang='lat' dir='ltr'><strong>coluntur,</strong></span> <span class='ocrx_word' id='word_1_241' title='bbox 2800 1638 2923 1678; x_wconf 86' lang='lat' dir='ltr'><strong>esse</strong></span> <span class='ocrx_word' id='word_1_242' title='bbox 2966 1623 3121 1688; x_wconf 88' lang='lat' dir='ltr'><strong>deos,</strong></span> <span class='ocrx_word' id='word_1_243' title='bbox 3151 1623 3254 1677; x_wconf 90' lang='lat' dir='ltr'><strong>hoc</strong></span> <span class='ocrx_word' id='word_1_244' title='bbox 3288 1625 3338 1676; x_wconf 90' lang='lat' dir='ltr'><strong>in</strong></span> <span class='ocrx_word' id='word_1_245' title='bbox 3368 1637 3465 1677; x_wconf 83' lang='lat' dir='ltr'><strong>Sua</strong></span> <span class='ocrx_word' id='word_1_246' title='bbox 3495 1636 3690 1691; x_wconf 82' lang='lat' dir='ltr'><strong>snper-</strong></span> 
     </span>
    </p>
   </div>
   <div class='ocr_carea' id='block_1_32' title="bbox 2094 1713 3696 1784">
    <p class='ocr_par' dir='ltr' id='par_1_32' title="bbox 2094 1713 3696 1784">
     <span class='ocr_line' id='line_1_32' title="bbox 2094 1713 3696 1784; baseline 0.001 -17"><span class='ocrx_word' id='word_1_247' title='bbox 2094 1715 2322 1770; x_wconf 91' lang='lat' dir='ltr'><strong>stitione</strong></span> <span class='ocrx_word' id='word_1_248' title='bbox 2368 1726 2678 1770; x_wconf 86' lang='lat' dir='ltr'><strong>servarent.</strong></span> <span class='ocrx_word' id='word_1_249' title='bbox 2732 1715 2990 1770; x_wconf 88' lang='lat' dir='ltr'><strong>Dicamus</strong></span> <span class='ocrx_word' id='word_1_250' title='bbox 3037 1730 3257 1771; x_wconf 85' lang='lat' dir='ltr'><strong>sensum</strong></span> <span class='ocrx_word' id='word_1_251' title='bbox 3307 1715 3529 1784; x_wconf 88' lang='lat' dir='ltr'><strong>capituli</strong></span> <span class='ocrx_word' id='word_1_252' title='bbox 3576 1730 3588 1765; x_wconf 88' lang='lat'><strong>:</strong></span> <span class='ocrx_word' id='word_1_253' title='bbox 3636 1713 3696 1768; x_wconf 85' lang='lat' dir='ltr'><strong>Si</strong></span> 
     </span>
    </p>
   </div>
   <div class='ocr_carea' id='block_1_33' title="bbox 390 1803 3694 1877">
    <p class='ocr_par' dir='ltr' id='par_1_33' title="bbox 390 1803 3694 1877">
     <span class='ocr_line' id='line_1_33' title="bbox 390 1803 3694 1877; baseline 0 -19"><span class='ocrx_word' id='word_1_254' title='bbox 390 1809 515 1876; x_wconf 91' lang='lat' dir='ltr'><strong>pius</strong></span> <span class='ocrx_word' id='word_1_255' title='bbox 542 1823 705 1877; x_wconf 88' lang='lat' dir='ltr'><strong>quam</strong></span> <span class='ocrx_word' id='word_1_256' title='bbox 738 1810 884 1863; x_wconf 86' lang='lat' dir='ltr'><strong>viros</strong></span> <span class='ocrx_word' id='word_1_257' title='bbox 909 1808 1262 1863; x_wconf 89' lang='lat' dir='ltr'><strong>meretricum</strong></span> <span class='ocrx_word' id='word_1_258' title='bbox 1290 1808 1458 1863; x_wconf 91' lang='lat' dir='ltr'><strong>cultui</strong></span> <span class='ocrx_word' id='word_1_259' title='bbox 1487 1808 1751 1877; x_wconf 88' lang='lat' dir='ltr'><strong>copulari,</strong></span> <span class='ocrx_word' id='word_1_260' title='bbox 1780 1817 1833 1861; x_wconf 89' lang='lat' dir='ltr'><strong>et</strong></span> <span class='ocrx_word' id='word_1_261' title='bbox 1864 1821 1989 1860; x_wconf 87' lang='lat' dir='ltr'><strong>cum</strong></span> <span class='ocrx_word' id='word_1_262' title='bbox 2021 1803 2070 1865; x_wconf 91' lang='lat' dir='ltr'><strong>B</strong></span> <span class='ocrx_word' id='word_1_263' title='bbox 2096 1810 2289 1872; x_wconf 87' lang='lat' dir='ltr'><strong>semel,</strong></span> <span class='ocrx_word' id='word_1_264' title='bbox 2334 1827 2365 1860; x_wconf 89' lang='lat' dir='ltr'><strong>o</strong></span> <span class='ocrx_word' id='word_1_265' title='bbox 2403 1809 2595 1874; x_wconf 80' lang='lat' dir='ltr'><strong>Israel,</strong></span> <span class='ocrx_word' id='word_1_266' title='bbox 2637 1824 2825 1864; x_wconf 84' lang='lat' dir='ltr'><strong>eri-ore</strong></span> <span class='ocrx_word' id='word_1_267' title='bbox 2851 1809 3113 1877; x_wconf 84' lang='lat' dir='ltr'><strong>deceptus</strong></span> <span class='ocrx_word' id='word_1_268' title='bbox 3140 1824 3221 1872; x_wconf 86' lang='lat' dir='ltr'><strong>es,</strong></span> <span class='ocrx_word' id='word_1_269' title='bbox 3255 1818 3311 1862; x_wconf 85' lang='lat' dir='ltr'><strong>et</strong></span> <span class='ocrx_word' id='word_1_270' title='bbox 3344 1816 3398 1862; x_wconf 89' lang='lat' dir='ltr'><strong>te</strong></span> <span class='ocrx_word' id='word_1_271' title='bbox 3422 1821 3546 1861; x_wconf 91' lang='lat' dir='ltr'><strong>cum</strong></span> <span class='ocrx_word' id='word_1_272' title='bbox 3577 1820 3694 1859; x_wconf 83' lang='lat' dir='ltr'><strong>me-</strong></span> 
     </span>
    </p>
   </div>
   <div class='ocr_carea' id='block_1_34' title="bbox 392 1896 1988 1964">
    <p class='ocr_par' dir='ltr' id='par_1_34' title="bbox 392 1896 1988 1964">
     <span class='ocr_line' id='line_1_34' title="bbox 392 1896 1988 1964; baseline -0.001 -10"><span class='ocrx_word' id='word_1_273' title='bbox 392 1897 720 1954; x_wconf 84' lang='lat' dir='ltr'><strong>effeminatis</strong></span> <span class='ocrx_word' id='word_1_274' title='bbox 771 1901 1052 1953; x_wconf 79' lang='lat' dir='ltr'><strong>immolare</strong></span> <span class='ocrx_word' id='word_1_275' title='bbox 1102 1899 1311 1953; x_wconf 87' lang='lat' dir='ltr'><strong>hostias</strong></span> <span class='ocrx_word' id='word_1_276' title='bbox 1363 1898 1604 1953; x_wconf 88' lang='lat' dir='ltr'><strong>libidinis</strong></span> <span class='ocrx_word' id='word_1_277' title='bbox 1643 1899 1794 1953; x_wconf 69' lang='lat' dir='ltr'><strong>sum?</strong></span> <span class='ocrx_word' id='word_1_278' title='bbox 1834 1896 1988 1964; x_wconf 87' lang='lat' dir='ltr'><strong>Quod</strong></span> 
     </span>
    </p>
   </div>
   <div class='ocr_carea' id='block_1_35' title="bbox 395 1991 1990 2065">
    <p class='ocr_par' dir='ltr' id='par_1_35' title="bbox 395 1991 1990 2065">
     <span class='ocr_line' id='line_1_35' title="bbox 395 1991 1990 2065; baseline -0.001 -21"><span class='ocrx_word' id='word_1_279' title='bbox 395 2001 578 2047; x_wconf 87' lang='lat' dir='ltr'><strong>autem</strong></span> <span class='ocrx_word' id='word_1_280' title='bbox 628 1993 806 2064; x_wconf 81' lang='lat' dir='ltr'><strong>jungit</strong></span> <span class='ocrx_word' id='word_1_281' title='bbox 848 2010 860 2045; x_wconf 88' lang='lat'>:</span> <span class='ocrx_word' id='word_1_282' title='bbox 910 1991 1132 2064; x_wconf 83' lang='lat' dir='ltr'><strong>populus</strong></span> <span class='ocrx_word' id='word_1_283' title='bbox 1176 2010 1278 2046; x_wconf 88' lang='lat' dir='ltr'><strong>non</strong></span> <span class='ocrx_word' id='word_1_284' title='bbox 1330 1992 1619 2063; x_wconf 75' lang='lat' dir='ltr'><strong>intelligens</strong></span> <span class='ocrx_word' id='word_1_285' title='bbox 1672 1991 1990 2065; x_wconf 85' lang='lat' dir='ltr'><strong>vapulabit,</strong></span> 
     </span>
    </p>
   </div>
   <div class='ocr_carea' id='block_1_36' title="bbox 391 2079 1992 2155">
    <p class='ocr_par' dir='ltr' id='par_1_36' title="bbox 391 2079 1992 2155">
     <span class='ocr_line' id='line_1_36' title="bbox 391 2079 1992 2155; baseline 0 -19"><span class='ocrx_word' id='word_1_286' title='bbox 391 2100 492 2155; x_wconf 83' lang='lat' dir='ltr'><strong>pro</strong></span> <span class='ocrx_word' id='word_1_287' title='bbox 563 2100 671 2155; x_wconf 89' lang='lat' dir='ltr'><strong>quo</strong></span> <span class='ocrx_word' id='word_1_288' title='bbox 744 2085 1098 2155; x_wconf 80' lang='lat' dir='ltr'><strong>Septuaginta</strong></span> <span class='ocrx_word' id='word_1_289' title='bbox 1175 2083 1570 2138; x_wconf 85' lang='lat' dir='ltr'><strong>transtulerunt</strong></span> <span class='ocrx_word' id='word_1_290' title='bbox 1616 2100 1625 2136; x_wconf 93' lang='lat'>:</span> <span class='ocrx_word' id='word_1_291' title='bbox 1666 2081 1729 2135; x_wconf 69' lang='lat' dir='ltr'><strong>It&#39;t</strong></span> <span class='ocrx_word' id='word_1_292' title='bbox 1770 2079 1992 2153; x_wconf 83' lang='lat' dir='ltr'><strong>populus</strong></span> 
     </span>
    </p>
   </div>
   <div class='ocr_carea' id='block_1_37' title="bbox 392 2174 1997 2249">
    <p class='ocr_par' dir='ltr' id='par_1_37' title="bbox 392 2174 1997 2249">
     <span class='ocr_line' id='line_1_37' title="bbox 392 2174 1997 2249; baseline -0.002 -17"><span class='ocrx_word' id='word_1_293' title='bbox 392 2177 543 2233; x_wconf 77' lang='lat' dir='ltr'><strong>bnon</strong></span> <span class='ocrx_word' id='word_1_294' title='bbox 575 2177 871 2249; x_wconf 83' lang='lat' dir='ltr'><strong>intelligens</strong></span> <span class='ocrx_word' id='word_1_295' title='bbox 902 2177 1194 2231; x_wconf 76' lang='lat' dir='ltr'><strong>adliwrebat</strong></span> <span class='ocrx_word' id='word_1_296' title='bbox 1242 2178 1515 2240; x_wconf 79' lang='lat' dir='ltr'><strong>meretrici,</strong></span> <span class='ocrx_word' id='word_1_297' title='bbox 1571 2175 1672 2229; x_wconf 86' lang='lat' dir='ltr'><strong>huc</strong></span> <span class='ocrx_word' id='word_1_298' title='bbox 1720 2174 1997 2245; x_wconf 85' lang='lat' dir='ltr'><strong>significat</strong></span> 
     </span>
    </p>
   </div>
   <div class='ocr_carea' id='block_1_38' title="bbox 395 2266 1991 2340">
    <p class='ocr_par' dir='ltr' id='par_1_38' title="bbox 395 2266 1991 2340">
     <span class='ocr_line' id='line_1_38' title="bbox 395 2266 1991 2340; baseline -0.002 -17"><span class='ocrx_word' id='word_1_299' title='bbox 395 2268 542 2340; x_wconf 83' lang='lat' dir='ltr'><strong>quod</strong></span> <span class='ocrx_word' id='word_1_300' title='bbox 593 2269 817 2339; x_wconf 81' lang='lat' dir='ltr'><strong>vapulet</strong></span> <span class='ocrx_word' id='word_1_301' title='bbox 857 2268 909 2323; x_wconf 94' lang='lat' dir='ltr'><strong>in</strong></span> <span class='ocrx_word' id='word_1_302' title='bbox 964 2267 1304 2337; x_wconf 83' lang='lat' dir='ltr'><strong>captivitate,</strong></span> <span class='ocrx_word' id='word_1_303' title='bbox 1353 2277 1408 2323; x_wconf 91' lang='lat' dir='ltr'><strong>et</strong></span> <span class='ocrx_word' id='word_1_304' title='bbox 1442 2266 1677 2323; x_wconf 79' lang='lat' dir='ltr'><strong>diversis</strong></span> <span class='ocrx_word' id='word_1_305' title='bbox 1718 2266 1991 2320; x_wconf 88' lang='lat' dir='ltr'><strong>afficiatur</strong></span> 
     </span>
    </p>
   </div>
   <div class='ocr_carea' id='block_1_39' title="bbox 392 2358 1993 2432">
    <p class='ocr_par' dir='ltr' id='par_1_39' title="bbox 392 2358 1993 2432">
     <span class='ocr_line' id='line_1_39' title="bbox 392 2358 1993 2432; baseline -0.002 -18"><span class='ocrx_word' id='word_1_306' title='bbox 392 2361 590 2432; x_wconf 82' lang='lat' dir='ltr'><strong>plagis,</strong></span> <span class='ocrx_word' id='word_1_307' title='bbox 627 2371 685 2415; x_wconf 91' lang='lat' dir='ltr'><strong>ut</strong></span> <span class='ocrx_word' id='word_1_308' title='bbox 717 2377 815 2431; x_wconf 89' lang='lat' dir='ltr'><strong>per</strong></span> <span class='ocrx_word' id='word_1_309' title='bbox 844 2359 1087 2416; x_wconf 89' lang='lat' dir='ltr'><strong>dolorem</strong></span> <span class='ocrx_word' id='word_1_310' title='bbox 1115 2360 1341 2430; x_wconf 87' lang='lat' dir='ltr'><strong>recipiat</strong></span> <span class='ocrx_word' id='word_1_311' title='bbox 1369 2359 1740 2429; x_wconf 88' lang='lat' dir='ltr'><strong>disciplinam.</strong></span> <span class='ocrx_word' id='word_1_312' title='bbox 1776 2358 1853 2413; x_wconf 87' lang='lat' dir='ltr'><strong>De</strong></span> <span class='ocrx_word' id='word_1_313' title='bbox 1883 2358 1993 2411; x_wconf 76' lang='lat' dir='ltr'><strong>Inu-</strong></span> 
     </span>
    </p>
   </div>
   <div class='ocr_carea' id='block_1_40' title="bbox 390 2452 1992 2525">
    <p class='ocr_par' dir='ltr' id='par_1_40' title="bbox 390 2452 1992 2525">
     <span class='ocr_line' id='line_1_40' title="bbox 390 2452 1992 2525; baseline -0.002 -14"><span class='ocrx_word' id='word_1_314' title='bbox 390 2456 576 2512; x_wconf 87' lang='lat' dir='ltr'><strong>rcticis</strong></span> <span class='ocrx_word' id='word_1_315' title='bbox 626 2455 802 2511; x_wconf 88' lang='lat' dir='ltr'><strong>facilis</strong></span> <span class='ocrx_word' id='word_1_316' title='bbox 854 2454 1218 2525; x_wconf 86' lang='lat' dir='ltr'><strong>intelligentia</strong></span> <span class='ocrx_word' id='word_1_317' title='bbox 1280 2462 1383 2519; x_wconf 89' lang='lat' dir='ltr'><strong>est,</strong></span> <span class='ocrx_word' id='word_1_318' title='bbox 1454 2454 1602 2522; x_wconf 87' lang='lat' dir='ltr'><strong>quod</strong></span> <span class='ocrx_word' id='word_1_319' title='bbox 1658 2452 1751 2507; x_wconf 83' lang='lat' dir='ltr'><strong>lilii</strong></span> <span class='ocrx_word' id='word_1_320' title='bbox 1800 2467 1992 2507; x_wconf 89' lang='lat' dir='ltr'><strong>eorum</strong></span> 
     </span>
    </p>
   </div>
   <div class='ocr_carea' id='block_1_41' title="bbox 393 2543 1993 2617">
    <p class='ocr_par' dir='ltr' id='par_1_41' title="bbox 393 2543 1993 2617">
     <span class='ocr_line' id='line_1_41' title="bbox 393 2543 1993 2617; baseline -0.003 -14"><span class='ocrx_word' id='word_1_321' title='bbox 393 2548 763 2616; x_wconf 84' lang='lat' dir='ltr'><strong>fornicentur,</strong></span> <span class='ocrx_word' id='word_1_322' title='bbox 806 2558 859 2604; x_wconf 89' lang='lat' dir='ltr'><strong>et</strong></span> <span class='ocrx_word' id='word_1_323' title='bbox 903 2562 1141 2617; x_wconf 55' lang='lat' dir='ltr'><strong>sponsa},</strong></span> <span class='ocrx_word' id='word_1_324' title='bbox 1170 2546 1225 2601; x_wconf 91' lang='lat' dir='ltr'><strong>id</strong></span> <span class='ocrx_word' id='word_1_325' title='bbox 1266 2553 1369 2608; x_wconf 84' lang='lat' dir='ltr'><strong>est,</strong></span> <span class='ocrx_word' id='word_1_326' title='bbox 1407 2545 1603 2599; x_wconf 69' lang='lat' dir='ltr'><strong>anima:</strong></span> <span class='ocrx_word' id='word_1_327' title='bbox 1634 2559 1771 2615; x_wconf 88' lang='lat' dir='ltr'><strong>quas</strong></span> <span class='ocrx_word' id='word_1_328' title='bbox 1819 2543 1871 2598; x_wconf 91' lang='lat' dir='ltr'><strong>itt</strong></span> <span class='ocrx_word' id='word_1_329' title='bbox 1903 2560 1993 2599; x_wconf 90' lang='lat' dir='ltr'><strong>er-</strong></span> 
     </span>
    </p>
   </div>
   <div class='ocr_carea' id='block_1_42' title="bbox 394 2639 1988 2714">
    <p class='ocr_par' dir='ltr' id='par_1_42' title="bbox 394 2639 1988 2714">
     <span class='ocr_line' id='line_1_42' title="bbox 394 2639 1988 2714; baseline -0.004 -16"><span class='ocrx_word' id='word_1_330' title='bbox 394 2658 523 2698; x_wconf 88' lang='lat' dir='ltr'><strong>rore</strong></span> <span class='ocrx_word' id='word_1_331' title='bbox 549 2652 878 2714; x_wconf 83' lang='lat' dir='ltr'><strong>genuerunt,</strong></span> <span class='ocrx_word' id='word_1_332' title='bbox 930 2651 984 2697; x_wconf 91' lang='lat' dir='ltr'><strong>et</strong></span> <span class='ocrx_word' id='word_1_333' title='bbox 1014 2641 1125 2695; x_wconf 89' lang='lat' dir='ltr'><strong>suis</strong></span> <span class='ocrx_word' id='word_1_334' title='bbox 1166 2640 1510 2711; x_wconf 89' lang='lat' dir='ltr'><strong>dogmatibus</strong></span> <span class='ocrx_word' id='word_1_335' title='bbox 1559 2639 1988 2710; x_wconf 83' lang='lat' dir='ltr'><strong>desponsarunt.</strong></span> 
     </span>
    </p>
   </div>
   <div class='ocr_carea' id='block_1_43' title="bbox 396 2731 1991 2806">
    <p class='ocr_par' dir='ltr' id='par_1_43' title="bbox 396 2731 1991 2806">
     <span class='ocr_line' id='line_1_43' title="bbox 396 2731 1991 2806; baseline -0.005 -14"><span class='ocrx_word' id='word_1_336' title='bbox 396 2737 706 2793; x_wconf 88' lang='lat' dir='ltr'><strong>Istiusmodi</strong></span> <span class='ocrx_word' id='word_1_337' title='bbox 746 2735 952 2806; x_wconf 81' lang='lat' dir='ltr'><strong>indigni</strong></span> <span class='ocrx_word' id='word_1_338' title='bbox 1004 2743 1132 2789; x_wconf 90' lang='lat' dir='ltr'><strong>sunt</strong></span> <span class='ocrx_word' id='word_1_339' title='bbox 1178 2733 1527 2804; x_wconf 86' lang='lat' dir='ltr'><strong>correptione</strong></span> <span class='ocrx_word' id='word_1_340' title='bbox 1561 2732 1655 2788; x_wconf 85' lang='lat' dir='ltr'><strong>Dei</strong></span> <span class='ocrx_word' id='word_1_341' title='bbox 1686 2749 1699 2783; x_wconf 89' lang='lat'><strong>:</strong></span> <span class='ocrx_word' id='word_1_342' title='bbox 1732 2731 1991 2802; x_wconf 84' lang='lat' dir='ltr'><strong>quoniam</strong></span> 
     </span>
    </p>
   </div>
   <div class='ocr_carea' id='block_1_44' title="bbox 396 2822 1994 2893">
    <p class='ocr_par' dir='ltr' id='par_1_44' title="bbox 396 2822 1994 2893">
     <span class='ocr_line' id='line_1_44' title="bbox 396 2822 1994 2893; baseline -0.004 -9"><span class='ocrx_word' id='word_1_343' title='bbox 396 2830 578 2886; x_wconf 89' lang='lat' dir='ltr'><strong>omnis</strong></span> <span class='ocrx_word' id='word_1_344' title='bbox 603 2845 793 2884; x_wconf 90' lang='lat' dir='ltr'><strong>eorum</strong></span> <span class='ocrx_word' id='word_1_345' title='bbox 828 2829 1005 2883; x_wconf 90' lang='lat' dir='ltr'><strong>cultus</strong></span> <span class='ocrx_word' id='word_1_346' title='bbox 1046 2826 1338 2881; x_wconf 79' lang='lat' dir='ltr'><strong>fornicatio</strong></span> <span class='ocrx_word' id='word_1_347' title='bbox 1369 2836 1472 2889; x_wconf 78' lang='lat' dir='ltr'><strong>est,</strong></span> <span class='ocrx_word' id='word_1_348' title='bbox 1504 2836 1557 2879; x_wconf 87' lang='lat' dir='ltr'><strong>et</strong></span> <span class='ocrx_word' id='word_1_349' title='bbox 1584 2834 1770 2893; x_wconf 90' lang='lat' dir='ltr'><strong>turpes</strong></span> <span class='ocrx_word' id='word_1_350' title='bbox 1816 2822 1994 2891; x_wconf 87' lang='lat' dir='ltr'><strong>turpi-</strong></span> 
     </span>
    </p>
   </div>
   <div class='ocr_carea' id='block_1_45' title="bbox 395 2910 1995 2989">
    <p class='ocr_par' dir='ltr' id='par_1_45' title="bbox 395 2910 1995 2989">
     <span class='ocr_line' id='line_1_45' title="bbox 395 2910 1995 2989; baseline -0.006 -11"><span class='ocrx_word' id='word_1_351' title='bbox 395 2923 499 2979; x_wconf 75' lang='lat' dir='ltr'><strong>bus</strong></span> <span class='ocrx_word' id='word_1_352' title='bbox 537 2910 985 2986; x_wconf 87' lang='lat' dir='ltr'><strong>commiscentur,</strong></span> <span class='ocrx_word' id='word_1_353' title='bbox 1014 2931 1066 2973; x_wconf 91' lang='lat' dir='ltr'><strong>et</strong></span> <span class='ocrx_word' id='word_1_354' title='bbox 1100 2926 1386 2989; x_wconf 83' lang='lat' dir='ltr'><strong>prepterea</strong></span> <span class='ocrx_word' id='word_1_355' title='bbox 1418 2916 1770 2987; x_wconf 87' lang='lat' dir='ltr'><strong>vapulabunt,</strong></span> <span class='ocrx_word' id='word_1_356' title='bbox 1810 2925 1866 2968; x_wconf 91' lang='grc' dir='ltr'><strong>ιιι</strong></span> <span class='ocrx_word' id='word_1_357' title='bbox 1895 2914 1995 2969; x_wconf 85' lang='lat' dir='ltr'><strong>ali-</strong></span> 
     </span>
    </p>
   </div>
   <div class='ocr_carea' id='block_1_46' title="bbox 396 3010 1988 3087">
    <p class='ocr_par' dir='ltr' id='par_1_46' title="bbox 396 3010 1988 3087">
     <span class='ocr_line' id='line_1_46' title="bbox 396 3010 1988 3087; baseline -0.002 -20"><span class='ocrx_word' id='word_1_358' title='bbox 396 3015 613 3087; x_wconf 85' lang='lat' dir='ltr'><strong>quando</strong></span> <span class='ocrx_word' id='word_1_359' title='bbox 643 3031 737 3086; x_wconf 89' lang='lat' dir='ltr'><strong>per</strong></span> <span class='ocrx_word' id='word_1_360' title='bbox 759 3015 943 3087; x_wconf 84' lang='lat' dir='ltr'><strong>plagas</strong></span> <span class='ocrx_word' id='word_1_361' title='bbox 965 3014 1275 3084; x_wconf 84' lang='lat' dir='ltr'><strong>intelligant</strong></span> <span class='ocrx_word' id='word_1_362' title='bbox 1296 3027 1454 3082; x_wconf 84' lang='lat' dir='ltr'><strong>quem</strong></span> <span class='ocrx_word' id='word_1_363' title='bbox 1490 3011 1770 3082; x_wconf 85' lang='lat' dir='ltr'><strong>requirant</strong></span> <span class='ocrx_word' id='word_1_364' title='bbox 1800 3010 1988 3065; x_wconf 85' lang='lat' dir='ltr'><strong>Deum.</strong></span> 
     </span>
    </p>
   </div>
   <div class='ocr_carea' id='block_1_47' title="bbox 397 3100 1993 3176">
    <p class='ocr_par' dir='ltr' id='par_1_47' title="bbox 397 3100 1993 3176">
     <span class='ocr_line' id='line_1_47' title="bbox 397 3100 1993 3176; baseline -0.003 -15"><span class='ocrx_word' id='word_1_365' title='bbox 397 3107 625 3176; x_wconf 87' lang='lat' dir='ltr'><strong>Quando</strong></span> <span class='ocrx_word' id='word_1_366' title='bbox 653 3107 854 3162; x_wconf 86' lang='lat' dir='ltr'><strong>videris</strong></span> <span class='ocrx_word' id='word_1_367' title='bbox 890 3116 1234 3175; x_wconf 88' lang='lat' dir='ltr'><strong>pcccatorem</strong></span> <span class='ocrx_word' id='word_1_368' title='bbox 1269 3102 1478 3158; x_wconf 90' lang='lat' dir='ltr'><strong>divitiis</strong></span> <span class='ocrx_word' id='word_1_369' title='bbox 1506 3100 1757 3165; x_wconf 81' lang='lat' dir='ltr'><strong>afﬂuere,</strong></span> <span class='ocrx_word' id='word_1_370' title='bbox 1783 3102 1993 3171; x_wconf 87' lang='lat' dir='ltr'><strong>jactare</strong></span> 
     </span>
    </p>
   </div>
   <div class='ocr_carea' id='block_1_48' title="bbox 2096 1896 3682 1972">
    <p class='ocr_par' dir='ltr' id='par_1_48' title="bbox 2096 1896 3682 1972">
     <span class='ocr_line' id='line_1_48' title="bbox 2096 1896 3682 1972; baseline -0.003 -15"><span class='ocrx_word' id='word_1_371' title='bbox 2096 1903 2388 1958; x_wconf 90' lang='lat' dir='ltr'><strong>rctricibus</strong></span> <span class='ocrx_word' id='word_1_372' title='bbox 2416 1902 2705 1969; x_wconf 87' lang='lat' dir='ltr'><strong>miscuisti,</strong></span> <span class='ocrx_word' id='word_1_373' title='bbox 2731 1903 2804 1957; x_wconf 86' lang='lat' dir='ltr'><strong>ita</strong></span> <span class='ocrx_word' id='word_1_374' title='bbox 2834 1910 2892 1956; x_wconf 91' lang='lat' dir='ltr'><strong>ut</strong></span> <span class='ocrx_word' id='word_1_375' title='bbox 2917 1902 3245 1972; x_wconf 87' lang='lat' dir='ltr'><strong>quicumque</strong></span> <span class='ocrx_word' id='word_1_376' title='bbox 3273 1900 3529 1969; x_wconf 87' lang='lat' dir='ltr'><strong>impleret</strong></span> <span class='ocrx_word' id='word_1_377' title='bbox 3555 1896 3682 1971; x_wconf 75' lang='grc' dir='ltr'><strong>[ΑΙ.</strong></span> 
     </span>
    </p>
   </div>
   <div class='ocr_carea' id='block_1_49' title="bbox 2097 1990 3691 2068">
    <p class='ocr_par' dir='ltr' id='par_1_49' title="bbox 2097 1990 3691 2068">
     <span class='ocr_line' id='line_1_49' title="bbox 2097 1990 3691 2068; baseline -0.004 -18"><span class='ocrx_word' id='word_1_378' title='bbox 2097 1995 2445 2068; x_wconf 87' lang='lat' dir='ltr'><strong>impleverit]</strong></span> <span class='ocrx_word' id='word_1_379' title='bbox 2487 2012 2703 2051; x_wconf 88' lang='lat' dir='ltr'><strong>manum</strong></span> <span class='ocrx_word' id='word_1_380' title='bbox 2752 1994 2844 2051; x_wconf 87' lang='lat' dir='ltr'><strong>vel</strong></span> <span class='ocrx_word' id='word_1_381' title='bbox 2894 2009 3047 2049; x_wconf 84' lang='lat' dir='ltr'><strong>suam</strong></span> <span class='ocrx_word' id='word_1_382' title='bbox 3081 1994 3167 2049; x_wconf 77' lang='lat' dir='ltr'><strong>vel</strong></span> <span class='ocrx_word' id='word_1_383' title='bbox 3199 1993 3366 2065; x_wconf 87' lang='lat' dir='ltr'><strong>regis,</strong></span> <span class='ocrx_word' id='word_1_384' title='bbox 3407 1990 3691 2047; x_wconf 76' lang='lat' dir='ltr'><strong>otl‘erendo</strong></span> 
     </span>
    </p>
   </div>
   <div class='ocr_carea' id='block_1_50' title="bbox 2097 2082 3695 2160">
    <p class='ocr_par' dir='ltr' id='par_1_50' title="bbox 2097 2082 3695 2160">
     <span class='ocr_line' id='line_1_50' title="bbox 2097 2082 3695 2160; baseline -0.003 -19"><span class='ocrx_word' id='word_1_385' title='bbox 2097 2087 2217 2160; x_wconf 81' lang='lat' dir='ltr'><strong>[AL</strong></span> <span class='ocrx_word' id='word_1_386' title='bbox 2249 2086 2567 2158; x_wconf 75' lang='lat' dir='ltr'><strong>all‘erendo]</strong></span> <span class='ocrx_word' id='word_1_387' title='bbox 2602 2098 2656 2142; x_wconf 85' lang='lat' dir='ltr'><strong>et</strong></span> <span class='ocrx_word' id='word_1_388' title='bbox 2687 2086 2866 2141; x_wconf 88' lang='lat' dir='ltr'><strong>dando</strong></span> <span class='ocrx_word' id='word_1_389' title='bbox 2889 2086 2937 2139; x_wconf 90' lang='lat' dir='ltr'><strong>ei</strong></span> <span class='ocrx_word' id='word_1_390' title='bbox 2963 2100 3210 2149; x_wconf 60' lang='lat' dir='ltr'><strong>t&#39;nunera,</strong></span> <span class='ocrx_word' id='word_1_391' title='bbox 3240 2084 3504 2138; x_wconf 85' lang='lat' dir='ltr'><strong>sacerdos</strong></span> <span class='ocrx_word' id='word_1_392' title='bbox 3536 2082 3695 2137; x_wconf 80' lang='lat' dir='ltr'><strong>fieret</strong></span> 
     </span>
    </p>
   </div>
   <div class='ocr_carea' id='block_1_51' title="bbox 2095 2175 3696 2249">
    <p class='ocr_par' dir='ltr' id='par_1_51' title="bbox 2095 2175 3696 2249">
     <span class='ocr_line' id='line_1_51' title="bbox 2095 2175 3696 2249; baseline -0.006 -11"><span class='ocrx_word' id='word_1_393' title='bbox 2095 2183 2439 2238; x_wconf 79' lang='lat' dir='ltr'><strong>excelsorum</strong></span> <span class='ocrx_word' id='word_1_394' title='bbox 2473 2198 2487 2236; x_wconf 87' lang='lat'><strong>:</strong></span> <span class='ocrx_word' id='word_1_395' title='bbox 2520 2180 2716 2237; x_wconf 85' lang='lat' dir='ltr'><strong>saltem</strong></span> <span class='ocrx_word' id='word_1_396' title='bbox 2748 2187 2827 2245; x_wconf 87' lang='lat' dir='ltr'><strong>tu,</strong></span> <span class='ocrx_word' id='word_1_397' title='bbox 2871 2178 3031 2245; x_wconf 85' lang='lat' dir='ltr'><strong>Juda,</strong></span> <span class='ocrx_word' id='word_1_398' title='bbox 3058 2178 3150 2249; x_wconf 89' lang='lat' dir='ltr'><strong>qui</strong></span> <span class='ocrx_word' id='word_1_399' title='bbox 3196 2176 3441 2246; x_wconf 79' lang='lat' dir='ltr'><strong>possides</strong></span> <span class='ocrx_word' id='word_1_400' title='bbox 3470 2175 3696 2231; x_wconf 77' lang='lat' dir='ltr'><strong>Jerusa-</strong></span> 
     </span>
    </p>
   </div>
   <div class='ocr_carea' id='block_1_52' title="bbox 2095 2267 3696 2342">
    <p class='ocr_par' dir='ltr' id='par_1_52' title="bbox 2095 2267 3696 2342">
     <span class='ocr_line' id='line_1_52' title="bbox 2095 2267 3696 2342; baseline -0.006 -13"><span class='ocrx_word' id='word_1_401' title='bbox 2095 2276 2227 2340; x_wconf 89' lang='lat' dir='ltr'><strong>lem,</strong></span> <span class='ocrx_word' id='word_1_402' title='bbox 2260 2287 2313 2330; x_wconf 87' lang='lat' dir='ltr'><strong>et</strong></span> <span class='ocrx_word' id='word_1_403' title='bbox 2341 2274 2516 2330; x_wconf 86' lang='lat' dir='ltr'><strong>habes</strong></span> <span class='ocrx_word' id='word_1_404' title='bbox 2554 2289 2621 2330; x_wconf 79' lang='lat' dir='ltr'><strong>ex</strong></span> <span class='ocrx_word' id='word_1_405' title='bbox 2669 2273 2812 2342; x_wconf 87' lang='lat' dir='ltr'><strong>Lege</strong></span> <span class='ocrx_word' id='word_1_406' title='bbox 2858 2272 3098 2340; x_wconf 87' lang='lat' dir='ltr'><strong>Levitas,</strong></span> <span class='ocrx_word' id='word_1_407' title='bbox 3148 2278 3205 2326; x_wconf 86' lang='lat' dir='ltr'><strong>et</strong></span> <span class='ocrx_word' id='word_1_408' title='bbox 3230 2284 3455 2326; x_wconf 79' lang='lat' dir='ltr'><strong>exerces</strong></span> <span class='ocrx_word' id='word_1_409' title='bbox 3503 2267 3696 2337; x_wconf 88' lang='lat' dir='ltr'><strong>templi</strong></span> 
     </span>
    </p>
   </div>
   <div class='ocr_carea' id='block_1_53' title="bbox 2096 2358 3695 2432">
    <p class='ocr_par' dir='ltr' id='par_1_53' title="bbox 2096 2358 3695 2432">
     <span class='ocr_line' id='line_1_53' title="bbox 2096 2358 3695 2432; baseline -0.005 -10"><span class='ocrx_word' id='word_1_410' title='bbox 2096 2368 2474 2430; x_wconf 68' lang='lat' dir='ltr'><strong>caeremonias,</strong></span> <span class='ocrx_word' id='word_1_411' title='bbox 2505 2381 2612 2420; x_wconf 91' lang='lat' dir='ltr'><strong>non</strong></span> <span class='ocrx_word' id='word_1_412' title='bbox 2643 2364 2811 2420; x_wconf 88' lang='lat' dir='ltr'><strong>debes</strong></span> <span class='ocrx_word' id='word_1_413' title='bbox 2843 2363 3051 2418; x_wconf 89' lang='lat' dir='ltr'><strong>sororis</strong></span> <span class='ocrx_word' id='word_1_414' title='bbox 3080 2361 3355 2432; x_wconf 87' lang='lat' dir='ltr'><strong>quondam</strong></span> <span class='ocrx_word' id='word_1_415' title='bbox 3389 2370 3493 2414; x_wconf 73' lang='lat' dir='ltr'><strong>tum</strong></span> <span class='ocrx_word' id='word_1_416' title='bbox 3522 2358 3695 2414; x_wconf 68' lang='grc' dir='ltr'>ουιιε</span> 
     </span>
    </p>
   </div>
   <div class='ocr_carea' id='block_1_54' title="bbox 2096 2452 3698 2528">
    <p class='ocr_par' dir='ltr' id='par_1_54' title="bbox 2096 2452 3698 2528">
     <span class='ocr_line' id='line_1_54' title="bbox 2096 2452 3698 2528; baseline -0.006 -11"><span class='ocrx_word' id='word_1_417' title='bbox 2096 2465 2153 2517; x_wconf 86' lang='lat' dir='ltr'><strong>iit</strong></span> <span class='ocrx_word' id='word_1_418' title='bbox 2187 2462 2550 2519; x_wconf 82' lang='lat' dir='ltr'><strong>fornicatione</strong></span> <span class='ocrx_word' id='word_1_419' title='bbox 2591 2460 2843 2528; x_wconf 76' lang='lat' dir='ltr'><strong>exempla</strong></span> <span class='ocrx_word' id='word_1_420' title='bbox 2889 2456 3108 2526; x_wconf 86' lang='lat' dir='ltr'><strong>sectati,</strong></span> <span class='ocrx_word' id='word_1_421' title='bbox 3143 2466 3202 2512; x_wconf 91' lang='lat' dir='ltr'><strong>et</strong></span> <span class='ocrx_word' id='word_1_422' title='bbox 3228 2471 3351 2511; x_wconf 90' lang='lat' dir='ltr'><strong>cum</strong></span> <span class='ocrx_word' id='word_1_423' title='bbox 3390 2464 3411 2493; x_wconf 72' lang='grc' dir='ltr'><strong>ο</strong></span> <span class='ocrx_word' id='word_1_424' title='bbox 3442 2469 3505 2509; x_wconf 87' lang='lat' dir='ltr'><strong>ea</strong></span> <span class='ocrx_word' id='word_1_425' title='bbox 3554 2452 3698 2507; x_wconf 82' lang='lat' dir='ltr'><strong>idola</strong></span> 
     </span>
    </p>
   </div>
   <div class='ocr_carea' id='block_1_55' title="bbox 2096 2548 3699 2625">
    <p class='ocr_par' dir='ltr' id='par_1_55' title="bbox 2096 2548 3699 2625">
     <span class='ocr_line' id='line_1_55' title="bbox 2096 2548 3699 2625; baseline -0.008 -13"><span class='ocrx_word' id='word_1_426' title='bbox 2096 2559 2300 2613; x_wconf 86' lang='lat' dir='ltr'><strong>colere.</strong></span> <span class='ocrx_word' id='word_1_427' title='bbox 2335 2556 2453 2610; x_wconf 85' lang='lat' dir='ltr'><strong>Non</strong></span> <span class='ocrx_word' id='word_1_428' title='bbox 2490 2553 2816 2625; x_wconf 85' lang='lat' dir='ltr'><strong>ingrediaris</strong></span> <span class='ocrx_word' id='word_1_429' title='bbox 2845 2552 3095 2622; x_wconf 84' lang='lat' dir='ltr'><strong>Galgala,</strong></span> <span class='ocrx_word' id='word_1_430' title='bbox 3127 2554 3194 2604; x_wconf 87' lang='lat' dir='ltr'><strong>de</strong></span> <span class='ocrx_word' id='word_1_431' title='bbox 3238 2564 3343 2619; x_wconf 89' lang='lat' dir='ltr'><strong>qua</strong></span> <span class='ocrx_word' id='word_1_432' title='bbox 3376 2550 3430 2603; x_wconf 89' lang='lat' dir='ltr'><strong>in</strong></span> <span class='ocrx_word' id='word_1_433' title='bbox 3460 2548 3565 2603; x_wconf 89' lang='lat' dir='ltr'><strong>hoc</strong></span> <span class='ocrx_word' id='word_1_434' title='bbox 3605 2561 3699 2600; x_wconf 55' lang='lat' dir='ltr'><strong>co‘</strong></span> 
     </span>
    </p>
   </div>
   <div class='ocr_carea' id='block_1_56' title="bbox 2096 2639 3705 2720">
    <p class='ocr_par' dir='ltr' id='par_1_56' title="bbox 2096 2639 3705 2720">
     <span class='ocr_line' id='line_1_56' title="bbox 2096 2639 3705 2720; baseline -0.009 -14"><span class='ocrx_word' id='word_1_435' title='bbox 2096 2650 2221 2706; x_wconf 89' lang='lat' dir='ltr'><strong>dem</strong></span> <span class='ocrx_word' id='word_1_436' title='bbox 2252 2650 2519 2720; x_wconf 85' lang='lat' dir='ltr'><strong>propheta</strong></span> <span class='ocrx_word' id='word_1_437' title='bbox 2552 2648 2783 2717; x_wconf 80' lang='lat' dir='ltr'><strong>legimus</strong></span> <span class='ocrx_word' id='word_1_438' title='bbox 2813 2665 2826 2700; x_wconf 86' lang='lat'><strong>:</strong></span> <span class='ocrx_word' id='word_1_439' title='bbox 2861 2645 3042 2700; x_wconf 88' lang='lat' dir='ltr'><strong>Omnis</strong></span> <span class='ocrx_word' id='word_1_440' title='bbox 3064 2644 3261 2698; x_wconf 87' lang='lat' dir='ltr'><strong>malitia</strong></span> <span class='ocrx_word' id='word_1_441' title='bbox 3284 2658 3462 2698; x_wconf 80' lang='lat' dir='ltr'><strong>eorum</strong></span> <span class='ocrx_word' id='word_1_442' title='bbox 3487 2642 3544 2696; x_wconf 83' lang='lat' dir='ltr'><strong>in</strong></span> <span class='ocrx_word' id='word_1_443' title='bbox 3571 2639 3705 2694; x_wconf 80' lang='lat' dir='ltr'><strong>Gal-</strong></span> 
     </span>
    </p>
   </div>
   <div class='ocr_carea' id='block_1_57' title="bbox 2097 2735 3700 2816">
    <p class='ocr_par' dir='ltr' id='par_1_57' title="bbox 2097 2735 3700 2816">
     <span class='ocr_line' id='line_1_57' title="bbox 2097 2735 3700 2816; baseline -0.007 -18"><span class='ocrx_word' id='word_1_444' title='bbox 2097 2744 2232 2816; x_wconf 88' lang='lat' dir='ltr'><strong>galis</strong></span> <span class='ocrx_word' id='word_1_445' title='bbox 2259 2747 2276 2814; x_wconf 90' lang='lat'><strong>(</strong></span> <span class='ocrx_word' id='word_1_446' title='bbox 2299 2744 2429 2798; x_wconf 80' lang='lat' dir='ltr'><strong>Osce</strong></span> <span class='ocrx_word' id='word_1_447' title='bbox 2450 2758 2524 2806; x_wconf 83' lang='lat' dir='ltr'><strong>nt,</strong></span> <span class='ocrx_word' id='word_1_448' title='bbox 2551 2740 2683 2812; x_wconf 78' lang='grc'><strong>15),</strong></span> <span class='ocrx_word' id='word_1_449' title='bbox 2711 2740 2765 2795; x_wconf 88' lang='lat' dir='ltr'><strong>in</strong></span> <span class='ocrx_word' id='word_1_450' title='bbox 2794 2754 2902 2809; x_wconf 89' lang='lat' dir='ltr'><strong>qua</strong></span> <span class='ocrx_word' id='word_1_451' title='bbox 2924 2738 3053 2795; x_wconf 89' lang='lat' dir='ltr'><strong>Saul</strong></span> <span class='ocrx_word' id='word_1_452' title='bbox 3080 2748 3275 2792; x_wconf 86' lang='lat' dir='ltr'><strong>unetus</strong></span> <span class='ocrx_word' id='word_1_453' title='bbox 3304 2735 3464 2790; x_wconf 81' lang='lat' dir='ltr'><strong>estin</strong></span> <span class='ocrx_word' id='word_1_454' title='bbox 3491 2749 3700 2804; x_wconf 81' lang='lat' dir='ltr'><strong>regem:</strong></span> 
     </span>
    </p>
   </div>
   <div class='ocr_carea' id='block_1_58' title="bbox 2099 2829 3700 2906">
    <p class='ocr_par' dir='ltr' id='par_1_58' title="bbox 2099 2829 3700 2906">
     <span class='ocr_line' id='line_1_58' title="bbox 2099 2829 3700 2906; baseline -0.007 -15"><span class='ocrx_word' id='word_1_455' title='bbox 2099 2839 2150 2891; x_wconf 94' lang='lat' dir='ltr'><strong>in</strong></span> <span class='ocrx_word' id='word_1_456' title='bbox 2199 2853 2301 2906; x_wconf 88' lang='lat' dir='ltr'><strong>qua</strong></span> <span class='ocrx_word' id='word_1_457' title='bbox 2334 2835 2523 2891; x_wconf 79' lang='lat' dir='ltr'><strong>exiens</strong></span> <span class='ocrx_word' id='word_1_458' title='bbox 2558 2835 2792 2906; x_wconf 88' lang='lat' dir='ltr'><strong>populus</strong></span> <span class='ocrx_word' id='word_1_459' title='bbox 2838 2834 2905 2888; x_wconf 91' lang='lat' dir='ltr'><strong>de</strong></span> <span class='ocrx_word' id='word_1_460' title='bbox 2946 2832 3187 2895; x_wconf 87' lang='lat' dir='ltr'><strong>deserto,</strong></span> <span class='ocrx_word' id='word_1_461' title='bbox 3220 2829 3456 2900; x_wconf 88' lang='lat' dir='ltr'><strong>primum</strong></span> <span class='ocrx_word' id='word_1_462' title='bbox 3487 2838 3700 2883; x_wconf 46' lang='lat' dir='ltr'><strong>castra»</strong></span> 
     </span>
    </p>
   </div>
   <div class='ocr_carea' id='block_1_59' title="bbox 2099 2921 3694 2993">
    <p class='ocr_par' dir='ltr' id='par_1_59' title="bbox 2099 2921 3694 2993">
     <span class='ocr_line' id='line_1_59' title="bbox 2099 2921 3694 2993; baseline -0.006 -9"><span class='ocrx_word' id='word_1_463' title='bbox 2099 2939 2355 2993; x_wconf 82' lang='lat' dir='ltr'><strong>metatus,</strong></span> <span class='ocrx_word' id='word_1_464' title='bbox 2407 2926 2641 2983; x_wconf 76' lang='lat' dir='ltr'><strong>secunda</strong></span> <span class='ocrx_word' id='word_1_465' title='bbox 2688 2925 3108 2981; x_wconf 79' lang='lat' dir='ltr'><strong>circumcisione</strong></span> <span class='ocrx_word' id='word_1_466' title='bbox 3156 2930 3417 2993; x_wconf 87' lang='lat' dir='ltr'><strong>purgatus</strong></span> <span class='ocrx_word' id='word_1_467' title='bbox 3463 2930 3570 2976; x_wconf 87' lang='lat' dir='ltr'><strong>est.</strong></span> <span class='ocrx_word' id='word_1_468' title='bbox 3616 2921 3694 2975; x_wconf 83' lang='lat' dir='ltr'><strong>Ex</strong></span> 
     </span>
    </p>
   </div>
   <div class='ocr_carea' id='block_1_60' title="bbox 2098 3013 3699 3092">
    <p class='ocr_par' dir='ltr' id='par_1_60' title="bbox 2098 3013 3699 3092">
     <span class='ocr_line' id='line_1_60' title="bbox 2098 3013 3699 3092; baseline -0.006 -16"><span class='ocrx_word' id='word_1_469' title='bbox 2098 3038 2206 3092; x_wconf 89' lang='lat' dir='ltr'><strong>quo</strong></span> <span class='ocrx_word' id='word_1_470' title='bbox 2240 3031 2488 3090; x_wconf 89' lang='lat' dir='ltr'><strong>tempore</strong></span> <span class='ocrx_word' id='word_1_471' title='bbox 2518 3018 2804 3089; x_wconf 83' lang='lat' dir='ltr'><strong>religionis</strong></span> <span class='ocrx_word' id='word_1_472' title='bbox 2827 3016 3096 3081; x_wconf 60' lang='lat' dir='ltr'><strong>adversm,</strong></span> <span class='ocrx_word' id='word_1_473' title='bbox 3127 3016 3177 3070; x_wconf 93' lang='lat' dir='ltr'><strong>in</strong></span> <span class='ocrx_word' id='word_1_474' title='bbox 3214 3014 3339 3070; x_wconf 89' lang='lat' dir='ltr'><strong>loco</strong></span> <span class='ocrx_word' id='word_1_475' title='bbox 3367 3013 3572 3068; x_wconf 83' lang='lat' dir='ltr'><strong>celebri</strong></span> <span class='ocrx_word' id='word_1_476' title='bbox 3608 3026 3699 3067; x_wconf 85' lang='lat' dir='ltr'><strong>er-</strong></span> 
     </span>
    </p>
   </div>
   <div class='ocr_carea' id='block_1_61' title="bbox 2099 3103 3697 3172">
    <p class='ocr_par' dir='ltr' id='par_1_61' title="bbox 2099 3103 3697 3172">
     <span class='ocr_line' id='line_1_61' title="bbox 2099 3103 3697 3172; baseline -0.007 -3"><span class='ocrx_word' id='word_1_477' title='bbox 2099 3132 2190 3169; x_wconf 91' lang='lat' dir='ltr'><strong>ror</strong></span> <span class='ocrx_word' id='word_1_478' title='bbox 2237 3114 2480 3170; x_wconf 87' lang='lat' dir='ltr'><strong>inolevit.</strong></span> <span class='ocrx_word' id='word_1_479' title='bbox 2527 3113 2593 3167; x_wconf 85' lang='lat' dir='ltr'><strong>Et</strong></span> <span class='ocrx_word' id='word_1_480' title='bbox 2635 3127 2702 3168; x_wconf 86' lang='lat' dir='ltr'><strong>ne</strong></span> <span class='ocrx_word' id='word_1_481' title='bbox 2751 3109 3021 3166; x_wconf 84' lang='lat' dir='ltr'><strong>ascendas</strong></span> <span class='ocrx_word' id='word_1_482' title='bbox 3060 3108 3112 3162; x_wconf 90' lang='lat' dir='ltr'><strong>in</strong></span> <span class='ocrx_word' id='word_1_483' title='bbox 3148 3106 3449 3172; x_wconf 86' lang='lat' dir='ltr'><strong>Bethaven,</strong></span> <span class='ocrx_word' id='word_1_484' title='bbox 3503 3103 3553 3159; x_wconf 92' lang='lat' dir='ltr'><strong>id</strong></span> <span class='ocrx_word' id='word_1_485' title='bbox 3587 3112 3697 3170; x_wconf 82' lang='lat' dir='ltr'><strong>est,</strong></span> 
     </span>
    </p>
   </div>
   <div class='ocr_carea' id='block_1_62' title="bbox 398 3194 3699 3279">
    <p class='ocr_par' dir='ltr' id='par_1_62' title="bbox 398 3194 3699 3279">
     <span class='ocr_line' id='line_1_62' title="bbox 398 3194 3699 3279; baseline -0.002 -24"><span class='ocrx_word' id='word_1_486' title='bbox 398 3216 457 3255; x_wconf 65' lang='grc' dir='ltr'>ευ</span> <span class='ocrx_word' id='word_1_487' title='bbox 505 3201 771 3271; x_wconf 87' lang='lat' dir='ltr'><strong>potentia,</strong></span> <span class='ocrx_word' id='word_1_488' title='bbox 822 3199 1059 3255; x_wconf 87' lang='lat' dir='ltr'><strong>sanitate</strong></span> <span class='ocrx_word' id='word_1_489' title='bbox 1103 3198 1363 3269; x_wconf 88' lang='lat' dir='ltr'><strong>gaudere,</strong></span> <span class='ocrx_word' id='word_1_490' title='bbox 1421 3196 1686 3252; x_wconf 89' lang='lat' dir='ltr'><strong>delectari</strong></span> <span class='ocrx_word' id='word_1_491' title='bbox 1735 3196 1989 3265; x_wconf 81' lang='lat' dir='ltr'><strong>conjuge,</strong></span> <span class='ocrx_word' id='word_1_492' title='bbox 2020 3194 2065 3259; x_wconf 88' lang='lat' dir='ltr'>C</span> <span class='ocrx_word' id='word_1_493' title='bbox 2098 3223 2221 3279; x_wconf 60' lang='lat' dir='ltr'><strong>qum</strong></span> <span class='ocrx_word' id='word_1_494' title='bbox 2280 3206 2554 3278; x_wconf 67' lang='lat' dir='ltr'><strong>quondam</strong></span> <span class='ocrx_word' id='word_1_495' title='bbox 2616 3204 2916 3259; x_wconf 61' lang='lat' dir='ltr'><strong>vocabatur</strong></span> <span class='ocrx_word' id='word_1_496' title='bbox 2970 3200 3191 3265; x_wconf 76' lang='lat' dir='ltr'><strong>Betbel,</strong></span> <span class='ocrx_word' id='word_1_497' title='bbox 3233 3200 3359 3267; x_wconf 86' lang='lat' dir='ltr'><strong>quia</strong></span> <span class='ocrx_word' id='word_1_498' title='bbox 3409 3204 3699 3267; x_wconf 78' lang='lat' dir='ltr'><strong>postquam</strong></span> 
     </span>
    </p>
   </div>
   <div class='ocr_carea' id='block_1_63' title="bbox 398 3287 1990 3362">
    <p class='ocr_par' dir='ltr' id='par_1_63' title="bbox 398 3287 1990 3362">
     <span class='ocr_line' id='line_1_63' title="bbox 398 3287 1990 3362; baseline -0.004 -11"><span class='ocrx_word' id='word_1_499' title='bbox 398 3308 601 3351; x_wconf 87' lang='lat' dir='ltr'><strong>corona</strong></span> <span class='ocrx_word' id='word_1_500' title='bbox 632 3294 961 3350; x_wconf 87' lang='lat' dir='ltr'><strong>circumdari</strong></span> <span class='ocrx_word' id='word_1_501' title='bbox 993 3292 1322 3357; x_wconf 86' lang='lat' dir='ltr'><strong>liberorum,</strong></span> <span class='ocrx_word' id='word_1_502' title='bbox 1348 3301 1397 3345; x_wconf 90' lang='lat' dir='ltr'><strong>et</strong></span> <span class='ocrx_word' id='word_1_503' title='bbox 1440 3290 1658 3360; x_wconf 88' lang='lat' dir='ltr'><strong>impleri</strong></span> <span class='ocrx_word' id='word_1_504' title='bbox 1701 3288 1835 3344; x_wconf 91' lang='lat' dir='ltr'><strong>illud</strong></span> <span class='ocrx_word' id='word_1_505' title='bbox 1868 3287 1990 3362; x_wconf 80' lang='grc' dir='ltr'><strong>[ΑΙ.</strong></span> 
     </span>
    </p>
   </div>
   <div class='ocr_carea' id='block_1_64' title="bbox 400 3384 1995 3462">
    <p class='ocr_par' dir='ltr' id='par_1_64' title="bbox 400 3384 1995 3462">
     <span class='ocr_line' id='line_1_64' title="bbox 400 3384 1995 3462; baseline -0.003 -19"><span class='ocrx_word' id='word_1_506' title='bbox 400 3385 581 3462; x_wconf 90' lang='lat' dir='ltr'><strong>aliud]</strong></span> <span class='ocrx_word' id='word_1_507' title='bbox 609 3389 752 3459; x_wconf 90' lang='lat' dir='ltr'><strong>quod</strong></span> <span class='ocrx_word' id='word_1_508' title='bbox 795 3387 1060 3457; x_wconf 83' lang='lat' dir='ltr'><strong>scriptum</strong></span> <span class='ocrx_word' id='word_1_509' title='bbox 1093 3394 1177 3442; x_wconf 75' lang='lat' dir='ltr'><strong>est</strong></span> <span class='ocrx_word' id='word_1_510' title='bbox 1210 3403 1223 3443; x_wconf 83' lang='lat'><strong>:</strong></span> <span class='ocrx_word' id='word_1_511' title='bbox 1259 3384 1323 3439; x_wconf 89' lang='lat' dir='ltr'><strong>In</strong></span> <span class='ocrx_word' id='word_1_512' title='bbox 1376 3385 1553 3439; x_wconf 88' lang='lat' dir='ltr'><strong>labore</strong></span> <span class='ocrx_word' id='word_1_513' title='bbox 1591 3384 1859 3439; x_wconf 85' lang='lat' dir='ltr'><strong>hominum</strong></span> <span class='ocrx_word' id='word_1_514' title='bbox 1892 3401 1995 3439; x_wconf 88' lang='lat' dir='ltr'><strong>non</strong></span> 
     </span>
    </p>
   </div>
   <div class='ocr_carea' id='block_1_65' title="bbox 400 3478 1997 3552">
    <p class='ocr_par' dir='ltr' id='par_1_65' title="bbox 400 3478 1997 3552">
     <span class='ocr_line' id='line_1_65' title="bbox 400 3478 1997 3552; baseline -0.001 -17"><span class='ocrx_word' id='word_1_515' title='bbox 400 3493 542 3545; x_wconf 88' lang='lat' dir='ltr'><strong>sunt,</strong></span> <span class='ocrx_word' id='word_1_516' title='bbox 578 3491 763 3535; x_wconf 90' lang='lat' dir='ltr'><strong>etcum</strong></span> <span class='ocrx_word' id='word_1_517' title='bbox 784 3480 1074 3535; x_wconf 81' lang='lat' dir='ltr'><strong>hominibus</strong></span> <span class='ocrx_word' id='word_1_518' title='bbox 1104 3498 1205 3535; x_wconf 90' lang='lat' dir='ltr'><strong>non</strong></span> <span class='ocrx_word' id='word_1_519' title='bbox 1234 3480 1638 3552; x_wconf 82' lang='lat' dir='ltr'><strong>ﬂagellabuntur</strong></span> <span class='ocrx_word' id='word_1_520' title='bbox 1668 3478 1795 3548; x_wconf 87' lang='lat' dir='ltr'><strong>(Ps.</strong></span> <span class='ocrx_word' id='word_1_521' title='bbox 1827 3494 1997 3547; x_wconf 77' lang='lat' dir='ltr'><strong>Lxxn,</strong></span> 
     </span>
    </p>
   </div>
   <div class='ocr_carea' id='block_1_66' title="bbox 403 3572 1994 3644">
    <p class='ocr_par' dir='ltr' id='par_1_66' title="bbox 403 3572 1994 3644">
     <span class='ocr_line' id='line_1_66' title="bbox 403 3572 1994 3644; baseline 0.001 -16"><span class='ocrx_word' id='word_1_522' title='bbox 403 3572 501 3644; x_wconf 69' lang='grc' dir='ltr'><strong>ὃ),</strong></span> <span class='ocrx_word' id='word_1_523' title='bbox 550 3573 723 3629; x_wconf 87' lang='lat' dir='ltr'><strong>dicito</strong></span> <span class='ocrx_word' id='word_1_524' title='bbox 764 3575 814 3628; x_wconf 90' lang='lat' dir='ltr'><strong>in</strong></span> <span class='ocrx_word' id='word_1_525' title='bbox 859 3575 957 3629; x_wconf 92' lang='lat' dir='ltr'><strong>illo</strong></span> <span class='ocrx_word' id='word_1_526' title='bbox 1003 3574 1483 3629; x_wconf 86' lang='lat' dir='ltr'><strong>comminationem</strong></span> <span class='ocrx_word' id='word_1_527' title='bbox 1535 3575 1820 3644; x_wconf 68' lang='lat' dir='ltr'><strong>Propheta:</strong></span> <span class='ocrx_word' id='word_1_528' title='bbox 1871 3588 1994 3629; x_wconf 88' lang='lat' dir='ltr'><strong>esse</strong></span> 
     </span>
    </p>
   </div>
   <div class='ocr_carea' id='block_1_67' title="bbox 401 3666 1998 3740">
    <p class='ocr_par' dir='ltr' id='par_1_67' title="bbox 401 3666 1998 3740">
     <span class='ocr_line' id='line_1_67' title="bbox 401 3666 1998 3740; baseline 0 -18"><span class='ocrx_word' id='word_1_529' title='bbox 401 3669 731 3738; x_wconf 87' lang='lat' dir='ltr'><strong>completam</strong></span> <span class='ocrx_word' id='word_1_530' title='bbox 761 3686 773 3723; x_wconf 90' lang='lat'>:</span> <span class='ocrx_word' id='word_1_531' title='bbox 801 3666 921 3723; x_wconf 89' lang='lat' dir='ltr'><strong>Non</strong></span> <span class='ocrx_word' id='word_1_532' title='bbox 946 3668 1161 3723; x_wconf 71' lang='lat' dir='ltr'><strong>visitabo</strong></span> <span class='ocrx_word' id='word_1_533' title='bbox 1183 3685 1335 3740; x_wconf 82' lang='lat' dir='ltr'><strong>super</strong></span> <span class='ocrx_word' id='word_1_534' title='bbox 1358 3667 1499 3739; x_wconf 73' lang='lat' dir='ltr'><strong>ﬁlias</strong></span> <span class='ocrx_word' id='word_1_535' title='bbox 1524 3679 1714 3722; x_wconf 84' lang='lat' dir='ltr'><strong>vestras</strong></span> <span class='ocrx_word' id='word_1_536' title='bbox 1741 3684 1859 3722; x_wconf 90' lang='lat' dir='ltr'><strong>cum</strong></span> <span class='ocrx_word' id='word_1_537' title='bbox 1883 3671 1998 3739; x_wconf 75' lang='lat' dir='ltr'><strong>fuc-</strong></span> 
     </span>
    </p>
   </div>
   <div class='ocr_carea' id='block_1_68' title="bbox 401 3762 1997 3836">
    <p class='ocr_par' dir='ltr' id='par_1_68' title="bbox 401 3762 1997 3836">
     <span class='ocr_line' id='line_1_68' title="bbox 401 3762 1997 3836; baseline 0.001 -21"><span class='ocrx_word' id='word_1_538' title='bbox 401 3763 509 3817; x_wconf 85' lang='lat' dir='ltr'><strong>rint</strong></span> <span class='ocrx_word' id='word_1_539' title='bbox 537 3764 828 3835; x_wconf 74' lang='lat' dir='ltr'><strong>[ornicataz,</strong></span> <span class='ocrx_word' id='word_1_540' title='bbox 862 3774 908 3819; x_wconf 90' lang='lat' dir='ltr'><strong>et</strong></span> <span class='ocrx_word' id='word_1_541' title='bbox 935 3780 1087 3836; x_wconf 85' lang='lat' dir='ltr'><strong>super</strong></span> <span class='ocrx_word' id='word_1_542' title='bbox 1120 3779 1340 3835; x_wconf 85' lang='lat' dir='ltr'><strong>sponsas</strong></span> <span class='ocrx_word' id='word_1_543' title='bbox 1367 3771 1559 3817; x_wconf 88' lang='lat' dir='ltr'><strong>vestras</strong></span> <span class='ocrx_word' id='word_1_544' title='bbox 1583 3779 1699 3817; x_wconf 87' lang='lat' dir='ltr'><strong>cum</strong></span> <span class='ocrx_word' id='word_1_545' title='bbox 1728 3762 1997 3817; x_wconf 88' lang='lat' dir='ltr'><strong>adultera-</strong></span> 
     </span>
    </p>
   </div>
   <div class='ocr_carea' id='block_1_69' title="bbox 403 3856 589 3910">
    <p class='ocr_par' dir='ltr' id='par_1_69' title="bbox 403 3856 589 3910">
     <span class='ocr_line' id='line_1_69' title="bbox 403 3856 589 3910; baseline 0.005 -2"><span class='ocrx_word' id='word_1_546' title='bbox 403 3856 589 3910; x_wconf 89' lang='lat' dir='ltr'><strong>verint.</strong></span> 
     </span>
    </p>
   </div>
   <div class='ocr_carea' id='block_1_70' title="bbox 475 3945 1998 4019">
    <p class='ocr_par' dir='ltr' id='par_1_70' title="bbox 475 3945 1998 4019">
     <span class='ocr_line' id='line_1_70' title="bbox 475 3945 1998 4019; baseline -0.001 -16"><span class='ocrx_word' id='word_1_547' title='bbox 475 3948 668 4019; x_wconf 87' lang='lat' dir='ltr'><strong>(Vers.</strong></span> <span class='ocrx_word' id='word_1_548' title='bbox 701 3947 790 4018; x_wconf 76' lang='grc'><strong>15,</strong></span> <span class='ocrx_word' id='word_1_549' title='bbox 828 3947 950 4018; x_wconf 80' lang='grc'><strong>16.)</strong></span> <span class='ocrx_word' id='word_1_550' title='bbox 993 3946 1053 4003; x_wconf 88' lang='lat' dir='ltr'><strong>Si</strong></span> <span class='ocrx_word' id='word_1_551' title='bbox 1081 3948 1357 4019; x_wconf 74' lang='lat' dir='ltr'><strong>fornicaris</strong></span> <span class='ocrx_word' id='word_1_552' title='bbox 1386 3957 1460 4011; x_wconf 86' lang='lat' dir='ltr'><strong>tu,</strong></span> <span class='ocrx_word' id='word_1_553' title='bbox 1486 3945 1671 4011; x_wconf 87' lang='lat' dir='ltr'><strong>Israel,</strong></span> <span class='ocrx_word' id='word_1_554' title='bbox 1707 3964 1807 4001; x_wconf 88' lang='lat' dir='ltr'><strong>non</strong></span> <span class='ocrx_word' id='word_1_555' title='bbox 1832 3947 1998 4002; x_wconf 82' lang='lat' dir='ltr'><strong>delin-</strong></span> 
     </span>
    </p>
   </div>
   <div class='ocr_carea' id='block_1_71' title="bbox 403 4022 2003 4114">
    <p class='ocr_par' dir='ltr' id='par_1_71' title="bbox 403 4022 2003 4114">
     <span class='ocr_line' id='line_1_71' title="bbox 403 4022 2003 4114; baseline 0.002 -21"><span class='ocrx_word' id='word_1_556' title='bbox 403 4050 525 4112; x_wconf 91' lang='lat' dir='ltr'><strong>quat</strong></span> <span class='ocrx_word' id='word_1_557' title='bbox 572 4038 754 4094; x_wconf 88' lang='lat' dir='ltr'><strong>saltem</strong></span> <span class='ocrx_word' id='word_1_558' title='bbox 781 4038 941 4107; x_wconf 76' lang='lat' dir='ltr'><strong>Juda,</strong></span> <span class='ocrx_word' id='word_1_559' title='bbox 969 4049 1017 4095; x_wconf 89' lang='lat' dir='ltr'><strong>et</strong></span> <span class='ocrx_word' id='word_1_560' title='bbox 1060 4022 1217 4094; x_wconf 74' lang='lat' dir='ltr'><strong>nolite</strong></span> <span class='ocrx_word' id='word_1_561' title='bbox 1263 4040 1467 4111; x_wconf 82' lang='lat' dir='ltr'><strong>ingredi</strong></span> <span class='ocrx_word' id='word_1_562' title='bbox 1492 4041 1545 4094; x_wconf 87' lang='lat' dir='ltr'><strong>in</strong></span> <span class='ocrx_word' id='word_1_563' title='bbox 1570 4038 1821 4114; x_wconf 83' lang='lat' dir='ltr'><strong>Galgala,</strong></span> <span class='ocrx_word' id='word_1_564' title='bbox 1864 4050 2003 4096; x_wconf 84' lang='lat' dir='ltr'><strong>etne</strong></span> 
     </span>
    </p>
   </div>
   <div class='ocr_carea' id='block_1_72' title="bbox 404 4132 2004 4206">
    <p class='ocr_par' dir='ltr' id='par_1_72' title="bbox 404 4132 2004 4206">
     <span class='ocr_line' id='line_1_72' title="bbox 404 4132 2004 4206; baseline 0.001 -20"><span class='ocrx_word' id='word_1_565' title='bbox 404 4134 738 4189; x_wconf 83' lang='lat' dir='ltr'><strong>ascenderitis</strong></span> <span class='ocrx_word' id='word_1_566' title='bbox 770 4134 822 4187; x_wconf 85' lang='lat' dir='ltr'><strong>in</strong></span> <span class='ocrx_word' id='word_1_567' title='bbox 862 4132 1142 4200; x_wconf 75' lang='lat' dir='ltr'><strong>Bethaven,</strong></span> <span class='ocrx_word' id='word_1_568' title='bbox 1194 4150 1352 4205; x_wconf 87' lang='lat' dir='ltr'><strong>neque</strong></span> <span class='ocrx_word' id='word_1_569' title='bbox 1383 4135 1707 4206; x_wconf 80' lang='lat' dir='ltr'><strong>jurarcritis,</strong></span> <span class='ocrx_word' id='word_1_570' title='bbox 1739 4134 1859 4188; x_wconf 72' lang='lat' dir='ltr'><strong>vivit</strong></span> <span class='ocrx_word' id='word_1_571' title='bbox 1890 4132 2004 4188; x_wconf 85' lang='lat' dir='ltr'><strong>Do-</strong></span> 
     </span>
    </p>
   </div>
   <div class='ocr_carea' id='block_1_73' title="bbox 405 4227 1999 4298">
    <p class='ocr_par' dir='ltr' id='par_1_73' title="bbox 405 4227 1999 4298">
     <span class='ocr_line' id='line_1_73' title="bbox 405 4227 1999 4298; baseline 0.002 -19"><span class='ocrx_word' id='word_1_572' title='bbox 405 4229 594 4295; x_wconf 70' lang='lat' dir='ltr'><strong>minua,</strong></span> <span class='ocrx_word' id='word_1_573' title='bbox 634 4228 878 4298; x_wconf 84' lang='lat' dir='ltr'><strong>quoniam</strong></span> <span class='ocrx_word' id='word_1_574' title='bbox 916 4231 1052 4283; x_wconf 85' lang='lat' dir='ltr'><strong>sicut</strong></span> <span class='ocrx_word' id='word_1_575' title='bbox 1092 4244 1247 4282; x_wconf 87' lang='lat' dir='ltr'><strong>vacca</strong></span> <span class='ocrx_word' id='word_1_576' title='bbox 1289 4229 1561 4283; x_wconf 81' lang='lat' dir='ltr'><strong>lasciviens</strong></span> <span class='ocrx_word' id='word_1_577' title='bbox 1590 4227 1868 4282; x_wconf 83' lang='lat' dir='ltr'><strong>declinavit</strong></span> <span class='ocrx_word' id='word_1_578' title='bbox 1911 4227 1999 4282; x_wconf 89' lang='lat' dir='ltr'><strong>Is-</strong></span> 
     </span>
    </p>
   </div>
   <div class='ocr_carea' id='block_1_74' title="bbox 403 4319 2003 4394">
    <p class='ocr_par' dir='ltr' id='par_1_74' title="bbox 403 4319 2003 4394">
     <span class='ocr_line' id='line_1_74' title="bbox 403 4319 2003 4394; baseline 0.002 -21"><span class='ocrx_word' id='word_1_579' title='bbox 403 4319 534 4374; x_wconf 69' lang='lat' dir='ltr'><strong>rael.</strong></span> <span class='ocrx_word' id='word_1_580' title='bbox 585 4320 739 4375; x_wconf 84' lang='lat' dir='ltr'><strong>Nunc</strong></span> <span class='ocrx_word' id='word_1_581' title='bbox 776 4332 945 4392; x_wconf 85' lang='lat' dir='ltr'><strong>pascet</strong></span> <span class='ocrx_word' id='word_1_582' title='bbox 987 4321 1116 4394; x_wconf 79' lang='lat' dir='ltr'><strong>[AL</strong></span> <span class='ocrx_word' id='word_1_583' title='bbox 1159 4319 1359 4394; x_wconf 82' lang='lat' dir='ltr'><strong>pascit]</strong></span> <span class='ocrx_word' id='word_1_584' title='bbox 1403 4338 1485 4374; x_wconf 79' lang='lat' dir='ltr'><strong>eos</strong></span> <span class='ocrx_word' id='word_1_585' title='bbox 1539 4319 1795 4375; x_wconf 87' lang='lat' dir='ltr'><strong>Dominus</strong></span> <span class='ocrx_word' id='word_1_586' title='bbox 1852 4322 2003 4387; x_wconf 84' lang='lat' dir='ltr'><strong>quasi</strong></span> 
     </span>
    </p>
   </div>
   <div class='ocr_carea' id='block_1_75' title="bbox 404 4409 2007 4484">
    <p class='ocr_par' dir='ltr' id='par_1_75' title="bbox 404 4409 2007 4484">
     <span class='ocr_line' id='line_1_75' title="bbox 404 4409 2007 4484; baseline 0.002 -20"><span class='ocrx_word' id='word_1_587' title='bbox 404 4428 597 4484; x_wconf 72' lang='lat' dir='ltr'><strong>agnum</strong></span> <span class='ocrx_word' id='word_1_588' title='bbox 618 4412 673 4466; x_wconf 88' lang='lat' dir='ltr'><strong>in</strong></span> <span class='ocrx_word' id='word_1_589' title='bbox 701 4413 992 4467; x_wconf 87' lang='lat' dir='ltr'><strong>latitudine.</strong></span> <span class='ocrx_word' id='word_1_590' title='bbox 1018 4411 1164 4466; x_wconf 74' lang='lat' dir='ltr'><strong>LXX</strong></span> <span class='ocrx_word' id='word_1_591' title='bbox 1185 4429 1197 4465; x_wconf 90' lang='lat'><strong>:</strong></span> <span class='ocrx_word' id='word_1_592' title='bbox 1219 4411 1300 4466; x_wconf 88' lang='lat' dir='ltr'><strong>Tu</strong></span> <span class='ocrx_word' id='word_1_593' title='bbox 1324 4420 1516 4479; x_wconf 86' lang='lat' dir='ltr'><strong>autem,</strong></span> <span class='ocrx_word' id='word_1_594' title='bbox 1548 4409 1739 4476; x_wconf 80' lang='lat' dir='ltr'><strong>Israel,</strong></span> <span class='ocrx_word' id='word_1_595' title='bbox 1771 4429 1831 4465; x_wconf 84' lang='lat' dir='ltr'><strong>ne</strong></span> <span class='ocrx_word' id='word_1_596' title='bbox 1860 4413 2007 4483; x_wconf 83' lang='lat' dir='ltr'><strong>igna-</strong></span> 
     </span>
    </p>
   </div>
   <div class='ocr_carea' id='block_1_76' title="bbox 403 4502 2003 4578">
    <p class='ocr_par' dir='ltr' id='par_1_76' title="bbox 403 4502 2003 4578">
     <span class='ocr_line' id='line_1_76' title="bbox 403 4502 2003 4578; baseline 0.002 -18"><span class='ocrx_word' id='word_1_597' title='bbox 403 4524 503 4571; x_wconf 82' lang='lat' dir='ltr'><strong>res,</strong></span> <span class='ocrx_word' id='word_1_598' title='bbox 539 4518 585 4562; x_wconf 86' lang='lat' dir='ltr'><strong>et</strong></span> <span class='ocrx_word' id='word_1_599' title='bbox 625 4502 790 4572; x_wconf 85' lang='lat' dir='ltr'><strong>.Iuda,</strong></span> <span class='ocrx_word' id='word_1_600' title='bbox 822 4505 981 4561; x_wconf 88' lang='lat' dir='ltr'><strong>nolite</strong></span> <span class='ocrx_word' id='word_1_601' title='bbox 1021 4506 1224 4578; x_wconf 86' lang='lat' dir='ltr'><strong>ingredi</strong></span> <span class='ocrx_word' id='word_1_602' title='bbox 1252 4508 1303 4560; x_wconf 87' lang='lat' dir='ltr'><strong>in</strong></span> <span class='ocrx_word' id='word_1_603' title='bbox 1336 4505 1581 4577; x_wconf 83' lang='lat' dir='ltr'><strong>Galgnfa,</strong></span> <span class='ocrx_word' id='word_1_604' title='bbox 1622 4524 1684 4559; x_wconf 86' lang='lat' dir='ltr'><strong>ne</strong></span> <span class='ocrx_word' id='word_1_605' title='bbox 1709 4506 2003 4563; x_wconf 79' lang='lat' dir='ltr'><strong>ascendatis</strong></span> 
     </span>
    </p>
   </div>
   <div class='ocr_carea' id='block_1_77' title="bbox 2099 3286 3694 3369">
    <p class='ocr_par' dir='ltr' id='par_1_77' title="bbox 2099 3286 3694 3369">
     <span class='ocr_line' id='line_1_77' title="bbox 2099 3286 3694 3369; baseline -0.011 -12"><span class='ocrx_word' id='word_1_606' title='bbox 2099 3302 2249 3357; x_wconf 90' lang='lat' dir='ltr'><strong>aurei</strong></span> <span class='ocrx_word' id='word_1_607' title='bbox 2278 3301 2352 3355; x_wconf 91' lang='lat' dir='ltr'><strong>ibi</strong></span> <span class='ocrx_word' id='word_1_608' title='bbox 2381 3298 2539 3354; x_wconf 84' lang='lat' dir='ltr'><strong>vituli</strong></span> <span class='ocrx_word' id='word_1_609' title='bbox 2578 3298 2739 3369; x_wconf 86' lang='lat' dir='ltr'><strong>positi</strong></span> <span class='ocrx_word' id='word_1_610' title='bbox 2766 3306 2892 3353; x_wconf 86' lang='lat' dir='ltr'><strong>sunt</strong></span> <span class='ocrx_word' id='word_1_611' title='bbox 2930 3310 2960 3350; x_wconf 88' lang='lat' dir='ltr'><strong>a</strong></span> <span class='ocrx_word' id='word_1_612' title='bbox 2998 3292 3288 3350; x_wconf 85' lang='lat' dir='ltr'><strong>Jeroboam</strong></span> <span class='ocrx_word' id='word_1_613' title='bbox 3315 3289 3427 3346; x_wconf 76' lang='lat' dir='ltr'><strong>lilio</strong></span> <span class='ocrx_word' id='word_1_614' title='bbox 3459 3286 3694 3352; x_wconf 79' lang='lat' dir='ltr'><strong>Nabath,</strong></span> 
     </span>
    </p>
   </div>
   <div class='ocr_carea' id='block_1_78' title="bbox 2100 3381 3703 3461">
    <p class='ocr_par' dir='ltr' id='par_1_78' title="bbox 2100 3381 3703 3461">
     <span class='ocr_line' id='line_1_78' title="bbox 2100 3381 3703 3461; baseline -0.008 -12"><span class='ocrx_word' id='word_1_615' title='bbox 2100 3411 2209 3449; x_wconf 85' lang='lat' dir='ltr'><strong>non</strong></span> <span class='ocrx_word' id='word_1_616' title='bbox 2243 3396 2441 3450; x_wconf 82' lang='lat' dir='ltr'><strong>Domus</strong></span> <span class='ocrx_word' id='word_1_617' title='bbox 2469 3392 2565 3448; x_wconf 90' lang='lat' dir='ltr'><strong>Dei</strong></span> <span class='ocrx_word' id='word_1_618' title='bbox 2585 3389 2913 3461; x_wconf 87' lang='lat' dir='ltr'><strong>appellatur,</strong></span> <span class='ocrx_word' id='word_1_619' title='bbox 2936 3386 3034 3443; x_wconf 88' lang='lat' dir='ltr'><strong>sed</strong></span> <span class='ocrx_word' id='word_1_620' title='bbox 3059 3386 3252 3440; x_wconf 89' lang='lat' dir='ltr'><strong>domus</strong></span> <span class='ocrx_word' id='word_1_621' title='bbox 3278 3382 3429 3438; x_wconf 86' lang='lat' dir='ltr'><strong>idoli.</strong></span> <span class='ocrx_word' id='word_1_622' title='bbox 3462 3381 3567 3437; x_wconf 81' lang='lat' dir='ltr'><strong>Pro</strong></span> <span class='ocrx_word' id='word_1_623' title='bbox 3593 3394 3703 3450; x_wconf 83' lang='lat' dir='ltr'><strong>qua</strong></span> 
     </span>
    </p>
   </div>
   <div class='ocr_carea' id='block_1_79' title="bbox 2100 3476 3708 3556">
    <p class='ocr_par' dir='ltr' id='par_1_79' title="bbox 2100 3476 3708 3556">
     <span class='ocr_line' id='line_1_79' title="bbox 2100 3476 3708 3556; baseline -0.011 -11"><span class='ocrx_word' id='word_1_624' title='bbox 2100 3490 2271 3545; x_wconf 88' lang='lat' dir='ltr'><strong>miror</strong></span> <span class='ocrx_word' id='word_1_625' title='bbox 2302 3503 2398 3541; x_wconf 89' lang='lat' dir='ltr'><strong>cur</strong></span> <span class='ocrx_word' id='word_1_626' title='bbox 2428 3485 2785 3556; x_wconf 78' lang='lat' dir='ltr'><strong>Septuaginta</strong></span> <span class='ocrx_word' id='word_1_627' title='bbox 2831 3482 3053 3537; x_wconf 90' lang='lat' dir='ltr'><strong>domum</strong></span> <span class='ocrx_word' id='word_1_628' title='bbox 3084 3478 3150 3534; x_wconf 77' lang='grc' dir='ltr'><strong>ὢν</strong></span> <span class='ocrx_word' id='word_1_629' title='bbox 3182 3476 3527 3547; x_wconf 86' lang='lat' dir='ltr'><strong>interpretati</strong></span> <span class='ocrx_word' id='word_1_630' title='bbox 3550 3480 3708 3529; x_wconf 84' lang='lat' dir='ltr'><strong>sunt;</strong></span> 
     </span>
    </p>
   </div>
   <div class='ocr_carea' id='block_1_80' title="bbox 2100 3566 3699 3644">
    <p class='ocr_par' dir='ltr' id='par_1_80' title="bbox 2100 3566 3699 3644">
     <span class='ocr_line' id='line_1_80' title="bbox 2100 3566 3699 3644; baseline -0.011 -6"><span class='ocrx_word' id='word_1_631' title='bbox 2100 3582 2125 3620; x_wconf 76' lang='grc' dir='ltr'>ἀ</span> <span class='ocrx_word' id='word_1_632' title='bbox 2160 3583 2264 3638; x_wconf 82' lang='lat' dir='ltr'><strong>nisi</strong></span> <span class='ocrx_word' id='word_1_633' title='bbox 2306 3582 2442 3637; x_wconf 84' lang='lat' dir='ltr'><strong>forte</strong></span> <span class='ocrx_word' id='word_1_634' title='bbox 2488 3593 2675 3637; x_wconf 89' lang='lat' dir='ltr'><strong>errore</strong></span> <span class='ocrx_word' id='word_1_635' title='bbox 2703 3583 2965 3631; x_wconf 78' lang='lat' dir='ltr'><strong>consueto</strong></span> <span class='ocrx_word' id='word_1_636' title='bbox 3004 3587 3101 3644; x_wconf 88' lang='lat' dir='ltr'><strong>pro</strong></span> <span class='ocrx_word' id='word_1_637' title='bbox 3133 3586 3225 3627; x_wconf 78' lang='lat' dir='ltr'><strong>son</strong></span> <span class='ocrx_word' id='word_1_638' title='bbox 3282 3570 3463 3625; x_wconf 87' lang='lat' dir='ltr'><strong>littera</strong></span> <span class='ocrx_word' id='word_1_639' title='bbox 3496 3566 3699 3634; x_wconf 87' lang='lat' dir='ltr'><strong>media,</strong></span> 
     </span>
    </p>
   </div>
   <div class='ocr_carea' id='block_1_81' title="bbox 2098 3662 3699 3750">
    <p class='ocr_par' dir='ltr' id='par_1_81' title="bbox 2098 3662 3699 3750">
     <span class='ocr_line' id='line_1_81' title="bbox 2098 3662 3699 3750; baseline -0.011 -17"><span class='ocrx_word' id='word_1_640' title='bbox 2098 3694 2219 3750; x_wconf 76' lang='lat' dir='ltr'><strong>qua:</strong></span> <span class='ocrx_word' id='word_1_641' title='bbox 2251 3691 2424 3731; x_wconf 61' lang='lat' dir='ltr'><strong>nam</strong></span> <span class='ocrx_word' id='word_1_642' title='bbox 2455 3682 2510 3729; x_wconf 85' lang='lat' dir='ltr'><strong>et</strong></span> <span class='ocrx_word' id='word_1_643' title='bbox 2541 3689 2644 3728; x_wconf 73' lang='lat' dir='ltr'><strong>nun</strong></span> <span class='ocrx_word' id='word_1_644' title='bbox 2676 3670 2876 3727; x_wconf 88' lang='lat' dir='ltr'><strong>litteris</strong></span> <span class='ocrx_word' id='word_1_645' title='bbox 2899 3685 2967 3724; x_wconf 79' lang='lat' dir='ltr'><strong>ex</strong></span> <span class='ocrx_word' id='word_1_646' title='bbox 2999 3676 3229 3736; x_wconf 88' lang='lat' dir='ltr'><strong>utraque</strong></span> <span class='ocrx_word' id='word_1_647' title='bbox 3254 3674 3411 3734; x_wconf 86' lang='lat' dir='ltr'><strong>parte</strong></span> <span class='ocrx_word' id='word_1_648' title='bbox 3439 3662 3699 3727; x_wconf 82' lang='lat' dir='ltr'><strong>valletur,</strong></span> 
     </span>
    </p>
   </div>
   <div class='ocr_carea' id='block_1_82' title="bbox 2101 3752 3701 3841">
    <p class='ocr_par' dir='ltr' id='par_1_82' title="bbox 2101 3752 3701 3841">
     <span class='ocr_line' id='line_1_82' title="bbox 2101 3752 3701 3841; baseline -0.012 -16"><span class='ocrx_word' id='word_1_649' title='bbox 2101 3788 2223 3839; x_wconf 64' lang='lat' dir='ltr'><strong>vau,</strong></span> <span class='ocrx_word' id='word_1_650' title='bbox 2268 3786 2390 3841; x_wconf 65' lang='lat' dir='ltr'><strong>quae</strong></span> <span class='ocrx_word' id='word_1_651' title='bbox 2421 3771 2535 3825; x_wconf 88' lang='lat' dir='ltr'><strong>sola</strong></span> <span class='ocrx_word' id='word_1_652' title='bbox 2564 3765 2745 3823; x_wconf 65' lang='lat' dir='ltr'><strong>diﬁ‘ert</strong></span> <span class='ocrx_word' id='word_1_653' title='bbox 2776 3762 3168 3834; x_wconf 89' lang='lat' dir='ltr'><strong>magnitudine,</strong></span> <span class='ocrx_word' id='word_1_654' title='bbox 3202 3766 3551 3829; x_wconf 86' lang='lat' dir='ltr'><strong>putaverunt.</strong></span> <span class='ocrx_word' id='word_1_655' title='bbox 3586 3752 3701 3808; x_wconf 81' lang='lat' dir='ltr'><strong>Ne-</strong></span> 
     </span>
    </p>
   </div>
   <div class='ocr_carea' id='block_1_83' title="bbox 2100 3853 3703 3937">
    <p class='ocr_par' dir='ltr' id='par_1_83' title="bbox 2100 3853 3703 3937">
     <span class='ocr_line' id='line_1_83' title="bbox 2100 3853 3703 3937; baseline -0.011 -17"><span class='ocrx_word' id='word_1_656' title='bbox 2100 3882 2196 3937; x_wconf 87' lang='lat' dir='ltr'><strong>que</strong></span> <span class='ocrx_word' id='word_1_657' title='bbox 2216 3863 2543 3937; x_wconf 80' lang='lat' dir='ltr'><strong>juraveritis,</strong></span> <span class='ocrx_word' id='word_1_658' title='bbox 2576 3860 2697 3914; x_wconf 84' lang='lat' dir='ltr'><strong>vivit</strong></span> <span class='ocrx_word' id='word_1_659' title='bbox 2728 3856 3007 3912; x_wconf 88' lang='lat' dir='ltr'><strong>Dominus.</strong></span> <span class='ocrx_word' id='word_1_660' title='bbox 3044 3853 3180 3909; x_wconf 86' lang='lat' dir='ltr'><strong>Nolo</strong></span> <span class='ocrx_word' id='word_1_661' title='bbox 3210 3853 3355 3907; x_wconf 88' lang='lat' dir='ltr'><strong>enim</strong></span> <span class='ocrx_word' id='word_1_662' title='bbox 3388 3864 3485 3920; x_wconf 87' lang='lat' dir='ltr'><strong>per</strong></span> <span class='ocrx_word' id='word_1_663' title='bbox 3517 3863 3578 3903; x_wconf 84' lang='lat' dir='ltr'><strong>os</strong></span> <span class='ocrx_word' id='word_1_664' title='bbox 3609 3861 3703 3903; x_wconf 85' lang='lat' dir='ltr'><strong>ve-</strong></span> 
     </span>
    </p>
   </div>
   <div class='ocr_carea' id='block_1_84' title="bbox 2101 3940 3703 4012">
    <p class='ocr_par' dir='ltr' id='par_1_84' title="bbox 2101 3940 3703 4012">
     <span class='ocr_line' id='line_1_84' title="bbox 2101 3940 3703 4012; baseline -0.012 -2"><span class='ocrx_word' id='word_1_665' title='bbox 2101 3964 2273 4011; x_wconf 87' lang='lat' dir='ltr'><strong>strum</strong></span> <span class='ocrx_word' id='word_1_666' title='bbox 2306 3953 2543 4008; x_wconf 91' lang='lat' dir='ltr'><strong>nominis</strong></span> <span class='ocrx_word' id='word_1_667' title='bbox 2572 3950 2677 4006; x_wconf 88' lang='lat' dir='ltr'><strong>mei</strong></span> <span class='ocrx_word' id='word_1_668' title='bbox 2711 3948 2830 4004; x_wconf 86' lang='lat' dir='ltr'><strong>ﬁeri</strong></span> <span class='ocrx_word' id='word_1_669' title='bbox 2855 3948 3218 4009; x_wconf 84' lang='lat' dir='ltr'><strong>mentionem,</strong></span> <span class='ocrx_word' id='word_1_670' title='bbox 3257 3941 3400 4012; x_wconf 87' lang='lat' dir='ltr'><strong>quod</strong></span> <span class='ocrx_word' id='word_1_671' title='bbox 3430 3940 3703 3995; x_wconf 87' lang='lat' dir='ltr'><strong>idolorum</strong></span> 
     </span>
    </p>
   </div>
   <div class='ocr_carea' id='block_1_85' title="bbox 2104 4030 3706 4114">
    <p class='ocr_par' dir='ltr' id='par_1_85' title="bbox 2104 4030 3706 4114">
     <span class='ocr_line' id='line_1_85' title="bbox 2104 4030 3706 4114; baseline -0.013 -11"><span class='ocrx_word' id='word_1_672' title='bbox 2104 4046 2487 4103; x_wconf 88' lang='lat' dir='ltr'><strong>recordatione</strong></span> <span class='ocrx_word' id='word_1_673' title='bbox 2520 4042 2782 4114; x_wconf 87' lang='lat' dir='ltr'><strong>pollutum</strong></span> <span class='ocrx_word' id='word_1_674' title='bbox 2823 4049 2927 4093; x_wconf 86' lang='lat' dir='ltr'><strong>est.</strong></span> <span class='ocrx_word' id='word_1_675' title='bbox 2964 4037 3117 4092; x_wconf 89' lang='lat' dir='ltr'><strong>Sicut</strong></span> <span class='ocrx_word' id='word_1_676' title='bbox 3161 4035 3306 4089; x_wconf 88' lang='lat' dir='ltr'><strong>enim</strong></span> <span class='ocrx_word' id='word_1_677' title='bbox 3354 4046 3515 4086; x_wconf 85' lang='lat' dir='ltr'><strong>vacca</strong></span> <span class='ocrx_word' id='word_1_678' title='bbox 3544 4030 3706 4084; x_wconf 82' lang='lat' dir='ltr'><strong>lasci-</strong></span> 
     </span>
    </p>
   </div>
   <div class='ocr_carea' id='block_1_86' title="bbox 2103 4123 3703 4206">
    <p class='ocr_par' dir='ltr' id='par_1_86' title="bbox 2103 4123 3703 4206">
     <span class='ocr_line' id='line_1_86' title="bbox 2103 4123 3703 4206; baseline -0.011 -12"><span class='ocrx_word' id='word_1_679' title='bbox 2103 4141 2259 4195; x_wconf 89' lang='lat' dir='ltr'><strong>viens</strong></span> <span class='ocrx_word' id='word_1_680' title='bbox 2288 4147 2343 4192; x_wconf 87' lang='lat' dir='ltr'><strong>et</strong></span> <span class='ocrx_word' id='word_1_681' title='bbox 2374 4136 2640 4206; x_wconf 78' lang='lat' dir='ltr'><strong>alijiciens</strong></span> <span class='ocrx_word' id='word_1_682' title='bbox 2676 4133 2861 4203; x_wconf 84' lang='lat' dir='ltr'><strong>jugum</strong></span> <span class='ocrx_word' id='word_1_683' title='bbox 2894 4148 2908 4183; x_wconf 88' lang='lat'><strong>:</strong></span> <span class='ocrx_word' id='word_1_684' title='bbox 2944 4131 3015 4184; x_wconf 84' lang='lat' dir='ltr'><strong>ita</strong></span> <span class='ocrx_word' id='word_1_685' title='bbox 3066 4127 3252 4193; x_wconf 82' lang='lat' dir='ltr'><strong>Israel,</strong></span> <span class='ocrx_word' id='word_1_686' title='bbox 3285 4125 3339 4181; x_wconf 90' lang='lat' dir='ltr'><strong>id</strong></span> <span class='ocrx_word' id='word_1_687' title='bbox 3372 4135 3475 4189; x_wconf 88' lang='lat' dir='ltr'><strong>est,</strong></span> <span class='ocrx_word' id='word_1_688' title='bbox 3509 4123 3703 4178; x_wconf 78' lang='lat' dir='ltr'><strong>decem</strong></span> 
     </span>
    </p>
   </div>
   <div class='ocr_carea' id='block_1_87' title="bbox 2102 4218 3705 4295">
    <p class='ocr_par' dir='ltr' id='par_1_87' title="bbox 2102 4218 3705 4295">
     <span class='ocr_line' id='line_1_87' title="bbox 2102 4218 3705 4295; baseline -0.009 -8"><span class='ocrx_word' id='word_1_689' title='bbox 2102 4232 2299 4295; x_wconf 86' lang='lat' dir='ltr'><strong>tribus,</strong></span> <span class='ocrx_word' id='word_1_690' title='bbox 2331 4227 2626 4285; x_wconf 85' lang='lat' dir='ltr'><strong>declinavit</strong></span> <span class='ocrx_word' id='word_1_691' title='bbox 2648 4241 2677 4280; x_wconf 92' lang='lat' dir='ltr'><strong>a</strong></span> <span class='ocrx_word' id='word_1_692' title='bbox 2705 4224 2916 4280; x_wconf 82' lang='lat' dir='ltr'><strong>Domini</strong></span> <span class='ocrx_word' id='word_1_693' title='bbox 2945 4221 3223 4277; x_wconf 81' lang='lat' dir='ltr'><strong>servitute.</strong></span> <span class='ocrx_word' id='word_1_694' title='bbox 3261 4220 3364 4273; x_wconf 83' lang='lat' dir='ltr'><strong>Pro</strong></span> <span class='ocrx_word' id='word_1_695' title='bbox 3388 4218 3705 4274; x_wconf 77' lang='lat' dir='ltr'><strong>lasciviente</strong></span> 
     </span>
    </p>
   </div>
   <div class='ocr_carea' id='block_1_88' title="bbox 2106 4318 3705 4393">
    <p class='ocr_par' dir='ltr' id='par_1_88' title="bbox 2106 4318 3705 4393">
     <span class='ocr_line' id='line_1_88' title="bbox 2106 4318 3705 4393; baseline -0.008 -15"><span class='ocrx_word' id='word_1_696' title='bbox 2106 4340 2293 4390; x_wconf 88' lang='lat' dir='ltr'><strong>vacca,</strong></span> <span class='ocrx_word' id='word_1_697' title='bbox 2322 4320 2673 4393; x_wconf 85' lang='lat' dir='ltr'><strong>Septuaginta</strong></span> <span class='ocrx_word' id='word_1_698' title='bbox 2703 4318 3094 4373; x_wconf 88' lang='lat' dir='ltr'><strong>transtulerunt</strong></span> <span class='ocrx_word' id='word_1_699' title='bbox 3123 4320 3552 4391; x_wconf 80' lang='grc' dir='ltr'><strong>παροιστρῶσαν,</strong></span> <span class='ocrx_word' id='word_1_700' title='bbox 3582 4326 3705 4381; x_wconf 66' lang='lat' dir='ltr'><strong>quae</strong></span> 
     </span>
    </p>
   </div>
   <div class='ocr_carea' id='block_1_89' title="bbox 2103 4407 3704 4486">
    <p class='ocr_par' dir='ltr' id='par_1_89' title="bbox 2103 4407 3704 4486">
     <span class='ocr_line' id='line_1_89' title="bbox 2103 4407 3704 4486; baseline -0.013 -11"><span class='ocrx_word' id='word_1_701' title='bbox 2103 4426 2297 4482; x_wconf 73' lang='lat' dir='ltr'><strong>oestro,</strong></span> <span class='ocrx_word' id='word_1_702' title='bbox 2328 4417 2588 4486; x_wconf 84' lang='lat' dir='ltr'><strong>asyloque</strong></span> <span class='ocrx_word' id='word_1_703' title='bbox 2618 4425 2871 4483; x_wconf 88' lang='lat' dir='ltr'><strong>percussa</strong></span> <span class='ocrx_word' id='word_1_704' title='bbox 2906 4410 2998 4474; x_wconf 89' lang='lat' dir='ltr'><strong>sit,</strong></span> <span class='ocrx_word' id='word_1_705' title='bbox 3049 4422 3209 4477; x_wconf 91' lang='lat' dir='ltr'><strong>quem</strong></span> <span class='ocrx_word' id='word_1_706' title='bbox 3244 4407 3403 4475; x_wconf 85' lang='lat' dir='ltr'><strong>vulgo</strong></span> <span class='ocrx_word' id='word_1_707' title='bbox 3454 4407 3704 4458; x_wconf 77' lang='lat' dir='ltr'><strong>talionum</strong></span> 
     </span>
    </p>
   </div>
   <div class='ocr_carea' id='block_1_90' title="bbox 2105 4498 3705 4579">
    <p class='ocr_par' dir='ltr' id='par_1_90' title="bbox 2105 4498 3705 4579">
     <span class='ocr_line' id='line_1_90' title="bbox 2105 4498 3705 4579; baseline -0.01 -10"><span class='ocrx_word' id='word_1_708' title='bbox 2105 4522 2324 4569; x_wconf 85' lang='lat' dir='ltr'><strong>vocant.</strong></span> <span class='ocrx_word' id='word_1_709' title='bbox 2363 4512 2436 4565; x_wconf 88' lang='lat' dir='ltr'><strong>De</strong></span> <span class='ocrx_word' id='word_1_710' title='bbox 2465 4525 2573 4579; x_wconf 88' lang='lat' dir='ltr'><strong>quo</strong></span> <span class='ocrx_word' id='word_1_711' title='bbox 2604 4516 2657 4561; x_wconf 91' lang='lat' dir='ltr'><strong>et</strong></span> <span class='ocrx_word' id='word_1_712' title='bbox 2683 4505 2792 4579; x_wconf 64' lang='grc'><strong>45</strong></span> <span class='ocrx_word' id='word_1_713' title='bbox 2819 4504 3076 4574; x_wconf 78' lang='lat' dir='ltr'><strong>Virgilius</strong></span> <span class='ocrx_word' id='word_1_714' title='bbox 3109 4503 3161 4556; x_wconf 90' lang='lat' dir='ltr'><strong>in</strong></span> <span class='ocrx_word' id='word_1_715' title='bbox 3201 4501 3362 4556; x_wconf 85' lang='lat' dir='ltr'><strong>tertio</strong></span> <span class='ocrx_word' id='word_1_716' title='bbox 3410 4498 3705 4569; x_wconf 87' lang='lat' dir='ltr'><strong>Georgico-</strong></span> 
     </span>
    </p>
   </div>
   <div class='ocr_carea' id='block_1_91' title="bbox 404 4582 2633 4672">
    <p class='ocr_par' dir='ltr' id='par_1_91' title="bbox 404 4582 2633 4672">
     <span class='ocr_line' id='line_1_91' title="bbox 404 4582 2633 4672; baseline 0.001 -19"><span class='ocrx_word' id='word_1_717' title='bbox 404 4602 458 4653; x_wconf 89' lang='lat' dir='ltr'><strong>in</strong></span> <span class='ocrx_word' id='word_1_718' title='bbox 491 4600 703 4654; x_wconf 88' lang='lat' dir='ltr'><strong>domum</strong></span> <span class='ocrx_word' id='word_1_719' title='bbox 746 4599 834 4665; x_wconf 80' lang='grc' dir='ltr'><strong>ὧν,</strong></span> <span class='ocrx_word' id='word_1_720' title='bbox 870 4610 914 4653; x_wconf 87' lang='lat' dir='ltr'><strong>et</strong></span> <span class='ocrx_word' id='word_1_721' title='bbox 943 4617 1005 4653; x_wconf 89' lang='lat' dir='ltr'><strong>ne</strong></span> <span class='ocrx_word' id='word_1_722' title='bbox 1025 4600 1239 4672; x_wconf 87' lang='lat' dir='ltr'><strong>juretis,</strong></span> <span class='ocrx_word' id='word_1_723' title='bbox 1280 4601 1398 4653; x_wconf 80' lang='lat' dir='ltr'><strong>virit</strong></span> <span class='ocrx_word' id='word_1_724' title='bbox 1424 4598 1678 4654; x_wconf 84' lang='lat' dir='ltr'><strong>Dominus</strong></span> <span class='ocrx_word' id='word_1_725' title='bbox 1707 4616 1725 4654; x_wconf 90' lang='lat'><strong><em>:</em></strong></span> <span class='ocrx_word' id='word_1_726' title='bbox 1753 4600 2001 4669; x_wconf 89' lang='lat' dir='ltr'><strong>quoniam</strong></span> <span class='ocrx_word' id='word_1_727' title='bbox 2030 4582 2083 4644; x_wconf 77' lang='lat' dir='ltr'><strong>D</strong></span> <span class='ocrx_word' id='word_1_728' title='bbox 2110 4624 2226 4662; x_wconf 76' lang='lat' dir='ltr'><strong>mm</strong></span> <span class='ocrx_word' id='word_1_729' title='bbox 2258 4606 2393 4661; x_wconf 84' lang='lat' dir='ltr'><strong>libro</strong></span> <span class='ocrx_word' id='word_1_730' title='bbox 2421 4602 2590 4659; x_wconf 82' lang='lat' dir='ltr'><strong>refert</strong></span> <span class='ocrx_word' id='word_1_731' title='bbox 2622 4619 2633 4655; x_wconf 89' lang='lat'><strong>:</strong></span> 
     </span>
    </p>
   </div>
   <div class='ocr_carea' id='block_1_92' title="bbox 404 4689 1999 4763">
    <p class='ocr_par' dir='ltr' id='par_1_92' title="bbox 404 4689 1999 4763">
     <span class='ocr_line' id='line_1_92' title="bbox 404 4689 1999 4763; baseline -0.001 -17"><span class='ocrx_word' id='word_1_732' title='bbox 404 4694 541 4746; x_wconf 88' lang='lat' dir='ltr'><strong>sicut</strong></span> <span class='ocrx_word' id='word_1_733' title='bbox 570 4706 724 4745; x_wconf 87' lang='lat' dir='ltr'><strong>vacca</strong></span> <span class='ocrx_word' id='word_1_734' title='bbox 752 4691 898 4763; x_wconf 79' lang='lat' dir='ltr'><strong>asylo</strong></span> <span class='ocrx_word' id='word_1_735' title='bbox 927 4707 1172 4763; x_wconf 85' lang='lat' dir='ltr'><strong>percussa</strong></span> <span class='ocrx_word' id='word_1_736' title='bbox 1214 4691 1456 4745; x_wconf 85' lang='lat' dir='ltr'><strong>insanivit</strong></span> <span class='ocrx_word' id='word_1_737' title='bbox 1485 4689 1676 4747; x_wconf 86' lang='lat' dir='ltr'><strong>Israel.</strong></span> <span class='ocrx_word' id='word_1_738' title='bbox 1712 4689 1871 4745; x_wconf 89' lang='lat' dir='ltr'><strong>Nunc</strong></span> <span class='ocrx_word' id='word_1_739' title='bbox 1901 4708 1999 4761; x_wconf 84' lang='lat' dir='ltr'><strong>pa-</strong></span> 
     </span>
    </p>
   </div>
   <div class='ocr_carea' id='block_1_93' title="bbox 480 4885 2001 4956">
    <p class='ocr_par' dir='ltr' id='par_1_93' title="bbox 480 4885 2001 4956">
     <span class='ocr_line' id='line_1_93' title="bbox 480 4885 2001 4956; baseline 0.003 -15"><span class='ocrx_word' id='word_1_740' title='bbox 480 4896 504 4924; x_wconf 64' lang='lat'>“</span> <span class='ocrx_word' id='word_1_741' title='bbox 545 4886 662 4942; x_wconf 89' lang='lat' dir='ltr'><strong>Duo</strong></span> <span class='ocrx_word' id='word_1_742' title='bbox 695 4886 947 4953; x_wconf 86' lang='lat' dir='ltr'><strong>Palatini,</strong></span> <span class='ocrx_word' id='word_1_743' title='bbox 974 4902 1215 4940; x_wconf 87' lang='lat' dir='ltr'><strong>numerus</strong></span> <span class='ocrx_word' id='word_1_744' title='bbox 1241 4885 1613 4955; x_wconf 76' lang='lat' dir='ltr'><strong>{ornicantium</strong></span> <span class='ocrx_word' id='word_1_745' title='bbox 1638 4890 1692 4943; x_wconf 83' lang='lat' dir='ltr'><strong>iu</strong></span> <span class='ocrx_word' id='word_1_746' title='bbox 1720 4887 1912 4956; x_wconf 88' lang='lat' dir='ltr'><strong>Israel,</strong></span> <span class='ocrx_word' id='word_1_747' title='bbox 1942 4900 2001 4945; x_wconf 90' lang='lat' dir='ltr'><strong>ut</strong></span> 
     </span>
    </p>
   </div>
   <div class='ocr_carea' id='block_1_94' title="bbox 404 4957 1277 5028">
    <p class='ocr_par' dir='ltr' id='par_1_94' title="bbox 404 4957 1277 5028">
     <span class='ocr_line' id='line_1_94' title="bbox 404 4957 1277 5028; baseline -0.007 -14"><span class='ocrx_word' id='word_1_748' title='bbox 404 4959 536 5014; x_wconf 84' lang='lat' dir='ltr'><strong>ultio</strong></span> <span class='ocrx_word' id='word_1_749' title='bbox 585 4957 820 5028; x_wconf 85' lang='lat' dir='ltr'><strong>desperet</strong></span> <span class='ocrx_word' id='word_1_750' title='bbox 848 4958 1277 5012; x_wconf 86' lang='lat' dir='ltr'><strong>emendationem.</strong></span> 
     </span>
    </p>
   </div>
   <div class='ocr_carea' id='block_1_95' title="bbox 478 5030 1999 5097">
    <p class='ocr_par' dir='ltr' id='par_1_95' title="bbox 478 5030 1999 5097">
     <span class='ocr_line' id='line_1_95' title="bbox 478 5030 1999 5097; baseline 0.002 -13"><span class='ocrx_word' id='word_1_751' title='bbox 478 5030 506 5070; x_wconf 72' lang='grc' dir='ltr'>ι)</span> <span class='ocrx_word' id='word_1_752' title='bbox 551 5031 648 5085; x_wconf 89' lang='lat' dir='ltr'><strong>llic</strong></span> <span class='ocrx_word' id='word_1_753' title='bbox 690 5035 889 5086; x_wconf 83' lang='lat' dir='ltr'><strong>lterum</strong></span> <span class='ocrx_word' id='word_1_754' title='bbox 936 5030 1107 5085; x_wconf 84' lang='lat' dir='ltr'><strong>nostri</strong></span> <span class='ocrx_word' id='word_1_755' title='bbox 1136 5042 1268 5083; x_wconf 84' lang='lat' dir='ltr'><strong>mss.</strong></span> <span class='ocrx_word' id='word_1_756' title='bbox 1304 5030 1532 5093; x_wconf 75' lang='lat' dir='ltr'><strong>negandi</strong></span> <span class='ocrx_word' id='word_1_757' title='bbox 1566 5031 1882 5097; x_wconf 82' lang='lat' dir='ltr'><strong>partiettlam</strong></span> <span class='ocrx_word' id='word_1_758' title='bbox 1912 5046 1999 5087; x_wconf 89' lang='lat' dir='ltr'><strong>re-</strong></span> 
     </span>
    </p>
   </div>
   <div class='ocr_carea' id='block_1_96' title="bbox 406 5100 1999 5173">
    <p class='ocr_par' dir='ltr' id='par_1_96' title="bbox 406 5100 1999 5173">
     <span class='ocr_line' id='line_1_96' title="bbox 406 5100 1999 5173; baseline 0.001 -17"><span class='ocrx_word' id='word_1_759' title='bbox 406 5112 628 5171; x_wconf 83' lang='lat' dir='ltr'><strong>Spuunt.</strong></span> <span class='ocrx_word' id='word_1_760' title='bbox 656 5102 795 5159; x_wconf 87' lang='lat' dir='ltr'><strong>Tum</strong></span> <span class='ocrx_word' id='word_1_761' title='bbox 820 5101 1026 5173; x_wconf 81' lang='lat' dir='ltr'><strong>legunt,</strong></span> <span class='ocrx_word' id='word_1_762' title='bbox 1064 5101 1200 5170; x_wconf 75' lang='lat' dir='ltr'><strong>quod</strong></span> <span class='ocrx_word' id='word_1_763' title='bbox 1231 5102 1439 5170; x_wconf 76' lang='lat' dir='ltr'><strong>vapulet</strong></span> <span class='ocrx_word' id='word_1_764' title='bbox 1477 5100 1645 5156; x_wconf 75' lang='lat' dir='ltr'><strong>Israel</strong></span> <span class='ocrx_word' id='word_1_765' title='bbox 1681 5103 1999 5173; x_wconf 79' lang='lat' dir='ltr'><strong>captivitate,</strong></span> 
     </span>
    </p>
   </div>
   <div class='ocr_carea' id='block_1_97' title="bbox 408 5184 517 5228">
    <p class='ocr_par' dir='ltr' id='par_1_97' title="bbox 408 5184 517 5228">
     <span class='ocr_line' id='line_1_97' title="bbox 408 5184 517 5228; baseline -0.009 0"><span class='ocrx_word' id='word_1_766' title='bbox 408 5184 517 5228; x_wconf 88' lang='lat' dir='ltr'><strong>etc.</strong></span> 
     </span>
    </p>
   </div>
   <div class='ocr_carea' id='block_1_98' title="bbox 484 5239 1780 5310">
    <p class='ocr_par' dir='ltr' id='par_1_98' title="bbox 484 5239 1780 5310">
     <span class='ocr_line' id='line_1_98' title="bbox 484 5239 1780 5310; baseline 0.001 -13"><span class='ocrx_word' id='word_1_767' title='bbox 484 5255 506 5282; x_wconf 76' lang='grc' dir='ltr'><strong><em>ε</em></strong></span> <span class='ocrx_word' id='word_1_768' title='bbox 550 5245 604 5298; x_wconf 91' lang='lat' dir='ltr'><strong>In</strong></span> <span class='ocrx_word' id='word_1_769' title='bbox 640 5244 872 5299; x_wconf 84' lang='lat' dir='ltr'><strong>Palatio.</strong></span> <span class='ocrx_word' id='word_1_770' title='bbox 902 5260 1030 5310; x_wconf 88' lang='lat' dir='ltr'><strong>ms.,</strong></span> <span class='ocrx_word' id='word_1_771' title='bbox 1062 5253 1110 5298; x_wconf 88' lang='lat' dir='ltr'><strong>et</strong></span> <span class='ocrx_word' id='word_1_772' title='bbox 1137 5260 1254 5297; x_wconf 88' lang='lat' dir='ltr'><strong>cum</strong></span> <span class='ocrx_word' id='word_1_773' title='bbox 1280 5239 1393 5296; x_wconf 86' lang='lat' dir='ltr'><strong>Dco</strong></span> <span class='ocrx_word' id='word_1_774' title='bbox 1418 5243 1561 5297; x_wconf 89' lang='lat' dir='ltr'><strong>idola</strong></span> <span class='ocrx_word' id='word_1_775' title='bbox 1592 5243 1780 5298; x_wconf 87' lang='lat' dir='ltr'><strong>colere.</strong></span> 
     </span>
    </p>
   </div>
   <div class='ocr_carea' id='block_1_99' title="bbox 480 5312 2004 5387">
    <p class='ocr_par' dir='ltr' id='par_1_99' title="bbox 480 5312 2004 5387">
     <span class='ocr_line' id='line_1_99' title="bbox 480 5312 2004 5387; baseline -0.003 -16"><span class='ocrx_word' id='word_1_776' title='bbox 480 5312 505 5353; x_wconf 71' lang='grc' dir='ltr'>ά</span> <span class='ocrx_word' id='word_1_777' title='bbox 548 5316 679 5371; x_wconf 85' lang='lat' dir='ltr'><strong>Lahi</strong></span> <span class='ocrx_word' id='word_1_778' title='bbox 702 5319 787 5371; x_wconf 83' lang='lat' dir='ltr'><strong>hic</strong></span> <span class='ocrx_word' id='word_1_779' title='bbox 809 5315 1201 5387; x_wconf 78' lang='lat' dir='ltr'><strong>Hieronymum</strong></span> <span class='ocrx_word' id='word_1_780' title='bbox 1226 5314 1535 5381; x_wconf 83' lang='lat' dir='ltr'><strong>manifesto,</strong></span> <span class='ocrx_word' id='word_1_781' title='bbox 1558 5315 1795 5370; x_wconf 82' lang='lat' dir='ltr'><strong>editores</strong></span> <span class='ocrx_word' id='word_1_782' title='bbox 1819 5323 1874 5369; x_wconf 88' lang='lat' dir='ltr'><strong>et</strong></span> <span class='ocrx_word' id='word_1_783' title='bbox 1896 5315 2004 5387; x_wconf 79' lang='lat' dir='ltr'><strong>cri-</strong></span> 
     </span>
    </p>
   </div>
   <div class='ocr_carea' id='block_1_100' title="bbox 410 5386 2008 5457">
    <p class='ocr_par' dir='ltr' id='par_1_100' title="bbox 410 5386 2008 5457">
     <span class='ocr_line' id='line_1_100' title="bbox 410 5386 2008 5457; baseline -0.001 -15"><span class='ocrx_word' id='word_1_784' title='bbox 410 5388 498 5442; x_wconf 89' lang='lat' dir='ltr'><strong>tici</strong></span> <span class='ocrx_word' id='word_1_785' title='bbox 549 5402 739 5444; x_wconf 69' lang='grc' dir='ltr'>ιιιιιιιθε</span> <span class='ocrx_word' id='word_1_786' title='bbox 792 5386 1055 5454; x_wconf 86' lang='lat' dir='ltr'><strong>clamant,</strong></span> <span class='ocrx_word' id='word_1_787' title='bbox 1102 5388 1191 5457; x_wconf 86' lang='lat' dir='ltr'><strong>qui</strong></span> <span class='ocrx_word' id='word_1_788' title='bbox 1221 5388 1386 5441; x_wconf 84' lang='lat' dir='ltr'><strong>falsos</strong></span> <span class='ocrx_word' id='word_1_789' title='bbox 1438 5388 1490 5440; x_wconf 89' lang='lat' dir='ltr'><strong>in</strong></span> <span class='ocrx_word' id='word_1_790' title='bbox 1538 5402 1604 5441; x_wconf 89' lang='lat' dir='ltr'><strong>eo</strong></span> <span class='ocrx_word' id='word_1_791' title='bbox 1648 5387 1796 5441; x_wconf 85' lang='lat' dir='ltr'><strong>dicat</strong></span> <span class='ocrx_word' id='word_1_792' title='bbox 1838 5386 2008 5453; x_wconf 80' lang='lat' dir='ltr'><strong>LXX,</strong></span> 
     </span>
    </p>
   </div>
   <div class='ocr_carea' id='block_1_101' title="bbox 410 5458 2012 5541">
    <p class='ocr_par' dir='ltr' id='par_1_101' title="bbox 410 5458 2012 5541">
     <span class='ocr_line' id='line_1_101' title="bbox 410 5458 2012 5541; baseline 0.001 -30"><span class='ocrx_word' id='word_1_793' title='bbox 410 5459 553 5529; x_wconf 84' lang='lat' dir='ltr'><strong>quod</strong></span> <span class='ocrx_word' id='word_1_794' title='bbox 587 5471 861 5541; x_wconf 81' lang='lat' dir='ltr'><strong>recte_vau</strong></span> <span class='ocrx_word' id='word_1_795' title='bbox 886 5461 1070 5541; x_wconf 50' lang='lat' dir='ltr'><strong>legi-re</strong></span> <span class='ocrx_word' id='word_1_796' title='bbox 1100 5460 1218 5541; x_wconf 67' lang='lat' dir='ltr'><strong>voci</strong></span> <span class='ocrx_word' id='word_1_797' title='bbox 1247 5469 1332 5541; x_wconf 54' lang='grc' dir='ltr'><strong>ηδτ</strong></span> <span class='ocrx_word' id='word_1_798' title='bbox 1364 5458 1754 5540; x_wconf 78' lang='lat' dir='ltr'><strong>intermedium</strong></span> <span class='ocrx_word' id='word_1_799' title='bbox 1789 5480 1801 5512; x_wconf 73' lang='grc' dir='ltr'><strong>ι</strong></span> <span class='ocrx_word' id='word_1_800' title='bbox 1834 5461 1920 5513; x_wconf 85' lang='lat' dir='ltr'><strong>cui</strong></span> <span class='ocrx_word' id='word_1_801' title='bbox 1954 5467 2012 5515; x_wconf 88' lang='lat' dir='ltr'><strong>ut</strong></span> 
     </span>
    </p>
   </div>
   <div class='ocr_carea' id='block_1_102' title="bbox 410 5530 2006 5600">
    <p class='ocr_par' dir='ltr' id='par_1_102' title="bbox 410 5530 2006 5600">
     <span class='ocr_line' id='line_1_102' title="bbox 410 5530 2006 5600; baseline 0 -17"><span class='ocrx_word' id='word_1_802' title='bbox 410 5531 693 5600; x_wconf 70' lang='lat' dir='ltr'><strong>suppl-tias</strong></span> <span class='ocrx_word' id='word_1_803' title='bbox 743 5532 882 5586; x_wconf 82' lang='lat' dir='ltr'><strong>ferat</strong></span> <span class='ocrx_word' id='word_1_804' title='bbox 932 5530 1339 5592; x_wconf 79' lang='lat' dir='ltr'><strong>\’it-torius,&#39;in</strong></span> <span class='ocrx_word' id='word_1_805' title='bbox 1395 5530 1730 5583; x_wconf 87' lang='lat' dir='ltr'><strong>contrarium</strong></span> <span class='ocrx_word' id='word_1_806' title='bbox 1787 5545 2006 5585; x_wconf 86' lang='lat' dir='ltr'><strong>sensum</strong></span> 
     </span>
    </p>
   </div>
   <div class='ocr_carea' id='block_1_103' title="bbox 410 5600 2009 5673">
    <p class='ocr_par' dir='ltr' id='par_1_103' title="bbox 410 5600 2009 5673">
     <span class='ocr_line' id='line_1_103' title="bbox 410 5600 2009 5673; baseline -0.001 -17"><span class='ocrx_word' id='word_1_807' title='bbox 410 5602 471 5657; x_wconf 89' lang='lat' dir='ltr'><strong>S.</strong></span> <span class='ocrx_word' id='word_1_808' title='bbox 500 5601 744 5656; x_wconf 78' lang='lat' dir='ltr'><strong>Doctoris</strong></span> <span class='ocrx_word' id='word_1_809' title='bbox 773 5610 979 5656; x_wconf 76' lang='lat' dir='ltr'><strong>textum</strong></span> <span class='ocrx_word' id='word_1_810' title='bbox 1022 5612 1209 5666; x_wconf 88' lang='lat' dir='ltr'><strong>mutat,</strong></span> <span class='ocrx_word' id='word_1_811' title='bbox 1243 5602 1341 5655; x_wconf 85' lang='lat' dir='ltr'><strong>nisi</strong></span> <span class='ocrx_word' id='word_1_812' title='bbox 1364 5618 1458 5673; x_wconf 85' lang='lat' dir='ltr'><strong>pro</strong></span> <span class='ocrx_word' id='word_1_813' title='bbox 1486 5617 1587 5654; x_wconf 81' lang='lat' dir='ltr'><strong>van</strong></span> <span class='ocrx_word' id='word_1_814' title='bbox 1619 5602 1788 5655; x_wconf 86' lang='lat' dir='ltr'><strong>littera</strong></span> <span class='ocrx_word' id='word_1_815' title='bbox 1813 5600 2009 5667; x_wconf 88' lang='lat' dir='ltr'><strong>media,</strong></span> 
     </span>
    </p>
   </div>
   <div class='ocr_carea' id='block_1_104' title="bbox 410 5673 2009 5756">
    <p class='ocr_par' dir='ltr' id='par_1_104' title="bbox 410 5673 2009 5756">
     <span class='ocr_line' id='line_1_104' title="bbox 410 5673 2009 5756; baseline -0.001 -31"><span class='ocrx_word' id='word_1_816' title='bbox 410 5689 529 5756; x_wconf 66' lang='lat' dir='ltr'><strong>qua:</strong></span> <span class='ocrx_word' id='word_1_817' title='bbox 570 5673 727 5741; x_wconf 89' lang='lat' dir='ltr'><strong>aleph</strong></span> <span class='ocrx_word' id='word_1_818' title='bbox 758 5682 803 5756; x_wconf 76' lang='lat' dir='ltr'><strong>et</strong></span> <span class='ocrx_word' id='word_1_819' title='bbox 847 5688 954 5756; x_wconf 51' lang='lat' dir='ltr'><strong>nu‘n</strong></span> <span class='ocrx_word' id='word_1_820' title='bbox 997 5673 1546 5756; x_wconf 45' lang='lat' dir='ltr'><strong>litterisraznutraque</strong></span> <span class='ocrx_word' id='word_1_821' title='bbox 1576 5683 1721 5742; x_wconf 87' lang='lat' dir='ltr'><strong>parte</strong></span> <span class='ocrx_word' id='word_1_822' title='bbox 1763 5674 2009 5756; x_wconf 52' lang='lat' dir='ltr'><strong>uallatur,</strong></span> 
     </span>
    </p>
   </div>
   <div class='ocr_carea' id='block_1_105' title="bbox 408 5741 2014 5816">
    <p class='ocr_par' dir='ltr' id='par_1_105' title="bbox 408 5741 2014 5816">
     <span class='ocr_line' id='line_1_105' title="bbox 408 5741 2014 5816; baseline 0.001 -21"><span class='ocrx_word' id='word_1_823' title='bbox 408 5741 525 5815; x_wconf 78' lang='lat' dir='ltr'><strong>jotl,</strong></span> <span class='ocrx_word' id='word_1_824' title='bbox 559 5759 674 5810; x_wconf 71' lang='lat' dir='ltr'><strong>qua:</strong></span> <span class='ocrx_word' id='word_1_825' title='bbox 701 5743 814 5816; x_wconf 89' lang='lat' dir='ltr'><strong>sola</strong></span> <span class='ocrx_word' id='word_1_826' title='bbox 838 5741 1011 5809; x_wconf 76' lang='lat' dir='ltr'><strong>diﬂert</strong></span> <span class='ocrx_word' id='word_1_827' title='bbox 1036 5745 1413 5816; x_wconf 82' lang='lat' dir='ltr'><strong>magnitudine,</strong></span> <span class='ocrx_word' id='word_1_828' title='bbox 1446 5741 1773 5816; x_wconf 76' lang='lat' dir='ltr'><strong>putaverunt.</strong></span> <span class='ocrx_word' id='word_1_829' title='bbox 1794 5744 2014 5816; x_wconf 76' lang='lat' dir='ltr'><strong>Quam-</strong></span> 
     </span>
    </p>
   </div>
   <div class='ocr_carea' id='block_1_106' title="bbox 415 5814 2015 5888">
    <p class='ocr_par' dir='ltr' id='par_1_106' title="bbox 415 5814 2015 5888">
     <span class='ocr_line' id='line_1_106' title="bbox 415 5814 2015 5888; baseline 0 -19"><span class='ocrx_word' id='word_1_830' title='bbox 415 5832 578 5888; x_wconf 89' lang='lat' dir='ltr'><strong>quam</strong></span> <span class='ocrx_word' id='word_1_831' title='bbox 630 5830 728 5870; x_wconf 90' lang='lat' dir='ltr'><strong>nec</strong></span> <span class='ocrx_word' id='word_1_832' title='bbox 759 5815 914 5871; x_wconf 81' lang='lat' dir='ltr'><strong>bonis</strong></span> <span class='ocrx_word' id='word_1_833' title='bbox 957 5831 1015 5869; x_wconf 88' lang='lat' dir='ltr'><strong>se</strong></span> <span class='ocrx_word' id='word_1_834' title='bbox 1046 5814 1277 5871; x_wconf 86' lang='lat' dir='ltr'><strong>testibus</strong></span> <span class='ocrx_word' id='word_1_835' title='bbox 1321 5814 1652 5871; x_wconf 49' lang='lat' dir='ltr'><strong>hiPCiUClUI‘</strong></span> <span class='ocrx_word' id='word_1_836' title='bbox 1682 5814 1866 5882; x_wconf 85' lang='lat' dir='ltr'><strong>lcctio,</strong></span> <span class='ocrx_word' id='word_1_837' title='bbox 1915 5828 2015 5869; x_wconf 87' lang='lat' dir='ltr'><strong>nec</strong></span> 
     </span>
    </p>
   </div>
   <div class='ocr_carea' id='block_1_107' title="bbox 2768 4672 3358 4737">
    <p class='ocr_par' dir='ltr' id='par_1_107' title="bbox 2768 4672 3358 4737">
     <span class='ocr_line' id='line_1_107' title="bbox 2768 4672 3358 4737; baseline -0.005 -11"><span class='ocrx_word' id='word_1_838' title='bbox 2894 4676 2979 4727; x_wconf 89' lang='lat' dir='ltr'><strong>Cui</strong></span> <span class='ocrx_word' id='word_1_839' title='bbox 3005 4686 3185 4725; x_wconf 86' lang='lat' dir='ltr'><strong>nomen</strong></span> <span class='ocrx_word' id='word_1_840' title='bbox 3218 4672 3358 4737; x_wconf 85' lang='lat' dir='ltr'><strong>asilo,</strong></span> 
     </span>
    </p>
   </div>
   <div class='ocr_carea' id='block_1_108' title="bbox 2101 4869 3708 4948">
    <p class='ocr_par' dir='ltr' id='par_1_108' title="bbox 2101 4869 3708 4948">
     <span class='ocr_line' id='line_1_108' title="bbox 2101 4869 3708 4948; baseline -0.013 -3"><span class='ocrx_word' id='word_1_841' title='bbox 2101 4888 2274 4945; x_wconf 84' lang='lat' dir='ltr'><strong>levior</strong></span> <span class='ocrx_word' id='word_1_842' title='bbox 2308 4884 2362 4938; x_wconf 91' lang='lat' dir='ltr'><strong>in</strong></span> <span class='ocrx_word' id='word_1_843' title='bbox 2392 4896 2453 4935; x_wconf 87' lang='lat' dir='ltr'><strong>ea</strong></span> <span class='ocrx_word' id='word_1_844' title='bbox 2485 4885 2708 4948; x_wconf 86' lang='lat' dir='ltr'><strong>superat</strong></span> <span class='ocrx_word' id='word_1_845' title='bbox 2744 4873 3059 4937; x_wconf 82' lang='lat' dir='ltr'><strong>difﬁcultas,</strong></span> <span class='ocrx_word' id='word_1_846' title='bbox 3102 4873 3192 4938; x_wconf 87' lang='lat' dir='ltr'><strong>qui</strong></span> <span class='ocrx_word' id='word_1_847' title='bbox 3221 4872 3500 4948; x_wconf 83' lang='lat' dir='ltr'><strong>potuerint</strong></span> <span class='ocrx_word' id='word_1_848' title='bbox 3539 4869 3708 4937; x_wconf 77' lang='lat' dir='ltr'><strong>LXX,</strong></span> 
     </span>
    </p>
   </div>
   <div class='ocr_carea' id='block_1_109' title="bbox 2102 4945 3708 5032">
    <p class='ocr_par' dir='ltr' id='par_1_109' title="bbox 2102 4945 3708 5032">
     <span class='ocr_line' id='line_1_109' title="bbox 2102 4945 3708 5032; baseline -0.011 -21"><span class='ocrx_word' id='word_1_849' title='bbox 2102 4961 2149 5014; x_wconf 87' lang='lat' dir='ltr'><strong>si</strong></span> <span class='ocrx_word' id='word_1_850' title='bbox 2169 4957 2269 5032; x_wconf 88' lang='lat' dir='ltr'><strong>jod</strong></span> <span class='ocrx_word' id='word_1_851' title='bbox 2293 4945 2671 5009; x_wconf 77' lang='lat' dir='ltr'><strong>intermedium</strong></span> <span class='ocrx_word' id='word_1_852' title='bbox 2716 4955 3063 5018; x_wconf 89' lang='lat' dir='ltr'><strong>putaverunt,</strong></span> <span class='ocrx_word' id='word_1_853' title='bbox 3093 4952 3204 5032; x_wconf 56' lang='lat' dir='ltr'><strong>rx,</strong></span> <span class='ocrx_word' id='word_1_854' title='bbox 3238 4961 3343 5000; x_wconf 91' lang='lat' dir='ltr'><strong>non</strong></span> <span class='ocrx_word' id='word_1_855' title='bbox 3381 4945 3455 5012; x_wconf 54' lang='lat' dir='ltr'><strong>in,</strong></span> <span class='ocrx_word' id='word_1_856' title='bbox 3501 4954 3591 4997; x_wconf 90' lang='lat' dir='ltr'><strong>aut</strong></span> <span class='ocrx_word' id='word_1_857' title='bbox 3621 4959 3708 5009; x_wconf 88' lang='lat' dir='ltr'><strong>en,</strong></span> 
     </span>
    </p>
   </div>
   <div class='ocr_carea' id='block_1_110' title="bbox 2104 5034 3705 5116">
    <p class='ocr_par' dir='ltr' id='par_1_110' title="bbox 2104 5034 3705 5116">
     <span class='ocr_line' id='line_1_110' title="bbox 2104 5034 3705 5116; baseline -0.013 -9"><span class='ocrx_word' id='word_1_858' title='bbox 2104 5050 2200 5106; x_wconf 90' lang='lat' dir='ltr'><strong>sed</strong></span> <span class='ocrx_word' id='word_1_859' title='bbox 2221 5066 2285 5102; x_wconf 88' lang='lat' dir='ltr'><strong>on</strong></span> <span class='ocrx_word' id='word_1_860' title='bbox 2310 5045 2679 5116; x_wconf 88' lang='lat' dir='ltr'><strong>pronuntiare.</strong></span> <span class='ocrx_word' id='word_1_861' title='bbox 2711 5035 3054 5116; x_wconf 80' lang='lat' dir='ltr'><strong>Manifestum</strong></span> <span class='ocrx_word' id='word_1_862' title='bbox 3082 5053 3245 5116; x_wconf 80' lang='lat' dir='ltr'><strong>porro</strong></span> <span class='ocrx_word' id='word_1_863' title='bbox 3268 5050 3350 5116; x_wconf 78' lang='lat' dir='ltr'><strong>eSt</strong></span> <span class='ocrx_word' id='word_1_864' title='bbox 3375 5034 3705 5116; x_wconf 50' lang='lat' dir='ltr'><strong>ll|.II€bl&#39;i£0,</strong></span> 
     </span>
    </p>
   </div>
   <div class='ocr_carea' id='block_1_111' title="bbox 2106 5104 3710 5181">
    <p class='ocr_par' dir='ltr' id='par_1_111' title="bbox 2106 5104 3710 5181">
     <span class='ocr_line' id='line_1_111' title="bbox 2106 5104 3710 5181; baseline -0.013 -4"><span class='ocrx_word' id='word_1_865' title='bbox 2106 5104 2215 5178; x_wconf 77' lang='lat' dir='ltr'><strong>non</strong></span> <span class='ocrx_word' id='word_1_866' title='bbox 2250 5104 2322 5173; x_wconf 55' lang='lat' dir='ltr'><strong>nt&#39;</strong></span> <span class='ocrx_word' id='word_1_867' title='bbox 2353 5117 2443 5171; x_wconf 88' lang='lat' dir='ltr'><strong>hic</strong></span> <span class='ocrx_word' id='word_1_868' title='bbox 2475 5115 2696 5170; x_wconf 85' lang='lat' dir='ltr'><strong>Hieron.</strong></span> <span class='ocrx_word' id='word_1_869' title='bbox 2729 5111 3001 5181; x_wconf 86' lang='lat' dir='ltr'><strong>opinatur,</strong></span> <span class='ocrx_word' id='word_1_870' title='bbox 3054 5104 3153 5180; x_wconf 55' lang='lat' dir='ltr'><strong>p&#39;cr</strong></span> <span class='ocrx_word' id='word_1_871' title='bbox 3183 5109 3310 5181; x_wconf 68' lang='lat' dir='ltr'><strong>jod,</strong></span> <span class='ocrx_word' id='word_1_872' title='bbox 3360 5104 3453 5181; x_wconf 83' lang='lat' dir='ltr'><strong>sed</strong></span> <span class='ocrx_word' id='word_1_873' title='bbox 3486 5120 3581 5175; x_wconf 85' lang='lat' dir='ltr'><strong>per</strong></span> <span class='ocrx_word' id='word_1_874' title='bbox 3614 5119 3710 5157; x_wconf 76' lang='lat' dir='ltr'><strong>rari</strong></span> 
     </span>
    </p>
   </div>
   <div class='ocr_carea' id='block_1_112' title="bbox 2108 5177 3706 5279">
    <p class='ocr_par' dir='ltr' id='par_1_112' title="bbox 2108 5177 3706 5279">
     <span class='ocr_line' id='line_1_112' title="bbox 2108 5177 3706 5279; baseline -0.013 -30"><span class='ocrx_word' id='word_1_875' title='bbox 2108 5177 2271 5249; x_wconf 83' lang='lat' dir='ltr'><strong>scribi</strong></span> <span class='ocrx_word' id='word_1_876' title='bbox 2298 5200 2405 5279; x_wconf 65' lang='lat' dir='ltr'><strong>Tm,</strong></span> <span class='ocrx_word' id='word_1_877' title='bbox 2435 5203 2555 5258; x_wconf 67' lang='lat' dir='ltr'><strong>quae</strong></span> <span class='ocrx_word' id='word_1_878' title='bbox 2584 5200 2689 5241; x_wconf 78' lang='lat' dir='ltr'><strong>vox</strong></span> <span class='ocrx_word' id='word_1_879' title='bbox 2720 5177 2778 5239; x_wconf 80' lang='lat' dir='ltr'><strong>et</strong></span> <span class='ocrx_word' id='word_1_880' title='bbox 2804 5182 2943 5238; x_wconf 68' lang='lat' dir='ltr'><strong>Aren</strong></span> <span class='ocrx_word' id='word_1_881' title='bbox 2970 5190 3025 5236; x_wconf 85' lang='lat' dir='ltr'><strong>et</strong></span> <span class='ocrx_word' id='word_1_882' title='bbox 3053 5177 3169 5235; x_wconf 73' lang='grc' dir='ltr'><strong>Ἁιη</strong></span> <span class='ocrx_word' id='word_1_883' title='bbox 3185 5177 3249 5235; x_wconf 82' lang='lat' dir='ltr'><strong>et</strong></span> <span class='ocrx_word' id='word_1_884' title='bbox 3271 5177 3354 5233; x_wconf 84' lang='lat' dir='ltr'><strong>0n</strong></span> <span class='ocrx_word' id='word_1_885' title='bbox 3381 5179 3482 5247; x_wconf 88' lang='lat' dir='ltr'><strong>legi</strong></span> <span class='ocrx_word' id='word_1_886' title='bbox 3507 5183 3706 5245; x_wconf 88' lang='lat' dir='ltr'><strong>potest,</strong></span> 
     </span>
    </p>
   </div>
   <div class='ocr_carea' id='block_1_113' title="bbox 2112 5270 3708 5351">
    <p class='ocr_par' dir='ltr' id='par_1_113' title="bbox 2112 5270 3708 5351">
     <span class='ocr_line' id='line_1_113' title="bbox 2112 5270 3708 5351; baseline -0.013 -10"><span class='ocrx_word' id='word_1_887' title='bbox 2112 5270 2406 5351; x_wconf 52' lang='lat' dir='ltr'><strong>sicque&#39;eSt</strong></span> <span class='ocrx_word' id='word_1_888' title='bbox 2422 5297 2518 5345; x_wconf 84' lang='lat' dir='ltr'><strong>pro</strong></span> <span class='ocrx_word' id='word_1_889' title='bbox 2531 5280 2702 5336; x_wconf 87' lang='lat' dir='ltr'><strong>lubito</strong></span> <span class='ocrx_word' id='word_1_890' title='bbox 2715 5278 2782 5333; x_wconf 80' lang='lat' dir='ltr'><strong>ab</strong></span> <span class='ocrx_word' id='word_1_891' title='bbox 2796 5278 3041 5351; x_wconf 86' lang='lat' dir='ltr'><strong>antiquis</strong></span> <span class='ocrx_word' id='word_1_892' title='bbox 3058 5273 3450 5351; x_wconf 79' lang='lat' dir='ltr'><strong>interpretibus</strong></span> <span class='ocrx_word' id='word_1_893' title='bbox 3470 5270 3680 5351; x_wconf 65' lang='lat' dir='ltr'><strong>reddita</strong></span> <span class='ocrx_word' id='word_1_894' title='bbox 3692 5309 3708 5322; x_wconf 93' lang='lat'><strong>.</strong></span> 
     </span>
    </p>
   </div>
   <div class='ocr_carea' id='block_1_114' title="bbox 2116 5342 3712 5427">
    <p class='ocr_par' dir='ltr' id='par_1_114' title="bbox 2116 5342 3712 5427">
     <span class='ocr_line' id='line_1_114' title="bbox 2116 5342 3712 5427; baseline -0.01 -17"><span class='ocrx_word' id='word_1_895' title='bbox 2116 5342 2254 5423; x_wconf 79' lang='lat' dir='ltr'><strong>Quin</strong></span> <span class='ocrx_word' id='word_1_896' title='bbox 2290 5342 2507 5427; x_wconf 88' lang='lat' dir='ltr'><strong>ipse</strong></span> <span class='ocrx_word' id='word_1_897' title='bbox 2530 5353 2731 5408; x_wconf 85' lang='lat' dir='ltr'><strong>Ductor</strong></span> <span class='ocrx_word' id='word_1_898' title='bbox 2765 5342 3026 5427; x_wconf 68' lang='lat' dir='ltr'><strong>lioc_ip.~o</strong></span> <span class='ocrx_word' id='word_1_899' title='bbox 3056 5348 3108 5401; x_wconf 91' lang='lat' dir='ltr'><strong>in</strong></span> <span class='ocrx_word' id='word_1_900' title='bbox 3140 5346 3263 5427; x_wconf 79' lang='lat' dir='ltr'><strong>loco</strong></span> <span class='ocrx_word' id='word_1_901' title='bbox 3302 5360 3397 5427; x_wconf 78' lang='lat' dir='ltr'><strong>per</strong></span> <span class='ocrx_word' id='word_1_902' title='bbox 3438 5360 3533 5397; x_wconf 75' lang='lat' dir='ltr'><strong>rati</strong></span> <span class='ocrx_word' id='word_1_903' title='bbox 3559 5342 3712 5427; x_wconf 73' lang='lat' dir='ltr'><strong>legit,</strong></span> 
     </span>
    </p>
   </div>
   <div class='ocr_carea' id='block_1_115' title="bbox 2115 5413 3713 5494">
    <p class='ocr_par' dir='ltr' id='par_1_115' title="bbox 2115 5413 3713 5494">
     <span class='ocr_line' id='line_1_115' title="bbox 2115 5413 3713 5494; baseline -0.013 -10"><span class='ocrx_word' id='word_1_904' title='bbox 2115 5413 2372 5484; x_wconf 70' lang='lat' dir='ltr'><strong>Iictlmrcn</strong></span> <span class='ocrx_word' id='word_1_905' title='bbox 2413 5442 2429 5480; x_wconf 89' lang='lat'><strong><em>:</em></strong></span> <span class='ocrx_word' id='word_1_906' title='bbox 2462 5424 2619 5494; x_wconf 85' lang='lat' dir='ltr'><strong>idque</strong></span> <span class='ocrx_word' id='word_1_907' title='bbox 2650 5437 2714 5478; x_wconf 90' lang='lat' dir='ltr'><strong>eo</strong></span> <span class='ocrx_word' id='word_1_908' title='bbox 2759 5413 2959 5475; x_wconf 88' lang='lat' dir='ltr'><strong>certius</strong></span> <span class='ocrx_word' id='word_1_909' title='bbox 2989 5428 3092 5494; x_wconf 69' lang='lat' dir='ltr'><strong>est,</strong></span> <span class='ocrx_word' id='word_1_910' title='bbox 3124 5417 3263 5494; x_wconf 73' lang='lat' dir='ltr'><strong>quod</strong></span> <span class='ocrx_word' id='word_1_911' title='bbox 3304 5413 3516 5494; x_wconf 81' lang='lat' dir='ltr'><strong>domum</strong></span> <span class='ocrx_word' id='word_1_912' title='bbox 3560 5413 3713 5494; x_wconf 70' lang='lat' dir='ltr'><strong>idoli,</strong></span> 
     </span>
    </p>
   </div>
   <div class='ocr_carea' id='block_1_116' title="bbox 2115 5486 3720 5561">
    <p class='ocr_par' dir='ltr' id='par_1_116' title="bbox 2115 5486 3720 5561">
     <span class='ocr_line' id='line_1_116' title="bbox 2115 5486 3720 5561; baseline -0.012 -5"><span class='ocrx_word' id='word_1_913' title='bbox 2115 5516 2209 5556; x_wconf 89' lang='lat' dir='ltr'><strong>seu</strong></span> <span class='ocrx_word' id='word_1_914' title='bbox 2258 5499 2499 5553; x_wconf 84' lang='lat' dir='ltr'><strong>vanitatis</strong></span> <span class='ocrx_word' id='word_1_915' title='bbox 2536 5486 2953 5561; x_wconf 78' lang='lat' dir='ltr'><strong>interpretatur.</strong></span> <span class='ocrx_word' id='word_1_916' title='bbox 2988 5486 3350 5561; x_wconf 78' lang='lat' dir='ltr'><strong>Quamobrem</strong></span> <span class='ocrx_word' id='word_1_917' title='bbox 3386 5487 3583 5539; x_wconf 90' lang='lat' dir='ltr'><strong>mirum</strong></span> <span class='ocrx_word' id='word_1_918' title='bbox 3634 5489 3720 5537; x_wconf 90' lang='lat' dir='ltr'><strong>est</strong></span> 
     </span>
    </p>
   </div>
   <div class='ocr_carea' id='block_1_117' title="bbox 2117 5557 3715 5641">
    <p class='ocr_par' dir='ltr' id='par_1_117' title="bbox 2117 5557 3715 5641">
     <span class='ocr_line' id='line_1_117' title="bbox 2117 5557 3715 5641; baseline -0.013 -15"><span class='ocrx_word' id='word_1_919' title='bbox 2117 5573 2315 5641; x_wconf 82' lang='lat' dir='ltr'><strong>magis,</strong></span> <span class='ocrx_word' id='word_1_920' title='bbox 2355 5569 2461 5641; x_wconf 76' lang='lat' dir='ltr'><strong>dici</strong></span> <span class='ocrx_word' id='word_1_921' title='bbox 2500 5567 2571 5621; x_wconf 84' lang='lat' dir='ltr'><strong>ab</strong></span> <span class='ocrx_word' id='word_1_922' title='bbox 2607 5557 2975 5641; x_wconf 34' lang='lat' dir='ltr'><strong>eti—potuisse,</strong></span> <span class='ocrx_word' id='word_1_923' title='bbox 3016 5558 3179 5641; x_wconf 51' lang='lat' dir='ltr'><strong>LXX.</strong></span> <span class='ocrx_word' id='word_1_924' title='bbox 3211 5566 3271 5611; x_wconf 76' lang='lat' dir='ltr'><strong>ut</strong></span> <span class='ocrx_word' id='word_1_925' title='bbox 3302 5557 3393 5640; x_wconf 39' lang='lat' dir='ltr'><strong>tm</strong></span> <span class='ocrx_word' id='word_1_926' title='bbox 3416 5564 3715 5641; x_wconf 45' lang='lat' dir='ltr'><strong>tremerent,</strong></span> 
     </span>
    </p>
   </div>
   <div class='ocr_carea' id='block_1_118' title="bbox 2116 5626 3715 5713">
    <p class='ocr_par' dir='ltr' id='par_1_118' title="bbox 2116 5626 3715 5713">
     <span class='ocr_line' id='line_1_118' title="bbox 2116 5626 3715 5713; baseline -0.011 -17"><span class='ocrx_word' id='word_1_927' title='bbox 2116 5626 2333 5711; x_wconf 56' lang='lat' dir='ltr'><strong>vauupru</strong></span> <span class='ocrx_word' id='word_1_928' title='bbox 2366 5640 2462 5713; x_wconf 87' lang='lat' dir='ltr'><strong>jod</strong></span> <span class='ocrx_word' id='word_1_929' title='bbox 2492 5626 2791 5705; x_wconf 81' lang='lat' dir='ltr'><strong>accepisse.</strong></span> <span class='ocrx_word' id='word_1_930' title='bbox 2821 5626 3045 5713; x_wconf 42' lang='lat' dir='ltr'><strong>alioqui</strong></span> <span class='ocrx_word' id='word_1_931' title='bbox 3077 5631 3218 5712; x_wconf 69' lang='lat' dir='ltr'><strong>enim</strong></span> <span class='ocrx_word' id='word_1_932' title='bbox 3250 5630 3365 5713; x_wconf 52' lang='lat' dir='ltr'><strong>scit:</strong></span> <span class='ocrx_word' id='word_1_933' title='bbox 3391 5637 3446 5682; x_wconf 83' lang='lat' dir='ltr'><strong>et</strong></span> <span class='ocrx_word' id='word_1_934' title='bbox 3476 5626 3715 5713; x_wconf 49' lang='lat' dir='ltr'><strong>Bl-tliaim</strong></span> 
     </span>
    </p>
   </div>
   <div class='ocr_carea' id='block_1_119' title="bbox 2118 5699 3716 5773">
    <p class='ocr_par' dir='ltr' id='par_1_119' title="bbox 2118 5699 3716 5773">
     <span class='ocr_line' id='line_1_119' title="bbox 2118 5699 3716 5773; baseline -0.011 -6"><span class='ocrx_word' id='word_1_935' title='bbox 2118 5729 2146 5767; x_wconf 90' lang='lat' dir='ltr'><strong>a</strong></span> <span class='ocrx_word' id='word_1_936' title='bbox 2180 5699 2386 5769; x_wconf 61' lang='lat' dir='ltr'><strong>Graeci;</strong></span> <span class='ocrx_word' id='word_1_937' title='bbox 2424 5699 2645 5773; x_wconf 55' lang='lat' dir='ltr'><strong>lectum,</strong></span> <span class='ocrx_word' id='word_1_938' title='bbox 2692 5704 2834 5773; x_wconf 86' lang='lat' dir='ltr'><strong>quod</strong></span> <span class='ocrx_word' id='word_1_939' title='bbox 2868 5702 3185 5756; x_wconf 86' lang='lat' dir='ltr'><strong>Bonfrerius</strong></span> <span class='ocrx_word' id='word_1_940' title='bbox 3214 5701 3282 5755; x_wconf 91' lang='lat' dir='ltr'><strong>ad</strong></span> <span class='ocrx_word' id='word_1_941' title='bbox 3310 5701 3507 5755; x_wconf 85' lang='lat' dir='ltr'><strong>libtutn</strong></span> <span class='ocrx_word' id='word_1_942' title='bbox 3541 5699 3716 5754; x_wconf 87' lang='lat' dir='ltr'><strong>Loco-</strong></span> 
     </span>
    </p>
   </div>
   <div class='ocr_carea' id='block_1_120' title="bbox 2118 5724 3219 5847">
    <p class='ocr_par' dir='ltr' id='par_1_120' title="bbox 2118 5724 3219 5847">
     <span class='ocr_line' id='line_1_120' title="bbox 2118 5724 3219 5773; baseline -0.013 -6"><span class='ocrx_word' id='word_1_943' title='bbox 2118 5729 2146 5767; x_wconf 90' lang='lat' dir='ltr'><strong>a</strong></span> <span class='ocrx_word' id='word_1_944' title='bbox 2180 5724 2386 5769; x_wconf 65' lang='lat' dir='ltr'><strong>(meets</strong></span> <span class='ocrx_word' id='word_1_945' title='bbox 2426 5724 2645 5773; x_wconf 82' lang='lat' dir='ltr'><strong>lectum,</strong></span> <span class='ocrx_word' id='word_1_946' title='bbox 2731 5724 2834 5758; x_wconf 80' lang='grc' dir='ltr'>ιιιιιι</span> <span class='ocrx_word' id='word_1_947' title='bbox 2870 5724 3219 5756; x_wconf 80' lang='lat' dir='ltr'><strong>nuntrertus:</strong></span> 
     </span>
     <span class='ocr_line' id='line_1_121' title="bbox 2118 5724 3219 5847; baseline -0.012 -7"><span class='ocrx_word' id='word_1_948' title='bbox 2118 5800 2237 5840; x_wconf 89' lang='lat' dir='ltr'><strong>rum</strong></span> <span class='ocrx_word' id='word_1_949' title='bbox 2267 5783 2510 5847; x_wconf 80' lang='lat' dir='ltr'><strong>Eusebii,</strong></span> <span class='ocrx_word' id='word_1_950' title='bbox 2539 5780 2655 5834; x_wconf 85' lang='lat' dir='ltr'><strong>sive</strong></span> <span class='ocrx_word' id='word_1_951' title='bbox 2685 5724 3002 5844; x_wconf 68' lang='lat' dir='ltr'><strong>iiieronymi</strong></span> <span class='ocrx_word' id='word_1_952' title='bbox 3045 5783 3219 5827; x_wconf 86' lang='lat' dir='ltr'><strong>uetat.</strong></span> 
     </span>
    </p>
   </div>
  </div>
