4150 6346
404 254 510 311 855

529 370 803 443 Romanum
827 376 905 443 est
926 389 937 421 :
961 381 1164 424 oestrum
1197 375 1332 425 Graii
1357 383 1558 426 vertere
1575 385 1839 443 vocantes,

533 435 695 499 ᾼερει*
712 435 891 484 acerba
912 448 1089 485 sonans
1112 452 1123 486 :
1150 449 1247 499 quo
1272 443 1371 488 tota
1399 440 1639 488 exterrita
1664 439 1799 490 silvis

534 496 807 562 Diffugiunt
830 505 1051 562 armenta
1081 513 1094 549 :
1117 496 1233 547 furit
1257 502 1525 562 mugitibus
1548 502 1710 552 mther

535 558 824 619 Concussus,
844 559 1080 622 silvaeque
1107 567 1159 611 et
1182 563 1296 612 sicci
1315 558 1421 625 ripa
1445 563 1679 627 Tanagri.

406 667 543 735 Quia
567 682 699 737 ergo
728 668 985 723 insanivit
1031 669 1221 739 Israel,
1254 678 1309 726 et
1354 686 1649 741 percussus
1679 671 2011 728 fornicatio-

406 762 492 816 nis
518 762 737 831 spiritu,
775 762 1082 818 incredibili
1138 763 1322 819 furore
1359 764 1655 821 bacchatus
1713 774 1834 833 est,
1884 765 2008 821 ideo

410 872 517 911 non
569 856 738 910 multo
772 867 894 927 post
927 867 1193 928 tempore,
1249 857 1344 914 sed
1377 858 1503 913 dum
1550 860 1845 929 pr0plteto,
1881 860 2008 915 dum

408 948 632 1017 Spiritus
670 948 769 1002 hos
816 948 956 1019 regit
1002 958 1171 1015 artus,
1218 958 1388 1021 pascet
1436 967 1519 1005 eos
1559 950 1816 1007 Dominus
1862 951 2012 1022 quasi

410 1057 603 1111 agnum
634 1041 685 1093 in
728 1039 1031 1096 latitudine.
1066 1042 1201 1107 Quia
1250 1044 1628 1112 metaphoram
1656 1059 1685 1097 a
1717 1058 1883 1097 vacca
1908 1043 2014 1097 las-

412 1134 673 1201 civiente,
709 1136 822 1189 sive
852 1144 1021 1191 oestro
1070 1146 1311 1206 ceperat,
1347 1147 1528 1191 servat
1570 1139 1621 1191 in
1680 1138 1925 1207 reliquis,
1957 1146 2017 1191 ut

412 1226 788 1294 captivitatem
824 1228 878 1283 in
910 1229 1187 1300 Assyrios,
1216 1230 1348 1284 etin
1384 1230 1702 1285 latissimam
1732 1230 2013 1285 Medorum

416 1326 617 1373 terram
650 1320 1049 1390 dispersionem
1098 1322 1283 1391 populi
1315 1322 1483 1377 Israel
1532 1324 1686 1392 quasi
1736 1324 1788 1377 in
1821 1338 2015 1393 campo

415 1408 688 1465 latissimo
712 1421 765 1466 et
805 1413 859 1467 in
899 1414 1136 1482 spatiosa
1165 1424 1303 1469 terra
1343 1415 1526 1485 gregis
1556 1424 1604 1470 et
1634 1430 1896 1485 agnorunt
1924 1430 2017 1485 pa-

417 1510 624 1557 sturam
655 1513 830 1559 vocet.
892 1505 1066 1575 Super
1119 1504 1388 1560 haareticis
1439 1521 1609 1574 prona
1657 1506 2015 1575 intelligentia

418 1604 526 1659 est,
558 1595 623 1649 ad
650 1609 805 1665 quos,
838 1596 924 1650 vel
953 1597 1018 1650 de
1046 1597 1246 1666 quibus
1277 1596 1481 1651 dicitur
1514 1612 1528 1649 :
1557 1596 1615 1652 Si
1647 1597 1820 1651 semel
1852 1595 2018 1651 forni-

415 1688 584 1752 caris,
602 1689 881 1753 haeretica,
901 1688 1093 1742 saltem
1118 1695 1198 1757 tu,
1214 1688 1687 1759 ecclesiastice,jne
1705 1689 2014 1760 delinquas,

1643 259 1705 315 S.
1749 255 2019 317 EUSEBII
2057 256 2444 317 HIERONYMI

3594 265 3704 324 85G

2026 383 2080 443 Α
2103 379 2275 447 venti,
2309 387 2370 434 ut
2409 380 2622 436 scilicet
2651 390 2706 437 et
2736 382 3013 453 principes
3058 393 3114 440 et
3144 385 3424 456 populum,
3455 386 3623 442 immo
3648 393 3706 443 et

2107 472 2386 528 daemones
2435 481 2489 529 et
2517 474 2801 541 lsraelem,
2836 490 3005 532 vanos
3033 477 3210 544 vanis,
3240 478 3493 535 inanibus
3514 479 3704 537 inanes

2109 579 2319 624 asserat
2348 571 2653 641 c0pulatos.
2686 570 2900 627 Ventus
2923 574 3068 628 enim
3092 584 3147 629 et
3176 574 3401 644 spiritus
3421 573 3568 645 apud
3594 573 3701 629 lle-

2108 661 2285 717 brasos
2313 678 2421 717 uno
2473 664 2641 719 verbo
2698 665 3043 735 appellantur
3098 683 3201 721 nus
3234 668 3405 739 (n11).
3461 666 3518 721 ld
3558 665 3703 735 quod

2110 755 2463 825 Septuaginta
2495 758 2892 813 transtulerunt
2921 758 3030 831 [Αι.
3062 759 3389 833 posuerunt]
3411 758 3708 832 provocavit

2113 849 2455 919 Cltananteos,
2491 852 2542 906 in
2594 852 2862 908 Ilebraico
2921 868 3028 908 non
3087 854 3315 910 habetur
3356 872 3369 909 :
3408 864 3589 910 tamen
3630 854 3713 910 sic

2112 943 2458 1015 interpretari
2482 956 2677 1016 potest,
2713 958 2770 1002 ιιι
2800 949 3049 1003 dicamus
3082 957 3290 1003 tantum
3346 948 3583 1004 studium
3617 947 3715 1003 ha-

2112 1038 2300 1094 buisse
2334 1040 2589 1097 lsraelem
2621 1043 2673 1097 in
2714 1042 2982 1099 idolorum
3018 1043 3190 1112 cultu,
3234 1053 3291 1098 ut
3320 1058 3431 1099 non
3464 1042 3709 1098 imitatus

2115 1132 2185 1186 sit
2217 1133 2581 1200 Cltananteos,
2623 1134 2678 1189 id
2721 1145 2824 1203 est,
2870 1136 3119 1191 ethnicos
3150 1152 3164 1202 ;
3199 1135 3293 1191 sed
3344 1136 3412 1190 ad
3443 1134 3709 1190 imitatio-

2117 1241 2244 1282 nem
2285 1229 2366 1281 sui
2413 1242 2510 1284 eos
2558 1229 2864 1297 provocarit
2906 1229 3136 1285 erroris.
3196 1229 3312 1285 Iloc
3348 1230 3525 1299 ipsum
3565 1238 3621 1285 et
3646 1229 3717 1285 ad

2117 1320 2411 1376 haereticos
2461 1321 2659 1378 referri
2713 1333 2914 1393 potest,
2974 1331 3027 1379 et
3066 1323 3264 1378 dicitur
3314 1323 3381 1378 ad
3412 1321 3627 1390 ludam,
3662 1322 3719 1378 id

2118 1423 2225 1480 est,
2253 1414 2321 1468 ad
2353 1414 2524 1469 virum
2558 1416 3011 1483 ecclesiasticum,
3047 1418 3172 1486 quia
3222 1416 3479 1487 Ephraim
3512 1415 3605 1487 qui
3636 1416 3720 1471 in-

2123 1515 2453 1577 terpretatur
2483 1510 2832 1585 καρποφόρος,
2880 1510 3068 1563 falsam
3109 1508 3214 1563 sibi
3246 1508 3511 1564 doctrinae
3555 1508 3721 1563 uber-'

2122 1609 2307 1666 tatem,
2332 1610 2387 1656 et
2410 1601 2671 1672 frugifera
2696 1602 2951 1672 dogmala
2985 1602 3278 1672 promittit,
3316 1610 3372 1655 et
3391 1599 3563 1656 semel
3585 1600 3725 1655 ami-

2119 1707 2215 1747 cus
2262 1701 2348 1748 est
2394 1692 2727 1758 daemonum,
2778 1694 2997 1749 dimitte
3037 1708 3160 1749 eum
3206 1702 3368 1763 atque
3388 1701 3719 1749 contemne:

416 1796 519 1836 nec
548 1780 654 1852 [ΑΙ.
688 1780 777 1854 ηε]
813 1781 1140 1853 ingrediaris
1186 1782 1242 1837 in
1273 1781 1578 1853 Galgalam,
1629 1782 2014 1838 haereticorum
2046 1781 2093 1840 B
2124 1785 2426 1856 praesertim
2452 1800 2574 1840 cum
2598 1784 2867 1839 sacriﬁcia
2896 1801 3085 1839 eorum
3117 1803 3146 1840 a
3174 1788 3278 1841 tuis
3299 1787 3411 1842 sint
3438 1783 3723 1841 sacriﬁciis

413 1877 818 1945 conciliabula,
862 1878 955 1933 ubi
999 1886 1225 1948 peccata
1272 1878 1512 1933 omnium
1557 1880 1875 1935 revelantur
1906 1877 2015 1951 [Αι.

417 1972 774 2043 relevantur],
819 1981 877 2028 et
906 1973 1078 2027 instar
1108 1987 1403 2043 porcorum
1426 1975 1809 2031 volutanturin
1837 1989 2015 2030 coeno.

416 2063 497 2120 Ne
550 2073 603 2120 te
651 2066 952 2122 ascendere
980 2076 1141 2136 putes
1170 2066 1239 2121 ad
1290 2067 1555 2135 superbas
1597 2077 1651 2123 et
1699 2075 2021 2138 arrogantes

418 2158 686 2213 falsorum
715 2158 1033 2230 dogmatum
1060 2161 1330 2216 ﬁctiones.
1364 2160 1485 2216 Non
1518 2170 1602 2217 est
1640 2161 1785 2218 enim
1818 2162 1894 2217 ibi
1925 2160 2023 2216 do-

422 2267 542 2305 mus
565 2251 683 2318 Dei,
710 2251 807 2307 sed
831 2252 1028 2307 domus
1055 2252 1209 2307 idoli.
1252 2254 1367 2309 Nec
1393 2255 1663 2324 iuraveris
1690 2270 1788 2325 per
1825 2269 2023 2311 nomen

420 2340 649 2410 Christi,
692 2346 849 2415 cujus
880 2347 1222 2417 majestatem
1266 2348 1733 2404 miscendoidolis
1757 2348 2023 2419 polluisti.

430 2437 584 2492 Sicut
613 2438 958 2507 enim3vacca
992 2454 1250 2510 percussa
1282 2440 1439 2508 asilo,
1474 2442 1726 2512 percussi
1759 2449 1885 2496 sunt
1914 2441 2025 2496 hae-

423 2532 587 2586 retici
616 2532 939 2587 ardentibus
965 2532 1169 2588 diaboli
1218 2534 1456 2603 sagittis,
1486 2543 1541 2589 et
1590 2535 1749 2605 Legis
1777 2534 2024 2589 notitiam

422 2625 806 2694 reliquerunt:
837 2626 959 2681 ideo
992 2635 1287 2696 pascentur
1344 2627 1400 2681 in
1451 2627 1560 2681 lata
1590 2636 1644 2683 et
1676 2629 1731 2682 in
1784 2628 2029 2697 spatiosa

426 2719 536 2786 via,
568 2735 687 2789 quae
711 2721 858 2775 ducit
903 2721 971 2774 ad
1014 2729 1271 2787 mortem,
1299 2730 1357 2777 et
1402 2722 1663 2791 patientia
1692 2723 1910 2779 Domini
1939 2724 2030 2779 bo-

424 2812 591 2883 nique
623 2812 858 2883 pastoris
898 2828 992 2869 eos
1018 2813 1224 2868 nutriet
1265 2813 1331 2868 ad
1363 2814 1666 2870 interitum.

501 2905 682 2978 (Vers.
718 2906 783 2959 17
806 2904 950 2976 seq.)
999 2904 1273 2977 Particeps
1314 2906 1574 2961 idolorum
1628 2907 1907 2979 Ephraim,
1949 2909 2031 2961 di-

423 3002 565 3055 mitte
591 3018 727 3066 eum,
754 3011 1052 3072 separatum
1082 3010 1159 3055 est
1206 3003 1494 3056 convivium
1544 3019 1723 3057 eorum
1745 3021 1763 3058 :
1802 3004 2031 3074 fornica-

426 3098 562 3150 tione
612 3095 858 3165 fornicati
888 3105 1053 3161 sunt;
1104 3096 1398 3150 dilexerunt
1447 3096 1635 3163 afferre
1688 3099 2030 3170 ignominiam

424 3198 732 3260 protectores
783 3193 919 3261 ejus,
960 3189 1143 3260 ligavit
1200 3190 1415 3261 spiritus
1460 3168 1780 3263 eunt[Vulg.
1813 3189 1947 3263 eam]
1975 3191 2031 3244 in
2056 3168 2102 3231 Ο

420 3283 521 3337 alis
552 3286 659 3338 suis
684 3302 701 3350 ;
730 3283 1217 3354 etconfundentura
1239 3284 1511 3353 sacriﬁciis
1536 3284 1665 3338 suis.
1686 3284 1829 3338 LXX
1856 3301 1869 3336 :
1897 3283 2033 3337 Par-

428 3378 587 3450 ticeps
612 3378 877 3431 idolorum
910 3376 1169 3448 Ephraim
1207 3378 1381 3446 posuit
1425 3376 1521 3431 sibi
1547 3378 1820 3446 scandala,
1848 3395 2033 3449 provo-

428 3474 559 3527 cavit
598 3472 945 3537 Chananwos,
995 3472 1315 3541 fornicantes
1344 3472 1589 3543 fornicati
1645 3484 1789 3538 sunt,
1832 3474 2035 3529 dilexe-

426 3575 550 3620 runt
576 3567 913 3637 ignominiam
940 3582 1003 3620 ea:
1054 3567 1263 3636 fremitu
1303 3567 1414 3636 ejus
1446 3583 1463 3632 ;
1498 3566 1643 3620 turbo
1672 3568 1888 3639 spiritus
1916 3576 1941 3604 ει
1964 3568 2033 3621 si-

428 3658 605 3712 bilabit
634 3660 687 3712 in
716 3660 813 3712 alis
856 3659 968 3729 ejus
1020 3670 1066 3712 et
1098 3659 1485 3729 confundantur
1516 3676 1579 3713 ex
1608 3660 1859 3713 altaribus
1901 3660 2029 3714 suis.

431 3750 716 3820 Ephraim,
743 3750 811 3804 de
835 3766 939 3819 qua
968 3751 1113 3806 tribu
1143 3750 1438 3805 Jeroboam
1494 3751 1641 3805 ﬁlius
1670 3751 1903 3814 Nabatlt,
1942 3752 2034 3821 qui

432 3845 640 3913 primus
669 3858 866 3897 aureos
892 3844 1099 3899 vitulos
1128 3847 1182 3898 in
1206 3844 1395 3898 Bcthcl
1426 3845 1650 3915 Danque
1688 3844 1798 3916 46
1822 3847 2032 3900 consti-

431 3936 554 4001 tttit,
582 3951 680 3990 rex
723 3944 809 3989 est
841 3934 1026 3989 decem
1063 3935 1327 3990 tributtm.
1356 3936 1399 3989 Ο
1430 3935 1596 4005 igitur
1637 3936 1795 4003 Juda,
1829 3937 1912 3989 cui
1945 3952 2031 3990 su-

428 4044 525 4097 pra
550 4028 687 4093 dixi,
720 4029 763 4081 si
789 4028 1087 4083 fornicatur
1132 4029 1324 4094 Israel,
1379 4045 1487 4083 non
1532 4029 2032 4099 delinquatsaltcm

440 4119 597 4183 luda,
631 4121 755 4175 audi
784 4122 1076 4176 consilium
1128 4137 1332 4187 meum,
1374 4122 1655 4193 prophetm
1708 4124 1876 4177 verba
1925 4137 2031 4177 non

432 4228 699 4283 spernas;
733 4214 859 4283 quia
903 4212 1166 4283 Ephraim
1223 4214 1396 4269 semel
1442 4214 1711 4269 idolorum
1741 4215 1949 4271 amicus
1981 4224 2037 4271 et

434 4306 712 4377 particeps
741 4316 849 4375 est,
885 4306 1096 4362 dimitte
1121 4322 1268 4372 eum,
1305 4322 1375 4363 ne
1402 4309 1647 4379 sequaris
1697 4310 2032 4379 impietatem

432 4402 571 4471 ejus,
603 4402 757 4471 cujus
804 4401 983 4456 cultus
1014 4411 1072 4457 et
1104 4401 1297 4472 religio
1352 4413 1407 4458 et
1429 4402 1581 4459 cibus
1604 4419 1634 4457 a
1665 4411 1759 4460 tuo
1782 4404 2034 4460 convivio

432 4506 716 4567 separatus
746 4506 851 4552 est.
878 4495 959 4549 Illi
1003 4498 1148 4551 enim
1175 4497 1345 4551 semel
1379 4496 1536 4553 idolis
1565 4497 1829 4567 serviunt,
1857 4510 1910 4553 et
1931 4497 2035 4553 da:-

2122 1886 2395 1948 separata.
2448 1878 2561 1933 Hoc
2603 1887 2689 1933 est
2721 1878 2868 1933 enim
2904 1877 3047 1948 quod
3101 1878 3232 1933 dicit
3286 1888 3603 1948 separatum
3640 1885 3725 1933 est

2123 1975 2432 2030 convivium
2480 1989 2696 2042 eorum,
2750 1975 2923 2030 semel
2955 1973 3207 2030 fornicati
3236 1981 3381 2041 sunt,
3416 1984 3472 2029 et
3526 1970 3728 2043 princi-

2124 2083 2221 2139 pes
2255 2084 2449 2124 eorum
2501 2070 2775 2125 infelicem
2808 2069 3067 2141 populum
3128 2068 3464 2139 deceperunt
3495 2084 3510 2135 ;
3543 2078 3597 2123 et
3623 2081 3725 2138 pro

2126 2163 2223 2219 Dei
2246 2162 2390 2218 cultu
2421 2164 2741 2220 imbuerunt
2768 2178 2863 2219 eos
2895 2161 3197 2233 ignominia
3239 2161 3528 2225 idolorum,
3574 2167 3628 2216 et
3658 2159 3727 2214 li-

2125 2258 2273 2328 gavit
2300 2271 2396 2312 eos
2420 2256 2622 2312 diaboli
2645 2256 2871 2326 spiritus
2900 2257 2954 2310 in
2987 2256 3086 2311 alis
3119 2254 3254 2322 suis,
3293 2254 3387 2325 qui
3435 2253 3731 2309 circumfe-

2126 2358 2318 2405 runtur
2352 2351 2499 2405 omni
2540 2359 2703 2406 vento
2745 2349 3055 2415 doctrinae;
3098 2358 3153 2404 et
3196 2348 3379 2403 stabili
3407 2347 3461 2402 in
3485 2344 3732 2402 Ecclesia

2129 2442 2270 2513 pede
2300 2456 2627 2509 permanere
2668 2455 2775 2496 non
2828 2448 3078 2512 possunt.
3108 2439 3211 2509 Qui
3241 2454 3370 2495 vere
3412 2438 3466 2493 in
3502 2435 3615 2493 suis
3638 2450 3726 2491 sa-

2129 2534 2354 2591 criﬁciis
2397 2534 2824 2601 confundentur,
2868 2534 2999 2604 quia
3030 2534 3187 2604 panis
3220 2546 3411 2588 eorum
3460 2531 3622 2601 panis
3648 2529 3729 2585 lu-

2128 2639 2248 2682 ctus
2275 2637 2378 2682 est.
2402 2627 2779 2700 ﬁaQuodque
2804 2626 3024 2695 dicitur,
3056 2626 3349 2697 provocavit
3377 2623 3728 2692 Chananwos,

2130 2720 2320 2775 eodem
2350 2735 2515 2777 sensu
2561 2720 2750 2776 referri
2776 2719 3049 2790 potestad
3088 2719 3402 2790 haereticos,
3443 2716 3589 2789 quod
3620 2726 3730 2770 tam

2131 2828 2325 2883 spurca
2359 2813 2607 2884 plerique
2654 2813 3037 2868 haereticorum
3077 2822 3130 2867 et
3170 2811 3401 2867 nefanda
3450 2810 3734 2867 conﬁnxe-

2130 2908 2261 2977 rint,
2292 2907 2637 2979 habeantque
2682 2908 2960 2964 immunda
2988 2907 3277 2973 sacriﬁcia,
3319 2915 3378 2961 ut
3426 2904 3733 2961 idololatria

2134 3002 2361 3057 inferior
2390 3005 2480 3057 sit.
2516 3000 2614 3057 Vel
2663 3011 2809 3057 certe
2841 3003 2968 3072 quia
3021 2998 3349 3055 Chananaeus
3405 3000 3734 3070 interpreta-

2138 3103 2253 3161 tur,
2302 3095 2624 3168 uegotiator,
2675 3095 2792 3150 sive
2824 3096 3133 3168 μετάϐολος,
3168 3094 3221 3150 id
3252 3103 3367 3160 est,
3411 3093 3730 3165 translator,

2137 3203 2327 3244 omnes
2355 3189 2447 3258 qui
2474 3188 2694 3244 domum
2722 3188 2898 3243 Patris
2924 3189 3126 3243 faciunt
3149 3189 3370 3245 domum
3402 3186 3734 3259 negotiatio-

2138 3282 2221 3335 nis
2262 3280 2441 3353 (Joan.
2484 3282 2572 3354 It),
2605 3290 2663 3338 et
2707 3283 2858 3337 lucra
2890 3292 3142 3353 quierunt
3171 3282 3239 3337 de
3270 3281 3507 3353 populis,
3530 3292 3585 3336 et
3634 3280 3736 3337 Ec-

2136 3376 2317 3429 clesiae
2354 3376 2648 3432 veritatem
2676 3375 3013 3431 transferunt
3045 3374 3097 3430 in
3126 3374 3497 3445 mendacium,
3521 3372 3737 3430 Chana-

2137 3471 2240 3525 naei
2270 3469 2587 3540 appellandi
2621 3481 2765 3525 sunt.

2210 3565 2364 3637 (Cap.
2389 3564 2458 3622 ν.
2491 3595 2563 3607 -
2587 3565 2746 3621 Vers.
2778 3566 2830 3631 1,
2858 3565 2939 3635 ‘2.)
2971 3566 3159 3620 Audite
3206 3564 3315 3621 lucc
3364 3562 3549 3637 [Vulg.
3589 3562 3732 3637 hoc],

2137 3658 2452 3726 sacerdotes,
2496 3668 2542 3713 et
2565 3662 2835 3729 attendite,
2862 3661 3046 3714 domus
3068 3658 3263 3726 Israel,
3295 3666 3341 3713 et
3367 3658 3549 3713 domus
3572 3658 3730 3728 regis,

2138 3750 2351 3803 auribus
2378 3748 2560 3821 [Vulg.
2614 3760 2758 3807 tacet
2801 3751 3036 3823 auribus]
3080 3752 3398 3818 auscultate,
3446 3751 3566 3821 quia
3594 3749 3736 3804 vobis

2126 3842 2395 3914 judicium
2417 3852 2523 3897 est:
2546 3844 2789 3914 quoniam
2822 3845 3036 3914 laqueus
3066 3846 3193 3914 [acti
3217 3845 3336 3898 estis
3365 3842 3730 3914 speculationi,

2136 3941 2183 3985 et
2213 3942 2317 3986 rete
2343 3950 2626 4006 expansum
2673 3952 2830 4006 super
2860 3934 3088 4005 Thabor,
3118 3945 3165 3989 et
3190 3936 3420 3989 victimas
3440 3934 3735 3988 declinastis

2136 4025 2190 4078 in
2222 4026 2561 4096 profundum.
2597 4026 2745 4081 LXX
2796 4045 2807 4079 :
2853 4029 3043 4081 Audite
3068 4027 3199 4095 haec,
3245 4027 3561 4094 sacerdotes,
3587 4035 3632 4079 et
3656 4034 3738 4078 at-

2138 4116 2331 4170 tendite
2358 4119 2541 4171 domus
2573 4118 2769 4184 Israel,
2818 4129 2862 4174 et
2889 4120 3071 4172 domus
3101 4122 3260 4190 regis,
3310 4118 3525 4173 auribus
3564 4117 3735 4188 perci-

2139 4210 2263 4278 pite,
2297 4211 2367 4263 ad
2397 4227 2483 4265 vos
2514 4212 2649 4265 enim
2696 4221 2769 4265 est
2824 4213 3080 4280 iudicium
3107 4253 3122 4279 ,
3175 4213 3297 4281 quia
3363 4213 3581 4283 laqueus
3611 4212 3738 4281 facti

2137 4304 2263 4356 estis
2290 4304 2659 4370 speculationi,
2713 4313 2760 4357 et
2794 4304 2929 4359 sicut
2977 4313 3081 4359 rete
3132 4320 3417 4374 expansum
3445 4320 3604 4373 super
3625 4301 3739 4355 Ita-

2140 4397 2364 4467 byriunt,
2395 4397 2534 4468 quod
2581 4397 2671 4467 qui
2718 4398 2966 4468 capiunt,
3014 4398 3330 4451 venationem
3384 4396 3731 4466 conﬁxerunt.

2138 4489 2470 4546 Sacerdotes
2501 4489 2690 4545 decem
2736 4490 2981 4545 tribuum
3031 4489 3099 4544 ad
3129 4488 3396 4559 judicium
3445 4497 3733 4554 vocantur,

436 4591 688 4645 monibus
715 4590 1019 4657 immolant,
1048 4598 1105 4646 et
1143 4590 1391 4660 quotidie
1440 4591 1795 4661 fornicamur,
1830 4602 1885 4649 et
1913 4592 2038 4647 diti-
2064 4568 2117 4629 D
2143 4592 2199 4639 et
2219 4599 2400 4654 regeS,
2434 4599 2542 4639 non
2576 4584 2718 4654 quod
2742 4583 3058 4639 sacerdotes
3089 4582 3287 4638 sintde
3310 4583 3451 4638 tribu
3474 4579 3737 4651 Levi,scd

431 4694 565 4757 gttnt
595 4684 1008 4740 fornicationem
1060 4700 1211 4740 suam
1248 4704 1259 4739 :
1294 4686 1462 4740 immo
1497 4687 1770 4756 principes
1798 4696 1853 4743 et
1899 4702 2035 4757 pro-

432 4788 672 4836 tectores
703 4779 842 4848 ejus,
896 4778 949 4833 id
982 4789 1088 4845 est,
1119 4794 1273 4847 reges
1322 4779 1631 4834 dilexerunt
1674 4779 2029 4849 ignominiam

440 4873 636 4928 aﬁ'erre
678 4872 905 4942 populo,
939 4870 990 4925 id
1025 4879 1132 4935 est,
1180 4871 1314 4925 vitio
1352 4872 1681 4942 principum,
1716 4871 1904 4927 infelix
1938 4888 2028 4942 po-

436 4968 595 5039 pulus
627 4967 869 5037 suscepit
898 4966 1104 5019 cultum
1131 4965 1429 5032 idolorum,
1461 4982 1692 5036 quorum
1721 4966 2035 5022 immundus

438 5062 668 5131 spiritus
694 5059 882 5130 ligavit
912 5058 1169 5113 lsraelem
1204 5058 1257 5112 in
1312 5058 1411 5112 alis
1460 5058 1594 5125 suis,
1632 5067 1688 5113 et
1712 5074 1834 5113 eum
1865 5059 2035 5114 libere

436 5156 667 5211 volitare
688 5169 796 5208 non
822 5148 1642 5222 patitur.Conl‘undenturigitur
1665 5150 1717 5204 in
1748 5151 2035 5207 sacriﬁciis

441 5248 576 5314 suis,
601 5254 657 5302 et
680 5243 1034 5315 ignominiam
1060 5242 1365 5313 principum
1398 5241 1451 5295 in
1479 5255 1581 5295 sua
1601 5239 1926 5297 confusione
1946 5256 2038 5296 su-

435 5342 693 5411 scipient.
723 5336 1089 5411 Symmachus
1140 5352 1235 5407 pro
1280 5351 1346 5391 eo
1394 5335 1540 5406 quod
1568 5350 1668 5393 nos
1694 5336 2041 5407 interpretati

439 5450 658 5501 sumus,
685 5432 862 5504 ligavit
893 5432 1106 5504 spiritus
1152 5447 1269 5484 eum
1322 5431 1377 5483 in
1429 5429 1529 5485 alis
1576 5432 1709 5501 suis,
1739 5432 1846 5487 hoc
1874 5432 2036 5488 modo

436 5527 679 5584 vertitin
701 5527 971 5595 Graecum,
1007 5525 1160 5583 velut
1205 5525 1251 5581 si
1280 5524 1405 5596 quis
1432 5524 1566 5595 liget
1594 5534 1814 5582 ventum
1850 5526 1906 5582 in
1936 5526 2038 5582 alis

2142 4678 2288 4749 quod
2318 4677 2634 4733 sacerdotes
2682 4685 2945 4733 vocentur
2967 4693 2995 4730 a
3036 4678 3259 4748 populo.
3286 4676 3442 4733 Unde
3471 4686 3528 4731 et
3556 4691 3738 4731 sacer-

2144 4768 2301 4826 d0tes
2330 4770 2484 4837 Baal,
2516 4778 2571 4825 et
2603 4770 2885 4839 prophetae
2916 4769 3303 4840 quadringenti
3349 4767 3737 4841 quinquaginta

2142 4882 2280 4937 quos
2324 4867 2596 4923 interfecit
2657 4866 2859 4939 Elias(
2903 4867 3084 4939 IReg.
3146 4865 3328 4938 xvttt)
3364 4907 3381 4935 ,
3432 4874 3489 4921 et
3543 4873 3736 4936 postea

2141 4959 2279 5015 Jehu
2310 4961 2454 5016 ﬁlius
2501 4960 2685 5016 Namsi
2712 4960 2803 5032 (IV
2833 4960 2966 5033 Reg.
2992 4978 3071 5026 1x,
3126 4962 3237 5033 10),
3272 4968 3548 5032 praesente
3572 4960 3737 5016 Jona-

2142 5053 2249 5108 dab
2288 5052 2403 5109 ﬁlio
2428 5053 2675 5123 Rechab,
2709 5054 2969 5125 appellati
3007 5066 3133 5110 sunt
3167 5054 3485 5111 sacerdotes
3515 5071 3530 5119 ;
3561 5052 3656 5109 sed
3684 5061 3739 5109 et

2139 5146 2329 5212 Israel,
2357 5148 2409 5203 id
2436 5158 2540 5215 est,
2572 5150 2828 5220 populus,
2862 5161 3090 5206 vocatur
3120 5151 3185 5205 ad
3224 5150 3511 5221 judicium,
3538 5158 3595 5205 et
3619 5149 3740 5205 nul-

2142 5244 2230 5299 lus
2258 5246 2543 5315 excipitur,
2574 5255 2633 5300 ut
2674 5255 2728 5301 et
2754 5246 3071 5303 sacerdotes
3110 5255 3166 5300 et
3197 5246 3431 5316 populus
3477 5254 3531 5302 et
3557 5260 3736 5316 reges,

2142 5340 2235 5410 qui
2269 5340 2597 5397 induxerant
2645 5342 2927 5413 populum,
2977 5351 3032 5396 et
3061 5342 3460 5397 constituerant
3487 5339 3742 5396 sacerdo-

2142 5443 2247 5501 tes,
2299 5436 2459 5490 simul
2499 5436 2720 5491 audiant
2742 5437 2872 5508 quid
2917 5434 3168 5502 fecerint,
3207 5445 3264 5492 et
3308 5450 3405 5491 cur
3458 5434 3741 5490 tradantur

2139 5526 2401 5589 inimicis.
2435 5529 2846 5601 Speculatores,
2889 5528 3084 5600 inquit,
3117 5543 3217 5585 vos
3246 5529 3428 5599 posui,
3455 5536 3511 5584 et
3540 5524 3741 5599 princi-

514 5716 665 5786 atPro
712 5714 942 5771 sibilabit
989 5713 1179 5781 verbo,
1228 5726 1361 5770 mss.
1407 5711 1641 5770 Palatini
1674 5719 1728 5768 tu
1761 5729 1813 5768 es
1837 5710 2152 5785 praeferunt,
2186 5713 2646 5785 quemadmodum
2692 5723 2749 5770 et
2800 5713 2857 5771 in
2898 5713 3093 5772 Graeco
3141 5713 3331 5772 codice
3387 5713 3636 5786 plerique
3666 5715 3736 5770 σὺ

442 5786 491 5846 εἶ
508 5833 521 5858 ,
552 5784 650 5860 pro
677 5794 867 5863 συρισῖ.

3830 6074 3847 6127 ’ἱ
