  <div class='ocr_page' id='page_1' title='image "/cluster/home/n/w/nwhite01/storage/ocr_20150623/25/hvd.32044015471394/436.png"; bbox 0 0 4100 6336; ppageno 0'>
   <div class='ocr_carea' id='block_1_1' title="bbox 348 304 458 361">
    <p class='ocr_par' dir='ltr' id='par_1_1' title="bbox 348 304 458 361">
     <span class='ocr_line' id='line_1_1' title="bbox 348 304 458 361; baseline -0.027 1"><span class='ocrx_word' id='word_1_1' title='bbox 348 304 458 361; x_wconf 82' lang='lat'><strong>857</strong></span> 
     </span>
    </p>
   </div>
   <div class='ocr_carea' id='block_1_2' title="bbox 1244 293 2779 357">
    <p class='ocr_par' dir='ltr' id='par_1_2' title="bbox 1244 293 2779 357">
     <span class='ocr_line' id='line_1_2' title="bbox 1244 293 2779 357; baseline 0.003 -6"><span class='ocrx_word' id='word_1_2' title='bbox 1244 293 1890 354; x_wconf 67' lang='lat' dir='ltr'><strong>(ZOMMENTARIORUM</strong></span> <span class='ocrx_word' id='word_1_3' title='bbox 1934 297 2000 355; x_wconf 86' lang='lat' dir='ltr'><strong>IN</strong></span> <span class='ocrx_word' id='word_1_4' title='bbox 2037 296 2217 356; x_wconf 84' lang='lat' dir='ltr'><strong>OSEE</strong></span> <span class='ocrx_word' id='word_1_5' title='bbox 2253 298 2386 356; x_wconf 74' lang='lat' dir='ltr'><strong>LIII.</strong></span> <span class='ocrx_word' id='word_1_6' title='bbox 2430 299 2471 354; x_wconf 93' lang='lat' dir='ltr'><strong>I.</strong></span> <span class='ocrx_word' id='word_1_7' title='bbox 2515 298 2669 357; x_wconf 86' lang='lat' dir='ltr'><strong>CAP.</strong></span> <span class='ocrx_word' id='word_1_8' title='bbox 2720 301 2779 357; x_wconf 84' lang='lat' dir='ltr'><strong>V.</strong></span> 
     </span>
    </p>
   </div>
   <div class='ocr_carea' id='block_1_3' title="bbox 3540 302 3652 361">
    <p class='ocr_par' dir='ltr' id='par_1_3' title="bbox 3540 302 3652 361">
     <span class='ocr_line' id='line_1_3' title="bbox 3540 302 3652 361; baseline 0.009 -1"><span class='ocrx_word' id='word_1_9' title='bbox 3540 302 3652 361; x_wconf 79' lang='lat'><strong>858</strong></span> 
     </span>
    </p>
   </div>
   <div class='ocr_carea' id='block_1_4' title="bbox 349 413 3655 493">
    <p class='ocr_par' dir='ltr' id='par_1_4' title="bbox 349 413 3655 493">
     <span class='ocr_line' id='line_1_4' title="bbox 349 413 3655 493; baseline 0 -17"><span class='ocrx_word' id='word_1_10' title='bbox 349 435 444 493; x_wconf 90' lang='lat' dir='ltr'><strong>pes</strong></span> <span class='ocrx_word' id='word_1_11' title='bbox 475 420 529 477; x_wconf 94' lang='lat' dir='ltr'><strong>in</strong></span> <span class='ocrx_word' id='word_1_12' title='bbox 558 418 782 491; x_wconf 85' lang='lat' dir='ltr'><strong>papulo,</strong></span> <span class='ocrx_word' id='word_1_13' title='bbox 813 426 868 475; x_wconf 87' lang='lat' dir='ltr'><strong>et</strong></span> <span class='ocrx_word' id='word_1_14' title='bbox 896 418 949 474; x_wconf 92' lang='lat' dir='ltr'><strong>in</strong></span> <span class='ocrx_word' id='word_1_15' title='bbox 975 415 1195 473; x_wconf 81' lang='lat' dir='ltr'><strong>excelso</strong></span> <span class='ocrx_word' id='word_1_16' title='bbox 1227 413 1506 485; x_wconf 74' lang='lat' dir='ltr'><strong>dignitatis</strong></span> <span class='ocrx_word' id='word_1_17' title='bbox 1546 414 1785 471; x_wconf 87' lang='lat' dir='ltr'><strong>culmine</strong></span> <span class='ocrx_word' id='word_1_18' title='bbox 1816 429 1949 471; x_wconf 88' lang='lat' dir='ltr'><strong>eon-</strong></span> <span class='ocrx_word' id='word_1_19' title='bbox 1973 417 2027 479; x_wconf 83' lang='grc' dir='ltr'><strong>Α</strong></span> <span class='ocrx_word' id='word_1_20' title='bbox 2054 415 2221 473; x_wconf 88' lang='lat' dir='ltr'><strong>bunm</strong></span> <span class='ocrx_word' id='word_1_21' title='bbox 2249 416 2507 487; x_wconf 90' lang='lat' dir='ltr'><strong>populus,</strong></span> <span class='ocrx_word' id='word_1_22' title='bbox 2534 417 2659 488; x_wconf 92' lang='lat' dir='ltr'><strong>quia</strong></span> <span class='ocrx_word' id='word_1_23' title='bbox 2692 416 3002 473; x_wconf 83' lang='lat' dir='ltr'><strong>fornicante</strong></span> <span class='ocrx_word' id='word_1_24' title='bbox 3047 432 3193 490; x_wconf 86' lang='lat' dir='ltr'><strong>rege,</strong></span> <span class='ocrx_word' id='word_1_25' title='bbox 3242 417 3655 479; x_wconf 85' lang='lat' dir='ltr'><strong>contaminatus</strong></span> 
     </span>
    </p>
   </div>
   <div class='ocr_carea' id='block_1_5' title="bbox 348 509 1944 585">
    <p class='ocr_par' dir='ltr' id='par_1_5' title="bbox 348 509 1944 585">
     <span class='ocr_line' id='line_1_5' title="bbox 348 509 1944 585; baseline -0.003 -15"><span class='ocrx_word' id='word_1_26' title='bbox 348 515 526 581; x_wconf 89' lang='lat' dir='ltr'><strong>stitui,</strong></span> <span class='ocrx_word' id='word_1_27' title='bbox 580 523 638 570; x_wconf 93' lang='lat' dir='ltr'><strong>ut</strong></span> <span class='ocrx_word' id='word_1_28' title='bbox 670 514 930 585; x_wconf 86' lang='lat' dir='ltr'><strong>populum</strong></span> <span class='ocrx_word' id='word_1_29' title='bbox 960 510 1223 584; x_wconf 88' lang='lat' dir='ltr'><strong>regeretis</strong></span> <span class='ocrx_word' id='word_1_30' title='bbox 1276 516 1572 566; x_wconf 80' lang='lat' dir='ltr'><strong>errantem.</strong></span> <span class='ocrx_word' id='word_1_31' title='bbox 1623 509 1734 566; x_wconf 80' lang='lat' dir='ltr'><strong>Vos</strong></span> <span class='ocrx_word' id='word_1_32' title='bbox 1761 520 1944 566; x_wconf 90' lang='lat' dir='ltr'><strong>autem</strong></span> 
     </span>
    </p>
   </div>
   <div class='ocr_carea' id='block_1_6' title="bbox 347 603 1943 679">
    <p class='ocr_par' dir='ltr' id='par_1_6' title="bbox 347 603 1943 679">
     <span class='ocr_line' id='line_1_6' title="bbox 347 603 1943 679; baseline -0.003 -16"><span class='ocrx_word' id='word_1_33' title='bbox 347 609 472 663; x_wconf 81' lang='lat' dir='ltr'><strong>facti</strong></span> <span class='ocrx_word' id='word_1_34' title='bbox 497 608 627 664; x_wconf 81' lang='lat' dir='ltr'><strong>estis</strong></span> <span class='ocrx_word' id='word_1_35' title='bbox 660 609 908 679; x_wconf 83' lang='lat' dir='ltr'><strong>laqueus,</strong></span> <span class='ocrx_word' id='word_1_36' title='bbox 939 615 995 661; x_wconf 91' lang='lat' dir='ltr'><strong>et</strong></span> <span class='ocrx_word' id='word_1_37' title='bbox 1039 621 1147 661; x_wconf 92' lang='lat' dir='ltr'><strong>non</strong></span> <span class='ocrx_word' id='word_1_38' title='bbox 1170 614 1276 659; x_wconf 89' lang='lat' dir='ltr'><strong>tam</strong></span> <span class='ocrx_word' id='word_1_39' title='bbox 1310 603 1682 674; x_wconf 77' lang='lat' dir='ltr'><strong>speculatores</strong></span> <span class='ocrx_word' id='word_1_40' title='bbox 1708 612 1759 659; x_wconf 88' lang='lat' dir='ltr'><strong>et</strong></span> <span class='ocrx_word' id='word_1_41' title='bbox 1789 604 1943 675; x_wconf 87' lang='lat' dir='ltr'><strong>prin-</strong></span> 
     </span>
    </p>
   </div>
   <div class='ocr_carea' id='block_1_7' title="bbox 346 696 1942 772">
    <p class='ocr_par' dir='ltr' id='par_1_7' title="bbox 346 696 1942 772">
     <span class='ocr_line' id='line_1_7' title="bbox 346 696 1942 772; baseline -0.004 -15"><span class='ocrx_word' id='word_1_42' title='bbox 346 703 520 772; x_wconf 88' lang='lat' dir='ltr'><strong>cipes,</strong></span> <span class='ocrx_word' id='word_1_43' title='bbox 564 717 731 772; x_wconf 92' lang='lat' dir='ltr'><strong>quam</strong></span> <span class='ocrx_word' id='word_1_44' title='bbox 752 707 1045 756; x_wconf 77' lang='lat' dir='ltr'><strong>venatores</strong></span> <span class='ocrx_word' id='word_1_45' title='bbox 1074 697 1409 769; x_wconf 90' lang='lat' dir='ltr'><strong>appellandi.</strong></span> <span class='ocrx_word' id='word_1_46' title='bbox 1452 696 1768 767; x_wconf 85' lang='lat' dir='ltr'><strong>Expanditis</strong></span> <span class='ocrx_word' id='word_1_47' title='bbox 1797 697 1942 751; x_wconf 91' lang='lat' dir='ltr'><strong>enim</strong></span> 
     </span>
    </p>
   </div>
   <div class='ocr_carea' id='block_1_8' title="bbox 348 788 1944 861">
    <p class='ocr_par' dir='ltr' id='par_1_8' title="bbox 348 788 1944 861">
     <span class='ocr_line' id='line_1_8' title="bbox 348 788 1944 861; baseline -0.004 -11"><span class='ocrx_word' id='word_1_48' title='bbox 348 802 465 850; x_wconf 88' lang='lat' dir='ltr'><strong>rete</strong></span> <span class='ocrx_word' id='word_1_49' title='bbox 512 807 679 861; x_wconf 86' lang='lat' dir='ltr'><strong>super</strong></span> <span class='ocrx_word' id='word_1_50' title='bbox 752 801 992 847; x_wconf 82' lang='lat' dir='ltr'><strong>montem</strong></span> <span class='ocrx_word' id='word_1_51' title='bbox 1043 791 1309 855; x_wconf 90' lang='lat' dir='ltr'><strong>Thabor,</strong></span> <span class='ocrx_word' id='word_1_52' title='bbox 1370 804 1531 859; x_wconf 91' lang='lat' dir='ltr'><strong>quem</strong></span> <span class='ocrx_word' id='word_1_53' title='bbox 1589 788 1944 860; x_wconf 81' lang='lat' dir='ltr'><strong>Septuaginta</strong></span> 
     </span>
    </p>
   </div>
   <div class='ocr_carea' id='block_1_9' title="bbox 346 883 1944 968">
    <p class='ocr_par' dir='ltr' id='par_1_9' title="bbox 346 883 1944 968">
     <span class='ocr_line' id='line_1_9' title="bbox 346 883 1944 968; baseline -0.006 -23"><span class='ocrx_word' id='word_1_54' title='bbox 346 887 633 968; x_wconf 75' lang='grc' dir='ltr'><strong>Ἰταϐύριον</strong></span> <span class='ocrx_word' id='word_1_55' title='bbox 674 887 1073 943; x_wconf 85' lang='lat' dir='ltr'><strong>transtulerunt</strong></span> <span class='ocrx_word' id='word_1_56' title='bbox 1118 886 1268 959; x_wconf 80' lang='lat' dir='ltr'><strong>(Mss.</strong></span> <span class='ocrx_word' id='word_1_57' title='bbox 1302 883 1641 955; x_wconf 83' lang='lat' dir='ltr'><strong>Itabyriunt),</strong></span> <span class='ocrx_word' id='word_1_58' title='bbox 1677 885 1814 939; x_wconf 88' lang='lat' dir='ltr'><strong>hanc</strong></span> <span class='ocrx_word' id='word_1_59' title='bbox 1846 883 1944 937; x_wconf 87' lang='lat' dir='ltr'><strong>ha-</strong></span> 
     </span>
    </p>
   </div>
   <div class='ocr_carea' id='block_1_10' title="bbox 346 977 1946 1047">
    <p class='ocr_par' dir='ltr' id='par_1_10' title="bbox 346 977 1946 1047">
     <span class='ocr_line' id='line_1_10' title="bbox 346 977 1946 1047; baseline -0.004 -9"><span class='ocrx_word' id='word_1_60' title='bbox 346 984 544 1039; x_wconf 86' lang='lat' dir='ltr'><strong>bentes</strong></span> <span class='ocrx_word' id='word_1_61' title='bbox 574 982 1054 1047; x_wconf 87' lang='lat' dir='ltr'><strong>consuetudinem,</strong></span> <span class='ocrx_word' id='word_1_62' title='bbox 1113 988 1173 1035; x_wconf 89' lang='lat' dir='ltr'><strong>ut</strong></span> <span class='ocrx_word' id='word_1_63' title='bbox 1214 979 1441 1035; x_wconf 81' lang='lat' dir='ltr'><strong>Hebraea</strong></span> <span class='ocrx_word' id='word_1_64' title='bbox 1497 978 1714 1033; x_wconf 88' lang='lat' dir='ltr'><strong>nomina</strong></span> <span class='ocrx_word' id='word_1_65' title='bbox 1753 977 1946 1033; x_wconf 84' lang='lat' dir='ltr'><strong>Graeco</strong></span> 
     </span>
    </p>
   </div>
   <div class='ocr_carea' id='block_1_11' title="bbox 348 1071 1945 1141">
    <p class='ocr_par' dir='ltr' id='par_1_11' title="bbox 348 1071 1945 1141">
     <span class='ocr_line' id='line_1_11' title="bbox 348 1071 1945 1141; baseline -0.003 -11"><span class='ocrx_word' id='word_1_66' title='bbox 348 1090 605 1132; x_wconf 86' lang='lat' dir='ltr'><strong>sermone</strong></span> <span class='ocrx_word' id='word_1_67' title='bbox 653 1075 954 1141; x_wconf 85' lang='lat' dir='ltr'><strong>declinent,</strong></span> <span class='ocrx_word' id='word_1_68' title='bbox 1007 1074 1147 1129; x_wconf 88' lang='lat' dir='ltr'><strong>sicut</strong></span> <span class='ocrx_word' id='word_1_69' title='bbox 1177 1072 1371 1139; x_wconf 87' lang='lat' dir='ltr'><strong>Edom,</strong></span> <span class='ocrx_word' id='word_1_70' title='bbox 1420 1071 1524 1127; x_wconf 87' lang='lat' dir='ltr'><strong>hoc</strong></span> <span class='ocrx_word' id='word_1_71' title='bbox 1549 1080 1657 1137; x_wconf 86' lang='lat' dir='ltr'><strong>est,</strong></span> <span class='ocrx_word' id='word_1_72' title='bbox 1691 1071 1856 1139; x_wconf 84' lang='lat' dir='ltr'><strong>Esau,</strong></span> <span class='ocrx_word' id='word_1_73' title='bbox 1890 1080 1945 1127; x_wconf 91' lang='lat' dir='ltr'><strong>et</strong></span> 
     </span>
    </p>
   </div>
   <div class='ocr_carea' id='block_1_12' title="bbox 344 1162 1942 1236">
    <p class='ocr_par' dir='ltr' id='par_1_12' title="bbox 344 1162 1942 1236">
     <span class='ocr_line' id='line_1_12' title="bbox 344 1162 1942 1236; baseline -0.004 -14"><span class='ocrx_word' id='word_1_74' title='bbox 344 1165 488 1235; x_wconf 89' lang='lat' dir='ltr'><strong>Seir,</strong></span> <span class='ocrx_word' id='word_1_75' title='bbox 548 1182 768 1236; x_wconf 85' lang='lat' dir='ltr'><strong>semper</strong></span> <span class='ocrx_word' id='word_1_76' title='bbox 814 1167 1105 1222; x_wconf 72' lang='lat' dir='ltr'><strong>Idumaeam</strong></span> <span class='ocrx_word' id='word_1_77' title='bbox 1133 1166 1589 1235; x_wconf 83' lang='lat' dir='ltr'><strong>interpretantur.</strong></span> <span class='ocrx_word' id='word_1_78' title='bbox 1627 1162 1725 1217; x_wconf 84' lang='lat' dir='ltr'><strong>Est</strong></span> <span class='ocrx_word' id='word_1_79' title='bbox 1762 1170 1942 1217; x_wconf 88' lang='lat' dir='ltr'><strong>autem</strong></span> 
     </span>
    </p>
   </div>
   <div class='ocr_carea' id='block_1_13' title="bbox 342 1255 1945 1327">
    <p class='ocr_par' dir='ltr' id='par_1_13' title="bbox 342 1255 1945 1327">
     <span class='ocr_line' id='line_1_13' title="bbox 342 1255 1945 1327; baseline -0.004 -12"><span class='ocrx_word' id='word_1_80' title='bbox 342 1259 563 1315; x_wconf 83' lang='lat' dir='ltr'><strong>Thabor</strong></span> <span class='ocrx_word' id='word_1_81' title='bbox 593 1274 749 1315; x_wconf 92' lang='lat' dir='ltr'><strong>mons</strong></span> <span class='ocrx_word' id='word_1_82' title='bbox 777 1260 828 1314; x_wconf 91' lang='lat' dir='ltr'><strong>in</strong></span> <span class='ocrx_word' id='word_1_83' title='bbox 875 1258 1121 1327; x_wconf 85' lang='lat' dir='ltr'><strong>Galilaca,</strong></span> <span class='ocrx_word' id='word_1_84' title='bbox 1143 1259 1282 1314; x_wconf 89' lang='lat' dir='ltr'><strong>situs</strong></span> <span class='ocrx_word' id='word_1_85' title='bbox 1313 1258 1367 1312; x_wconf 89' lang='lat' dir='ltr'><strong>in</strong></span> <span class='ocrx_word' id='word_1_86' title='bbox 1396 1255 1821 1327; x_wconf 75' lang='lat' dir='ltr'><strong>campestribus,</strong></span> <span class='ocrx_word' id='word_1_87' title='bbox 1853 1270 1945 1309; x_wconf 92' lang='lat' dir='ltr'><strong>ro-</strong></span> 
     </span>
    </p>
   </div>
   <div class='ocr_carea' id='block_1_14' title="bbox 342 1348 1945 1424">
    <p class='ocr_par' dir='ltr' id='par_1_14' title="bbox 342 1348 1945 1424">
     <span class='ocr_line' id='line_1_14' title="bbox 342 1348 1945 1424; baseline -0.003 -16"><span class='ocrx_word' id='word_1_88' title='bbox 342 1352 545 1408; x_wconf 88' lang='lat' dir='ltr'><strong>tundus</strong></span> <span class='ocrx_word' id='word_1_89' title='bbox 594 1362 756 1424; x_wconf 87' lang='lat' dir='ltr'><strong>atque</strong></span> <span class='ocrx_word' id='word_1_90' title='bbox 813 1352 1098 1419; x_wconf 86' lang='lat' dir='ltr'><strong>sublimis,</strong></span> <span class='ocrx_word' id='word_1_91' title='bbox 1141 1360 1195 1408; x_wconf 91' lang='lat' dir='ltr'><strong>et</strong></span> <span class='ocrx_word' id='word_1_92' title='bbox 1248 1367 1319 1407; x_wconf 72' lang='lat' dir='ltr'><strong>ex</strong></span> <span class='ocrx_word' id='word_1_93' title='bbox 1373 1350 1519 1405; x_wconf 91' lang='lat' dir='ltr'><strong>omni</strong></span> <span class='ocrx_word' id='word_1_94' title='bbox 1570 1358 1723 1420; x_wconf 89' lang='lat' dir='ltr'><strong>parte</strong></span> <span class='ocrx_word' id='word_1_95' title='bbox 1756 1348 1945 1403; x_wconf 82' lang='lat' dir='ltr'><strong>linitur</strong></span> 
     </span>
    </p>
   </div>
   <div class='ocr_carea' id='block_1_15' title="bbox 342 1440 1945 1518">
    <p class='ocr_par' dir='ltr' id='par_1_15' title="bbox 342 1440 1945 1518">
     <span class='ocr_line' id='line_1_15' title="bbox 342 1440 1945 1518; baseline -0.005 -16"><span class='ocrx_word' id='word_1_96' title='bbox 342 1448 651 1518; x_wconf 73' lang='lat' dir='ltr'><strong>arqualiter.</strong></span> <span class='ocrx_word' id='word_1_97' title='bbox 680 1447 754 1503; x_wconf 90' lang='lat' dir='ltr'><strong>De</strong></span> <span class='ocrx_word' id='word_1_98' title='bbox 787 1446 889 1502; x_wconf 92' lang='lat' dir='ltr'><strong>hoc</strong></span> <span class='ocrx_word' id='word_1_99' title='bbox 915 1455 1098 1501; x_wconf 89' lang='lat' dir='ltr'><strong>monte</strong></span> <span class='ocrx_word' id='word_1_100' title='bbox 1126 1447 1248 1501; x_wconf 92' lang='lat' dir='ltr'><strong>etin</strong></span> <span class='ocrx_word' id='word_1_101' title='bbox 1270 1444 1477 1514; x_wconf 88' lang='lat' dir='ltr'><strong>psalmo</strong></span> <span class='ocrx_word' id='word_1_102' title='bbox 1501 1444 1771 1513; x_wconf 77' lang='lat' dir='ltr'><strong>legimus:</strong></span> <span class='ocrx_word' id='word_1_103' title='bbox 1800 1440 1945 1495; x_wconf 78' lang='lat' dir='ltr'><strong>Tna-</strong></span> 
     </span>
    </p>
   </div>
   <div class='ocr_carea' id='block_1_16' title="bbox 343 1536 1940 1610">
    <p class='ocr_par' dir='ltr' id='par_1_16' title="bbox 343 1536 1940 1610">
     <span class='ocr_line' id='line_1_16' title="bbox 343 1536 1940 1610; baseline -0.004 -15"><span class='ocrx_word' id='word_1_104' title='bbox 343 1542 436 1597; x_wconf 86' lang='lat' dir='ltr'><strong>bor</strong></span> <span class='ocrx_word' id='word_1_105' title='bbox 449 1550 496 1595; x_wconf 92' lang='lat' dir='ltr'><strong>et</strong></span> <span class='ocrx_word' id='word_1_106' title='bbox 513 1541 746 1595; x_wconf 75' lang='lat' dir='ltr'><strong>llermon</strong></span> <span class='ocrx_word' id='word_1_107' title='bbox 767 1541 821 1595; x_wconf 90' lang='lat' dir='ltr'><strong>in</strong></span> <span class='ocrx_word' id='word_1_108' title='bbox 839 1542 1046 1594; x_wconf 87' lang='lat' dir='ltr'><strong>nomine</strong></span> <span class='ocrx_word' id='word_1_109' title='bbox 1069 1550 1157 1593; x_wconf 88' lang='lat' dir='ltr'><strong>tuo</strong></span> <span class='ocrx_word' id='word_1_110' title='bbox 1189 1539 1520 1594; x_wconf 74' lang='lat' dir='ltr'><strong>exsultabant</strong></span> <span class='ocrx_word' id='word_1_111' title='bbox 1540 1536 1940 1610; x_wconf 69' lang='lat' dir='ltr'><strong>(P8.LXXXVIII,</strong></span> 
     </span>
    </p>
   </div>
   <div class='ocr_carea' id='block_1_17' title="bbox 346 1633 1943 1706">
    <p class='ocr_par' dir='ltr' id='par_1_17' title="bbox 346 1633 1943 1706">
     <span class='ocr_line' id='line_1_17' title="bbox 346 1633 1943 1706; baseline -0.002 -15"><span class='ocrx_word' id='word_1_112' title='bbox 346 1634 460 1705; x_wconf 76' lang='lat' dir='ltr'><strong>i3).</strong></span> <span class='ocrx_word' id='word_1_113' title='bbox 489 1635 646 1690; x_wconf 90' lang='lat' dir='ltr'><strong>Ilunc</strong></span> <span class='ocrx_word' id='word_1_114' title='bbox 685 1644 925 1690; x_wconf 92' lang='lat' dir='ltr'><strong>montem</strong></span> <span class='ocrx_word' id='word_1_115' title='bbox 960 1644 1016 1690; x_wconf 89' lang='lat' dir='ltr'><strong>et</strong></span> <span class='ocrx_word' id='word_1_116' title='bbox 1043 1635 1096 1690; x_wconf 91' lang='lat' dir='ltr'><strong>in</strong></span> <span class='ocrx_word' id='word_1_117' title='bbox 1147 1633 1386 1690; x_wconf 83' lang='lat' dir='ltr'><strong>Ieremia</strong></span> <span class='ocrx_word' id='word_1_118' title='bbox 1433 1633 1544 1706; x_wconf 67' lang='grc'><strong>48</strong></span> <span class='ocrx_word' id='word_1_119' title='bbox 1589 1633 1943 1703; x_wconf 81' lang='lat' dir='ltr'><strong>Septuaginta</strong></span> 
     </span>
    </p>
   </div>
   <div class='ocr_carea' id='block_1_18' title="bbox 342 1726 1937 1800">
    <p class='ocr_par' dir='ltr' id='par_1_18' title="bbox 342 1726 1937 1800">
     <span class='ocr_line' id='line_1_18' title="bbox 342 1726 1937 1800; baseline 0.001 -19"><span class='ocrx_word' id='word_1_120' title='bbox 342 1726 642 1800; x_wconf 80' lang='lat' dir='ltr'><strong>Itabgrium</strong></span> <span class='ocrx_word' id='word_1_121' title='bbox 667 1728 1085 1792; x_wconf 89' lang='lat' dir='ltr'><strong>transtulerunt,</strong></span> <span class='ocrx_word' id='word_1_122' title='bbox 1108 1729 1159 1781; x_wconf 90' lang='lat' dir='ltr'><strong>in</strong></span> <span class='ocrx_word' id='word_1_123' title='bbox 1180 1743 1287 1798; x_wconf 90' lang='lat' dir='ltr'><strong>quo</strong></span> <span class='ocrx_word' id='word_1_124' title='bbox 1310 1741 1435 1782; x_wconf 84' lang='lat' dir='ltr'><strong>aves</strong></span> <span class='ocrx_word' id='word_1_125' title='bbox 1458 1728 1668 1798; x_wconf 84' lang='lat' dir='ltr'><strong>laqueis</strong></span> <span class='ocrx_word' id='word_1_126' title='bbox 1694 1728 1813 1797; x_wconf 86' lang='lat' dir='ltr'><strong>capi</strong></span> <span class='ocrx_word' id='word_1_127' title='bbox 1848 1742 1937 1782; x_wconf 87' lang='lat' dir='ltr'><strong>so-</strong></span> 
     </span>
    </p>
   </div>
   <div class='ocr_carea' id='block_1_19' title="bbox 2050 508 3654 586">
    <p class='ocr_par' dir='ltr' id='par_1_19' title="bbox 2050 508 3654 586">
     <span class='ocr_line' id='line_1_19' title="bbox 2050 508 3654 586; baseline 0.002 -20"><span class='ocrx_word' id='word_1_128' title='bbox 2050 520 2132 566; x_wconf 89' lang='lat' dir='ltr'><strong>est</strong></span> <span class='ocrx_word' id='word_1_129' title='bbox 2160 509 2349 566; x_wconf 90' lang='lat' dir='ltr'><strong>Israel.</strong></span> <span class='ocrx_word' id='word_1_130' title='bbox 2374 508 2492 565; x_wconf 79' lang='lat' dir='ltr'><strong>Rex</strong></span> <span class='ocrx_word' id='word_1_131' title='bbox 2528 508 2818 581; x_wconf 55' lang='lat' dir='ltr'><strong>primo”</strong></span> <span class='ocrx_word' id='word_1_132' title='bbox 2845 511 2989 580; x_wconf 86' lang='lat' dir='ltr'><strong>cepit</strong></span> <span class='ocrx_word' id='word_1_133' title='bbox 3016 525 3044 565; x_wconf 88' lang='lat' dir='ltr'><strong>a</strong></span> <span class='ocrx_word' id='word_1_134' title='bbox 3070 511 3164 566; x_wconf 91' lang='lat' dir='ltr'><strong>Dei</strong></span> <span class='ocrx_word' id='word_1_135' title='bbox 3195 510 3342 566; x_wconf 90' lang='lat' dir='ltr'><strong>cultu</strong></span> <span class='ocrx_word' id='word_1_136' title='bbox 3372 511 3654 586; x_wconf 78' lang='lat' dir='ltr'><strong>fornicari,</strong></span> 
     </span>
    </p>
   </div>
   <div class='ocr_carea' id='block_1_20' title="bbox 2050 601 3655 672">
    <p class='ocr_par' dir='ltr' id='par_1_20' title="bbox 2050 601 3655 672">
     <span class='ocr_line' id='line_1_20' title="bbox 2050 601 3655 672; baseline 0.005 -15"><span class='ocrx_word' id='word_1_137' title='bbox 2050 601 2245 657; x_wconf 86' lang='lat' dir='ltr'><strong>vitulos</strong></span> <span class='ocrx_word' id='word_1_138' title='bbox 2269 616 2467 657; x_wconf 87' lang='lat' dir='ltr'><strong>aureos</strong></span> <span class='ocrx_word' id='word_1_139' title='bbox 2490 603 2713 672; x_wconf 88' lang='lat' dir='ltr'><strong>cupiens</strong></span> <span class='ocrx_word' id='word_1_140' title='bbox 2740 602 2990 669; x_wconf 85' lang='lat' dir='ltr'><strong>adorare,</strong></span> <span class='ocrx_word' id='word_1_141' title='bbox 3016 614 3069 659; x_wconf 89' lang='lat' dir='ltr'><strong>et</strong></span> <span class='ocrx_word' id='word_1_142' title='bbox 3092 605 3286 661; x_wconf 83' lang='lat' dir='ltr'><strong>volens</strong></span> <span class='ocrx_word' id='word_1_143' title='bbox 3318 616 3537 662; x_wconf 90' lang='lat' dir='ltr'><strong>secutus</strong></span> <span class='ocrx_word' id='word_1_144' title='bbox 3568 616 3655 665; x_wconf 89' lang='lat' dir='ltr'><strong>est</strong></span> 
     </span>
    </p>
   </div>
   <div class='ocr_carea' id='block_1_21' title="bbox 2048 696 3647 771">
    <p class='ocr_par' dir='ltr' id='par_1_21' title="bbox 2048 696 3647 771">
     <span class='ocr_line' id='line_1_21' title="bbox 2048 696 3647 771; baseline 0.004 -20"><span class='ocrx_word' id='word_1_145' title='bbox 2048 696 2304 768; x_wconf 90' lang='lat' dir='ltr'><strong>populus,</strong></span> <span class='ocrx_word' id='word_1_146' title='bbox 2339 711 2632 767; x_wconf 89' lang='lat' dir='ltr'><strong>paremquc</strong></span> <span class='ocrx_word' id='word_1_147' title='bbox 2684 696 3019 766; x_wconf 88' lang='lat' dir='ltr'><strong>impietatem</strong></span> <span class='ocrx_word' id='word_1_148' title='bbox 3049 697 3166 768; x_wconf 89' lang='lat' dir='ltr'><strong>pari</strong></span> <span class='ocrx_word' id='word_1_149' title='bbox 3193 698 3373 754; x_wconf 89' lang='lat' dir='ltr'><strong>studio</strong></span> <span class='ocrx_word' id='word_1_150' title='bbox 3402 701 3647 771; x_wconf 85' lang='lat' dir='ltr'><strong>comple-</strong></span> 
     </span>
    </p>
   </div>
   <div class='ocr_carea' id='block_1_22' title="bbox 2047 789 3651 863">
    <p class='ocr_par' dir='ltr' id='par_1_22' title="bbox 2047 789 3651 863">
     <span class='ocr_line' id='line_1_22' title="bbox 2047 789 3651 863; baseline 0.006 -19"><span class='ocrx_word' id='word_1_151' title='bbox 2047 799 2242 846; x_wconf 89' lang='lat' dir='ltr'><strong>verunt</strong></span> <span class='ocrx_word' id='word_1_152' title='bbox 2273 789 2369 859; x_wconf 90' lang='lat' dir='ltr'><strong>(Ill</strong></span> <span class='ocrx_word' id='word_1_153' title='bbox 2398 790 2529 862; x_wconf 82' lang='lat' dir='ltr'><strong>Reg.</strong></span> <span class='ocrx_word' id='word_1_154' title='bbox 2560 790 2683 861; x_wconf 79' lang='lat' dir='ltr'><strong>xu).</strong></span> <span class='ocrx_word' id='word_1_155' title='bbox 2729 791 2973 863; x_wconf 90' lang='lat' dir='ltr'><strong>Denique</strong></span> <span class='ocrx_word' id='word_1_156' title='bbox 3020 807 3130 848; x_wconf 90' lang='lat' dir='ltr'><strong>non</strong></span> <span class='ocrx_word' id='word_1_157' title='bbox 3184 802 3534 852; x_wconf 84' lang='lat' dir='ltr'><strong>revertentur</strong></span> <span class='ocrx_word' id='word_1_158' title='bbox 3582 797 3651 854; x_wconf 90' lang='lat' dir='ltr'><strong>ad</strong></span> 
     </span>
    </p>
   </div>
   <div class='ocr_carea' id='block_1_23' title="bbox 2048 883 3655 962">
    <p class='ocr_par' dir='ltr' id='par_1_23' title="bbox 2048 883 3655 962">
     <span class='ocr_line' id='line_1_23' title="bbox 2048 883 3655 962; baseline 0.006 -24"><span class='ocrx_word' id='word_1_159' title='bbox 2048 883 2361 950; x_wconf 90' lang='lat' dir='ltr'><strong>Dominum,</strong></span> <span class='ocrx_word' id='word_1_160' title='bbox 2397 885 2523 955; x_wconf 90' lang='lat' dir='ltr'><strong>quia</strong></span> <span class='ocrx_word' id='word_1_161' title='bbox 2554 883 2697 955; x_wconf 90' lang='lat' dir='ltr'><strong>quod</strong></span> <span class='ocrx_word' id='word_1_162' title='bbox 2728 884 3033 953; x_wconf 85' lang='lat' dir='ltr'><strong>voluerant,</strong></span> <span class='ocrx_word' id='word_1_163' title='bbox 3077 886 3423 959; x_wconf 89' lang='lat' dir='ltr'><strong>invenerunt,</strong></span> <span class='ocrx_word' id='word_1_164' title='bbox 3452 899 3507 946; x_wconf 90' lang='lat' dir='ltr'><strong>et</strong></span> <span class='ocrx_word' id='word_1_165' title='bbox 3536 892 3655 962; x_wconf 88' lang='lat' dir='ltr'><strong>spi-</strong></span> 
     </span>
    </p>
   </div>
   <div class='ocr_carea' id='block_1_24' title="bbox 2048 976 3654 1055">
    <p class='ocr_par' dir='ltr' id='par_1_24' title="bbox 2048 976 3654 1055">
     <span class='ocr_line' id='line_1_24' title="bbox 2048 976 3654 1055; baseline 0.006 -24"><span class='ocrx_word' id='word_1_166' title='bbox 2048 976 2187 1033; x_wconf 89' lang='lat' dir='ltr'><strong>ritus</strong></span> <span class='ocrx_word' id='word_1_167' title='bbox 2241 976 2656 1044; x_wconf 79' lang='lat' dir='ltr'><strong>fornicationis,</strong></span> <span class='ocrx_word' id='word_1_168' title='bbox 2710 976 2805 1048; x_wconf 90' lang='lat' dir='ltr'><strong>qui</strong></span> <span class='ocrx_word' id='word_1_169' title='bbox 2854 977 3008 1047; x_wconf 82' lang='lat' dir='ltr'><strong>juxta</strong></span> <span class='ocrx_word' id='word_1_170' title='bbox 3055 980 3361 1049; x_wconf 88' lang='lat' dir='ltr'><strong>apostolum</strong></span> <span class='ocrx_word' id='word_1_171' title='bbox 3395 992 3654 1055; x_wconf 86' lang='lat' dir='ltr'><strong>operatur</strong></span> 
     </span>
    </p>
   </div>
   <div class='ocr_carea' id='block_1_25' title="bbox 2048 1070 3649 1149">
    <p class='ocr_par' dir='ltr' id='par_1_25' title="bbox 2048 1070 3649 1149">
     <span class='ocr_line' id='line_1_25' title="bbox 2048 1070 3649 1149; baseline 0.004 -22"><span class='ocrx_word' id='word_1_172' title='bbox 2048 1072 2101 1127; x_wconf 94' lang='lat' dir='ltr'><strong>in</strong></span> <span class='ocrx_word' id='word_1_173' title='bbox 2150 1070 2276 1125; x_wconf 78' lang='lat' dir='ltr'><strong>[iliis</strong></span> <span class='ocrx_word' id='word_1_174' title='bbox 2303 1070 2637 1137; x_wconf 68' lang='lat' dir='ltr'><strong>dittidentim,</strong></span> <span class='ocrx_word' id='word_1_175' title='bbox 2672 1071 2916 1141; x_wconf 88' lang='lat' dir='ltr'><strong>possidet</strong></span> <span class='ocrx_word' id='word_1_176' title='bbox 2972 1087 3166 1127; x_wconf 89' lang='lat' dir='ltr'><strong>eorum</strong></span> <span class='ocrx_word' id='word_1_177' title='bbox 3221 1074 3387 1131; x_wconf 90' lang='lat' dir='ltr'><strong>corda</strong></span> <span class='ocrx_word' id='word_1_178' title='bbox 3411 1079 3649 1149; x_wconf 88' lang='lat' dir='ltr'><strong>captiva,</strong></span> 
     </span>
    </p>
   </div>
   <div class='ocr_carea' id='block_1_26' title="bbox 2048 1164 3650 1236">
    <p class='ocr_par' dir='ltr' id='par_1_26' title="bbox 2048 1164 3650 1236">
     <span class='ocr_line' id='line_1_26' title="bbox 2048 1164 3650 1236; baseline 0.004 -15"><span class='ocrx_word' id='word_1_179' title='bbox 2048 1173 2103 1221; x_wconf 88' lang='lat' dir='ltr'><strong>et</strong></span> <span class='ocrx_word' id='word_1_180' title='bbox 2125 1164 2326 1221; x_wconf 90' lang='lat' dir='ltr'><strong>idcirco</strong></span> <span class='ocrx_word' id='word_1_181' title='bbox 2357 1164 2453 1219; x_wconf 93' lang='lat' dir='ltr'><strong>illo</strong></span> <span class='ocrx_word' id='word_1_182' title='bbox 2479 1174 2766 1235; x_wconf 79' lang='lat' dir='ltr'><strong>regnante,</strong></span> <span class='ocrx_word' id='word_1_183' title='bbox 2801 1166 3087 1221; x_wconf 91' lang='lat' dir='ltr'><strong>Dominum</strong></span> <span class='ocrx_word' id='word_1_184' title='bbox 3119 1168 3453 1236; x_wconf 89' lang='lat' dir='ltr'><strong>nescierunt,</strong></span> <span class='ocrx_word' id='word_1_185' title='bbox 3483 1170 3650 1228; x_wconf 91' lang='lat' dir='ltr'><strong>immo</strong></span> 
     </span>
    </p>
   </div>
   <div class='ocr_carea' id='block_1_27' title="bbox 2048 1255 3651 1333">
    <p class='ocr_par' dir='ltr' id='par_1_27' title="bbox 2048 1255 3651 1333">
     <span class='ocr_line' id='line_1_27' title="bbox 2048 1255 3651 1333; baseline 0.005 -21"><span class='ocrx_word' id='word_1_186' title='bbox 2048 1256 2201 1312; x_wconf 85' lang='lat' dir='ltr'><strong>obliti</strong></span> <span class='ocrx_word' id='word_1_187' title='bbox 2227 1266 2354 1311; x_wconf 91' lang='lat' dir='ltr'><strong>sunt</strong></span> <span class='ocrx_word' id='word_1_188' title='bbox 2376 1258 2659 1313; x_wconf 83' lang='lat' dir='ltr'><strong>Creatoris</strong></span> <span class='ocrx_word' id='word_1_189' title='bbox 2686 1259 2768 1313; x_wconf 87' lang='lat' dir='ltr'><strong>sui</strong></span> <span class='ocrx_word' id='word_1_190' title='bbox 2799 1255 3020 1331; x_wconf 83' lang='lat' dir='ltr'><strong>(Ephes.</strong></span> <span class='ocrx_word' id='word_1_191' title='bbox 3048 1260 3135 1331; x_wconf 85' lang='lat' dir='ltr'><strong>ii).</strong></span> <span class='ocrx_word' id='word_1_192' title='bbox 3167 1259 3324 1317; x_wconf 87' lang='lat' dir='ltr'><strong>Unde</strong></span> <span class='ocrx_word' id='word_1_193' title='bbox 3359 1271 3415 1318; x_wconf 86' lang='lat' dir='ltr'><strong>et</strong></span> <span class='ocrx_word' id='word_1_194' title='bbox 3444 1263 3651 1333; x_wconf 89' lang='lat' dir='ltr'><strong>princi-</strong></span> 
     </span>
    </p>
   </div>
   <div class='ocr_carea' id='block_1_28' title="bbox 2050 1353 3654 1428">
    <p class='ocr_par' dir='ltr' id='par_1_28' title="bbox 2050 1353 3654 1428">
     <span class='ocr_line' id='line_1_28' title="bbox 2050 1353 3654 1428; baseline 0.006 -20"><span class='ocrx_word' id='word_1_195' title='bbox 2050 1368 2146 1423; x_wconf 91' lang='lat' dir='ltr'><strong>pes</strong></span> <span class='ocrx_word' id='word_1_196' title='bbox 2198 1353 2512 1423; x_wconf 86' lang='lat' dir='ltr'><strong>dogmatum</strong></span> <span class='ocrx_word' id='word_1_197' title='bbox 2562 1370 2943 1425; x_wconf 76' lang='lat' dir='ltr'><strong>perversorum</strong></span> <span class='ocrx_word' id='word_1_198' title='bbox 2998 1364 3054 1412; x_wconf 92' lang='lat' dir='ltr'><strong>et</strong></span> <span class='ocrx_word' id='word_1_199' title='bbox 3100 1357 3359 1428; x_wconf 90' lang='lat' dir='ltr'><strong>populum</strong></span> <span class='ocrx_word' id='word_1_200' title='bbox 3388 1358 3654 1417; x_wconf 90' lang='lat' dir='ltr'><strong>Dominus</strong></span> 
     </span>
    </p>
   </div>
   <div class='ocr_carea' id='block_1_29' title="bbox 2050 1446 3652 1522">
    <p class='ocr_par' dir='ltr' id='par_1_29' title="bbox 2050 1446 3652 1522">
     <span class='ocr_line' id='line_1_29' title="bbox 2050 1446 3652 1522; baseline 0.005 -21"><span class='ocrx_word' id='word_1_201' title='bbox 2050 1446 2157 1520; x_wconf 82' lang='grc' dir='ltr'><strong>[ΑΙ.</strong></span> <span class='ocrx_word' id='word_1_202' title='bbox 2183 1448 2422 1521; x_wconf 90' lang='lat' dir='ltr'><strong>Domini]</strong></span> <span class='ocrx_word' id='word_1_203' title='bbox 2454 1465 2562 1503; x_wconf 90' lang='lat' dir='ltr'><strong>non</strong></span> <span class='ocrx_word' id='word_1_204' title='bbox 2587 1449 2835 1519; x_wconf 84' lang='lat' dir='ltr'><strong>ignorat:</strong></span> <span class='ocrx_word' id='word_1_205' title='bbox 2872 1464 2977 1504; x_wconf 90' lang='lat' dir='ltr'><strong>non</strong></span> <span class='ocrx_word' id='word_1_206' title='bbox 3008 1450 3153 1521; x_wconf 89' lang='lat' dir='ltr'><strong>quod</strong></span> <span class='ocrx_word' id='word_1_207' title='bbox 3181 1450 3301 1522; x_wconf 86' lang='lat' dir='ltr'><strong>ejus</strong></span> <span class='ocrx_word' id='word_1_208' title='bbox 3345 1452 3535 1508; x_wconf 88' lang='lat' dir='ltr'><strong>notitia</strong></span> <span class='ocrx_word' id='word_1_209' title='bbox 3565 1453 3652 1509; x_wconf 87' lang='lat' dir='ltr'><strong>di-</strong></span> 
     </span>
    </p>
   </div>
   <div class='ocr_carea' id='block_1_30' title="bbox 2048 1539 3655 1616">
    <p class='ocr_par' dir='ltr' id='par_1_30' title="bbox 2048 1539 3655 1616">
     <span class='ocr_line' id='line_1_30' title="bbox 2048 1539 3655 1616; baseline 0.006 -23"><span class='ocrx_word' id='word_1_210' title='bbox 2048 1540 2137 1610; x_wconf 88' lang='lat' dir='ltr'><strong>gni</strong></span> <span class='ocrx_word' id='word_1_211' title='bbox 2171 1540 2298 1607; x_wconf 71' lang='lat' dir='ltr'><strong>sint,</strong></span> <span class='ocrx_word' id='word_1_212' title='bbox 2324 1540 2418 1595; x_wconf 87' lang='lat' dir='ltr'><strong>sed</strong></span> <span class='ocrx_word' id='word_1_213' title='bbox 2453 1539 2576 1611; x_wconf 88' lang='lat' dir='ltr'><strong>quia</strong></span> <span class='ocrx_word' id='word_1_214' title='bbox 2624 1540 2761 1595; x_wconf 84' lang='lat' dir='ltr'><strong>nihil</strong></span> <span class='ocrx_word' id='word_1_215' title='bbox 2807 1557 2931 1596; x_wconf 89' lang='lat' dir='ltr'><strong>eum</strong></span> <span class='ocrx_word' id='word_1_216' title='bbox 2982 1542 3145 1597; x_wconf 84' lang='lat' dir='ltr'><strong>lateat</strong></span> <span class='ocrx_word' id='word_1_217' title='bbox 3189 1558 3377 1599; x_wconf 90' lang='lat' dir='ltr'><strong>eorum</strong></span> <span class='ocrx_word' id='word_1_218' title='bbox 3411 1560 3533 1616; x_wconf 63' lang='lat' dir='ltr'><strong>quas</strong></span> <span class='ocrx_word' id='word_1_219' title='bbox 3560 1561 3655 1603; x_wconf 80' lang='lat' dir='ltr'><strong>oe-</strong></span> 
     </span>
    </p>
   </div>
   <div class='ocr_carea' id='block_1_31' title="bbox 2048 1632 3655 1705">
    <p class='ocr_par' dir='ltr' id='par_1_31' title="bbox 2048 1632 3655 1705">
     <span class='ocr_line' id='line_1_31' title="bbox 2048 1632 3655 1705; baseline 0.004 -17"><span class='ocrx_word' id='word_1_220' title='bbox 2048 1633 2191 1688; x_wconf 89' lang='lat' dir='ltr'><strong>culte</strong></span> <span class='ocrx_word' id='word_1_221' title='bbox 2234 1632 2459 1698; x_wconf 80' lang='lat' dir='ltr'><strong>faciunt,</strong></span> <span class='ocrx_word' id='word_1_222' title='bbox 2489 1648 2723 1702; x_wconf 91' lang='lat' dir='ltr'><strong>quorum</strong></span> <span class='ocrx_word' id='word_1_223' title='bbox 2752 1633 2845 1688; x_wconf 91' lang='lat' dir='ltr'><strong>alii</strong></span> <span class='ocrx_word' id='word_1_224' title='bbox 2886 1633 3241 1705; x_wconf 89' lang='lat' dir='ltr'><strong>deceperunt,</strong></span> <span class='ocrx_word' id='word_1_225' title='bbox 3285 1636 3380 1690; x_wconf 89' lang='lat' dir='ltr'><strong>alii</strong></span> <span class='ocrx_word' id='word_1_226' title='bbox 3404 1646 3532 1693; x_wconf 89' lang='lat' dir='ltr'><strong>sunt</strong></span> <span class='ocrx_word' id='word_1_227' title='bbox 3557 1637 3655 1694; x_wconf 88' lang='lat' dir='ltr'><strong>de-</strong></span> 
     </span>
    </p>
   </div>
   <div class='ocr_carea' id='block_1_32' title="bbox 2048 1726 3654 1802">
    <p class='ocr_par' dir='ltr' id='par_1_32' title="bbox 2048 1726 3654 1802">
     <span class='ocr_line' id='line_1_32' title="bbox 2048 1726 3654 1802; baseline 0.006 -23"><span class='ocrx_word' id='word_1_228' title='bbox 2048 1726 2210 1795; x_wconf 91' lang='lat' dir='ltr'><strong>cepti.</strong></span> <span class='ocrx_word' id='word_1_229' title='bbox 2234 1726 2344 1781; x_wconf 85' lang='lat' dir='ltr'><strong>Nec</strong></span> <span class='ocrx_word' id='word_1_230' title='bbox 2372 1726 2581 1781; x_wconf 90' lang='lat' dir='ltr'><strong>dabunt</strong></span> <span class='ocrx_word' id='word_1_231' title='bbox 2630 1728 2993 1798; x_wconf 89' lang='lat' dir='ltr'><strong>cogitationes</strong></span> <span class='ocrx_word' id='word_1_232' title='bbox 3047 1743 3175 1784; x_wconf 83' lang='lat' dir='ltr'><strong>suas</strong></span> <span class='ocrx_word' id='word_1_233' title='bbox 3204 1737 3264 1784; x_wconf 92' lang='lat' dir='ltr'><strong>ut</strong></span> <span class='ocrx_word' id='word_1_234' title='bbox 3294 1740 3454 1801; x_wconf 87' lang='lat' dir='ltr'><strong>agant</strong></span> <span class='ocrx_word' id='word_1_235' title='bbox 3477 1731 3654 1802; x_wconf 61' lang='lat' dir='ltr'><strong>paeni-</strong></span> 
     </span>
    </p>
   </div>
   <div class='ocr_carea' id='block_1_33' title="bbox 340 1820 3651 1897">
    <p class='ocr_par' dir='ltr' id='par_1_33' title="bbox 340 1820 3651 1897">
     <span class='ocr_line' id='line_1_33' title="bbox 340 1820 3651 1897; baseline 0.001 -19"><span class='ocrx_word' id='word_1_236' title='bbox 340 1822 475 1878; x_wconf 87' lang='lat' dir='ltr'><strong>Ient.</strong></span> <span class='ocrx_word' id='word_1_237' title='bbox 507 1821 576 1875; x_wconf 83' lang='lat' dir='ltr'><strong>Et</strong></span> <span class='ocrx_word' id='word_1_238' title='bbox 605 1822 858 1887; x_wconf 72' lang='lat' dir='ltr'><strong>victimas,</strong></span> <span class='ocrx_word' id='word_1_239' title='bbox 918 1822 1114 1891; x_wconf 86' lang='lat' dir='ltr'><strong>inquit,</strong></span> <span class='ocrx_word' id='word_1_240' title='bbox 1161 1821 1460 1876; x_wconf 82' lang='lat' dir='ltr'><strong>declinastis</strong></span> <span class='ocrx_word' id='word_1_241' title='bbox 1513 1822 1566 1875; x_wconf 89' lang='lat' dir='ltr'><strong>in</strong></span> <span class='ocrx_word' id='word_1_242' title='bbox 1622 1824 1939 1893; x_wconf 79' lang='lat' dir='ltr'><strong>profundum</strong></span> <span class='ocrx_word' id='word_1_243' title='bbox 1972 1826 2017 1887; x_wconf 81' lang='grc' dir='ltr'>Β</span> <span class='ocrx_word' id='word_1_244' title='bbox 2049 1821 2292 1890; x_wconf 88' lang='lat' dir='ltr'><strong>tentiam,</strong></span> <span class='ocrx_word' id='word_1_245' title='bbox 2336 1820 2428 1892; x_wconf 90' lang='lat' dir='ltr'><strong>qui</strong></span> <span class='ocrx_word' id='word_1_246' title='bbox 2457 1835 2677 1890; x_wconf 88' lang='lat' dir='ltr'><strong>semper</strong></span> <span class='ocrx_word' id='word_1_247' title='bbox 2730 1822 2787 1876; x_wconf 92' lang='lat' dir='ltr'><strong>in</strong></span> <span class='ocrx_word' id='word_1_248' title='bbox 2821 1821 3132 1893; x_wconf 87' lang='lat' dir='ltr'><strong>perditione</strong></span> <span class='ocrx_word' id='word_1_249' title='bbox 3174 1824 3492 1894; x_wconf 80' lang='lat' dir='ltr'><strong>proﬁciunt.</strong></span> <span class='ocrx_word' id='word_1_250' title='bbox 3522 1826 3651 1897; x_wconf 85' lang='lat' dir='ltr'><strong>Spi-</strong></span> 
     </span>
    </p>
   </div>
   <div class='ocr_carea' id='block_1_34' title="bbox 340 1915 1937 1988">
    <p class='ocr_par' dir='ltr' id='par_1_34' title="bbox 340 1915 1937 1988">
     <span class='ocr_line' id='line_1_34' title="bbox 340 1915 1937 1988; baseline 0.002 -18"><span class='ocrx_word' id='word_1_251' title='bbox 340 1915 481 1988; x_wconf 83' lang='lat' dir='ltr'><strong>(Jer.</strong></span> <span class='ocrx_word' id='word_1_252' title='bbox 507 1915 676 1987; x_wconf 72' lang='lat' dir='ltr'><strong>nvi),</strong></span> <span class='ocrx_word' id='word_1_253' title='bbox 704 1926 762 1971; x_wconf 91' lang='lat' dir='ltr'><strong>ut</strong></span> <span class='ocrx_word' id='word_1_254' title='bbox 791 1917 969 1972; x_wconf 91' lang='lat' dir='ltr'><strong>nullus</strong></span> <span class='ocrx_word' id='word_1_255' title='bbox 990 1925 1177 1987; x_wconf 84' lang='lat' dir='ltr'><strong>ageret</strong></span> <span class='ocrx_word' id='word_1_256' title='bbox 1226 1917 1627 1986; x_wconf 73' lang='lat' dir='ltr'><strong>pmnitentiam,</strong></span> <span class='ocrx_word' id='word_1_257' title='bbox 1662 1932 1764 1974; x_wconf 87' lang='lat' dir='ltr'><strong>nec</strong></span> <span class='ocrx_word' id='word_1_258' title='bbox 1784 1918 1937 1973; x_wconf 88' lang='lat' dir='ltr'><strong>occi-</strong></span> 
     </span>
    </p>
   </div>
   <div class='ocr_carea' id='block_1_35' title="bbox 337 2009 1942 2082">
    <p class='ocr_par' dir='ltr' id='par_1_35' title="bbox 337 2009 1942 2082">
     <span class='ocr_line' id='line_1_35' title="bbox 337 2009 1942 2082; baseline 0.001 -17"><span class='ocrx_word' id='word_1_259' title='bbox 337 2026 434 2065; x_wconf 88' lang='lat' dir='ltr'><strong>sus</strong></span> <span class='ocrx_word' id='word_1_260' title='bbox 457 2011 703 2068; x_wconf 87' lang='lat' dir='ltr'><strong>elevaret</strong></span> <span class='ocrx_word' id='word_1_261' title='bbox 725 2020 907 2082; x_wconf 80' lang='lat' dir='ltr'><strong>caput.</strong></span> <span class='ocrx_word' id='word_1_262' title='bbox 934 2009 1339 2066; x_wconf 88' lang='lat' dir='ltr'><strong>Prohibuerunt</strong></span> <span class='ocrx_word' id='word_1_263' title='bbox 1370 2019 1428 2066; x_wconf 88' lang='lat' dir='ltr'><strong>et</strong></span> <span class='ocrx_word' id='word_1_264' title='bbox 1466 2025 1644 2082; x_wconf 86' lang='lat' dir='ltr'><strong>reges,</strong></span> <span class='ocrx_word' id='word_1_265' title='bbox 1679 2021 1733 2067; x_wconf 90' lang='lat' dir='ltr'><strong>et</strong></span> <span class='ocrx_word' id='word_1_266' title='bbox 1760 2025 1942 2066; x_wconf 90' lang='lat' dir='ltr'><strong>sacer-</strong></span> 
     </span>
    </p>
   </div>
   <div class='ocr_carea' id='block_1_36' title="bbox 339 2104 1941 2176">
    <p class='ocr_par' dir='ltr' id='par_1_36' title="bbox 339 2104 1941 2176">
     <span class='ocr_line' id='line_1_36' title="bbox 339 2104 1941 2176; baseline 0 -16"><span class='ocrx_word' id='word_1_267' title='bbox 339 2105 501 2161; x_wconf 88' lang='lat' dir='ltr'><strong>dotes</strong></span> <span class='ocrx_word' id='word_1_268' title='bbox 522 2104 605 2161; x_wconf 88' lang='lat' dir='ltr'><strong>ire</strong></span> <span class='ocrx_word' id='word_1_269' title='bbox 649 2105 911 2176; x_wconf 87' lang='lat' dir='ltr'><strong>populum</strong></span> <span class='ocrx_word' id='word_1_270' title='bbox 966 2104 1032 2160; x_wconf 89' lang='lat' dir='ltr'><strong>ad</strong></span> <span class='ocrx_word' id='word_1_271' title='bbox 1068 2105 1327 2175; x_wconf 88' lang='lat' dir='ltr'><strong>templum</strong></span> <span class='ocrx_word' id='word_1_272' title='bbox 1354 2105 1657 2161; x_wconf 86' lang='lat' dir='ltr'><strong>Jerusalem</strong></span> <span class='ocrx_word' id='word_1_273' title='bbox 1692 2121 1705 2157; x_wconf 93' lang='lat'><strong>:</strong></span> <span class='ocrx_word' id='word_1_274' title='bbox 1735 2104 1941 2161; x_wconf 91' lang='lat' dir='ltr'><strong>idcirco</strong></span> 
     </span>
    </p>
   </div>
   <div class='ocr_carea' id='block_1_37' title="bbox 336 2196 1937 2269">
    <p class='ocr_par' dir='ltr' id='par_1_37' title="bbox 336 2196 1937 2269">
     <span class='ocr_line' id='line_1_37' title="bbox 336 2196 1937 2269; baseline -0.001 -16"><span class='ocrx_word' id='word_1_275' title='bbox 336 2199 395 2253; x_wconf 91' lang='lat' dir='ltr'><strong>in</strong></span> <span class='ocrx_word' id='word_1_276' title='bbox 448 2197 782 2269; x_wconf 82' lang='lat' dir='ltr'><strong>profundum</strong></span> <span class='ocrx_word' id='word_1_277' title='bbox 813 2198 1070 2255; x_wconf 87' lang='lat' dir='ltr'><strong>victimas</strong></span> <span class='ocrx_word' id='word_1_278' title='bbox 1120 2196 1432 2253; x_wconf 87' lang='lat' dir='ltr'><strong>declinasse</strong></span> <span class='ocrx_word' id='word_1_279' title='bbox 1459 2196 1731 2253; x_wconf 91' lang='lat' dir='ltr'><strong>dicuntur.</strong></span> <span class='ocrx_word' id='word_1_280' title='bbox 1777 2196 1937 2252; x_wconf 77' lang='lat' dir='ltr'><strong>Juxta</strong></span> 
     </span>
    </p>
   </div>
   <div class='ocr_carea' id='block_1_38' title="bbox 338 2291 1939 2363">
    <p class='ocr_par' dir='ltr' id='par_1_38' title="bbox 338 2291 1939 2363">
     <span class='ocr_line' id='line_1_38' title="bbox 338 2291 1939 2363; baseline -0.001 -16"><span class='ocrx_word' id='word_1_281' title='bbox 338 2292 736 2363; x_wconf 90' lang='lat' dir='ltr'><strong>tropologiam,</strong></span> <span class='ocrx_word' id='word_1_282' title='bbox 783 2302 1070 2349; x_wconf 89' lang='lat' dir='ltr'><strong>accusatur</strong></span> <span class='ocrx_word' id='word_1_283' title='bbox 1103 2292 1337 2363; x_wconf 90' lang='lat' dir='ltr'><strong>populus</strong></span> <span class='ocrx_word' id='word_1_284' title='bbox 1392 2307 1460 2347; x_wconf 90' lang='lat' dir='ltr'><strong>ne</strong></span> <span class='ocrx_word' id='word_1_285' title='bbox 1500 2306 1558 2347; x_wconf 88' lang='lat' dir='ltr'><strong>se</strong></span> <span class='ocrx_word' id='word_1_286' title='bbox 1584 2291 1823 2347; x_wconf 90' lang='lat' dir='ltr'><strong>alienum</strong></span> <span class='ocrx_word' id='word_1_287' title='bbox 1854 2308 1939 2346; x_wconf 86' lang='lat' dir='ltr'><strong>ar-</strong></span> 
     </span>
    </p>
   </div>
   <div class='ocr_carea' id='block_1_39' title="bbox 335 2386 1938 2457">
    <p class='ocr_par' dir='ltr' id='par_1_39' title="bbox 335 2386 1938 2457">
     <span class='ocr_line' id='line_1_39' title="bbox 335 2386 1938 2457; baseline -0.002 -13"><span class='ocrx_word' id='word_1_288' title='bbox 335 2389 577 2444; x_wconf 80' lang='lat' dir='ltr'><strong>bitretur</strong></span> <span class='ocrx_word' id='word_1_289' title='bbox 607 2403 636 2443; x_wconf 93' lang='lat' dir='ltr'><strong>a</strong></span> <span class='ocrx_word' id='word_1_290' title='bbox 675 2389 927 2457; x_wconf 88' lang='lat' dir='ltr'><strong>crimine,</strong></span> <span class='ocrx_word' id='word_1_291' title='bbox 984 2389 1029 2443; x_wconf 91' lang='lat' dir='ltr'><strong>si</strong></span> <span class='ocrx_word' id='word_1_292' title='bbox 1062 2387 1322 2444; x_wconf 89' lang='lat' dir='ltr'><strong>inductus</strong></span> <span class='ocrx_word' id='word_1_293' title='bbox 1351 2387 1423 2443; x_wconf 88' lang='lat' dir='ltr'><strong>sit</strong></span> <span class='ocrx_word' id='word_1_294' title='bbox 1467 2402 1497 2442; x_wconf 91' lang='lat' dir='ltr'><strong>a</strong></span> <span class='ocrx_word' id='word_1_295' title='bbox 1544 2386 1762 2457; x_wconf 87' lang='lat' dir='ltr'><strong>regibus</strong></span> <span class='ocrx_word' id='word_1_296' title='bbox 1816 2395 1871 2442; x_wconf 91' lang='lat' dir='ltr'><strong>et</strong></span> <span class='ocrx_word' id='word_1_297' title='bbox 1908 2402 1938 2441; x_wconf 94' lang='lat' dir='ltr'><strong>a</strong></span> 
     </span>
    </p>
   </div>
   <div class='ocr_carea' id='block_1_40' title="bbox 334 2482 1940 2555">
    <p class='ocr_par' dir='ltr' id='par_1_40' title="bbox 334 2482 1940 2555">
     <span class='ocr_line' id='line_1_40' title="bbox 334 2482 1940 2555; baseline -0.001 -16"><span class='ocrx_word' id='word_1_298' title='bbox 334 2482 739 2551; x_wconf 87' lang='lat' dir='ltr'><strong>sacerdotibus,</strong></span> <span class='ocrx_word' id='word_1_299' title='bbox 772 2497 908 2552; x_wconf 87' lang='lat' dir='ltr'><strong>quos</strong></span> <span class='ocrx_word' id='word_1_300' title='bbox 949 2483 1333 2539; x_wconf 85' lang='lat' dir='ltr'><strong>haereticorum</strong></span> <span class='ocrx_word' id='word_1_301' title='bbox 1378 2483 1656 2553; x_wconf 91' lang='lat' dir='ltr'><strong>principes</strong></span> <span class='ocrx_word' id='word_1_302' title='bbox 1684 2483 1940 2555; x_wconf 85' lang='lat' dir='ltr'><strong>intelligi-</strong></span> 
     </span>
    </p>
   </div>
   <div class='ocr_carea' id='block_1_41' title="bbox 332 2577 1934 2650">
    <p class='ocr_par' dir='ltr' id='par_1_41' title="bbox 332 2577 1934 2650">
     <span class='ocr_line' id='line_1_41' title="bbox 332 2577 1934 2650; baseline 0.001 -19"><span class='ocrx_word' id='word_1_303' title='bbox 332 2593 480 2632; x_wconf 89' lang='lat' dir='ltr'><strong>mus.</strong></span> <span class='ocrx_word' id='word_1_304' title='bbox 506 2577 614 2649; x_wconf 89' lang='lat' dir='ltr'><strong>lpsi</strong></span> <span class='ocrx_word' id='word_1_305' title='bbox 645 2593 864 2650; x_wconf 90' lang='lat' dir='ltr'><strong>quoque</strong></span> <span class='ocrx_word' id='word_1_306' title='bbox 913 2580 1192 2650; x_wconf 89' lang='lat' dir='ltr'><strong>principes</strong></span> <span class='ocrx_word' id='word_1_307' title='bbox 1230 2588 1577 2647; x_wconf 83' lang='lat' dir='ltr'><strong>accusantur,</strong></span> <span class='ocrx_word' id='word_1_308' title='bbox 1604 2579 1749 2650; x_wconf 84' lang='lat' dir='ltr'><strong>quod</strong></span> <span class='ocrx_word' id='word_1_309' title='bbox 1781 2580 1934 2649; x_wconf 89' lang='lat' dir='ltr'><strong>quasi</strong></span> 
     </span>
    </p>
   </div>
   <div class='ocr_carea' id='block_1_42' title="bbox 331 2672 1936 2744">
    <p class='ocr_par' dir='ltr' id='par_1_42' title="bbox 331 2672 1936 2744">
     <span class='ocr_line' id='line_1_42' title="bbox 331 2672 1936 2744; baseline 0.001 -18"><span class='ocrx_word' id='word_1_310' title='bbox 331 2673 590 2744; x_wconf 85' lang='lat' dir='ltr'><strong>laqueus,</strong></span> <span class='ocrx_word' id='word_1_311' title='bbox 625 2674 870 2743; x_wconf 90' lang='lat' dir='ltr'><strong>ceperint</strong></span> <span class='ocrx_word' id='word_1_312' title='bbox 896 2672 1183 2743; x_wconf 88' lang='lat' dir='ltr'><strong>p0pulum,</strong></span> <span class='ocrx_word' id='word_1_313' title='bbox 1218 2683 1268 2728; x_wconf 91' lang='lat' dir='ltr'><strong>et</strong></span> <span class='ocrx_word' id='word_1_314' title='bbox 1300 2673 1459 2743; x_wconf 90' lang='lat' dir='ltr'><strong>positi</strong></span> <span class='ocrx_word' id='word_1_315' title='bbox 1484 2673 1855 2743; x_wconf 90' lang='lat' dir='ltr'><strong>speculatores</strong></span> <span class='ocrx_word' id='word_1_316' title='bbox 1884 2674 1936 2727; x_wconf 90' lang='lat' dir='ltr'><strong>in</strong></span> 
     </span>
    </p>
   </div>
   <div class='ocr_carea' id='block_1_43' title="bbox 334 2766 1935 2833">
    <p class='ocr_par' dir='ltr' id='par_1_43' title="bbox 334 2766 1935 2833">
     <span class='ocr_line' id='line_1_43' title="bbox 334 2766 1935 2833; baseline -0.001 -12"><span class='ocrx_word' id='word_1_317' title='bbox 334 2766 720 2833; x_wconf 83' lang='lat' dir='ltr'><strong>Ecclesia,cos</strong></span> <span class='ocrx_word' id='word_1_318' title='bbox 747 2766 1003 2823; x_wconf 80' lang='lat' dir='ltr'><strong>duxerint</strong></span> <span class='ocrx_word' id='word_1_319' title='bbox 1022 2768 1075 2821; x_wconf 91' lang='lat' dir='ltr'><strong>in</strong></span> <span class='ocrx_word' id='word_1_320' title='bbox 1107 2781 1377 2822; x_wconf 89' lang='lat' dir='ltr'><strong>errorem.</strong></span> <span class='ocrx_word' id='word_1_321' title='bbox 1406 2767 1472 2821; x_wconf 84' lang='lat' dir='ltr'><strong>Et</strong></span> <span class='ocrx_word' id='word_1_322' title='bbox 1502 2768 1558 2821; x_wconf 89' lang='lat' dir='ltr'><strong>in</strong></span> <span class='ocrx_word' id='word_1_323' title='bbox 1588 2776 1771 2823; x_wconf 89' lang='lat' dir='ltr'><strong>monte</strong></span> <span class='ocrx_word' id='word_1_324' title='bbox 1799 2767 1935 2820; x_wconf 80' lang='lat' dir='ltr'><strong>Tha-</strong></span> 
     </span>
    </p>
   </div>
   <div class='ocr_carea' id='block_1_44' title="bbox 336 2861 1940 2933">
    <p class='ocr_par' dir='ltr' id='par_1_44' title="bbox 336 2861 1940 2933">
     <span class='ocr_line' id='line_1_44' title="bbox 336 2861 1940 2933; baseline 0.004 -19"><span class='ocrx_word' id='word_1_325' title='bbox 336 2861 431 2915; x_wconf 89' lang='lat' dir='ltr'><strong>bor</strong></span> <span class='ocrx_word' id='word_1_326' title='bbox 467 2861 684 2917; x_wconf 82' lang='lat' dir='ltr'><strong>excelso</strong></span> <span class='ocrx_word' id='word_1_327' title='bbox 738 2869 901 2933; x_wconf 89' lang='lat' dir='ltr'><strong>atque</strong></span> <span class='ocrx_word' id='word_1_328' title='bbox 951 2861 1355 2929; x_wconf 87' lang='lat' dir='ltr'><strong>pulcherrimo,</strong></span> <span class='ocrx_word' id='word_1_329' title='bbox 1414 2863 1502 2933; x_wconf 88' lang='lat' dir='ltr'><strong>qui</strong></span> <span class='ocrx_word' id='word_1_330' title='bbox 1549 2862 1940 2933; x_wconf 87' lang='lat' dir='ltr'><strong>interpretatur</strong></span> 
     </span>
    </p>
   </div>
   <div class='ocr_carea' id='block_1_45' title="bbox 330 2954 1939 3030">
    <p class='ocr_par' dir='ltr' id='par_1_45' title="bbox 330 2954 1939 3030">
     <span class='ocr_line' id='line_1_45' title="bbox 330 2954 1939 3030; baseline 0.003 -22"><span class='ocrx_word' id='word_1_331' title='bbox 330 2958 548 3010; x_wconf 74' lang='lat' dir='ltr'><strong>veniens</strong></span> <span class='ocrx_word' id='word_1_332' title='bbox 569 2954 765 3023; x_wconf 85' lang='lat' dir='ltr'><strong>lumen,</strong></span> <span class='ocrx_word' id='word_1_333' title='bbox 797 2957 1026 3013; x_wconf 91' lang='lat' dir='ltr'><strong>insidias</strong></span> <span class='ocrx_word' id='word_1_334' title='bbox 1054 2965 1374 3027; x_wconf 83' lang='lat' dir='ltr'><strong>posuerunt,</strong></span> <span class='ocrx_word' id='word_1_335' title='bbox 1409 2967 1464 3013; x_wconf 90' lang='lat' dir='ltr'><strong>ut</strong></span> <span class='ocrx_word' id='word_1_336' title='bbox 1494 2958 1751 3029; x_wconf 87' lang='lat' dir='ltr'><strong>deceptos</strong></span> <span class='ocrx_word' id='word_1_337' title='bbox 1775 2975 1939 3030; x_wconf 78' lang='lat' dir='ltr'><strong>quos-</strong></span> 
     </span>
    </p>
   </div>
   <div class='ocr_carea' id='block_1_46' title="bbox 332 3049 1939 3121">
    <p class='ocr_par' dir='ltr' id='par_1_46' title="bbox 332 3049 1939 3121">
     <span class='ocr_line' id='line_1_46' title="bbox 332 3049 1939 3121; baseline 0.002 -17"><span class='ocrx_word' id='word_1_338' title='bbox 332 3064 444 3121; x_wconf 90' lang='lat' dir='ltr'><strong>que</strong></span> <span class='ocrx_word' id='word_1_339' title='bbox 482 3049 868 3121; x_wconf 88' lang='lat' dir='ltr'><strong>pertraherent</strong></span> <span class='ocrx_word' id='word_1_340' title='bbox 898 3050 949 3105; x_wconf 92' lang='lat' dir='ltr'><strong>in</strong></span> <span class='ocrx_word' id='word_1_341' title='bbox 982 3050 1332 3121; x_wconf 80' lang='lat' dir='ltr'><strong>profundum,</strong></span> <span class='ocrx_word' id='word_1_342' title='bbox 1366 3059 1421 3105; x_wconf 92' lang='lat' dir='ltr'><strong>et</strong></span> <span class='ocrx_word' id='word_1_343' title='bbox 1450 3051 1803 3107; x_wconf 90' lang='lat' dir='ltr'><strong>immolarent</strong></span> <span class='ocrx_word' id='word_1_344' title='bbox 1828 3052 1939 3108; x_wconf 70' lang='lat' dir='ltr'><strong>da:-</strong></span> 
     </span>
    </p>
   </div>
   <div class='ocr_carea' id='block_1_47' title="bbox 332 3143 1936 3213">
    <p class='ocr_par' dir='ltr' id='par_1_47' title="bbox 332 3143 1936 3213">
     <span class='ocr_line' id='line_1_47' title="bbox 332 3143 1936 3213; baseline 0.002 -16"><span class='ocrx_word' id='word_1_345' title='bbox 332 3143 615 3211; x_wconf 89' lang='lat' dir='ltr'><strong>monibus,</strong></span> <span class='ocrx_word' id='word_1_346' title='bbox 648 3151 702 3199; x_wconf 92' lang='lat' dir='ltr'><strong>et</strong></span> <span class='ocrx_word' id='word_1_347' title='bbox 734 3144 787 3197; x_wconf 91' lang='lat' dir='ltr'><strong>in</strong></span> <span class='ocrx_word' id='word_1_348' title='bbox 819 3143 1135 3199; x_wconf 87' lang='lat' dir='ltr'><strong>barathrum</strong></span> <span class='ocrx_word' id='word_1_349' title='bbox 1187 3143 1438 3198; x_wconf 85' lang='lat' dir='ltr'><strong>victimas</strong></span> <span class='ocrx_word' id='word_1_350' title='bbox 1469 3144 1840 3213; x_wconf 83' lang='lat' dir='ltr'><strong>declinarent,</strong></span> <span class='ocrx_word' id='word_1_351' title='bbox 1869 3161 1936 3202; x_wconf 88' lang='lat' dir='ltr'><strong>ne</strong></span> 
     </span>
    </p>
   </div>
   <div class='ocr_carea' id='block_1_48' title="bbox 2044 1915 3653 1989">
    <p class='ocr_par' dir='ltr' id='par_1_48' title="bbox 2044 1915 3653 1989">
     <span class='ocr_line' id='line_1_48' title="bbox 2044 1915 3653 1989; baseline 0.002 -17"><span class='ocrx_word' id='word_1_352' title='bbox 2044 1918 2181 1972; x_wconf 89' lang='lat' dir='ltr'><strong>ritus</strong></span> <span class='ocrx_word' id='word_1_353' title='bbox 2208 1916 2354 1971; x_wconf 87' lang='lat' dir='ltr'><strong>enim</strong></span> <span class='ocrx_word' id='word_1_354' title='bbox 2408 1915 2790 1972; x_wconf 85' lang='lat' dir='ltr'><strong>fornicationis</strong></span> <span class='ocrx_word' id='word_1_355' title='bbox 2827 1932 2937 1989; x_wconf 93' lang='lat' dir='ltr'><strong>quo</strong></span> <span class='ocrx_word' id='word_1_356' title='bbox 2991 1917 3244 1975; x_wconf 82' lang='lat' dir='ltr'><strong>fornicati</strong></span> <span class='ocrx_word' id='word_1_357' title='bbox 3295 1929 3424 1976; x_wconf 90' lang='lat' dir='ltr'><strong>sunt</strong></span> <span class='ocrx_word' id='word_1_358' title='bbox 3465 1920 3521 1975; x_wconf 90' lang='lat' dir='ltr'><strong>in</strong></span> <span class='ocrx_word' id='word_1_359' title='bbox 3549 1920 3653 1977; x_wconf 80' lang='lat' dir='ltr'><strong>Ec-</strong></span> 
     </span>
    </p>
   </div>
   <div class='ocr_carea' id='block_1_49' title="bbox 2042 2010 3645 2082">
    <p class='ocr_par' dir='ltr' id='par_1_49' title="bbox 2042 2010 3645 2082">
     <span class='ocr_line' id='line_1_49' title="bbox 2042 2010 3645 2082; baseline 0.002 -16"><span class='ocrx_word' id='word_1_360' title='bbox 2042 2010 2230 2076; x_wconf 88' lang='lat' dir='ltr'><strong>clesia,</strong></span> <span class='ocrx_word' id='word_1_361' title='bbox 2260 2018 2314 2066; x_wconf 91' lang='lat' dir='ltr'><strong>et</strong></span> <span class='ocrx_word' id='word_1_362' title='bbox 2357 2025 2385 2063; x_wconf 89' lang='lat' dir='ltr'><strong>a</strong></span> <span class='ocrx_word' id='word_1_363' title='bbox 2419 2025 2552 2066; x_wconf 89' lang='lat' dir='ltr'><strong>vero</strong></span> <span class='ocrx_word' id='word_1_364' title='bbox 2604 2011 2963 2067; x_wconf 89' lang='lat' dir='ltr'><strong>matrimonio</strong></span> <span class='ocrx_word' id='word_1_365' title='bbox 3027 2022 3419 2082; x_wconf 87' lang='lat' dir='ltr'><strong>recesserunt,</strong></span> <span class='ocrx_word' id='word_1_366' title='bbox 3464 2028 3645 2070; x_wconf 87' lang='lat' dir='ltr'><strong>versa-</strong></span> 
     </span>
    </p>
   </div>
   <div class='ocr_carea' id='block_1_50' title="bbox 2044 2104 3654 2181">
    <p class='ocr_par' dir='ltr' id='par_1_50' title="bbox 2044 2104 3654 2181">
     <span class='ocr_line' id='line_1_50' title="bbox 2044 2104 3654 2181; baseline 0.003 -19"><span class='ocrx_word' id='word_1_367' title='bbox 2044 2115 2131 2162; x_wconf 87' lang='lat' dir='ltr'><strong>tur</strong></span> <span class='ocrx_word' id='word_1_368' title='bbox 2162 2106 2215 2161; x_wconf 88' lang='lat' dir='ltr'><strong>in</strong></span> <span class='ocrx_word' id='word_1_369' title='bbox 2248 2104 2430 2162; x_wconf 90' lang='lat' dir='ltr'><strong>medio</strong></span> <span class='ocrx_word' id='word_1_370' title='bbox 2460 2120 2651 2161; x_wconf 91' lang='lat' dir='ltr'><strong>eorum</strong></span> <span class='ocrx_word' id='word_1_371' title='bbox 2678 2123 2691 2161; x_wconf 86' lang='lat'><strong>:</strong></span> <span class='ocrx_word' id='word_1_372' title='bbox 2727 2105 2851 2163; x_wconf 86' lang='lat' dir='ltr'><strong>ideo</strong></span> <span class='ocrx_word' id='word_1_373' title='bbox 2884 2106 3178 2163; x_wconf 88' lang='lat' dir='ltr'><strong>Dominum</strong></span> <span class='ocrx_word' id='word_1_374' title='bbox 3218 2122 3327 2163; x_wconf 90' lang='lat' dir='ltr'><strong>non</strong></span> <span class='ocrx_word' id='word_1_375' title='bbox 3381 2122 3654 2181; x_wconf 86' lang='lat' dir='ltr'><strong>cognove-</strong></span> 
     </span>
    </p>
   </div>
   <div class='ocr_carea' id='block_1_51' title="bbox 2044 2206 2190 2254">
    <p class='ocr_par' dir='ltr' id='par_1_51' title="bbox 2044 2206 2190 2254">
     <span class='ocr_line' id='line_1_51' title="bbox 2044 2206 2190 2254; baseline -0.007 0"><span class='ocrx_word' id='word_1_376' title='bbox 2044 2206 2190 2254; x_wconf 71' lang='lat' dir='ltr'><strong>I‘llﬂl.</strong></span> 
     </span>
    </p>
   </div>
   <div class='ocr_carea' id='block_1_52' title="bbox 2113 2293 3644 2370">
    <p class='ocr_par' dir='ltr' id='par_1_52' title="bbox 2113 2293 3644 2370">
     <span class='ocr_line' id='line_1_52' title="bbox 2113 2293 3644 2370; baseline 0.005 -24"><span class='ocrx_word' id='word_1_377' title='bbox 2113 2293 2273 2365; x_wconf 85' lang='lat' dir='ltr'><strong>(Vers</strong></span> <span class='ocrx_word' id='word_1_378' title='bbox 2303 2294 2386 2367; x_wconf 79' lang='lat'><strong>5.)</strong></span> <span class='ocrx_word' id='word_1_379' title='bbox 2428 2293 2496 2348; x_wconf 89' lang='lat' dir='ltr'><strong>Et</strong></span> <span class='ocrx_word' id='word_1_380' title='bbox 2526 2294 2850 2365; x_wconf 78' lang='lat' dir='ltr'><strong>respondebit</strong></span> <span class='ocrx_word' id='word_1_381' title='bbox 2898 2297 3197 2367; x_wconf 84' lang='lat' dir='ltr'><strong>arrogantia</strong></span> <span class='ocrx_word' id='word_1_382' title='bbox 3226 2295 3399 2353; x_wconf 78' lang='lat' dir='ltr'><strong>Israel</strong></span> <span class='ocrx_word' id='word_1_383' title='bbox 3426 2298 3481 2353; x_wconf 89' lang='lat' dir='ltr'><strong>in</strong></span> <span class='ocrx_word' id='word_1_384' title='bbox 3504 2298 3644 2370; x_wconf 80' lang='lat' dir='ltr'><strong>faeie</strong></span> 
     </span>
    </p>
   </div>
   <div class='ocr_carea' id='block_1_53' title="bbox 2042 2386 3648 2462">
    <p class='ocr_par' dir='ltr' id='par_1_53' title="bbox 2042 2386 3648 2462">
     <span class='ocr_line' id='line_1_53' title="bbox 2042 2386 3648 2462; baseline 0.002 -21"><span class='ocrx_word' id='word_1_385' title='bbox 2042 2390 2176 2460; x_wconf 83' lang='lat' dir='ltr'><strong>ejus,</strong></span> <span class='ocrx_word' id='word_1_386' title='bbox 2225 2396 2271 2443; x_wconf 91' lang='lat' dir='ltr'><strong>et</strong></span> <span class='ocrx_word' id='word_1_387' title='bbox 2322 2386 2494 2444; x_wconf 88' lang='lat' dir='ltr'><strong>Israel</strong></span> <span class='ocrx_word' id='word_1_388' title='bbox 2537 2398 2584 2443; x_wconf 92' lang='lat' dir='ltr'><strong>et</strong></span> <span class='ocrx_word' id='word_1_389' title='bbox 2634 2387 2889 2462; x_wconf 83' lang='lat' dir='ltr'><strong>Ephraim</strong></span> <span class='ocrx_word' id='word_1_390' title='bbox 2923 2397 3077 2443; x_wconf 89' lang='lat' dir='ltr'><strong>ruent</strong></span> <span class='ocrx_word' id='word_1_391' title='bbox 3124 2390 3179 2443; x_wconf 86' lang='lat' dir='ltr'><strong>in</strong></span> <span class='ocrx_word' id='word_1_392' title='bbox 3219 2390 3492 2462; x_wconf 78' lang='lat' dir='ltr'><strong>iniquitate</strong></span> <span class='ocrx_word' id='word_1_393' title='bbox 3530 2407 3648 2459; x_wconf 82' lang='lat' dir='ltr'><strong>sua,</strong></span> 
     </span>
    </p>
   </div>
   <div class='ocr_carea' id='block_1_54' title="bbox 2041 2481 3650 2553">
    <p class='ocr_par' dir='ltr' id='par_1_54' title="bbox 2041 2481 3650 2553">
     <span class='ocr_line' id='line_1_54' title="bbox 2041 2481 3650 2553; baseline 0.001 -16"><span class='ocrx_word' id='word_1_394' title='bbox 2041 2493 2152 2537; x_wconf 83' lang='lat' dir='ltr'><strong>ruet</strong></span> <span class='ocrx_word' id='word_1_395' title='bbox 2180 2484 2332 2539; x_wconf 89' lang='lat' dir='ltr'><strong>etiam</strong></span> <span class='ocrx_word' id='word_1_396' title='bbox 2352 2482 2495 2538; x_wconf 72' lang='lat' dir='ltr'><strong>Iuda</strong></span> <span class='ocrx_word' id='word_1_397' title='bbox 2516 2501 2631 2539; x_wconf 89' lang='lat' dir='ltr'><strong>cum</strong></span> <span class='ocrx_word' id='word_1_398' title='bbox 2653 2485 2744 2538; x_wconf 84' lang='lat' dir='ltr'><strong>eis.</strong></span> <span class='ocrx_word' id='word_1_399' title='bbox 2772 2482 2946 2539; x_wconf 76' lang='lat' dir='ltr'><strong>LXX:</strong></span> <span class='ocrx_word' id='word_1_400' title='bbox 2970 2481 3039 2537; x_wconf 86' lang='lat' dir='ltr'><strong>Et</strong></span> <span class='ocrx_word' id='word_1_401' title='bbox 3061 2482 3423 2538; x_wconf 84' lang='lat' dir='ltr'><strong>humiliabitur</strong></span> <span class='ocrx_word' id='word_1_402' title='bbox 3449 2484 3650 2553; x_wconf 76' lang='lat' dir='ltr'><strong>injuria</strong></span> 
     </span>
    </p>
   </div>
   <div class='ocr_carea' id='block_1_55' title="bbox 2044 2579 3648 2654">
    <p class='ocr_par' dir='ltr' id='par_1_55' title="bbox 2044 2579 3648 2654">
     <span class='ocr_line' id='line_1_55' title="bbox 2044 2579 3648 2654; baseline 0.001 -20"><span class='ocrx_word' id='word_1_403' title='bbox 2044 2579 2215 2636; x_wconf 82' lang='lat' dir='ltr'><strong>Israel</strong></span> <span class='ocrx_word' id='word_1_404' title='bbox 2244 2582 2297 2635; x_wconf 88' lang='lat' dir='ltr'><strong>in</strong></span> <span class='ocrx_word' id='word_1_405' title='bbox 2326 2582 2511 2651; x_wconf 79' lang='lat' dir='ltr'><strong>facient</strong></span> <span class='ocrx_word' id='word_1_406' title='bbox 2531 2586 2682 2654; x_wconf 80' lang='lat' dir='ltr'><strong>ejus:</strong></span> <span class='ocrx_word' id='word_1_407' title='bbox 2710 2590 2756 2637; x_wconf 89' lang='lat' dir='ltr'><strong>et</strong></span> <span class='ocrx_word' id='word_1_408' title='bbox 2775 2579 2943 2635; x_wconf 85' lang='lat' dir='ltr'><strong>Israel</strong></span> <span class='ocrx_word' id='word_1_409' title='bbox 2966 2590 3012 2634; x_wconf 88' lang='lat' dir='ltr'><strong>et</strong></span> <span class='ocrx_word' id='word_1_410' title='bbox 3027 2579 3285 2650; x_wconf 86' lang='lat' dir='ltr'><strong>Ephraim</strong></span> <span class='ocrx_word' id='word_1_411' title='bbox 3303 2581 3648 2650; x_wconf 81' lang='lat' dir='ltr'><strong>inﬁrmabun-</strong></span> 
     </span>
    </p>
   </div>
   <div class='ocr_carea' id='block_1_56' title="bbox 2043 2673 3652 2746">
    <p class='ocr_par' dir='ltr' id='par_1_56' title="bbox 2043 2673 3652 2746">
     <span class='ocr_line' id='line_1_56' title="bbox 2043 2673 3652 2746; baseline 0.001 -19"><span class='ocrx_word' id='word_1_412' title='bbox 2043 2682 2128 2730; x_wconf 88' lang='lat' dir='ltr'><strong>tur</strong></span> <span class='ocrx_word' id='word_1_413' title='bbox 2158 2676 2211 2729; x_wconf 91' lang='lat' dir='ltr'><strong>in</strong></span> <span class='ocrx_word' id='word_1_414' title='bbox 2235 2676 2594 2746; x_wconf 79' lang='lat' dir='ltr'><strong>iniquitatibus</strong></span> <span class='ocrx_word' id='word_1_415' title='bbox 2616 2677 2746 2741; x_wconf 82' lang='lat' dir='ltr'><strong>suis,</strong></span> <span class='ocrx_word' id='word_1_416' title='bbox 2776 2674 3126 2745; x_wconf 83' lang='lat' dir='ltr'><strong>inﬁrmabitur</strong></span> <span class='ocrx_word' id='word_1_417' title='bbox 3155 2675 3309 2729; x_wconf 89' lang='lat' dir='ltr'><strong>etiam</strong></span> <span class='ocrx_word' id='word_1_418' title='bbox 3334 2673 3505 2729; x_wconf 84' lang='lat' dir='ltr'><strong>Judas</strong></span> <span class='ocrx_word' id='word_1_419' title='bbox 3536 2691 3652 2729; x_wconf 86' lang='lat' dir='ltr'><strong>cum</strong></span> 
     </span>
    </p>
   </div>
   <div class='ocr_carea' id='block_1_57' title="bbox 2042 2768 3638 2858">
    <p class='ocr_par' dir='ltr' id='par_1_57' title="bbox 2042 2768 3638 2858">
     <span class='ocr_line' id='line_1_57' title="bbox 2042 2768 3638 2858; baseline 0 -33"><span class='ocrx_word' id='word_1_420' title='bbox 2042 2772 2135 2825; x_wconf 87' lang='lat' dir='ltr'><strong>eis.</strong></span> <span class='ocrx_word' id='word_1_421' title='bbox 2166 2768 2407 2825; x_wconf 79' lang='lat' dir='ltr'><strong>Verbum</strong></span> <span class='ocrx_word' id='word_1_422' title='bbox 2434 2784 2571 2825; x_wconf 72' lang='lat' dir='ltr'><strong>GAO‘N</strong></span> <span class='ocrx_word' id='word_1_423' title='bbox 2607 2770 2765 2858; x_wconf 62' lang='lat' dir='ltr'><strong>(rixa)</strong></span> <span class='ocrx_word' id='word_1_424' title='bbox 2794 2768 3147 2840; x_wconf 87' lang='lat' dir='ltr'><strong>Septuaginta</strong></span> <span class='ocrx_word' id='word_1_425' title='bbox 3190 2778 3245 2824; x_wconf 89' lang='lat' dir='ltr'><strong>et</strong></span> <span class='ocrx_word' id='word_1_426' title='bbox 3270 2768 3638 2841; x_wconf 87' lang='lat' dir='ltr'><strong>Symmachus</strong></span> 
     </span>
    </p>
   </div>
   <div class='ocr_carea' id='block_1_58' title="bbox 2043 2863 3653 2935">
    <p class='ocr_par' dir='ltr' id='par_1_58' title="bbox 2043 2863 3653 2935">
     <span class='ocr_line' id='line_1_58' title="bbox 2043 2863 3653 2935; baseline -0.001 -16"><span class='ocrx_word' id='word_1_427' title='bbox 2043 2864 2477 2935; x_wconf 88' lang='lat' dir='ltr'><strong>interpretantur</strong></span> <span class='ocrx_word' id='word_1_428' title='bbox 2506 2865 2774 2935; x_wconf 84' lang='lat' dir='ltr'><strong>injuriam,</strong></span> <span class='ocrx_word' id='word_1_429' title='bbox 2828 2863 3023 2933; x_wconf 83' lang='lat' dir='ltr'><strong>Aquila</strong></span> <span class='ocrx_word' id='word_1_430' title='bbox 3068 2872 3123 2918; x_wconf 91' lang='lat' dir='ltr'><strong>et</strong></span> <span class='ocrx_word' id='word_1_431' title='bbox 3158 2863 3505 2919; x_wconf 86' lang='lat' dir='ltr'><strong>Theodotion</strong></span> <span class='ocrx_word' id='word_1_432' title='bbox 3560 2880 3653 2918; x_wconf 89' lang='lat' dir='ltr'><strong>su-</strong></span> 
     </span>
    </p>
   </div>
   <div class='ocr_carea' id='block_1_59' title="bbox 2042 2957 3649 3033">
    <p class='ocr_par' dir='ltr' id='par_1_59' title="bbox 2042 2957 3649 3033">
     <span class='ocr_line' id='line_1_59' title="bbox 2042 2957 3649 3033; baseline -0.001 -17"><span class='ocrx_word' id='word_1_433' title='bbox 2042 2960 2294 3033; x_wconf 85' lang='lat' dir='ltr'><strong>perbiam.</strong></span> <span class='ocrx_word' id='word_1_434' title='bbox 2348 2959 2618 3029; x_wconf 85' lang='lat' dir='ltr'><strong>Quidquid</strong></span> <span class='ocrx_word' id='word_1_435' title='bbox 2666 2960 2829 3031; x_wconf 84' lang='lat' dir='ltr'><strong>igitur</strong></span> <span class='ocrx_word' id='word_1_436' title='bbox 2882 2959 3006 3014; x_wconf 79' lang='lat' dir='ltr'><strong>fecit</strong></span> <span class='ocrx_word' id='word_1_437' title='bbox 3039 2957 3227 3023; x_wconf 87' lang='lat' dir='ltr'><strong>Israel,</strong></span> <span class='ocrx_word' id='word_1_438' title='bbox 3282 2958 3365 3014; x_wconf 88' lang='lat' dir='ltr'><strong>vel</strong></span> <span class='ocrx_word' id='word_1_439' title='bbox 3411 2958 3649 3029; x_wconf 81' lang='lat' dir='ltr'><strong>superbo</strong></span> 
     </span>
    </p>
   </div>
   <div class='ocr_carea' id='block_1_60' title="bbox 2042 3050 3643 3125">
    <p class='ocr_par' dir='ltr' id='par_1_60' title="bbox 2042 3050 3643 3125">
     <span class='ocr_line' id='line_1_60' title="bbox 2042 3050 3643 3125; baseline -0.001 -17"><span class='ocrx_word' id='word_1_440' title='bbox 2042 3069 2209 3125; x_wconf 87' lang='lat' dir='ltr'><strong>agens</strong></span> <span class='ocrx_word' id='word_1_441' title='bbox 2256 3062 2446 3109; x_wconf 88' lang='lat' dir='ltr'><strong>contra</strong></span> <span class='ocrx_word' id='word_1_442' title='bbox 2502 3052 2813 3118; x_wconf 92' lang='lat' dir='ltr'><strong>Dominum,</strong></span> <span class='ocrx_word' id='word_1_443' title='bbox 2845 3053 2929 3107; x_wconf 88' lang='lat' dir='ltr'><strong>vel</strong></span> <span class='ocrx_word' id='word_1_444' title='bbox 2978 3053 3028 3105; x_wconf 90' lang='lat' dir='ltr'><strong>in</strong></span> <span class='ocrx_word' id='word_1_445' title='bbox 3066 3050 3333 3121; x_wconf 77' lang='lat' dir='ltr'><strong>iniuriam</strong></span> <span class='ocrx_word' id='word_1_446' title='bbox 3361 3051 3643 3107; x_wconf 90' lang='lat' dir='ltr'><strong>Creatoris</strong></span> 
     </span>
    </p>
   </div>
   <div class='ocr_carea' id='block_1_61' title="bbox 2042 3138 3640 3215">
    <p class='ocr_par' dir='ltr' id='par_1_61' title="bbox 2042 3138 3640 3215">
     <span class='ocr_line' id='line_1_61' title="bbox 2042 3138 3640 3215; baseline -0.001 -15"><span class='ocrx_word' id='word_1_447' title='bbox 2042 3138 2184 3201; x_wconf 82' lang='lat' dir='ltr'><strong>idola</strong></span> <span class='ocrx_word' id='word_1_448' title='bbox 2236 3160 2527 3211; x_wconf 87' lang='lat' dir='ltr'><strong>venerans,</strong></span> <span class='ocrx_word' id='word_1_449' title='bbox 2572 3143 2923 3215; x_wconf 88' lang='lat' dir='ltr'><strong>respondebit</strong></span> <span class='ocrx_word' id='word_1_450' title='bbox 2966 3143 3019 3198; x_wconf 92' lang='lat' dir='ltr'><strong>in</strong></span> <span class='ocrx_word' id='word_1_451' title='bbox 3069 3144 3207 3198; x_wconf 84' lang='lat' dir='ltr'><strong>facie</strong></span> <span class='ocrx_word' id='word_1_452' title='bbox 3262 3144 3382 3213; x_wconf 88' lang='lat' dir='ltr'><strong>ejus</strong></span> <span class='ocrx_word' id='word_1_453' title='bbox 3427 3152 3485 3198; x_wconf 92' lang='lat' dir='ltr'><strong>ut</strong></span> <span class='ocrx_word' id='word_1_454' title='bbox 3531 3160 3640 3199; x_wconf 93' lang='lat' dir='ltr'><strong>non</strong></span> 
     </span>
    </p>
   </div>
   <div class='ocr_carea' id='block_1_62' title="bbox 332 3224 3633 3309">
    <p class='ocr_par' dir='ltr' id='par_1_62' title="bbox 332 3224 3633 3309">
     <span class='ocr_line' id='line_1_62' title="bbox 332 3224 3633 3309; baseline 0 -20"><span class='ocrx_word' id='word_1_455' title='bbox 332 3235 636 3304; x_wconf 80' lang='lat' dir='ltr'><strong>aliquando</strong></span> <span class='ocrx_word' id='word_1_456' title='bbox 686 3236 1112 3308; x_wconf 90' lang='lat' dir='ltr'><strong>resipiscerent,</strong></span> <span class='ocrx_word' id='word_1_457' title='bbox 1147 3253 1213 3293; x_wconf 90' lang='lat' dir='ltr'><strong>ne</strong></span> <span class='ocrx_word' id='word_1_458' title='bbox 1243 3238 1461 3291; x_wconf 89' lang='lat' dir='ltr'><strong>domum</strong></span> <span class='ocrx_word' id='word_1_459' title='bbox 1498 3238 1590 3293; x_wconf 89' lang='lat' dir='ltr'><strong>Dei</strong></span> <span class='ocrx_word' id='word_1_460' title='bbox 1635 3239 1935 3295; x_wconf 83' lang='lat' dir='ltr'><strong>Ecclesium</strong></span> <span class='ocrx_word' id='word_1_461' title='bbox 1966 3224 2013 3289; x_wconf 87' lang='lat' dir='ltr'><strong>C</strong></span> <span class='ocrx_word' id='word_1_462' title='bbox 2044 3239 2203 3294; x_wconf 89' lang='lat' dir='ltr'><strong>abeat</strong></span> <span class='ocrx_word' id='word_1_463' title='bbox 2252 3238 2567 3309; x_wconf 89' lang='lat' dir='ltr'><strong>impunitus,</strong></span> <span class='ocrx_word' id='word_1_464' title='bbox 2612 3237 2708 3293; x_wconf 89' lang='lat' dir='ltr'><strong>sed</strong></span> <span class='ocrx_word' id='word_1_465' title='bbox 2742 3237 3058 3291; x_wconf 87' lang='lat' dir='ltr'><strong>humilietur</strong></span> <span class='ocrx_word' id='word_1_466' title='bbox 3110 3236 3227 3306; x_wconf 91' lang='lat' dir='ltr'><strong>ejus</strong></span> <span class='ocrx_word' id='word_1_467' title='bbox 3277 3238 3633 3303; x_wconf 88' lang='lat' dir='ltr'><strong>contumelia,</strong></span> 
     </span>
    </p>
   </div>
   <div class='ocr_carea' id='block_1_63' title="bbox 334 3331 1938 3403">
    <p class='ocr_par' dir='ltr' id='par_1_63' title="bbox 334 3331 1938 3403">
     <span class='ocr_line' id='line_1_63' title="bbox 334 3331 1938 3403; baseline 0 -16"><span class='ocrx_word' id='word_1_468' title='bbox 334 3332 699 3402; x_wconf 81' lang='lat' dir='ltr'><strong>suspirarent.</strong></span> <span class='ocrx_word' id='word_1_469' title='bbox 731 3332 961 3401; x_wconf 87' lang='lat' dir='ltr'><strong>Quidam</strong></span> <span class='ocrx_word' id='word_1_470' title='bbox 994 3332 1215 3388; x_wconf 84' lang='lat' dir='ltr'><strong>&#39;I‘habor</strong></span> <span class='ocrx_word' id='word_1_471' title='bbox 1254 3331 1602 3403; x_wconf 86' lang='lat' dir='ltr'><strong>interpretari</strong></span> <span class='ocrx_word' id='word_1_472' title='bbox 1648 3341 1833 3402; x_wconf 88' lang='lat' dir='ltr'><strong>putant</strong></span> <span class='ocrx_word' id='word_1_473' title='bbox 1860 3333 1938 3387; x_wconf 84' lang='lat' dir='ltr'><strong>la-</strong></span> 
     </span>
    </p>
   </div>
   <div class='ocr_carea' id='block_1_64' title="bbox 330 3424 1935 3495">
    <p class='ocr_par' dir='ltr' id='par_1_64' title="bbox 330 3424 1935 3495">
     <span class='ocr_line' id='line_1_64' title="bbox 330 3424 1935 3495; baseline 0 -15"><span class='ocrx_word' id='word_1_474' title='bbox 330 3440 483 3493; x_wconf 89' lang='lat' dir='ltr'><strong>cum,</strong></span> <span class='ocrx_word' id='word_1_475' title='bbox 508 3425 561 3480; x_wconf 89' lang='lat' dir='ltr'><strong>id</strong></span> <span class='ocrx_word' id='word_1_476' title='bbox 584 3433 688 3493; x_wconf 89' lang='lat' dir='ltr'><strong>est,</strong></span> <span class='ocrx_word' id='word_1_477' title='bbox 714 3426 1096 3491; x_wconf 88' lang='lat' dir='ltr'><strong>cisternam,et</strong></span> <span class='ocrx_word' id='word_1_478' title='bbox 1120 3426 1376 3495; x_wconf 65' lang='lat' dir='ltr'><strong>praesenti</strong></span> <span class='ocrx_word' id='word_1_479' title='bbox 1407 3425 1591 3480; x_wconf 90' lang='lat' dir='ltr'><strong>sensui</strong></span> <span class='ocrx_word' id='word_1_480' title='bbox 1616 3424 1935 3492; x_wconf 88' lang='lat' dir='ltr'><strong>convenire,</strong></span> 
     </span>
    </p>
   </div>
   <div class='ocr_carea' id='block_1_65' title="bbox 328 3518 1941 3589">
    <p class='ocr_par' dir='ltr' id='par_1_65' title="bbox 328 3518 1941 3589">
     <span class='ocr_line' id='line_1_65' title="bbox 328 3518 1941 3589; baseline 0.001 -15"><span class='ocrx_word' id='word_1_481' title='bbox 328 3518 485 3589; x_wconf 89' lang='lat' dir='ltr'><strong>quod</strong></span> <span class='ocrx_word' id='word_1_482' title='bbox 535 3519 780 3575; x_wconf 70' lang='lat' dir='ltr'><strong>haeretici</strong></span> <span class='ocrx_word' id='word_1_483' title='bbox 836 3520 1076 3575; x_wconf 79' lang='lat' dir='ltr'><strong>foderint</strong></span> <span class='ocrx_word' id='word_1_484' title='bbox 1112 3521 1313 3587; x_wconf 89' lang='lat' dir='ltr'><strong>laeum,</strong></span> <span class='ocrx_word' id='word_1_485' title='bbox 1347 3530 1403 3575; x_wconf 91' lang='lat' dir='ltr'><strong>et</strong></span> <span class='ocrx_word' id='word_1_486' title='bbox 1445 3519 1742 3575; x_wconf 90' lang='lat' dir='ltr'><strong>inciderint</strong></span> <span class='ocrx_word' id='word_1_487' title='bbox 1771 3521 1823 3575; x_wconf 93' lang='lat' dir='ltr'><strong>in</strong></span> <span class='ocrx_word' id='word_1_488' title='bbox 1856 3520 1941 3576; x_wconf 81' lang='lat' dir='ltr'><strong>fo-</strong></span> 
     </span>
    </p>
   </div>
   <div class='ocr_carea' id='block_1_66' title="bbox 330 3614 1288 3686">
    <p class='ocr_par' dir='ltr' id='par_1_66' title="bbox 330 3614 1288 3686">
     <span class='ocr_line' id='line_1_66' title="bbox 330 3614 1288 3686; baseline 0 -17"><span class='ocrx_word' id='word_1_489' title='bbox 330 3629 495 3671; x_wconf 79' lang='lat' dir='ltr'><strong>veam</strong></span> <span class='ocrx_word' id='word_1_490' title='bbox 530 3630 694 3685; x_wconf 91' lang='lat' dir='ltr'><strong>quam</strong></span> <span class='ocrx_word' id='word_1_491' title='bbox 722 3614 968 3671; x_wconf 86' lang='lat' dir='ltr'><strong>fecerunt</strong></span> <span class='ocrx_word' id='word_1_492' title='bbox 1004 3614 1121 3686; x_wconf 86' lang='lat' dir='ltr'><strong>(Ps.</strong></span> <span class='ocrx_word' id='word_1_493' title='bbox 1154 3617 1288 3685; x_wconf 78' lang='lat' dir='ltr'><strong>Lvt).</strong></span> 
     </span>
    </p>
   </div>
   <div class='ocr_carea' id='block_1_67' title="bbox 408 3706 1936 3780">
    <p class='ocr_par' dir='ltr' id='par_1_67' title="bbox 408 3706 1936 3780">
     <span class='ocr_line' id='line_1_67' title="bbox 408 3706 1936 3780; baseline -0.001 -18"><span class='ocrx_word' id='word_1_494' title='bbox 408 3707 592 3779; x_wconf 78' lang='lat' dir='ltr'><strong>(Vers.</strong></span> <span class='ocrx_word' id='word_1_495' title='bbox 621 3708 676 3773; x_wconf 77' lang='lat'><strong>5,</strong></span> <span class='ocrx_word' id='word_1_496' title='bbox 704 3708 785 3779; x_wconf 59' lang='lat' dir='ltr'><strong>ll.)</strong></span> <span class='ocrx_word' id='word_1_497' title='bbox 806 3706 873 3762; x_wconf 88' lang='lat' dir='ltr'><strong>Et</strong></span> <span class='ocrx_word' id='word_1_498' title='bbox 905 3726 998 3779; x_wconf 81' lang='lat' dir='ltr'><strong>ego</strong></span> <span class='ocrx_word' id='word_1_499' title='bbox 1025 3708 1256 3766; x_wconf 81' lang='lat' dir='ltr'><strong>eruditor</strong></span> <span class='ocrx_word' id='word_1_500' title='bbox 1278 3708 1721 3773; x_wconf 86' lang='lat' dir='ltr'><strong>omniumeorum,</strong></span> <span class='ocrx_word' id='word_1_501' title='bbox 1751 3717 1801 3763; x_wconf 90' lang='lat' dir='ltr'><strong>et</strong></span> <span class='ocrx_word' id='word_1_502' title='bbox 1840 3725 1936 3780; x_wconf 86' lang='lat' dir='ltr'><strong>ego</strong></span> 
     </span>
    </p>
   </div>
   <div class='ocr_carea' id='block_1_68' title="bbox 331 3799 1936 3871">
    <p class='ocr_par' dir='ltr' id='par_1_68' title="bbox 331 3799 1936 3871">
     <span class='ocr_line' id='line_1_68' title="bbox 331 3799 1936 3871; baseline -0.001 -15"><span class='ocrx_word' id='word_1_503' title='bbox 331 3801 445 3856; x_wconf 89' lang='lat' dir='ltr'><strong>scio</strong></span> <span class='ocrx_word' id='word_1_504' title='bbox 487 3799 763 3871; x_wconf 83' lang='lat' dir='ltr'><strong>Ephraim,</strong></span> <span class='ocrx_word' id='word_1_505' title='bbox 816 3810 861 3854; x_wconf 88' lang='lat' dir='ltr'><strong>et</strong></span> <span class='ocrx_word' id='word_1_506' title='bbox 912 3799 1083 3855; x_wconf 82' lang='lat' dir='ltr'><strong>Israel</strong></span> <span class='ocrx_word' id='word_1_507' title='bbox 1114 3818 1213 3855; x_wconf 89' lang='lat' dir='ltr'><strong>non</strong></span> <span class='ocrx_word' id='word_1_508' title='bbox 1266 3811 1339 3855; x_wconf 87' lang='lat' dir='ltr'><strong>est</strong></span> <span class='ocrx_word' id='word_1_509' title='bbox 1375 3802 1708 3855; x_wconf 87' lang='lat' dir='ltr'><strong>absconditus</strong></span> <span class='ocrx_word' id='word_1_510' title='bbox 1740 3818 1770 3854; x_wconf 90' lang='lat' dir='ltr'><strong>a</strong></span> <span class='ocrx_word' id='word_1_511' title='bbox 1807 3817 1887 3854; x_wconf 86' lang='lat' dir='ltr'><strong>me</strong></span> <span class='ocrx_word' id='word_1_512' title='bbox 1918 3816 1936 3854; x_wconf 91' lang='lat'><strong><em>:</em></strong></span> 
     </span>
    </p>
   </div>
   <div class='ocr_carea' id='block_1_69' title="bbox 328 3894 1936 3966">
    <p class='ocr_par' dir='ltr' id='par_1_69' title="bbox 328 3894 1936 3966">
     <span class='ocr_line' id='line_1_69' title="bbox 328 3894 1936 3966; baseline 0 -17"><span class='ocrx_word' id='word_1_513' title='bbox 328 3895 459 3964; x_wconf 85' lang='lat' dir='ltr'><strong>quia</strong></span> <span class='ocrx_word' id='word_1_514' title='bbox 490 3911 626 3947; x_wconf 87' lang='lat' dir='ltr'><strong>nunc</strong></span> <span class='ocrx_word' id='word_1_515' title='bbox 648 3894 943 3963; x_wconf 78' lang='lat' dir='ltr'><strong>fornicatus</strong></span> <span class='ocrx_word' id='word_1_516' title='bbox 989 3905 1061 3949; x_wconf 87' lang='lat' dir='ltr'><strong>est</strong></span> <span class='ocrx_word' id='word_1_517' title='bbox 1106 3894 1394 3966; x_wconf 82' lang='lat' dir='ltr'><strong>Ephraim,</strong></span> <span class='ocrx_word' id='word_1_518' title='bbox 1442 3896 1818 3950; x_wconf 80' lang='lat' dir='ltr'><strong>contaminatus</strong></span> <span class='ocrx_word' id='word_1_519' title='bbox 1864 3906 1936 3949; x_wconf 85' lang='lat' dir='ltr'><strong>est</strong></span> 
     </span>
    </p>
   </div>
   <div class='ocr_carea' id='block_1_70' title="bbox 330 3984 1937 4060">
    <p class='ocr_par' dir='ltr' id='par_1_70' title="bbox 330 3984 1937 4060">
     <span class='ocr_line' id='line_1_70' title="bbox 330 3984 1937 4060; baseline 0.001 -18"><span class='ocrx_word' id='word_1_520' title='bbox 330 3984 553 4042; x_wconf 87' lang='lat' dir='ltr'><strong>Israel:</strong></span> <span class='ocrx_word' id='word_1_521' title='bbox 592 4004 695 4042; x_wconf 89' lang='lat' dir='ltr'><strong>non</strong></span> <span class='ocrx_word' id='word_1_522' title='bbox 741 3988 936 4042; x_wconf 86' lang='lat' dir='ltr'><strong>dabunt</strong></span> <span class='ocrx_word' id='word_1_523' title='bbox 962 3989 1303 4060; x_wconf 82' lang='lat' dir='ltr'><strong>cogitationes</strong></span> <span class='ocrx_word' id='word_1_524' title='bbox 1350 4006 1492 4053; x_wconf 86' lang='lat' dir='ltr'><strong>suas,</strong></span> <span class='ocrx_word' id='word_1_525' title='bbox 1528 4000 1584 4043; x_wconf 89' lang='lat' dir='ltr'><strong>ut</strong></span> <span class='ocrx_word' id='word_1_526' title='bbox 1612 3998 1937 4043; x_wconf 85' lang='lat' dir='ltr'><strong>revertantur</strong></span> 
     </span>
    </p>
   </div>
   <div class='ocr_carea' id='block_1_71' title="bbox 329 4079 1935 4154">
    <p class='ocr_par' dir='ltr' id='par_1_71' title="bbox 329 4079 1935 4154">
     <span class='ocr_line' id='line_1_71' title="bbox 329 4079 1935 4154; baseline 0.001 -18"><span class='ocrx_word' id='word_1_527' title='bbox 329 4080 404 4136; x_wconf 84' lang='lat' dir='ltr'><strong>ad</strong></span> <span class='ocrx_word' id='word_1_528' title='bbox 434 4079 599 4134; x_wconf 87' lang='lat' dir='ltr'><strong>Deum</strong></span> <span class='ocrx_word' id='word_1_529' title='bbox 623 4097 795 4147; x_wconf 88' lang='lat' dir='ltr'><strong>suum,</strong></span> <span class='ocrx_word' id='word_1_530' title='bbox 825 4082 948 4151; x_wconf 87' lang='lat' dir='ltr'><strong>quia</strong></span> <span class='ocrx_word' id='word_1_531' title='bbox 992 4082 1210 4154; x_wconf 84' lang='lat' dir='ltr'><strong>spiritus</strong></span> <span class='ocrx_word' id='word_1_532' title='bbox 1240 4082 1647 4152; x_wconf 80' lang='lat' dir='ltr'><strong>fornicationurn</strong></span> <span class='ocrx_word' id='word_1_533' title='bbox 1670 4084 1722 4136; x_wconf 87' lang='lat' dir='ltr'><strong>in</strong></span> <span class='ocrx_word' id='word_1_534' title='bbox 1770 4084 1935 4138; x_wconf 81' lang='lat' dir='ltr'><strong>medio</strong></span> 
     </span>
    </p>
   </div>
   <div class='ocr_carea' id='block_1_72' title="bbox 327 4174 1934 4248">
    <p class='ocr_par' dir='ltr' id='par_1_72' title="bbox 327 4174 1934 4248">
     <span class='ocr_line' id='line_1_72' title="bbox 327 4174 1934 4248; baseline 0.002 -20"><span class='ocrx_word' id='word_1_535' title='bbox 327 4190 535 4239; x_wconf 85' lang='lat' dir='ltr'><strong>eorum,</strong></span> <span class='ocrx_word' id='word_1_536' title='bbox 591 4183 638 4228; x_wconf 87' lang='lat' dir='ltr'><strong>et</strong></span> <span class='ocrx_word' id='word_1_537' title='bbox 686 4174 965 4229; x_wconf 86' lang='lat' dir='ltr'><strong>Dominum</strong></span> <span class='ocrx_word' id='word_1_538' title='bbox 1016 4192 1117 4228; x_wconf 88' lang='lat' dir='ltr'><strong>non</strong></span> <span class='ocrx_word' id='word_1_539' title='bbox 1175 4186 1543 4246; x_wconf 84' lang='lat' dir='ltr'><strong>cognoverunt.</strong></span> <span class='ocrx_word' id='word_1_540' title='bbox 1602 4175 1788 4231; x_wconf 77' lang='lat' dir='ltr'><strong>LXX:</strong></span> <span class='ocrx_word' id='word_1_541' title='bbox 1827 4177 1934 4248; x_wconf 75' lang='lat' dir='ltr'><strong>Ego</strong></span> 
     </span>
    </p>
   </div>
   <div class='ocr_carea' id='block_1_73' title="bbox 329 4267 1937 4340">
    <p class='ocr_par' dir='ltr' id='par_1_73' title="bbox 329 4267 1937 4340">
     <span class='ocr_line' id='line_1_73' title="bbox 329 4267 1937 4340; baseline 0.002 -16"><span class='ocrx_word' id='word_1_542' title='bbox 329 4267 475 4324; x_wconf 77' lang='lat' dir='ltr'><strong>enim</strong></span> <span class='ocrx_word' id='word_1_543' title='bbox 503 4268 747 4338; x_wconf 84' lang='lat' dir='ltr'><strong>magister</strong></span> <span class='ocrx_word' id='word_1_544' title='bbox 771 4279 931 4322; x_wconf 86' lang='lat' dir='ltr'><strong>vester</strong></span> <span class='ocrx_word' id='word_1_545' title='bbox 961 4286 978 4323; x_wconf 88' lang='lat'><em>:</em></span> <span class='ocrx_word' id='word_1_546' title='bbox 1006 4285 1098 4339; x_wconf 80' lang='lat' dir='ltr'><strong>ego</strong></span> <span class='ocrx_word' id='word_1_547' title='bbox 1127 4270 1343 4340; x_wconf 86' lang='lat' dir='ltr'><strong>cognovi</strong></span> <span class='ocrx_word' id='word_1_548' title='bbox 1388 4268 1663 4339; x_wconf 84' lang='lat' dir='ltr'><strong>Ephraim,</strong></span> <span class='ocrx_word' id='word_1_549' title='bbox 1694 4281 1742 4325; x_wconf 90' lang='lat' dir='ltr'><strong>et</strong></span> <span class='ocrx_word' id='word_1_550' title='bbox 1769 4269 1937 4327; x_wconf 84' lang='lat' dir='ltr'><strong>Israel</strong></span> 
     </span>
    </p>
   </div>
   <div class='ocr_carea' id='block_1_74' title="bbox 332 4362 1933 4437">
    <p class='ocr_par' dir='ltr' id='par_1_74' title="bbox 332 4362 1933 4437">
     <span class='ocr_line' id='line_1_74' title="bbox 332 4362 1933 4437; baseline 0.002 -21"><span class='ocrx_word' id='word_1_551' title='bbox 332 4377 447 4416; x_wconf 81' lang='lat' dir='ltr'><strong>non</strong></span> <span class='ocrx_word' id='word_1_552' title='bbox 474 4362 679 4416; x_wconf 82' lang='lat' dir='ltr'><strong>recessit</strong></span> <span class='ocrx_word' id='word_1_553' title='bbox 702 4379 736 4416; x_wconf 92' lang='lat' dir='ltr'><strong>a</strong></span> <span class='ocrx_word' id='word_1_554' title='bbox 779 4378 881 4429; x_wconf 89' lang='lat' dir='ltr'><strong>me,</strong></span> <span class='ocrx_word' id='word_1_555' title='bbox 910 4363 1031 4431; x_wconf 86' lang='lat' dir='ltr'><strong>quia</strong></span> <span class='ocrx_word' id='word_1_556' title='bbox 1060 4380 1194 4418; x_wconf 89' lang='lat' dir='ltr'><strong>nunc</strong></span> <span class='ocrx_word' id='word_1_557' title='bbox 1244 4364 1530 4433; x_wconf 78' lang='lat' dir='ltr'><strong>fornicatus</strong></span> <span class='ocrx_word' id='word_1_558' title='bbox 1553 4376 1626 4419; x_wconf 87' lang='lat' dir='ltr'><strong>est</strong></span> <span class='ocrx_word' id='word_1_559' title='bbox 1658 4364 1933 4437; x_wconf 85' lang='lat' dir='ltr'><strong>Ephraim,</strong></span> 
     </span>
    </p>
   </div>
   <div class='ocr_carea' id='block_1_75' title="bbox 332 4455 1937 4530">
    <p class='ocr_par' dir='ltr' id='par_1_75' title="bbox 332 4455 1937 4530">
     <span class='ocr_line' id='line_1_75' title="bbox 332 4455 1937 4530; baseline 0.003 -19"><span class='ocrx_word' id='word_1_560' title='bbox 332 4457 749 4511; x_wconf 81' lang='lat' dir='ltr'><strong>commaculatus</strong></span> <span class='ocrx_word' id='word_1_561' title='bbox 792 4469 868 4512; x_wconf 84' lang='lat' dir='ltr'><strong>est</strong></span> <span class='ocrx_word' id='word_1_562' title='bbox 907 4455 1121 4513; x_wconf 86' lang='lat' dir='ltr'><strong>Israel:</strong></span> <span class='ocrx_word' id='word_1_563' title='bbox 1174 4474 1278 4512; x_wconf 89' lang='lat' dir='ltr'><strong>non</strong></span> <span class='ocrx_word' id='word_1_564' title='bbox 1306 4459 1557 4513; x_wconf 83' lang='lat' dir='ltr'><strong>dederunt</strong></span> <span class='ocrx_word' id='word_1_565' title='bbox 1602 4461 1937 4530; x_wconf 82' lang='lat' dir='ltr'><strong>cogitationes</strong></span> 
     </span>
    </p>
   </div>
   <div class='ocr_carea' id='block_1_76' title="bbox 335 4549 1934 4622">
    <p class='ocr_par' dir='ltr' id='par_1_76' title="bbox 335 4549 1934 4622">
     <span class='ocr_line' id='line_1_76' title="bbox 335 4549 1934 4622; baseline 0.003 -19"><span class='ocrx_word' id='word_1_566' title='bbox 335 4566 467 4603; x_wconf 79' lang='lat' dir='ltr'><strong>suas</strong></span> <span class='ocrx_word' id='word_1_567' title='bbox 508 4558 560 4603; x_wconf 89' lang='lat' dir='ltr'><strong>ut</strong></span> <span class='ocrx_word' id='word_1_568' title='bbox 590 4558 963 4605; x_wconf 87' lang='lat' dir='ltr'><strong>reverterentur</strong></span> <span class='ocrx_word' id='word_1_569' title='bbox 984 4551 1052 4604; x_wconf 84' lang='lat' dir='ltr'><strong>ad</strong></span> <span class='ocrx_word' id='word_1_570' title='bbox 1080 4549 1368 4604; x_wconf 80' lang='lat' dir='ltr'><strong>Dominum</strong></span> <span class='ocrx_word' id='word_1_571' title='bbox 1421 4550 1589 4606; x_wconf 88' lang='lat' dir='ltr'><strong>Deum</strong></span> <span class='ocrx_word' id='word_1_572' title='bbox 1612 4569 1782 4620; x_wconf 80' lang='lat' dir='ltr'><strong>suum,</strong></span> <span class='ocrx_word' id='word_1_573' title='bbox 1814 4555 1934 4622; x_wconf 86' lang='lat' dir='ltr'><strong>quia</strong></span> 
     </span>
    </p>
   </div>
   <div class='ocr_carea' id='block_1_77' title="bbox 2041 3331 3655 3404">
    <p class='ocr_par' dir='ltr' id='par_1_77' title="bbox 2041 3331 3655 3404">
     <span class='ocr_line' id='line_1_77' title="bbox 2041 3331 3655 3404; baseline -0.001 -15"><span class='ocrx_word' id='word_1_574' title='bbox 2041 3342 2095 3389; x_wconf 92' lang='lat' dir='ltr'><strong>et</strong></span> <span class='ocrx_word' id='word_1_575' title='bbox 2135 3333 2370 3404; x_wconf 84' lang='lat' dir='ltr'><strong>populus</strong></span> <span class='ocrx_word' id='word_1_576' title='bbox 2417 3344 2472 3388; x_wconf 90' lang='lat' dir='ltr'><strong>et</strong></span> <span class='ocrx_word' id='word_1_577' title='bbox 2521 3347 2681 3403; x_wconf 85' lang='lat' dir='ltr'><strong>reges</strong></span> <span class='ocrx_word' id='word_1_578' title='bbox 2724 3332 2777 3386; x_wconf 91' lang='lat' dir='ltr'><strong>in</strong></span> <span class='ocrx_word' id='word_1_579' title='bbox 2818 3332 3107 3403; x_wconf 89' lang='lat' dir='ltr'><strong>iniquitate</strong></span> <span class='ocrx_word' id='word_1_580' title='bbox 3146 3345 3241 3385; x_wconf 90' lang='lat' dir='ltr'><strong>sua</strong></span> <span class='ocrx_word' id='word_1_581' title='bbox 3286 3331 3494 3402; x_wconf 89' lang='lat' dir='ltr'><strong>pariter</strong></span> <span class='ocrx_word' id='word_1_582' title='bbox 3528 3346 3655 3388; x_wconf 89' lang='lat' dir='ltr'><strong>cor-</strong></span> 
     </span>
    </p>
   </div>
   <div class='ocr_carea' id='block_1_78' title="bbox 2041 3423 3651 3496">
    <p class='ocr_par' dir='ltr' id='par_1_78' title="bbox 2041 3423 3651 3496">
     <span class='ocr_line' id='line_1_78' title="bbox 2041 3423 3651 3496; baseline -0.001 -14"><span class='ocrx_word' id='word_1_583' title='bbox 2041 3435 2222 3494; x_wconf 86' lang='lat' dir='ltr'><strong>ruant,</strong></span> <span class='ocrx_word' id='word_1_584' title='bbox 2253 3426 2373 3481; x_wconf 84' lang='lat' dir='ltr'><strong>sive</strong></span> <span class='ocrx_word' id='word_1_585' title='bbox 2406 3426 2773 3492; x_wconf 84' lang='lat' dir='ltr'><strong>inlirmentur,</strong></span> <span class='ocrx_word' id='word_1_586' title='bbox 2822 3434 2881 3480; x_wconf 90' lang='lat' dir='ltr'><strong>ut</strong></span> <span class='ocrx_word' id='word_1_587' title='bbox 2924 3425 3015 3496; x_wconf 89' lang='lat' dir='ltr'><strong>qui</strong></span> <span class='ocrx_word' id='word_1_588' title='bbox 3048 3423 3222 3480; x_wconf 85' lang='lat' dir='ltr'><strong>fortes</strong></span> <span class='ocrx_word' id='word_1_589' title='bbox 3246 3430 3405 3481; x_wconf 87' lang='lat' dir='ltr'><strong>erant</strong></span> <span class='ocrx_word' id='word_1_590' title='bbox 3427 3429 3479 3480; x_wconf 89' lang='lat' dir='ltr'><strong>In</strong></span> <span class='ocrx_word' id='word_1_591' title='bbox 3529 3440 3651 3481; x_wconf 84' lang='lat' dir='ltr'><strong>sce-</strong></span> 
     </span>
    </p>
   </div>
   <div class='ocr_carea' id='block_1_79' title="bbox 2041 3517 3643 3588">
    <p class='ocr_par' dir='ltr' id='par_1_79' title="bbox 2041 3517 3643 3588">
     <span class='ocr_line' id='line_1_79' title="bbox 2041 3517 3643 3588; baseline 0 -14"><span class='ocrx_word' id='word_1_592' title='bbox 2041 3520 2173 3587; x_wconf 89' lang='lat' dir='ltr'><strong>lere,</strong></span> <span class='ocrx_word' id='word_1_593' title='bbox 2204 3520 2402 3575; x_wconf 91' lang='lat' dir='ltr'><strong>inlirmi</strong></span> <span class='ocrx_word' id='word_1_594' title='bbox 2430 3520 2498 3574; x_wconf 92' lang='lat' dir='ltr'><strong>ad</strong></span> <span class='ocrx_word' id='word_1_595' title='bbox 2524 3519 2817 3574; x_wconf 89' lang='lat' dir='ltr'><strong>Dominum</strong></span> <span class='ocrx_word' id='word_1_596' title='bbox 2851 3518 3033 3574; x_wconf 85' lang='lat' dir='ltr'><strong>redire</strong></span> <span class='ocrx_word' id='word_1_597' title='bbox 3069 3526 3352 3588; x_wconf 86' lang='lat' dir='ltr'><strong>cogantur.</strong></span> <span class='ocrx_word' id='word_1_598' title='bbox 3426 3517 3496 3573; x_wconf 87' lang='lat' dir='ltr'><strong>Et</strong></span> <span class='ocrx_word' id='word_1_599' title='bbox 3537 3517 3643 3574; x_wconf 92' lang='lat' dir='ltr'><strong>hoc</strong></span> 
     </span>
    </p>
   </div>
   <div class='ocr_carea' id='block_1_80' title="bbox 2039 3610 3644 3681">
    <p class='ocr_par' dir='ltr' id='par_1_80' title="bbox 2039 3610 3644 3681">
     <span class='ocr_line' id='line_1_80' title="bbox 2039 3610 3644 3681; baseline -0.004 -10"><span class='ocrx_word' id='word_1_600' title='bbox 2039 3632 2147 3671; x_wconf 90' lang='lat' dir='ltr'><strong>non</strong></span> <span class='ocrx_word' id='word_1_601' title='bbox 2193 3615 2369 3670; x_wconf 90' lang='lat' dir='ltr'><strong>solum</strong></span> <span class='ocrx_word' id='word_1_602' title='bbox 2393 3613 2606 3669; x_wconf 84' lang='lat' dir='ltr'><strong>eveniet</strong></span> <span class='ocrx_word' id='word_1_603' title='bbox 2633 3612 2818 3668; x_wconf 91' lang='lat' dir='ltr'><strong>Israeli</strong></span> <span class='ocrx_word' id='word_1_604' title='bbox 2848 3621 2902 3668; x_wconf 91' lang='lat' dir='ltr'><strong>et</strong></span> <span class='ocrx_word' id='word_1_605' title='bbox 2927 3611 3204 3681; x_wconf 88' lang='lat' dir='ltr'><strong>Ephraim,</strong></span> <span class='ocrx_word' id='word_1_606' title='bbox 3235 3610 3287 3665; x_wconf 93' lang='lat' dir='ltr'><strong>id</strong></span> <span class='ocrx_word' id='word_1_607' title='bbox 3319 3618 3423 3679; x_wconf 89' lang='lat' dir='ltr'><strong>est,</strong></span> <span class='ocrx_word' id='word_1_608' title='bbox 3454 3610 3644 3667; x_wconf 77' lang='lat' dir='ltr'><strong>decem</strong></span> 
     </span>
    </p>
   </div>
   <div class='ocr_carea' id='block_1_81' title="bbox 2041 3703 3651 3778">
    <p class='ocr_par' dir='ltr' id='par_1_81' title="bbox 2041 3703 3651 3778">
     <span class='ocr_line' id='line_1_81' title="bbox 2041 3703 3651 3778; baseline -0.002 -17"><span class='ocrx_word' id='word_1_609' title='bbox 2041 3708 2291 3763; x_wconf 81' lang='lat' dir='ltr'><strong>tribubus</strong></span> <span class='ocrx_word' id='word_1_610' title='bbox 2329 3718 2385 3763; x_wconf 91' lang='lat' dir='ltr'><strong>et</strong></span> <span class='ocrx_word' id='word_1_611' title='bbox 2432 3707 2652 3778; x_wconf 88' lang='lat' dir='ltr'><strong>regibus</strong></span> <span class='ocrx_word' id='word_1_612' title='bbox 2680 3722 2888 3769; x_wconf 88' lang='lat' dir='ltr'><strong>earum,</strong></span> <span class='ocrx_word' id='word_1_613' title='bbox 2939 3713 2997 3759; x_wconf 90' lang='lat' dir='ltr'><strong>ut</strong></span> <span class='ocrx_word' id='word_1_614' title='bbox 3034 3704 3309 3760; x_wconf 88' lang='lat' dir='ltr'><strong>ducantur</strong></span> <span class='ocrx_word' id='word_1_615' title='bbox 3338 3703 3390 3759; x_wconf 91' lang='lat' dir='ltr'><strong>in</strong></span> <span class='ocrx_word' id='word_1_616' title='bbox 3421 3704 3651 3774; x_wconf 84' lang='lat' dir='ltr'><strong>captivi-</strong></span> 
     </span>
    </p>
   </div>
   <div class='ocr_carea' id='block_1_82' title="bbox 2041 3796 3652 3867">
    <p class='ocr_par' dir='ltr' id='par_1_82' title="bbox 2041 3796 3652 3867">
     <span class='ocr_line' id='line_1_82' title="bbox 2041 3796 3652 3867; baseline -0.002 -11"><span class='ocrx_word' id='word_1_617' title='bbox 2041 3810 2239 3867; x_wconf 90' lang='lat' dir='ltr'><strong>tatem;</strong></span> <span class='ocrx_word' id='word_1_618' title='bbox 2274 3801 2368 3856; x_wconf 88' lang='lat' dir='ltr'><strong>sed</strong></span> <span class='ocrx_word' id='word_1_619' title='bbox 2393 3801 2557 3856; x_wconf 91' lang='lat' dir='ltr'><strong>etiam</strong></span> <span class='ocrx_word' id='word_1_620' title='bbox 2581 3800 2747 3855; x_wconf 89' lang='lat' dir='ltr'><strong>Judas</strong></span> <span class='ocrx_word' id='word_1_621' title='bbox 2770 3842 2783 3866; x_wconf 95' lang='lat'><strong>,</strong></span> <span class='ocrx_word' id='word_1_622' title='bbox 2816 3799 2867 3853; x_wconf 89' lang='lat' dir='ltr'><strong>id</strong></span> <span class='ocrx_word' id='word_1_623' title='bbox 2893 3807 3007 3863; x_wconf 91' lang='lat' dir='ltr'><strong>est,</strong></span> <span class='ocrx_word' id='word_1_624' title='bbox 3038 3797 3159 3853; x_wconf 72' lang='lat' dir='ltr'><strong>dua:</strong></span> <span class='ocrx_word' id='word_1_625' title='bbox 3194 3796 3371 3852; x_wconf 91' lang='lat' dir='ltr'><strong>tribus</strong></span> <span class='ocrx_word' id='word_1_626' title='bbox 3402 3811 3525 3867; x_wconf 72' lang='lat' dir='ltr'><strong>qua:</strong></span> <span class='ocrx_word' id='word_1_627' title='bbox 3563 3812 3652 3853; x_wconf 85' lang='lat' dir='ltr'><strong>re-</strong></span> 
     </span>
    </p>
   </div>
   <div class='ocr_carea' id='block_1_83' title="bbox 2039 3888 3643 3965">
    <p class='ocr_par' dir='ltr' id='par_1_83' title="bbox 2039 3888 3643 3965">
     <span class='ocr_line' id='line_1_83' title="bbox 2039 3888 3643 3965; baseline -0.004 -17"><span class='ocrx_word' id='word_1_628' title='bbox 2039 3894 2277 3965; x_wconf 86' lang='lat' dir='ltr'><strong>gnabant</strong></span> <span class='ocrx_word' id='word_1_629' title='bbox 2300 3895 2351 3948; x_wconf 92' lang='lat' dir='ltr'><strong>in</strong></span> <span class='ocrx_word' id='word_1_630' title='bbox 2368 3893 2696 3962; x_wconf 85' lang='lat' dir='ltr'><strong>Jerusalem,</strong></span> <span class='ocrx_word' id='word_1_631' title='bbox 2719 3899 3020 3961; x_wconf 88' lang='lat' dir='ltr'><strong>sequentur</strong></span> <span class='ocrx_word' id='word_1_632' title='bbox 3040 3888 3267 3960; x_wconf 85' lang='lat' dir='ltr'><strong>vestigia</strong></span> <span class='ocrx_word' id='word_1_633' title='bbox 3284 3888 3643 3960; x_wconf 86' lang='lat' dir='ltr'><strong>captivorum,</strong></span> 
     </span>
    </p>
   </div>
   <div class='ocr_carea' id='block_1_84' title="bbox 2038 3983 3647 4058">
    <p class='ocr_par' dir='ltr' id='par_1_84' title="bbox 2038 3983 3647 4058">
     <span class='ocr_line' id='line_1_84' title="bbox 2038 3983 3647 4058; baseline -0.004 -15"><span class='ocrx_word' id='word_1_634' title='bbox 2038 3998 2099 4043; x_wconf 91' lang='lat' dir='ltr'><strong>ut</strong></span> <span class='ocrx_word' id='word_1_635' title='bbox 2129 4003 2358 4058; x_wconf 88' lang='lat' dir='ltr'><strong>quorum</strong></span> <span class='ocrx_word' id='word_1_636' title='bbox 2398 3988 2685 4042; x_wconf 87' lang='lat' dir='ltr'><strong>imitantur</strong></span> <span class='ocrx_word' id='word_1_637' title='bbox 2734 3986 2967 4050; x_wconf 72' lang='lat' dir='ltr'><strong>scelera,</strong></span> <span class='ocrx_word' id='word_1_638' title='bbox 3015 3983 3298 4039; x_wconf 89' lang='lat' dir='ltr'><strong>imitentur</strong></span> <span class='ocrx_word' id='word_1_639' title='bbox 3324 3992 3379 4040; x_wconf 87' lang='lat' dir='ltr'><strong>et</strong></span> <span class='ocrx_word' id='word_1_640' title='bbox 3408 3998 3647 4053; x_wconf 67' lang='lat' dir='ltr'><strong>poenam.</strong></span> 
     </span>
    </p>
   </div>
   <div class='ocr_carea' id='block_1_85' title="bbox 2042 4078 3645 4150">
    <p class='ocr_par' dir='ltr' id='par_1_85' title="bbox 2042 4078 3645 4150">
     <span class='ocr_line' id='line_1_85' title="bbox 2042 4078 3645 4150; baseline -0.006 -12"><span class='ocrx_word' id='word_1_641' title='bbox 2042 4083 2291 4138; x_wconf 64' lang='lat' dir='ltr'><strong>Ilasretiei</strong></span> <span class='ocrx_word' id='word_1_642' title='bbox 2320 4091 2547 4137; x_wconf 89' lang='lat' dir='ltr'><strong>matrem</strong></span> <span class='ocrx_word' id='word_1_643' title='bbox 2600 4080 2800 4136; x_wconf 90' lang='lat' dir='ltr'><strong>habent</strong></span> <span class='ocrx_word' id='word_1_644' title='bbox 2829 4078 3133 4150; x_wconf 87' lang='lat' dir='ltr'><strong>iniquitatis</strong></span> <span class='ocrx_word' id='word_1_645' title='bbox 3164 4093 3277 4133; x_wconf 72' lang='lat' dir='ltr'><strong>sum</strong></span> <span class='ocrx_word' id='word_1_646' title='bbox 3308 4078 3645 4149; x_wconf 89' lang='lat' dir='ltr'><strong>superbiam,</strong></span> 
     </span>
    </p>
   </div>
   <div class='ocr_carea' id='block_1_86' title="bbox 2040 4171 3640 4248">
    <p class='ocr_par' dir='ltr' id='par_1_86' title="bbox 2040 4171 3640 4248">
     <span class='ocr_line' id='line_1_86' title="bbox 2040 4171 3640 4248; baseline -0.006 -15"><span class='ocrx_word' id='word_1_647' title='bbox 2040 4178 2166 4233; x_wconf 89' lang='lat' dir='ltr'><strong>dum</strong></span> <span class='ocrx_word' id='word_1_648' title='bbox 2194 4192 2411 4248; x_wconf 90' lang='lat' dir='ltr'><strong>semper</strong></span> <span class='ocrx_word' id='word_1_649' title='bbox 2448 4176 2641 4231; x_wconf 86' lang='lat' dir='ltr'><strong>altiora</strong></span> <span class='ocrx_word' id='word_1_650' title='bbox 2665 4176 2810 4230; x_wconf 87' lang='lat' dir='ltr'><strong>seire</strong></span> <span class='ocrx_word' id='word_1_651' title='bbox 2859 4189 2919 4227; x_wconf 93' lang='lat' dir='ltr'><strong>se</strong></span> <span class='ocrx_word' id='word_1_652' title='bbox 2961 4173 3232 4243; x_wconf 89' lang='lat' dir='ltr'><strong>jactitaut,</strong></span> <span class='ocrx_word' id='word_1_653' title='bbox 3275 4180 3330 4227; x_wconf 87' lang='lat' dir='ltr'><strong>et</strong></span> <span class='ocrx_word' id='word_1_654' title='bbox 3365 4172 3418 4226; x_wconf 89' lang='lat' dir='ltr'><strong>in</strong></span> <span class='ocrx_word' id='word_1_655' title='bbox 3447 4171 3640 4227; x_wconf 87' lang='lat' dir='ltr'><strong>Eccle-</strong></span> 
     </span>
    </p>
   </div>
   <div class='ocr_carea' id='block_1_87' title="bbox 2040 4263 3649 4325">
    <p class='ocr_par' dir='ltr' id='par_1_87' title="bbox 2040 4263 3649 4325">
     <span class='ocr_line' id='line_1_87' title="bbox 2040 4263 3649 4325; baseline -0.004 0"><span class='ocrx_word' id='word_1_656' title='bbox 2040 4271 2134 4325; x_wconf 77' lang='lat' dir='ltr'><strong>sia:</strong></span> <span class='ocrx_word' id='word_1_657' title='bbox 2191 4268 2577 4324; x_wconf 87' lang='lat' dir='ltr'><strong>contumeliam</strong></span> <span class='ocrx_word' id='word_1_658' title='bbox 2636 4265 3061 4322; x_wconf 88' lang='lat' dir='ltr'><strong>debacchantur.</strong></span> <span class='ocrx_word' id='word_1_659' title='bbox 3116 4263 3225 4320; x_wconf 91' lang='lat' dir='ltr'><strong>Sed</strong></span> <span class='ocrx_word' id='word_1_660' title='bbox 3272 4264 3649 4319; x_wconf 82' lang='lat' dir='ltr'><strong>inﬁrmab&#39;ttur</strong></span> 
     </span>
    </p>
   </div>
   <div class='ocr_carea' id='block_1_88' title="bbox 2039 4358 3651 4435">
    <p class='ocr_par' dir='ltr' id='par_1_88' title="bbox 2039 4358 3651 4435">
     <span class='ocr_line' id='line_1_88' title="bbox 2039 4358 3651 4435; baseline -0.002 -16"><span class='ocrx_word' id='word_1_661' title='bbox 2039 4364 2352 4435; x_wconf 79' lang='lat' dir='ltr'><strong>arrogantia</strong></span> <span class='ocrx_word' id='word_1_662' title='bbox 2386 4379 2574 4419; x_wconf 91' lang='lat' dir='ltr'><strong>eorum</strong></span> <span class='ocrx_word' id='word_1_663' title='bbox 2617 4371 2672 4417; x_wconf 91' lang='lat' dir='ltr'><strong>et</strong></span> <span class='ocrx_word' id='word_1_664' title='bbox 2716 4361 2951 4431; x_wconf 88' lang='lat' dir='ltr'><strong>populus</strong></span> <span class='ocrx_word' id='word_1_665' title='bbox 3012 4372 3077 4414; x_wconf 85' lang='lat' dir='ltr'><strong>ac</strong></span> <span class='ocrx_word' id='word_1_666' title='bbox 3132 4358 3378 4429; x_wconf 86' lang='lat' dir='ltr'><strong>magistri</strong></span> <span class='ocrx_word' id='word_1_667' title='bbox 3439 4360 3651 4429; x_wconf 89' lang='lat' dir='ltr'><strong>pariter</strong></span> 
     </span>
    </p>
   </div>
   <div class='ocr_carea' id='block_1_89' title="bbox 2039 4448 3649 4525">
    <p class='ocr_par' dir='ltr' id='par_1_89' title="bbox 2039 4448 3649 4525">
     <span class='ocr_line' id='line_1_89' title="bbox 2039 4448 3649 4525; baseline -0.004 -14"><span class='ocrx_word' id='word_1_668' title='bbox 2039 4465 2327 4512; x_wconf 89' lang='lat' dir='ltr'><strong>corruent:</strong></span> <span class='ocrx_word' id='word_1_669' title='bbox 2370 4455 2540 4510; x_wconf 89' lang='lat' dir='ltr'><strong>Judas</strong></span> <span class='ocrx_word' id='word_1_670' title='bbox 2593 4468 2806 4525; x_wconf 87' lang='lat' dir='ltr'><strong>quoque</strong></span> <span class='ocrx_word' id='word_1_671' title='bbox 2845 4452 2934 4520; x_wconf 91' lang='lat' dir='ltr'><strong>qui</strong></span> <span class='ocrx_word' id='word_1_672' title='bbox 3000 4450 3218 4505; x_wconf 86' lang='lat' dir='ltr'><strong>videtur</strong></span> <span class='ocrx_word' id='word_1_673' title='bbox 3243 4462 3368 4504; x_wconf 88' lang='lat' dir='ltr'><strong>esse</strong></span> <span class='ocrx_word' id='word_1_674' title='bbox 3399 4448 3453 4503; x_wconf 90' lang='lat' dir='ltr'><strong>in</strong></span> <span class='ocrx_word' id='word_1_675' title='bbox 3481 4450 3649 4504; x_wconf 92' lang='lat' dir='ltr'><strong>domo</strong></span> 
     </span>
    </p>
   </div>
   <div class='ocr_carea' id='block_1_90' title="bbox 2044 4541 3651 4615">
    <p class='ocr_par' dir='ltr' id='par_1_90' title="bbox 2044 4541 3651 4615">
     <span class='ocr_line' id='line_1_90' title="bbox 2044 4541 3651 4615; baseline -0.002 -11"><span class='ocrx_word' id='word_1_676' title='bbox 2044 4550 2164 4615; x_wconf 90' lang='lat' dir='ltr'><strong>Dei,</strong></span> <span class='ocrx_word' id='word_1_677' title='bbox 2211 4558 2267 4604; x_wconf 89' lang='lat' dir='ltr'><strong>et</strong></span> <span class='ocrx_word' id='word_1_678' title='bbox 2324 4549 2375 4603; x_wconf 92' lang='lat' dir='ltr'><strong>in</strong></span> <span class='ocrx_word' id='word_1_679' title='bbox 2432 4546 2699 4611; x_wconf 81' lang='lat' dir='ltr'><strong>Ecclesia,</strong></span> <span class='ocrx_word' id='word_1_680' title='bbox 2751 4559 2859 4599; x_wconf 92' lang='lat' dir='ltr'><strong>non</strong></span> <span class='ocrx_word' id='word_1_681' title='bbox 2907 4552 3087 4598; x_wconf 90' lang='lat' dir='ltr'><strong>mente</strong></span> <span class='ocrx_word' id='word_1_682' title='bbox 3137 4542 3245 4614; x_wconf 85' lang='lat'><strong>50</strong></span> <span class='ocrx_word' id='word_1_683' title='bbox 3288 4541 3388 4598; x_wconf 89' lang='lat' dir='ltr'><strong>sed</strong></span> <span class='ocrx_word' id='word_1_684' title='bbox 3414 4557 3651 4614; x_wconf 90' lang='lat' dir='ltr'><strong>corpore</strong></span> 
     </span>
    </p>
   </div>
   <div class='ocr_carea' id='block_1_91' title="bbox 332 4630 3650 4715">
    <p class='ocr_par' dir='ltr' id='par_1_91' title="bbox 332 4630 3650 4715">
     <span class='ocr_line' id='line_1_91' title="bbox 332 4630 3650 4715; baseline -0.001 -18"><span class='ocrx_word' id='word_1_685' title='bbox 332 4644 559 4715; x_wconf 74' lang='lat' dir='ltr'><strong>spiritus</strong></span> <span class='ocrx_word' id='word_1_686' title='bbox 580 4645 937 4715; x_wconf 80' lang='lat' dir='ltr'><strong>fornicationis</strong></span> <span class='ocrx_word' id='word_1_687' title='bbox 968 4654 1042 4699; x_wconf 82' lang='lat' dir='ltr'><strong>est</strong></span> <span class='ocrx_word' id='word_1_688' title='bbox 1091 4646 1143 4698; x_wconf 91' lang='lat' dir='ltr'><strong>in</strong></span> <span class='ocrx_word' id='word_1_689' title='bbox 1176 4646 1247 4699; x_wconf 89' lang='lat' dir='ltr'><strong>eis</strong></span> <span class='ocrx_word' id='word_1_690' title='bbox 1281 4645 1604 4700; x_wconf 84' lang='lat' dir='ltr'><strong>:Dontinum</strong></span> <span class='ocrx_word' id='word_1_691' title='bbox 1629 4658 1799 4701; x_wconf 86' lang='lat' dir='ltr'><strong>autem</strong></span> <span class='ocrx_word' id='word_1_692' title='bbox 1830 4666 1930 4702; x_wconf 86' lang='lat' dir='ltr'><strong>non</strong></span> <span class='ocrx_word' id='word_1_693' title='bbox 1961 4630 2015 4691; x_wconf 83' lang='lat' dir='ltr'><strong>D</strong></span> <span class='ocrx_word' id='word_1_694' title='bbox 2040 4651 2407 4696; x_wconf 89' lang='lat' dir='ltr'><strong>commoratur</strong></span> <span class='ocrx_word' id='word_1_695' title='bbox 2443 4659 2456 4694; x_wconf 91' lang='lat'><strong>:</strong></span> <span class='ocrx_word' id='word_1_696' title='bbox 2507 4648 2563 4694; x_wconf 90' lang='lat' dir='ltr'><strong>et</strong></span> <span class='ocrx_word' id='word_1_697' title='bbox 2615 4637 2862 4693; x_wconf 88' lang='lat' dir='ltr'><strong>eamdem</strong></span> <span class='ocrx_word' id='word_1_698' title='bbox 2913 4636 3075 4691; x_wconf 89' lang='lat' dir='ltr'><strong>habet</strong></span> <span class='ocrx_word' id='word_1_699' title='bbox 3118 4649 3241 4691; x_wconf 91' lang='lat' dir='ltr'><strong>cum</strong></span> <span class='ocrx_word' id='word_1_700' title='bbox 3290 4637 3563 4693; x_wconf 67' lang='lat' dir='ltr'><strong>hmreticis</strong></span> <span class='ocrx_word' id='word_1_701' title='bbox 3595 4639 3650 4694; x_wconf 91' lang='lat' dir='ltr'><strong>in</strong></span> 
     </span>
    </p>
   </div>
   <div class='ocr_carea' id='block_1_92' title="bbox 326 4737 1941 4810">
    <p class='ocr_par' dir='ltr' id='par_1_92' title="bbox 326 4737 1941 4810">
     <span class='ocr_line' id='line_1_92' title="bbox 326 4737 1941 4810; baseline 0.002 -20"><span class='ocrx_word' id='word_1_702' title='bbox 326 4748 701 4805; x_wconf 82' lang='lat' dir='ltr'><strong>cegnorerunt.</strong></span> <span class='ocrx_word' id='word_1_703' title='bbox 730 4737 774 4794; x_wconf 93' lang='grc' dir='ltr'><strong>Ο</strong></span> <span class='ocrx_word' id='word_1_704' title='bbox 805 4738 1123 4794; x_wconf 87' lang='lat' dir='ltr'><strong>sacerdotes</strong></span> <span class='ocrx_word' id='word_1_705' title='bbox 1148 4746 1203 4791; x_wconf 87' lang='lat' dir='ltr'><strong>et</strong></span> <span class='ocrx_word' id='word_1_706' title='bbox 1229 4754 1405 4807; x_wconf 85' lang='lat' dir='ltr'><strong>reges,</strong></span> <span class='ocrx_word' id='word_1_707' title='bbox 1436 4739 1528 4808; x_wconf 91' lang='lat' dir='ltr'><strong>qui</strong></span> <span class='ocrx_word' id='word_1_708' title='bbox 1563 4755 1738 4793; x_wconf 89' lang='lat' dir='ltr'><strong>meum</strong></span> <span class='ocrx_word' id='word_1_709' title='bbox 1770 4756 1941 4810; x_wconf 85' lang='lat' dir='ltr'><strong>popu-</strong></span> 
     </span>
    </p>
   </div>
   <div class='ocr_carea' id='block_1_93' title="bbox 326 4831 1934 4904">
    <p class='ocr_par' dir='ltr' id='par_1_93' title="bbox 326 4831 1934 4904">
     <span class='ocr_line' id='line_1_93' title="bbox 326 4831 1934 4904; baseline 0.002 -15"><span class='ocrx_word' id='word_1_710' title='bbox 326 4833 449 4889; x_wconf 85' lang='lat' dir='ltr'><strong>Iuni</strong></span> <span class='ocrx_word' id='word_1_711' title='bbox 480 4831 810 4903; x_wconf 87' lang='lat' dir='ltr'><strong>decepistis;</strong></span> <span class='ocrx_word' id='word_1_712' title='bbox 842 4842 897 4889; x_wconf 91' lang='lat' dir='ltr'><strong>et</strong></span> <span class='ocrx_word' id='word_1_713' title='bbox 938 4843 1017 4903; x_wconf 89' lang='lat' dir='ltr'><strong>tu,</strong></span> <span class='ocrx_word' id='word_1_714' title='bbox 1044 4833 1264 4903; x_wconf 88' lang='lat' dir='ltr'><strong>popule.</strong></span> <span class='ocrx_word' id='word_1_715' title='bbox 1296 4835 1389 4903; x_wconf 88' lang='lat' dir='ltr'><strong>qui</strong></span> <span class='ocrx_word' id='word_1_716' title='bbox 1419 4833 1681 4904; x_wconf 89' lang='lat' dir='ltr'><strong>deceptus</strong></span> <span class='ocrx_word' id='word_1_717' title='bbox 1711 4851 1793 4901; x_wconf 90' lang='lat' dir='ltr'><strong>es,</strong></span> <span class='ocrx_word' id='word_1_718' title='bbox 1827 4844 1934 4892; x_wconf 86' lang='lat' dir='ltr'><strong>tam</strong></span> 
     </span>
    </p>
   </div>
   <div class='ocr_carea' id='block_1_94' title="bbox 326 4925 1940 4997">
    <p class='ocr_par' dir='ltr' id='par_1_94' title="bbox 326 4925 1940 4997">
     <span class='ocr_line' id='line_1_94' title="bbox 326 4925 1940 4997; baseline 0.003 -19"><span class='ocrx_word' id='word_1_719' title='bbox 326 4925 576 4997; x_wconf 78' lang='lat' dir='ltr'><strong>graviter</strong></span> <span class='ocrx_word' id='word_1_720' title='bbox 601 4925 935 4997; x_wconf 86' lang='lat' dir='ltr'><strong>deliquistis,</strong></span> <span class='ocrx_word' id='word_1_721' title='bbox 970 4934 1028 4980; x_wconf 91' lang='lat' dir='ltr'><strong>ut</strong></span> <span class='ocrx_word' id='word_1_722' title='bbox 1069 4940 1174 4980; x_wconf 91' lang='lat' dir='ltr'><strong>non</strong></span> <span class='ocrx_word' id='word_1_723' title='bbox 1226 4926 1403 4980; x_wconf 91' lang='lat' dir='ltr'><strong>solum</strong></span> <span class='ocrx_word' id='word_1_724' title='bbox 1450 4926 1766 4983; x_wconf 88' lang='lat' dir='ltr'><strong>occideritis</strong></span> <span class='ocrx_word' id='word_1_725' title='bbox 1788 4928 1940 4983; x_wconf 81' lang='lat' dir='ltr'><strong>victi-</strong></span> 
     </span>
    </p>
   </div>
   <div class='ocr_carea' id='block_1_95' title="bbox 328 5018 1937 5089">
    <p class='ocr_par' dir='ltr' id='par_1_95' title="bbox 328 5018 1937 5089">
     <span class='ocr_line' id='line_1_95' title="bbox 328 5018 1937 5089; baseline 0.002 -15"><span class='ocrx_word' id='word_1_726' title='bbox 328 5033 483 5081; x_wconf 88' lang='lat' dir='ltr'><strong>mas,</strong></span> <span class='ocrx_word' id='word_1_727' title='bbox 514 5018 607 5075; x_wconf 87' lang='lat' dir='ltr'><strong>sed</strong></span> <span class='ocrx_word' id='word_1_728' title='bbox 639 5027 693 5074; x_wconf 91' lang='lat' dir='ltr'><strong>et</strong></span> <span class='ocrx_word' id='word_1_729' title='bbox 721 5019 774 5074; x_wconf 92' lang='lat' dir='ltr'><strong>in</strong></span> <span class='ocrx_word' id='word_1_730' title='bbox 805 5018 1131 5089; x_wconf 76' lang='lat' dir='ltr'><strong>profundum</strong></span> <span class='ocrx_word' id='word_1_731' title='bbox 1151 5032 1243 5073; x_wconf 92' lang='lat' dir='ltr'><strong>eas</strong></span> <span class='ocrx_word' id='word_1_732' title='bbox 1273 5019 1533 5075; x_wconf 88' lang='lat' dir='ltr'><strong>miseritis</strong></span> <span class='ocrx_word' id='word_1_733' title='bbox 1564 5019 1763 5078; x_wconf 78' lang='lat' dir='ltr'><strong>inferni</strong></span> <span class='ocrx_word' id='word_1_734' title='bbox 1794 5041 1806 5078; x_wconf 91' lang='lat'>:</span> <span class='ocrx_word' id='word_1_735' title='bbox 1842 5038 1937 5078; x_wconf 83' lang='lat' dir='ltr'><strong>no-</strong></span> 
     </span>
    </p>
   </div>
   <div class='ocr_carea' id='block_1_96' title="bbox 330 5112 1938 5187">
    <p class='ocr_par' dir='ltr' id='par_1_96' title="bbox 330 5112 1938 5187">
     <span class='ocr_line' id='line_1_96' title="bbox 330 5112 1938 5187; baseline 0.002 -20"><span class='ocrx_word' id='word_1_736' title='bbox 330 5113 436 5167; x_wconf 89' lang='lat' dir='ltr'><strong>lite</strong></span> <span class='ocrx_word' id='word_1_737' title='bbox 467 5112 720 5168; x_wconf 89' lang='lat' dir='ltr'><strong>arbitrari</strong></span> <span class='ocrx_word' id='word_1_738' title='bbox 758 5112 1135 5184; x_wconf 91' lang='lat' dir='ltr'><strong>magnitudine</strong></span> <span class='ocrx_word' id='word_1_739' title='bbox 1165 5112 1388 5169; x_wconf 89' lang='lat' dir='ltr'><strong>sceleris</strong></span> <span class='ocrx_word' id='word_1_740' title='bbox 1419 5129 1519 5169; x_wconf 91' lang='lat' dir='ltr'><strong>vos</strong></span> <span class='ocrx_word' id='word_1_741' title='bbox 1546 5130 1576 5169; x_wconf 93' lang='lat' dir='ltr'><strong>a</strong></span> <span class='ocrx_word' id='word_1_742' title='bbox 1604 5131 1692 5172; x_wconf 93' lang='lat' dir='ltr'><strong>me</strong></span> <span class='ocrx_word' id='word_1_743' title='bbox 1721 5117 1938 5187; x_wconf 90' lang='lat' dir='ltr'><strong>penitus</strong></span> 
     </span>
    </p>
   </div>
   <div class='ocr_carea' id='block_1_97' title="bbox 326 5208 1941 5280">
    <p class='ocr_par' dir='ltr' id='par_1_97' title="bbox 326 5208 1941 5280">
     <span class='ocr_line' id='line_1_97' title="bbox 326 5208 1941 5280; baseline 0.002 -16"><span class='ocrx_word' id='word_1_744' title='bbox 326 5208 661 5264; x_wconf 79' lang='lat' dir='ltr'><strong>recessisse.</strong></span> <span class='ocrx_word' id='word_1_745' title='bbox 713 5208 824 5280; x_wconf 88' lang='lat' dir='ltr'><strong>Ego</strong></span> <span class='ocrx_word' id='word_1_746' title='bbox 865 5222 984 5263; x_wconf 90' lang='lat' dir='ltr'><strong>sum</strong></span> <span class='ocrx_word' id='word_1_747' title='bbox 1028 5208 1289 5279; x_wconf 84' lang='lat' dir='ltr'><strong>magister</strong></span> <span class='ocrx_word' id='word_1_748' title='bbox 1315 5218 1515 5279; x_wconf 88' lang='lat' dir='ltr'><strong>vester,</strong></span> <span class='ocrx_word' id='word_1_749' title='bbox 1559 5210 1729 5268; x_wconf 92' lang='lat' dir='ltr'><strong>immo</strong></span> <span class='ocrx_word' id='word_1_750' title='bbox 1757 5213 1941 5269; x_wconf 87' lang='lat' dir='ltr'><strong>erudi-</strong></span> 
     </span>
    </p>
   </div>
   <div class='ocr_carea' id='block_1_98' title="bbox 331 5300 1938 5373">
    <p class='ocr_par' dir='ltr' id='par_1_98' title="bbox 331 5300 1938 5373">
     <span class='ocr_line' id='line_1_98' title="bbox 331 5300 1938 5373; baseline 0.004 -18"><span class='ocrx_word' id='word_1_751' title='bbox 331 5311 448 5368; x_wconf 84' lang='lat' dir='ltr'><strong>tor,</strong></span> <span class='ocrx_word' id='word_1_752' title='bbox 479 5301 568 5372; x_wconf 89' lang='lat' dir='ltr'><strong>qui</strong></span> <span class='ocrx_word' id='word_1_753' title='bbox 605 5300 905 5357; x_wconf 89' lang='lat' dir='ltr'><strong>emendare</strong></span> <span class='ocrx_word' id='word_1_754' title='bbox 951 5300 1188 5372; x_wconf 90' lang='lat' dir='ltr'><strong>cupiam,</strong></span> <span class='ocrx_word' id='word_1_755' title='bbox 1216 5316 1322 5357; x_wconf 91' lang='lat' dir='ltr'><strong>non</strong></span> <span class='ocrx_word' id='word_1_756' title='bbox 1356 5302 1590 5373; x_wconf 86' lang='lat' dir='ltr'><strong>punire;</strong></span> <span class='ocrx_word' id='word_1_757' title='bbox 1622 5313 1676 5361; x_wconf 91' lang='lat' dir='ltr'><strong>et</strong></span> <span class='ocrx_word' id='word_1_758' title='bbox 1704 5305 1938 5373; x_wconf 88' lang='lat' dir='ltr'><strong>salvare,</strong></span> 
     </span>
    </p>
   </div>
   <div class='ocr_carea' id='block_1_99' title="bbox 332 5395 1940 5469">
    <p class='ocr_par' dir='ltr' id='par_1_99' title="bbox 332 5395 1940 5469">
     <span class='ocr_line' id='line_1_99' title="bbox 332 5395 1940 5469; baseline 0.002 -16"><span class='ocrx_word' id='word_1_759' title='bbox 332 5413 451 5453; x_wconf 85' lang='lat' dir='ltr'><strong>non</strong></span> <span class='ocrx_word' id='word_1_760' title='bbox 486 5396 738 5469; x_wconf 81' lang='lat' dir='ltr'><strong>perdere.</strong></span> <span class='ocrx_word' id='word_1_761' title='bbox 771 5397 905 5468; x_wconf 86' lang='lat' dir='ltr'><strong>Ego,</strong></span> <span class='ocrx_word' id='word_1_762' title='bbox 950 5397 1143 5467; x_wconf 87' lang='lat' dir='ltr'><strong>inquit,</strong></span> <span class='ocrx_word' id='word_1_763' title='bbox 1184 5398 1296 5453; x_wconf 90' lang='lat' dir='ltr'><strong>scio</strong></span> <span class='ocrx_word' id='word_1_764' title='bbox 1322 5395 1605 5467; x_wconf 89' lang='lat' dir='ltr'><strong>Ephraim,</strong></span> <span class='ocrx_word' id='word_1_765' title='bbox 1639 5399 1690 5455; x_wconf 89' lang='lat' dir='ltr'><strong>id</strong></span> <span class='ocrx_word' id='word_1_766' title='bbox 1713 5410 1816 5467; x_wconf 89' lang='lat' dir='ltr'><strong>est,</strong></span> <span class='ocrx_word' id='word_1_767' title='bbox 1851 5402 1940 5457; x_wconf 87' lang='lat' dir='ltr'><strong>.le-</strong></span> 
     </span>
    </p>
   </div>
   <div class='ocr_carea' id='block_1_100' title="bbox 333 5489 1943 5563">
    <p class='ocr_par' dir='ltr' id='par_1_100' title="bbox 333 5489 1943 5563">
     <span class='ocr_line' id='line_1_100' title="bbox 333 5489 1943 5563; baseline 0.002 -16"><span class='ocrx_word' id='word_1_768' title='bbox 333 5493 591 5560; x_wconf 87' lang='lat' dir='ltr'><strong>roboam,</strong></span> <span class='ocrx_word' id='word_1_769' title='bbox 619 5507 647 5546; x_wconf 90' lang='lat' dir='ltr'><strong>a</strong></span> <span class='ocrx_word' id='word_1_770' title='bbox 680 5506 787 5563; x_wconf 90' lang='lat' dir='ltr'><strong>quo</strong></span> <span class='ocrx_word' id='word_1_771' title='bbox 827 5489 1086 5548; x_wconf 90' lang='lat' dir='ltr'><strong>seductus</strong></span> <span class='ocrx_word' id='word_1_772' title='bbox 1126 5501 1209 5546; x_wconf 90' lang='lat' dir='ltr'><strong>est</strong></span> <span class='ocrx_word' id='word_1_773' title='bbox 1248 5492 1506 5563; x_wconf 87' lang='lat' dir='ltr'><strong>populus,</strong></span> <span class='ocrx_word' id='word_1_774' title='bbox 1534 5501 1589 5547; x_wconf 86' lang='lat' dir='ltr'><strong>et</strong></span> <span class='ocrx_word' id='word_1_775' title='bbox 1634 5507 1825 5550; x_wconf 87' lang='lat' dir='ltr'><strong>omnes</strong></span> <span class='ocrx_word' id='word_1_776' title='bbox 1855 5510 1943 5551; x_wconf 88' lang='lat' dir='ltr'><strong>re-</strong></span> 
     </span>
    </p>
   </div>
   <div class='ocr_carea' id='block_1_101' title="bbox 331 5584 1941 5657">
    <p class='ocr_par' dir='ltr' id='par_1_101' title="bbox 331 5584 1941 5657">
     <span class='ocr_line' id='line_1_101' title="bbox 331 5584 1941 5657; baseline 0.002 -16"><span class='ocrx_word' id='word_1_777' title='bbox 331 5599 438 5657; x_wconf 76' lang='lat' dir='ltr'><strong>ges</strong></span> <span class='ocrx_word' id='word_1_778' title='bbox 482 5586 576 5657; x_wconf 92' lang='lat' dir='ltr'><strong>qui</strong></span> <span class='ocrx_word' id='word_1_779' title='bbox 606 5600 731 5642; x_wconf 92' lang='lat' dir='ltr'><strong>eum</strong></span> <span class='ocrx_word' id='word_1_780' title='bbox 764 5595 819 5642; x_wconf 89' lang='lat' dir='ltr'><strong>et</strong></span> <span class='ocrx_word' id='word_1_781' title='bbox 862 5585 1130 5655; x_wconf 82' lang='lat' dir='ltr'><strong>dignitate</strong></span> <span class='ocrx_word' id='word_1_782' title='bbox 1156 5593 1210 5642; x_wconf 91' lang='lat' dir='ltr'><strong>et</strong></span> <span class='ocrx_word' id='word_1_783' title='bbox 1235 5584 1446 5642; x_wconf 87' lang='lat' dir='ltr'><strong>scelere</strong></span> <span class='ocrx_word' id='word_1_784' title='bbox 1496 5595 1625 5642; x_wconf 94' lang='lat' dir='ltr'><strong>sunt</strong></span> <span class='ocrx_word' id='word_1_785' title='bbox 1665 5588 1859 5654; x_wconf 88' lang='lat' dir='ltr'><strong>secuti,</strong></span> <span class='ocrx_word' id='word_1_786' title='bbox 1886 5598 1941 5645; x_wconf 90' lang='lat' dir='ltr'><strong>et</strong></span> 
     </span>
    </p>
   </div>
   <div class='ocr_carea' id='block_1_102' title="bbox 332 5678 1940 5748">
    <p class='ocr_par' dir='ltr' id='par_1_102' title="bbox 332 5678 1940 5748">
     <span class='ocr_line' id='line_1_102' title="bbox 332 5678 1940 5748; baseline 0.002 -12"><span class='ocrx_word' id='word_1_787' title='bbox 332 5678 512 5737; x_wconf 82' lang='lat' dir='ltr'><strong>Israel</strong></span> <span class='ocrx_word' id='word_1_788' title='bbox 544 5693 652 5735; x_wconf 92' lang='lat' dir='ltr'><strong>non</strong></span> <span class='ocrx_word' id='word_1_789' title='bbox 674 5688 758 5735; x_wconf 88' lang='lat' dir='ltr'><strong>est</strong></span> <span class='ocrx_word' id='word_1_790' title='bbox 800 5678 1151 5737; x_wconf 89' lang='lat' dir='ltr'><strong>absconditus</strong></span> <span class='ocrx_word' id='word_1_791' title='bbox 1190 5694 1220 5734; x_wconf 92' lang='lat' dir='ltr'><strong>a</strong></span> <span class='ocrx_word' id='word_1_792' title='bbox 1250 5694 1359 5748; x_wconf 91' lang='lat' dir='ltr'><strong>me,</strong></span> <span class='ocrx_word' id='word_1_793' title='bbox 1396 5679 1447 5736; x_wconf 90' lang='lat' dir='ltr'><strong>id</strong></span> <span class='ocrx_word' id='word_1_794' title='bbox 1480 5686 1586 5748; x_wconf 88' lang='lat' dir='ltr'><strong>est,</strong></span> <span class='ocrx_word' id='word_1_795' title='bbox 1620 5680 1810 5738; x_wconf 91' lang='lat' dir='ltr'><strong>decem</strong></span> <span class='ocrx_word' id='word_1_796' title='bbox 1855 5683 1940 5740; x_wconf 89' lang='lat' dir='ltr'><strong>tri-</strong></span> 
     </span>
    </p>
   </div>
   <div class='ocr_carea' id='block_1_103' title="bbox 2040 4732 3646 4798">
    <p class='ocr_par' dir='ltr' id='par_1_103' title="bbox 2040 4732 3646 4798">
     <span class='ocr_line' id='line_1_103' title="bbox 2040 4732 3646 4798; baseline -0.002 -7"><span class='ocrx_word' id='word_1_797' title='bbox 2040 4752 2228 4792; x_wconf 90' lang='lat' dir='ltr'><strong>errore</strong></span> <span class='ocrx_word' id='word_1_798' title='bbox 2289 4736 2652 4798; x_wconf 87' lang='lat' dir='ltr'><strong>sententiam;</strong></span> <span class='ocrx_word' id='word_1_799' title='bbox 2705 4732 2908 4787; x_wconf 79' lang='lat' dir='ltr'><strong>frustra</strong></span> <span class='ocrx_word' id='word_1_800' title='bbox 2962 4745 3159 4786; x_wconf 91' lang='lat' dir='ltr'><strong>nomen</strong></span> <span class='ocrx_word' id='word_1_801' title='bbox 3212 4732 3646 4788; x_wconf 84' lang='lat' dir='ltr'><strong>ecclesiasticum</strong></span> 
     </span>
    </p>
   </div>
   <div class='ocr_carea' id='block_1_104' title="bbox 2039 4823 3646 4900">
    <p class='ocr_par' dir='ltr' id='par_1_104' title="bbox 2039 4823 3646 4900">
     <span class='ocr_line' id='line_1_104' title="bbox 2039 4823 3646 4900; baseline -0.003 -15"><span class='ocrx_word' id='word_1_802' title='bbox 2039 4828 2391 4900; x_wconf 87' lang='lat' dir='ltr'><strong>repromittit,</strong></span> <span class='ocrx_word' id='word_1_803' title='bbox 2437 4830 2559 4898; x_wconf 89' lang='lat' dir='ltr'><strong>quia</strong></span> <span class='ocrx_word' id='word_1_804' title='bbox 2588 4836 2645 4880; x_wconf 91' lang='lat' dir='ltr'><strong>et</strong></span> <span class='ocrx_word' id='word_1_805' title='bbox 2687 4826 2801 4894; x_wconf 89' lang='lat' dir='ltr'><strong>ipse</strong></span> <span class='ocrx_word' id='word_1_806' title='bbox 2843 4839 2966 4878; x_wconf 87' lang='lat' dir='ltr'><strong>eum</strong></span> <span class='ocrx_word' id='word_1_807' title='bbox 3016 4823 3287 4879; x_wconf 64' lang='lat' dir='ltr'><strong>haereticis</strong></span> <span class='ocrx_word' id='word_1_808' title='bbox 3339 4824 3646 4895; x_wconf 86' lang='lat' dir='ltr'><strong>puniendus</strong></span> 
     </span>
    </p>
   </div>
   <div class='ocr_carea' id='block_1_105' title="bbox 2039 4916 3645 4985">
    <p class='ocr_par' dir='ltr' id='par_1_105' title="bbox 2039 4916 3645 4985">
     <span class='ocr_line' id='line_1_105' title="bbox 2039 4916 3645 4985; baseline -0.003 -7"><span class='ocrx_word' id='word_1_809' title='bbox 2039 4933 2146 4979; x_wconf 87' lang='lat' dir='ltr'><strong>est.</strong></span> <span class='ocrx_word' id='word_1_810' title='bbox 2201 4920 2486 4977; x_wconf 83' lang='lat' dir='ltr'><strong>Manifesta</strong></span> <span class='ocrx_word' id='word_1_811' title='bbox 2541 4917 2988 4985; x_wconf 88' lang='lat' dir='ltr'><strong>transcurrimus,</strong></span> <span class='ocrx_word' id='word_1_812' title='bbox 3044 4924 3106 4971; x_wconf 89' lang='lat' dir='ltr'><strong>ut</strong></span> <span class='ocrx_word' id='word_1_813' title='bbox 3154 4916 3207 4972; x_wconf 93' lang='lat' dir='ltr'><strong>in</strong></span> <span class='ocrx_word' id='word_1_814' title='bbox 3236 4916 3645 4973; x_wconf 89' lang='lat' dir='ltr'><strong>obscurioribus</strong></span> 
     </span>
    </p>
   </div>
   <div class='ocr_carea' id='block_1_106' title="bbox 2040 5022 2412 5077">
    <p class='ocr_par' dir='ltr' id='par_1_106' title="bbox 2040 5022 2412 5077">
     <span class='ocr_line' id='line_1_106' title="bbox 2040 5022 2412 5077; baseline -0.011 0"><span class='ocrx_word' id='word_1_815' title='bbox 2040 5022 2412 5077; x_wconf 90' lang='lat' dir='ltr'><strong>immoremur.</strong></span> 
     </span>
    </p>
   </div>
   <div class='ocr_carea' id='block_1_107' title="bbox 2116 5108 3647 5187">
    <p class='ocr_par' dir='ltr' id='par_1_107' title="bbox 2116 5108 3647 5187">
     <span class='ocr_line' id='line_1_107' title="bbox 2116 5108 3647 5187; baseline -0.005 -17"><span class='ocrx_word' id='word_1_816' title='bbox 2116 5114 2299 5187; x_wconf 83' lang='lat' dir='ltr'><strong>(Vcrs.</strong></span> <span class='ocrx_word' id='word_1_817' title='bbox 2330 5114 2383 5184; x_wconf 88' lang='lat'><strong>6,</strong></span> <span class='ocrx_word' id='word_1_818' title='bbox 2411 5112 2491 5185; x_wconf 84' lang='lat'><strong>7.)</strong></span> <span class='ocrx_word' id='word_1_819' title='bbox 2538 5111 2605 5167; x_wconf 91' lang='lat' dir='ltr'><strong>In</strong></span> <span class='ocrx_word' id='word_1_820' title='bbox 2634 5112 2879 5185; x_wconf 88' lang='lat' dir='ltr'><strong>gregibus</strong></span> <span class='ocrx_word' id='word_1_821' title='bbox 2934 5112 3043 5167; x_wconf 88' lang='lat' dir='ltr'><strong>suis</strong></span> <span class='ocrx_word' id='word_1_822' title='bbox 3072 5120 3119 5167; x_wconf 89' lang='lat' dir='ltr'><strong>et</strong></span> <span class='ocrx_word' id='word_1_823' title='bbox 3162 5112 3215 5166; x_wconf 89' lang='lat' dir='ltr'><strong>in</strong></span> <span class='ocrx_word' id='word_1_824' title='bbox 3264 5110 3511 5166; x_wconf 82' lang='lat' dir='ltr'><strong>armentis</strong></span> <span class='ocrx_word' id='word_1_825' title='bbox 3538 5108 3647 5163; x_wconf 86' lang='lat' dir='ltr'><strong>suis</strong></span> 
     </span>
    </p>
   </div>
   <div class='ocr_carea' id='block_1_108' title="bbox 2038 5203 3647 5280">
    <p class='ocr_par' dir='ltr' id='par_1_108' title="bbox 2038 5203 3647 5280">
     <span class='ocr_line' id='line_1_108' title="bbox 2038 5203 3647 5280; baseline -0.007 -15"><span class='ocrx_word' id='word_1_826' title='bbox 2038 5209 2225 5265; x_wconf 87' lang='lat' dir='ltr'><strong>vadent</strong></span> <span class='ocrx_word' id='word_1_827' title='bbox 2266 5209 2334 5262; x_wconf 87' lang='lat' dir='ltr'><strong>ad</strong></span> <span class='ocrx_word' id='word_1_828' title='bbox 2383 5207 2717 5280; x_wconf 74' lang='lat' dir='ltr'><strong>qurerendum</strong></span> <span class='ocrx_word' id='word_1_829' title='bbox 2771 5204 3091 5274; x_wconf 89' lang='lat' dir='ltr'><strong>Dominum,</strong></span> <span class='ocrx_word' id='word_1_830' title='bbox 3142 5214 3190 5259; x_wconf 91' lang='lat' dir='ltr'><strong>et</strong></span> <span class='ocrx_word' id='word_1_831' title='bbox 3222 5220 3326 5258; x_wconf 90' lang='lat' dir='ltr'><strong>non</strong></span> <span class='ocrx_word' id='word_1_832' title='bbox 3354 5203 3647 5257; x_wconf 85' lang='lat' dir='ltr'><strong>invenient:</strong></span> 
     </span>
    </p>
   </div>
   <div class='ocr_carea' id='block_1_109' title="bbox 2043 5294 3649 5371">
    <p class='ocr_par' dir='ltr' id='par_1_109' title="bbox 2043 5294 3649 5371">
     <span class='ocr_line' id='line_1_109' title="bbox 2043 5294 3649 5371; baseline -0.006 -13"><span class='ocrx_word' id='word_1_833' title='bbox 2043 5305 2245 5359; x_wconf 88' lang='lat' dir='ltr'><strong>ablatus</strong></span> <span class='ocrx_word' id='word_1_834' title='bbox 2282 5314 2355 5358; x_wconf 90' lang='lat' dir='ltr'><strong>est</strong></span> <span class='ocrx_word' id='word_1_835' title='bbox 2381 5302 2443 5357; x_wconf 93' lang='lat' dir='ltr'><strong>ab</strong></span> <span class='ocrx_word' id='word_1_836' title='bbox 2474 5304 2587 5357; x_wconf 83' lang='lat' dir='ltr'><strong>eis:</strong></span> <span class='ocrx_word' id='word_1_837' title='bbox 2615 5303 2668 5357; x_wconf 85' lang='lat' dir='ltr'><strong>in</strong></span> <span class='ocrx_word' id='word_1_838' title='bbox 2712 5300 2937 5355; x_wconf 86' lang='lat' dir='ltr'><strong>Domino</strong></span> <span class='ocrx_word' id='word_1_839' title='bbox 2969 5298 3153 5371; x_wconf 80' lang='lat' dir='ltr'><strong>[Vulg.</strong></span> <span class='ocrx_word' id='word_1_840' title='bbox 3176 5294 3482 5367; x_wconf 80' lang='lat' dir='ltr'><strong>Dominum]</strong></span> <span class='ocrx_word' id='word_1_841' title='bbox 3512 5310 3649 5367; x_wconf 80' lang='lat' dir='ltr'><strong>prte-</strong></span> 
     </span>
    </p>
   </div>
   <div class='ocr_carea' id='block_1_110' title="bbox 2045 5391 3647 5469">
    <p class='ocr_par' dir='ltr' id='par_1_110' title="bbox 2045 5391 3647 5469">
     <span class='ocr_line' id='line_1_110' title="bbox 2045 5391 3647 5469; baseline -0.006 -15"><span class='ocrx_word' id='word_1_842' title='bbox 2045 5400 2259 5454; x_wconf 79' lang='lat' dir='ltr'><strong>varirati</strong></span> <span class='ocrx_word' id='word_1_843' title='bbox 2288 5408 2428 5469; x_wconf 89' lang='lat' dir='ltr'><strong>sunt,</strong></span> <span class='ocrx_word' id='word_1_844' title='bbox 2463 5400 2583 5469; x_wconf 90' lang='lat' dir='ltr'><strong>quia</strong></span> <span class='ocrx_word' id='word_1_845' title='bbox 2609 5398 2749 5468; x_wconf 82' lang='lat' dir='ltr'><strong>ﬁlios</strong></span> <span class='ocrx_word' id='word_1_846' title='bbox 2772 5396 2968 5451; x_wconf 86' lang='lat' dir='ltr'><strong>alienos</strong></span> <span class='ocrx_word' id='word_1_847' title='bbox 2995 5399 3304 5466; x_wconf 87' lang='lat' dir='ltr'><strong>genuerunt,</strong></span> <span class='ocrx_word' id='word_1_848' title='bbox 3329 5406 3466 5445; x_wconf 88' lang='lat' dir='ltr'><strong>nunc</strong></span> <span class='ocrx_word' id='word_1_849' title='bbox 3493 5391 3647 5445; x_wconf 76' lang='lat' dir='ltr'><strong>det-o-</strong></span> 
     </span>
    </p>
   </div>
   <div class='ocr_carea' id='block_1_111' title="bbox 2048 5481 3645 5562">
    <p class='ocr_par' dir='ltr' id='par_1_111' title="bbox 2048 5481 3645 5562">
     <span class='ocr_line' id='line_1_111' title="bbox 2048 5481 3645 5562; baseline -0.006 -13"><span class='ocrx_word' id='word_1_850' title='bbox 2048 5494 2181 5549; x_wconf 88' lang='lat' dir='ltr'><strong>rabit</strong></span> <span class='ocrx_word' id='word_1_851' title='bbox 2200 5510 2286 5548; x_wconf 88' lang='lat' dir='ltr'><strong>eos</strong></span> <span class='ocrx_word' id='word_1_852' title='bbox 2310 5493 2495 5548; x_wconf 87' lang='lat' dir='ltr'><strong>mensis</strong></span> <span class='ocrx_word' id='word_1_853' title='bbox 2527 5508 2644 5545; x_wconf 87' lang='lat' dir='ltr'><strong>cum</strong></span> <span class='ocrx_word' id='word_1_854' title='bbox 2670 5489 2901 5562; x_wconf 88' lang='lat' dir='ltr'><strong>partibus</strong></span> <span class='ocrx_word' id='word_1_855' title='bbox 2929 5487 3054 5541; x_wconf 87' lang='lat' dir='ltr'><strong>suis.</strong></span> <span class='ocrx_word' id='word_1_856' title='bbox 3086 5482 3265 5539; x_wconf 81' lang='lat' dir='ltr'><strong>LXX:</strong></span> <span class='ocrx_word' id='word_1_857' title='bbox 3295 5482 3425 5537; x_wconf 79' lang='lat' dir='ltr'><strong>Cum</strong></span> <span class='ocrx_word' id='word_1_858' title='bbox 3469 5481 3645 5539; x_wconf 88' lang='lat' dir='ltr'><strong>ovibus</strong></span> 
     </span>
    </p>
   </div>
   <div class='ocr_carea' id='block_1_112' title="bbox 2048 5577 3650 5657">
    <p class='ocr_par' dir='ltr' id='par_1_112' title="bbox 2048 5577 3650 5657">
     <span class='ocr_line' id='line_1_112' title="bbox 2048 5577 3650 5657; baseline -0.007 -12"><span class='ocrx_word' id='word_1_859' title='bbox 2048 5598 2096 5645; x_wconf 89' lang='lat' dir='ltr'><strong>et</strong></span> <span class='ocrx_word' id='word_1_860' title='bbox 2128 5589 2295 5645; x_wconf 86' lang='lat' dir='ltr'><strong>vitulis</strong></span> <span class='ocrx_word' id='word_1_861' title='bbox 2325 5590 2467 5644; x_wconf 87' lang='lat' dir='ltr'><strong>ibunt</strong></span> <span class='ocrx_word' id='word_1_862' title='bbox 2498 5596 2544 5643; x_wconf 90' lang='lat' dir='ltr'><strong>et</strong></span> <span class='ocrx_word' id='word_1_863' title='bbox 2567 5597 2593 5626; x_wconf 69' lang='grc' dir='ltr'>ε</span> <span class='ocrx_word' id='word_1_864' title='bbox 2622 5580 3163 5657; x_wconf 74' lang='grc' dir='ltr'><strong>ᾳιιωνεηιοοηιὶηιηη,</strong></span> <span class='ocrx_word' id='word_1_865' title='bbox 3191 5587 3238 5633; x_wconf 90' lang='lat' dir='ltr'><strong>et</strong></span> <span class='ocrx_word' id='word_1_866' title='bbox 3266 5593 3369 5632; x_wconf 89' lang='lat' dir='ltr'><strong>non</strong></span> <span class='ocrx_word' id='word_1_867' title='bbox 3395 5577 3650 5633; x_wconf 86' lang='lat' dir='ltr'><strong>invenient</strong></span> 
     </span>
    </p>
   </div>
   <div class='ocr_carea' id='block_1_113' title="bbox 2049 5672 3649 5753">
    <p class='ocr_par' dir='ltr' id='par_1_113' title="bbox 2049 5672 3649 5753">
     <span class='ocr_line' id='line_1_113' title="bbox 2049 5672 3649 5753; baseline -0.006 -14"><span class='ocrx_word' id='word_1_868' title='bbox 2049 5699 2187 5753; x_wconf 89' lang='lat' dir='ltr'><strong>eum,</strong></span> <span class='ocrx_word' id='word_1_869' title='bbox 2229 5683 2502 5740; x_wconf 86' lang='lat' dir='ltr'><strong>declinavit</strong></span> <span class='ocrx_word' id='word_1_870' title='bbox 2551 5681 2614 5737; x_wconf 89' lang='lat' dir='ltr'><strong>ab</strong></span> <span class='ocrx_word' id='word_1_871' title='bbox 2657 5679 2783 5747; x_wconf 88' lang='lat' dir='ltr'><strong>illis,</strong></span> <span class='ocrx_word' id='word_1_872' title='bbox 2829 5676 2950 5748; x_wconf 90' lang='lat' dir='ltr'><strong>quia</strong></span> <span class='ocrx_word' id='word_1_873' title='bbox 2973 5673 3254 5730; x_wconf 88' lang='lat' dir='ltr'><strong>Dominum</strong></span> <span class='ocrx_word' id='word_1_874' title='bbox 3290 5672 3649 5746; x_wconf 86' lang='lat' dir='ltr'><strong>reliquerunt:</strong></span> 
     </span>
    </p>
   </div>
   <div class='ocr_carea' id='block_1_114' title="bbox 331 5842 2495 5921">
    <p class='ocr_par' dir='ltr' id='par_1_114' title="bbox 331 5842 2495 5921">
     <span class='ocr_line' id='line_1_114' title="bbox 331 5842 2495 5921; baseline 0.005 -25"><span class='ocrx_word' id='word_1_875' title='bbox 331 5874 341 5896; x_wconf 74' lang='grc' dir='ltr'><em>ι</em></span> <span class='ocrx_word' id='word_1_876' title='bbox 418 5852 445 5883; x_wconf 77' lang='grc' dir='ltr'>ι</span> <span class='ocrx_word' id='word_1_877' title='bbox 475 5844 608 5902; x_wconf 81' lang='lat' dir='ltr'><strong>Mss.</strong></span> <span class='ocrx_word' id='word_1_878' title='bbox 636 5842 888 5918; x_wconf 85' lang='lat' dir='ltr'><strong>Palatini,</strong></span> <span class='ocrx_word' id='word_1_879' title='bbox 911 5858 964 5905; x_wconf 83' lang='lat' dir='ltr'><strong>ut</strong></span> <span class='ocrx_word' id='word_1_880' title='bbox 988 5852 1245 5921; x_wconf 70' lang='lat' dir='ltr'><strong>()ttd’t‘anl,</strong></span> <span class='ocrx_word' id='word_1_881' title='bbox 1270 5846 1497 5920; x_wconf 89' lang='lat' dir='ltr'><strong>perinde</strong></span> <span class='ocrx_word' id='word_1_882' title='bbox 1527 5855 1688 5921; x_wconf 82' lang='lat' dir='ltr'><strong>atque</strong></span> <span class='ocrx_word' id='word_1_883' title='bbox 1716 5851 1767 5907; x_wconf 86' lang='lat' dir='ltr'><strong>in</strong></span> <span class='ocrx_word' id='word_1_884' title='bbox 1796 5850 1986 5909; x_wconf 72' lang='lat' dir='ltr'><strong>Graeco</strong></span> <span class='ocrx_word' id='word_1_885' title='bbox 2012 5858 2105 5910; x_wconf 73' lang='grc' dir='ltr'><strong>τοῦ</strong></span> <span class='ocrx_word' id='word_1_886' title='bbox 2132 5850 2424 5920; x_wconf 62' lang='lat' dir='ltr'><strong>intui-ﬁam.</strong></span> <span class='ocrx_word' id='word_1_887' title='bbox 2484 5854 2495 5855; x_wconf 50' lang='lat'><strong><em>’</em></strong></span> 
     </span>
    </p>
   </div>
  </div>
