4100 6336
450 286 559 344 8‘59

1699 285 1759 345 S.
1804 282 2078 343 EUSEBII
2120 284 2499 344 HIERONYMI

3647 298 3755 353 860

449 402 573 472 quia
612 402 749 471 ﬁlios
784 401 983 458 alienos
1028 411 1312 475 genuerunt
1350 403 1469 473 sibi,
1510 416 1645 457 nunc
1670 402 1933 457 deuorabit
1964 418 2049 457 eos
2081 406 2127 470 Α
2154 418 2277 458 cum
2307 406 2491 474 utique
2522 407 2735 475 rubigo,
2769 408 2819 462 id
2847 416 2951 475 est,
2980 413 3200 486 ἓρυσίϐη
3241 426 3394 468 ηΑειι
3437 412 3541 486 51
3571 398 3753 485 ('rcn)

448 496 652 567 rubigo,
685 502 733 551 et
758 498 920 552 cteros
942 514 1139 553 eorum.
1170 498 1288 553 Non
1321 498 1495 553 solum
1524 499 1683 553 lsrael
1708 507 1761 552 et
1793 497 2053 567 Ephraim

452 590 610 646 ibunt
639 606 760 644 cum
792 592 1047 662 gregibus
1078 600 1133 647 et
1161 592 1427 646 armentis
1457 591 1523 645 ad
1556 590 1841 645 Dotninum
1877 589 2058 659 requi—

449 683 703 741 rendum.
737 682 830 737 sed
860 685 1026 737 etiam
1048 684 1237 749 .Indas,
1263 684 1452 752 dequo
1471 699 1635 752 supra
1656 684 1917 750 scriptum
1941 692 2053 737 est:

451 774 587 829 Ruet
612 776 764 829 etiam
779 774 949 830 ludas
975 792 1092 830 cum
1114 777 1206 842 eis,
1238 778 1339 832 hoc
1369 775 1642 833 habentes
1662 792 1855 832 omnes
1878 786 2057 831 certa-

449 880 597 929 men,
634 875 689 919 ut
712 882 876 935 quem
904 867 1447 934 praevaricationibus
1470 868 1833 925 oil‘euderant.
1863 868 2057 922 hostiis

450 960 672 1030 placare
711 960 991 1027 nitamur;
1024 971 1077 1017 et
1120 977 1226 1016 non
1255 962 1529 1016 invenient
1556 978 1717 1031 quem
1748 962 2053 1032 requirunt,

450 1054 579 1123 quia
608 1067 637 1107 a
665 1054 1046 1109 recedentibus
1069 1065 1122 1110 et
1157 1058 1271 1125 ipse
1295 1056 1566 1111 discessit.
1600 1055 1907 1111 Praesertim
1932 1071 2054 1110 cum

451 1156 509 1201 et
536 1148 666 1202 alibi
700 1147 988 1218 loquatur:
1025 1148 1299 1219 Numquid
1318 1150 1641 1204 manducabo
1670 1166 1849 1204 carnes
1880 1160 2055 1204 tauro-

450 1253 565 1290 rum
596 1246 685 1291 aut
713 1239 1017 1311 sanguinem
1042 1240 1307 1293 hircorum
1329 1240 1535 1295 bibam?
1569 1240 1633 1295 Et
1659 1242 1855 1296 iterum
1884 1260 1895 1294 :
1934 1240 2055 1295 Non

452 1332 707 1403 accipiam
734 1333 798 1386 de
822 1333 974 1386 domo
1000 1343 1090 1387 tua
1118 1333 1323 1401 vitulos,
1356 1350 1520 1401 neque
1569 1335 1632 1387 de
1675 1335 1910 1406 gregibus
1956 1335 2057 1389 tuis

450 1426 622 1481 hircos
660 1426 781 1499 (Pa.
808 1443 955 1492 mit,
992 1429 1081 1492 15,
1115 1438 1160 1481 et
1189 1428 1290 1496 Ix).
1328 1427 1393 1482 Et
1426 1428 1477 1481 in
1513 1428 1648 1481 Isaia
1682 1444 1695 1481 :
1729 1426 2056 1481 Holocausta

451 1520 694 1585 arietum,
737 1531 787 1575 et
814 1520 1019 1591 adipem
1050 1537 1326 1593 agnorum,
1373 1531 1416 1574 et
1446 1523 1749 1594 sanguinem
1796 1522 2054 1574 hircorum

454 1620 607 1680 atque
662 1620 927 1667 taurorum
956 1612 1082 1666 nolo
1128 1610 1285 1681 (lsai.
1319 1628 1358 1679 ι,
1394 1612 1502 1685 Il).
1552 1612 1898 1667 Pra-varicati
1925 1624 2053 1667 sunt

454 1707 598 1760 enim
632 1706 685 1761 in
719 1706 982 1771 Domino;
1030 1708 1156 1776 quia
1192 1706 1527 1762 fornicantes
1569 1723 1692 1762 cum
1726 1706 1908 1771 idolis,
1942 1722 2051 1761 non

2159 500 2486 569 appelletur,
2524 499 2927 571 utipsiquoque
2946 504 3201 559 dixerunt
3221 505 3271 558 in
3299 505 3567 573 Propheta
3591 505 3753 561 Joel:

2165 590 2427 663 Reliquias
2454 592 2632 647 bruchi
2672 595 2900 649 comedet
2944 598 3126 668 rubigo
3170 596 3329 665 (Joel.
3366 614 3404 664 1,
3435 599 3516 668 4),
3552 599 3604 652 id
3640 608 3750 665 est,

2157 700 2332 741 msrc.
2384 687 2585 742 Mensis
2617 698 2797 744 autem
2841 704 3010 745 nonas
3054 689 3485 763 (w'm)dicitur:
3519 692 3757 763 denique

2158 780 2351 851 Aquila
2400 787 2717 851 neomem'as,
2770 786 2824 839 id
2878 796 2981 852 est,
3026 786 3297 842 Kalendas
3351 789 3749 856 interpretatus

2156 883 2277 931 est:
2307 875 2671 947 Symmachus
2697 889 2750 933 et
2774 879 3113 935 Tlteodotinn
3147 899 3404 949 mensem;
3434 892 3487 937 et
3514 893 3599 939 est
3623 897 3752 937 sen~

2158 981 2272 1031 sus,
2301 983 2401 1038 per
2426 969 2665 1038 singulos
2698 986 2916 1026 menses
2950 974 3124 1027 hostis
3165 974 3442 1042 adveniet,
3477 982 3531 1030 et
3556 987 3755 1030 cuneta

2159 1061 2410 1115 vastabit.
2459 1062 2722 1131 Legamus
2754 1065 2955 1136 Regum
2983 1075 3038 1121 et
3067 1066 3523 1137 Paralipbmenon
3561 1069 3756 1134 libros,

2157 1159 2211 1205 et
2243 1154 2586 1210 inveniemus
2610 1158 2710 1211 sub
2733 1174 2860 1228 rege
2890 1159 3122 1225 Pbasee,
3146 1161 3237 1231 qui
3266 1162 3527 1231 regnabat
3556 1162 3751 1216 decem

2158 1246 2428 1313 tribubus,
2480 1252 2699 1304 venisse
2736 1250 3234 1321 Teglathphalasar
3276 1270 3463 1323 regem
3494 1255 3757 1326 Assyrio-

2155 1355 2295 1405 rum,
2326 1351 2379 1396 et
2407 1358 2653 1413 magnam
2690 1354 2896 1411 partem
2924 1348 3103 1416 populi
3129 1347 3460 1402 Samaritein
3488 1348 3749 1417 Assyrios

2159 1437 2525 1503 transtulisse,
2569 1453 2677 1507 quo
2726 1447 2969 1507 tempore
3015 1440 3154 1510 apud
3206 1439 3429 1503 Graecos
3476 1441 3755 1495 secundus

2155 1542 2329 1580 annus
2363 1529 2549 1595 prima:
2573 1529 2910 1601 Olympiadis
2934 1531 3064 1595 fuit;
3096 1540 3153 1587 et
3180 1533 3321 1603 apud
3354 1533 3578 1587 Latinos
3627 1534 3757 1603 (nec

2156 1619 2286 1675 dum
2318 1622 2494 1677 Roma
2544 1624 2787 1697 coinlita)
2831 1627 2982 1680 Alhze
3027 1626 3289 1681 vicesimo
3335 1641 3476 1681 anno
3510 1629 3763 1683 Amulius

2157 1713 2472 1784 imperabat,
2534 1732 2693 1787 quem
2753 1726 2938 1788 postea
2997 1719 3258 1774 Romulus
3309 1735 3479 1789 regno
3525 1721 3759 1790 pepulit.

460 1801 573 1855 Deo
624 1801 765 1856 ﬁlios
804 1806 1149 1871 genuerunt,
1206 1801 1302 1857 sed
1356 1800 1717 1857 daemonibus.
1786 1799 1895 1854 Alii
1956 1816 2055 1868 pu-
2083 1790 2131 1852 B
2162 1806 2407 1861 llzeretici
2434 1810 2773 1879 ειιςμὶοειηιηι·
2799 1811 2941 1879 quod
2980 1810 3034 1865 in
3074 1811 3461 1865 sacrificiorum
3492 1811 3597 1882 52
3625 1811 3768 1865 mul-

461 1905 578 1949 tant
628 1895 733 1951 hoc
776 1894 1073 1966 signiﬁcari
1131 1894 1276 1965 quod
1354 1896 1407 1950 in
1472 1894 1643 1949 Esdra
1704 1895 1877 1949 multo
1935 1901 2060 1963 post

459 1988 501 2062 (l
530 1988 714 2043 Eadm:
736 1990 794 2061 χ)
844 2000 1096 2058 tempore
1132 1988 1336 2044 dicitur
1365 2034 1378 2057 ,
1432 1989 1653 2056 quando
1685 2004 1885 2044 uxores
1927 1989 2065 2043 alie-

458 2081 686 2152 nigenas
750 2091 1166 2151 assumpseruut
1199 2125 1216 2152 ,
1270 2091 1521 2137 creantes
1565 2097 1631 2137 ex
1698 2080 1781 2137 eis
1831 2081 2059 2150 liberos,

452 2184 510 2230 et
563 2183 750 2244 postea
801 2176 1090 2242 repudiare
1142 2174 1409 2243 compulsi
1457 2186 1604 2228 sunt.
1659 2173 1765 2230 Sed
1826 2173 1913 2228 hic
1944 2189 2062 2230 me-

455 2266 563 2323 lius
603 2276 686 2323 est
735 2267 945 2323 alienos
999 2267 1137 2322 ﬁlios
1187 2267 1458 2338 accipere,
1508 2268 1605 2337 qui
1672 2268 1725 2322 in
1786 2267 2055 2323 idolorum

469 2377 660 2417 errore
687 2362 929 2432 generati
955 2371 1105 2427 sunt,
1129 2362 1246 2417 sive
1272 2376 1412 2432 quos
1435 2361 1699 2418 ducentes
1729 2377 1824 2430 per
1852 2363 2057 2434 ignem,

459 2455 619 2512 idolis
648 2464 1068 2511 consecrarunt.
1122 2454 1262 2522 Quia
1292 2454 1453 2525 igitur
1487 2454 1591 2510 hoc
1616 2454 1863 2511 fecerunt
1887 2495 1903 2522 ,
1948 2472 2057 2511 non

461 2547 636 2602 multo
662 2556 787 2618 post
838 2560 1083 2617 tempore
1113 2586 1129 2613 ,
1193 2562 1299 2601 non
1340 2562 1602 2602 annorum
1659 2547 1849 2616 spatiis
1882 2546 2061 2603 inlini-

455 2640 528 2695 tis
556 2682 574 2709 ,
625 2649 681 2697 et
706 2650 765 2696 ut
800 2641 995 2696 solitus
1033 2655 1186 2696 eram
1242 2641 1393 2711 prius
1422 2679 1438 2706 ,
1492 2640 1652 2709 longe
1708 2649 1832 2707 post.
1876 2640 2059 2698 futura

459 2736 797 2806 praedicere;
864 2735 961 2792 sed
1019 2750 1161 2790 nunc
1210 2743 1269 2790 et
1325 2738 1377 2789 in
1431 2735 1847 2804 praesentiarum
1899 2734 2063 2791 adve-

460 2828 573 2883 niet
615 2827 877 2901 Assyrius
902 2870 917 2893 ,
962 2836 1125 2899 atque
1154 2827 1443 2883 Chaldazus
1464 2866 1479 2893 ,
1514 2835 1571 2881 et
1596 2826 1939 2884 devorabunt
1962 2842 2063 2884 eos

458 2936 581 2976 cum
618 2921 881 2991 partibus,
915 2921 1032 2976 sive
1053 2920 1220 2976 cleris
1246 2921 1381 2989 suis,
1429 2918 1481 2974 id
1504 2928 1586 2975 est
1612 2934 1736 2975 cum
1760 2919 2063 2988 pessessio-

459 3016 622 3071 nibus
649 3031 783 3087 quas
814 3016 865 3070 in
897 3015 1170 3070 divisione
1192 3022 1355 3069 terrae
1385 3014 1453 3068 ad
1491 3029 1802 3069 mensuram
1831 3012 2061 3069 funiculi

458 3113 849 3175 susceperunt.
895 3105 1002 3160 Pro
1040 3096 1114 3159 eo
1146 3103 1292 3174 quod
1340 3120 1441 3158 nos
1467 3104 1727 3170 diximus,
1794 3104 2059 3161 devorabit

2162 1900 2385 1955 Iitudinc
2433 1902 2643 1970 placent
2694 1903 2894 1969 Deum;
2951 1913 3005 1958 et
3042 1904 3414 1968 ecclesiastici,
3446 1904 3588 1973 quod
3622 1912 3648 1940 ει
3675 1902 3754 1957 l‘a-

2159 1995 2350 2048 ciendo
2372 2000 2769 2068 eleenrosynas,
2795 1996 3065 2052 redimant
3082 2006 3320 2065 peccata,
3341 1997 3392 2051 in
3424 1996 3621 2066 quibus
3644 2009 3770 2064 per-

2161 2098 2424 2145 manent:
2473 2106 2594 2145 cum
2644 2106 2805 2146 omne
2859 2089 3183 2148 sacrificium
3240 2093 3517 2159 praeterita
3552 2090 3766 2144 scelera

2159 2184 2355 2248 deleat,
2393 2202 2500 2240 non
2525 2186 2843 2255 praesentia;
2871 2186 2993 2242 ideo
3015 2202 3119 2242 non
3146 2186 3425 2241 inveniunt
3446 2185 3758 2249 Dominum,

2160 2276 2249 2345 qui
2307 2274 2548 2329 aufertur
2581 2293 2607 2328 a
2640 2276 2857 2339 talibus,
2907 2286 2963 2332 et
3018 2276 3201 2345 procul
3232 2275 3458 2331 recedit.
3496 2273 3586 2330 Isti
3634 2288 3769 2329 rere

2161 2366 2268 2420 Ml.
2302 2366 2448 2440 vero]
2481 2369 2812 2438 prmvaricati
2843 2379 2969 2424 sunt
2997 2370 3048 2423 in
3072 2369 3266 2433 Deum,
3299 2377 3354 2423 et
3385 2367 3593 2423 alienos
3620 2366 3767 2421 lilios

2162 2473 2265 2512 non
2296 2458 2534 2525 Christo,
2588 2459 2685 2514 sed
2738 2461 2957 2515 diabolo
3003 2469 3387 2531 procrearunt:
3443 2457 3567 2514 ideo
3611 2456 3765 2512 omni

2165 2559 2408 2617 tempore
2440 2550 2722 2605 maledicta
2753 2561 2878 2605 sunt
2904 2567 3068 2619 opera
3100 2566 3313 2617 eorum,
3342 2560 3397 2604 et
3421 2558 3612 2605 cuncta
3642 2563 3767 2618 quae

2163 2640 2391 2705 faciunt,
2422 2644 2629 2697 cruenti
2671 2643 2872 2699 eoloris
2920 2643 3112 2713 rubigo
3140 2643 3450 2713 p0pulatur,
3480 2642 3606 2710 quia
3637 2655 3770 2695 san-

2161 2733 2304 2803 guini
2361 2745 2413 2789 et
2462 2734 2826 2791 interfectioni
2883 2737 3127 2806 proxima
3159 2747 3303 2791 sum.
3340 2735 3552 2804 Rubigo
3580 2744 3767 2790 autem

2165 2827 2384 2896 promie
2412 2828 2745 2884 descendere
2774 2828 2971 2883 dicitur
3003 2828 3053 2883 in
3086 2843 3210 2882 rore
3240 2837 3530 2892 nocturno,
3560 2841 3624 2880 ac
3653 2826 3770 2883 lac-

2165 2921 2331 2974 tantia
2384 2920 2437 2975 in
2490 2920 2657 2990 spicis
2711 2919 2981 2976 frumenta
3033 2920 3307 2975 maculare
3353 2919 3538 2975 colore
3584 2919 3766 2986 minii,

2164 3011 2249 3065 vel
2283 3011 2566 3079 sinapidis,
2602 3021 2657 3068 et
2678 3013 3365 3086 congruejuxtaa‘waywyriv
3386 3011 3765 3066 vastatcleros

2165 3103 2579 3169 haereticorum,
2621 3106 2687 3160 de
2733 3106 2931 3176 quibus
2978 3106 3207 3161 dicitur:
3264 3104 3402 3160 Cleri
3456 3119 3637 3158 eorum
3663 3120 3770 3159 non

460 3217 545 3255 eos
593 3200 802 3267 mensis,
854 3198 1206 3269 Septuaginta
1267 3196 1556 3270 rubiginem
1622 3196 2053 3254 transtulerunt:
2084 3187 2133 3253 C
2162 3200 2444 3269 proderunt
2469 3204 2542 3255 eis
2571 3198 2783 3271 (Jerem.
2818 3216 2912 3267 xu,
2946 3201 3035 3267 15,
3067 3200 3349 3255 secundum
3373 3197 3563 3262 LXX).

536 3335 554 3360 ⁸
585 3336 729 3392 Idem
761 3351 921 3402 mss,
950 3336 1089 3406 quod
1111 3334 1444 3406 eleemosynia
1464 3332 1744 3399 redimunt,
1776 3338 1884 3388 etc.

471 3445 3741 3475 _____________________________________________________________

1417 3588 1890 3699 LIBER
1966 3585 2801 3699 SECUNDUS.

537 3894 823 3968 51—52
871 3894 972 3965 Qui
1028 3911 1172 3965 saepe
1219 3896 1462 3968 navigat,
1521 3891 1810 3963 aliquando
1863 3889 2064 3960 patitur

467 3997 878 4060 tempestatem:
929 3990 1017 4059 qui
1071 3991 1209 4046 viam
1264 3990 1582 4062 frequenter
1619 3987 1939 4059 ingreditur,
1973 3995 2065 4039 aut

466 4082 698 4136 sustinet
729 4083 999 4136 latronum
1032 4083 1286 4152 impetus,
1349 4092 1442 4137 aut
1468 4092 1615 4137 certe
1646 4082 1858 4149 metuit,
1888 4080 2067 4133 omni-

470 4190 575 4245 que
606 4174 657 4229 in
690 4185 830 4240 arte,
885 4185 990 4228 tam
1017 4175 1188 4246 gloria
1221 4192 1381 4245 quam
1427 4174 1775 4239 obtrectatio,
1809 4173 2065 4229 seCImdis

472 4268 824 4338 adversisque
855 4268 1030 4323 ventis
1063 4268 1256 4331 oritur,
1289 4267 1413 4322 dum
1437 4266 1706 4322 autamici
1728 4266 1846 4335 plus
1872 4265 2069 4319 merito

471 4362 715 4431 laudant,
752 4362 1067 4417 autinimici
1102 4363 1220 4432 plus
1246 4362 1395 4432 justo
1417 4360 1740 4417 detrahunt:
1774 4370 2066 4428 rarumque

470 4451 714 4508 invenias
762 4454 850 4523 qui
898 4453 949 4507 in
1012 4462 1296 4525 utramque
1328 4462 1537 4525 partem
1597 4467 1703 4506 non
1734 4452 1943 4515 favore,
1972 4457 2069 4505 aut

470 4546 622 4615 odio,
684 4547 779 4602 sed
819 4564 1000 4603 rertun
1051 4548 1305 4615 mquitate
1352 4547 1602 4601 ducatur.
1656 4544 1808 4613 Quod
1842 4544 1973 4599 mihi
2010 4543 2063 4598 in

467 4640 875 4711 Scripturarum
935 4642 1317 4712 explanatione
1373 4640 1587 4695 sudanti
1647 4637 1896 4695 accidere
1951 4637 2059 4711 [ΑΙ.

467 4732 758 4807 accidisse]
780 4732 959 4789 video.
997 4734 1101 4789 Alii
1133 4735 1276 4788 enim
1306 4734 1462 4805 quasi
1487 4748 1649 4803 parva
1678 4738 2058 4801 contemnunt,

466 4836 523 4885 et
550 4826 805 4898 quidquid
855 4827 1173 4894 dixerimus,
1204 4835 1228 4864 ἰ
1256 4836 1532 4882 Contracta
1567 4843 1698 4881 nare
1719 4826 2061 4896 deSpiciunt:

465 4919 557 4974 alii
585 4918 709 4974 odio
738 4919 971 4973 nominis
1005 4917 1199 4984 nostri,
1227 4934 1333 4973 non
1364 4934 1476 4983 res,
1509 4918 1603 4973 sed
1644 4931 1905 4987 personas
1933 4932 2066 4971 con-

465 5013 736 5069 siderant:
766 5012 1044 5083 magisqne
1066 5012 1294 5067 aliorum
1310 5013 1609 5077 silentium,
1634 5026 1795 5083 quam
1819 5018 2063 5065 nostrum

467 5107 706 5163 studium
735 5107 987 5178 probant.
1021 5105 1161 5162 Sunt
1189 5106 1281 5176 qui
1306 5107 1565 5161 audacter
1586 5121 1682 5161 nos
1710 5104 1891 5161 facere
1911 5118 2061 5161 asse.

542 5294 567 5322 ι
598 5284 704 5340 Pro
718 5285 930 5339 duobus
945 5282 1147 5347 verbis,
1180 5293 1447 5340 contracta
1469 5301 1616 5349 nare,
1645 5300 1764 5354 quas
1779 5300 1844 5339 ex
1868 5284 2073 5339 nostris

470 5371 603 5413 mss.
629 5365 777 5413 recto
802 5357 853 5411 id
878 5356 1133 5426 exigente
1159 5372 1345 5422 sensu,
1370 5357 1774 5418 substituimus,
1809 5356 2074 5411 hactenus

472 5428 707 5484 obtinuit
742 5430 793 5482 iu
824 5429 1053 5499 vulgatis
1082 5428 1237 5483 libris
1286 5435 1624 5494 contrectare,
1664 5427 1806 5498 quod
1849 5429 2069 5481 verbum

473 5499 562 5553 hic
613 5500 741 5553 nihil
805 5510 942 5561 erat.
1000 5503 1238 5568 satisliue
1282 5499 1571 5553 manifesto
1631 5500 1926 5566 apparebat
1978 5514 2073 5565 pro

472 5569 704 5641 duobus,
727 5579 989 5626 contracta
1003 5588 1146 5633 nare,
1167 5573 1453 5641 scripturae
1472 5570 1799 5639 compendio
1814 5571 2070 5639 positum.

548 5639 575 5678 ι)
595 5640 686 5697 Sic
718 5643 1000 5711 Amaﬁnios
1029 5639 1368 5699 restituimus
1398 5642 1462 5697 ad
1486 5642 1731 5697 historiae
1757 5642 2072 5706 veritatem,

476 5720 896 5783 nostrorumque
943 5729 1074 5768 mss.
1109 5715 1291 5769 tidem.
1345 5714 1552 5768 Vitiose
1598 5722 1757 5769 antea
1790 5714 2071 5769 obtinebat

474 5784 796 5849 Amasinios,
832 5798 927 5856 pro
953 5800 1059 5857 quo
1088 5786 1324 5853 Amasios
1342 5789 1523 5841 minus
1548 5796 1696 5843 recte
1729 5784 2068 5847 substituen-

2168 3900 2309 3953 rant.
2366 3890 2505 3960 quod
2552 3890 2880 3958 arripuimus
2912 3903 3068 3957 Opus,
3122 3889 3267 3958 quod
3298 3887 3473 3943 nullus
3502 3892 3631 3940 ante
3663 3899 3771 3941 nos

2168 3983 2483 4038 Latinorum
2512 3994 2722 4041 tentare
2745 3998 2911 4037 ausus
2937 3994 3040 4037 est.
3072 3981 3305 4051 Quidam
3335 3981 3385 4033 in
3418 3994 3481 4034 eo
3510 3993 3568 4032 se
3591 3975 3775 4033 diser-

2170 4088 2255 4134 tos
2287 4080 2624 4134 arbitrantur
2653 4088 2707 4134 et
2739 4076 2963 4133 doctos.
3009 4077 3051 4130 si
3078 4076 3256 4129 alieno
3278 4073 3427 4142 operi
3454 4070 3770 4136 detrahant,

2168 4180 2224 4229 et
2263 4189 2368 4228 non
2398 4175 2524 4244 quid
2556 4173 2659 4242 ipsi
2687 4172 2915 4241 possint,
2942 4170 3035 4225 sed
3064 4168 3190 4239 quid
3221 4184 3317 4223 nos
3360 4182 3466 4221 non
3498 4165 3773 4236 possimus

2168 4266 2491 4338 dijudicent.
2545 4264 2625 4319 'I‘u
2678 4274 2882 4331 autem,
2930 4261 3265 4325 Pammachi,
3312 4261 3401 4332 qui
3457 4275 3556 4313 nos
3588 4257 3775 4311 lacere

2170 4361 2476 4432 praecepisti
2528 4359 2652 4427 hoc,
2700 4373 2928 4414 necesse
2976 4364 3059 4412 est
3113 4362 3173 4410 ut
3223 4355 3403 4409 fautor
3443 4354 3517 4406 sis
3553 4349 3772 4420 imperii

2500 4455 2572 4506 ιιιὶ
2602 4450 2711 4524 [Αἰ.
2748 4449 2981 4519 imperio
3016 4447 3151 4520 tuo],
3197 4457 3252 4503 et
3289 4446 3318 4485 δ
3348 4444 3680 4502 Amaﬁnnioa
3708 4456 3774 4497 ac

2171 4547 2418 4600 liabirios
2448 4546 2618 4599 nostri
2644 4544 2931 4613 temporis,
2984 4542 3071 4611 qui
3103 4541 3171 4596 de
3199 4539 3407 4596 Grtecis
3448 4536 3625 4601 bonis,
3662 4535 3769 4590 La.

2169 4640 2277 4693 tina
2309 4636 2509 4691 faciunt
2533 4649 2636 4690 non
2662 4635 2831 4697 bona;
2884 4640 2939 4687 et
2979 4631 3228 4685 homines
3267 4624 3767 4698 eloquentissimos.

2168 4732 2268 4802 ipsi
2301 4730 2543 4801 elingues
2590 4726 2943 4795 transferunt,
2979 4724 3309 4795 Evangellco
3358 4720 3534 4776 calces
3585 4715 3764 4787 pede:

2177 4825 2513 4895 ltvdramque
2563 4822 2669 4895 [AL
2734 4817 3114 4893 viperaulque]
3176 4828 3230 4873 et
3288 4815 3561 4885 scorpium
3612 4812 3772 4881 juxta

2174 4918 2378 4973 fabulas
2414 4927 2717 4986 poetarum,
2766 4915 2964 4969 aduras
2990 4913 3258 4977 cauterio,
3288 4910 3435 4966 solea
3480 4916 3770 4963 conteras:

2174 5018 2229 5067 et
2273 5011 2514 5082 Scylleos
2566 5023 2730 5063 canes
2761 5018 2822 5062 ac
2852 5004 3134 5061 mortifera
3186 5003 3429 5059 carmina
3462 5001 3773 5054 sirenarum

2174 5102 2338 5158 surda
2371 5116 2504 5157 aure
2526 5112 2908 5173 pertranseas:
2957 5106 3017 5152 ut
3054 5096 3261 5168 pariter
3304 5092 3497 5151 audire
3525 5102 3579 5148 et
3605 5102 3775 5145 nosse

2175 5285 2306 5340 dum
2338 5283 2633 5338 ‘Victorius
2672 5281 3020 5350 coniecerat,
3056 5279 3199 5350 quod
3247 5278 3461 5350 Amasis
3504 5276 3778 5350 maximus

2176 5357 2398 5425 quidam
2426 5355 2614 5425 prwdo
2640 5347 2791 5415 antth
2814 5347 3171 5425 Herodotum,
3199 5350 3295 5425 lib.
3332 5366 3367 5413 ι,
3400 5348 3582 5425 fuerit.
3614 5347 3683 5403 At
3707 5349 3779 5425 de

2177 5420 2469 5491 Amaﬁnio,
2497 5442 2558 5480 ac
2586 5425 2811 5479 Rabirio
2844 5440 2950 5478 non
3000 5424 3167 5476 semel
3199 5422 3391 5476 Cicero
3423 5420 3777 5491 cujnsgtesti-

2178 5500 2357 5553 monia
2380 5489 2741 5570 llieronynuts
2764 5495 2977 5570 alludit.
3004 5494 3129 5570 Vide
3156 5490 3528 5570 Acadenricar.
3562 5489 3777 5558 Qumst.

2177 5571 2273 5626 lil).
2303 5574 2351 5629 Ι.
2388 5588 2440 5623 n.
2470 5570 2523 5632 2,
2556 5564 2610 5625 εἰ
2640 5569 2997 5623 'I‘usculanar.
3046 5566 3141 5620 lib.
3173 5579 3246 5633 tv,
3283 5582 3338 5618 n.
3373 5566 3426 5629 3,
3460 5564 3510 5616 in
3540 5578 3782 5631 eumque

2176 5652 2336 5698 notas
2365 5642 2636 5708 Lan'lbini,
2671 5640 2917 5702 Gruteri,
2951 5640 3313 5704 aliorumque.
3344 5635 3541 5708 Notum
3574 5645 3783 5708 prate-

2177 5732 2265 5772 rea
2298 5731 2361 5770 ex
2389 5703 2632 5768 Terentii
2668 5711 2892 5780 prologo
2923 5710 2974 5763 in
3004 5708 3178 5765 Andr.
3211 5703 3488 5776 Sumptuut
3522 5703 3697 5761 illud:

2274 5794 2347 5845 De
2369 5792 2552 5845 Graecis
2576 5791 2736 5853 bonis,
2764 5789 2930 5840 Latina
2954 5786 3140 5849 faciunt
3164 5800 3260 5845 non
3281 5787 3424 5847 bona.
