4150 6346
338 263 441 320 86!

1204 244 1853 316 COMMENTARIORUM
1892 246 1959 313 IN
1997 246 2173 313 OSEE
2215 256 2346 314 LIB.
2392 256 2459 314 II.
2504 260 2662 317 CAP.
2710 262 2773 317 γ.

3530 263 3638 319 862

337 380 624 436 valeamus
650 377 781 451 quid
810 375 1133 432 vaticinatur
1158 376 1300 431 Osee
1328 375 1618 446 prepbeta,
1677 375 1727 428 in
1778 374 1934 444 cujus
1961 375 2015 436 Α
2041 373 2183 428 baud
2236 377 2425 443 procul
2459 374 2514 430 in
2560 376 2703 432 tribu
2756 376 3041 448 prraim,
3093 375 3211 432 brec
3243 375 3373 432 urbs
3410 377 3638 433 condita

337 472 781 541 explanationem
813 469 1110 525 secundum
1143 466 1470 523 dictabimns
1506 466 1613 539 [ΑΙ.
1646 462 1941 538 dictamus]

337 565 561 620 librum.
604 562 847 635 Cumque
897 572 988 618 tuo
1017 563 1169 617 laeter
1195 560 1561 626 adminiculo;
1595 568 1652 614 et
1682 560 1735 615 in
1768 560 1939 629 prima

337 657 479 712 urbe
537 666 828 724 terrarum,
874 657 1106 725 primum
1162 664 1217 710 et
1247 652 1532 708 nobilitate
1573 664 1626 707 et
1675 653 1938 723 religione

337 750 544 807 habere
574 767 661 806 me
690 750 955 821 gaudeam
987 747 1364 804 defensorem:
1399 756 1581 802 tamen
1616 748 1788 816 magis
1837 759 1938 813 op-

336 855 511 901 tarem
536 845 666 901 illud
689 845 823 900 mihi
850 846 1190 915 contingere,
1213 843 1358 915 quod
1377 842 1727 898 TitusLivins
1752 840 1940 895 scribit

336 939 409 994 de
436 939 667 1005 Catone,
691 940 847 1008 cujus
873 939 1062 1010 gloriae
1088 954 1264 1005 neque
1287 937 1490 1006 profuit
1515 938 1798 1007 quisquam
1824 938 1940 989 lau-

334 1033 542 1099 dando,
583 1047 682 1088 nec
732 1029 1093 1102 vituperando
1155 1040 1180 1069 ⁸
1223 1034 1439 1086 nocuit:
1474 1046 1597 1085 cum
1649 1039 1940 1099 utrumque

335 1128 565 1182 summis
611 1126 819 1197 praediti
853 1126 1083 1182 fecerint
1136 1126 1389 1197 ingeniis.
1448 1125 1727 1198 Significat
1754 1135 1936 1181 autem

337 1220 411 1277 M.
441 1219 759 1276 Ciceronem
792 1219 930 1276 etC.
952 1219 1261 1276 Caesarem:
1294 1236 1528 1291 quorum
1558 1220 1698 1274 alter
1729 1220 1935 1286 Iaudes,

337 1316 484 1371 alter
532 1314 964 1385 vituperationes
1012 1313 1310 1384 supradicti
1352 1314 1574 1383 scripsit
1605 1314 1726 1368 viri.
1796 1315 1935 1369 Dum

337 1410 484 1465 enim
509 1409 770 1476 vivimus,
799 1420 853 1464 et
876 1410 928 1463 in
955 1408 1273 1477 vasefragili
1294 1410 1661 1479 continemur,
1681 1410 1940 1464 videntur

336 1505 640 1561 amicorum
687 1503 959 1573 prodesse
1010 1503 1210 1569 studia,
1260 1513 1313 1560 et
1358 1517 1560 1560 nocere
1616 1504 1935 1559 aemulorum

334 1596 652 1668 opprobria.
693 1596 985 1666 Postquam
1019 1605 1199 1652 autem
1240 1612 1460 1653 reversa
1506 1597 1671 1653 fuerit
1694 1606 1837 1653 terra
1884 1598 1937 1654 in

337 1701 542 1746 terram
573 1704 749 1756 suam,
806 1700 858 1750 et
887 1699 997 1746 tam
1049 1705 1150 1746 nos
1179 1692 1268 1761 qui
1302 1691 1614 1756 scribimus.
1646 1707 1809 1759 quam
1842 1706 1937 1747 eos

2048 475 2149 522 est.
2183 466 2395 523 Idcirco
2440 478 2620 525 autem
2671 469 2799 526 dico
2834 478 2997 542 atque
3045 469 3306 542 praecipio
3351 469 3646 542 :Clangite

2044 560 2269 616 buccina
2322 563 2377 617 in
2408 562 2594 618 Gabaa
2620 604 2633 626 ,
2677 572 2732 618 et
2765 564 2891 618 tuba
2925 564 2978 619 in
3011 564 3210 629 Rama,
3263 571 3321 618 et
3350 563 3561 620 ululate
3590 564 3645 620 in

2044 655 2150 730 55
2201 657 2513 724 Betliaven;
2559 659 2687 728 quia
2742 658 2940 713 domus
2989 660 3136 729 regia
3190 657 3491 728 prraim,
3526 659 3646 715 sive

2042 755 2160 822 ipse
2195 753 2477 821 prraim,
2509 752 2613 809 hoc
2645 763 2730 808 est
2762 754 3048 824 imperimn
3084 753 3251 808 Israel
3278 796 3293 821 ,
3320 751 3430 823 jam
3458 755 3512 807 in
3541 750 3639 808 de-

2040 846 2314 902 solatione
2360 846 2504 911 erit;
2564 856 2617 901 et
2671 846 2836 901 instat
2869 845 3049 900 vicina
3098 846 3413 915 captivitas.
3468 848 3523 901 ln
3554 845 3645 901 die

2040 940 2415 1009 ciirreptionis
2442 949 2606 1008 atque
2635 939 2890 1009 supplicii
2926 940 3116 994 decem
3153 940 3396 994 tribuum
3449 938 3645 1006 Israel,

2040 1034 2256 1089 ostendi
2282 1048 2399 1089 mea
2433 1032 2613 1088 lidelia
2647 1034 2836 1102 verba,
2880 1048 3001 1103 quae
3034 1048 3131 1102 per
3164 1032 3462 1105 prophetas
3485 1049 3635 1089 com-

2042 1129 2278 1181 minatus
2312 1140 2432 1181 sum
2463 1145 2478 1182 :
2507 1134 2563 1181 ut
2587 1126 2729 1197 quod
2760 1141 3017 1182 sermone
3050 1125 3412 1195 pra'dixeram
3434 1167 3447 1189 ,
3474 1140 3642 1195 opere

2040 1219 2486 1288 coinprobarem.
2521 1217 2752 1285 Quidam
2797 1217 3074 1273 Bethaven
3099 1217 3253 1287 juxta
3284 1215 3641 1287 Septuaginta

2040 1312 2134 1383 qui
2163 1311 2418 1367 dixerunt
2467 1313 2661 1367 domus
2694 1311 2791 1377 at,
2826 1312 3084 1365 civitatem
3114 1311 3264 1375 solis,
3295 1311 3643 1382 interpretati

2040 1415 2167 1459 sunt
2197 1422 2209 1457 :
2240 1413 2295 1459 et
2327 1405 2500 1459 solem
2545 1405 2774 1473 justitire
2804 1401 3081 1458 Christum
3134 1403 3414 1468 dicentes,
3451 1404 3644 1459 urbem

2042 1499 2191 1553 illius
2224 1498 2527 1553 Ecclesiam
2558 1514 2682 1553 esse
2732 1499 3047 1554 voluerunt.
3080 1498 3236 1567 Quod
3284 1498 3417 1553 mihi
3449 1498 3638 1567 ἀίει)ιί-

2040 1603 2127 1650 cet
2157 1612 2169 1648 :
2200 1610 2375 1655 neque
2402 1594 2548 1649 enim
2582 1594 2777 1648 donms
2824 1593 2993 1660 idoli,
3047 1609 3208 1663 quam
3242 1592 3435 1663 Aquila
3472 1594 3647 1647 inter-

2041 1695 2283 1757 pretatus
2315 1695 2419 1755 est,
2456 1687 2670 1741 domum
2702 1687 2966 1749 inutilem,
2992 1686 3147 1756 juxta
3183 1686 3547 1758 tropologiam
3578 1686 3643 1742 ad

334 1783 428 1853 qui
450 1782 519 1839 de
550 1780 709 1838 nobis
735 1783 1005 1853 judicent.
1050 1780 1250 1853 pallida
1293 1799 1443 1839 mors
1486 1785 1843 1849 subtraxerit,
1878 1793 1933 1840 et
1962 1774 2014 1839 Β
2039 1781 2342 1836 Ecclesium
2375 1780 2577 1836 referri
2607 1788 2808 1851 potest.
2847 1780 2954 1836 Sed
3004 1783 3105 1837 liuc
3144 1782 3403 1837 dicamus
3426 1826 3440 1851 ,
3494 1782 3641 1852 quod

334 1876 440 1931 alia
483 1878 695 1932 venerit
746 1878 1055 1946 generatio,
1090 1877 1391 1947 primisque
1435 1877 1757 1932 cadentibus
1790 1877 1939 1934 foliis

333 1967 522 2023 virens
554 1969 705 2040 sylva
733 1968 1087 2037 succreverit,
1131 1977 1261 2025 tunc
1300 1969 1419 2024 sine
1445 1969 1727 2025 nominum
1754 1969 1934 2042 digni-

335 2067 473 2126 tate,
505 2059 621 2116 sola
673 2056 989 2129 judicantur
1046 2061 1295 2128 ingenia:
1346 2074 1448 2116 nec
1492 2061 1801 2116 considerat
1843 2062 1938 2133 qui

334 2154 578 2209 lecturus
607 2162 713 2219 est,
746 2153 932 2224 cujus;
958 2152 1056 2209 sed
1079 2155 1239 2224 quale
1269 2155 1340 2209 sit
1370 2154 1515 2224 qttod
1548 2155 1791 2211 lecturus
1819 2166 1937 2211 est:

336 2249 454 2302 sive
481 2246 896 2318 illeepiscopus,
919 2251 1035 2303 sive
1062 2249 1132 2304 sit
1155 2248 1346 2315 laicus,
1375 2250 1670 2320 imperator
1691 2260 1746 2305 et
1763 2251 1942 2306 domi-

336 2357 463 2404 nus,
506 2339 668 2396 miles
716 2350 770 2397 et
824 2354 1053 2407 servus;
1100 2351 1195 2397 aut
1224 2357 1461 2412 purpura
1508 2352 1564 2397 et
1593 2344 1814 2409 sericio,
1842 2351 1941 2400 aut

339 2433 606 2488 vilissimo
632 2449 811 2503 panno
836 2434 1044 2502 jaceat:
1080 2450 1187 2489 non
1217 2436 1490 2490 honorum
1516 2435 1621 2507 |Al.
1646 2434 1938 2508 bonorum]

339 2524 681 2594 diversitate,
714 2527 809 2583 sed
842 2540 1069 2599 operum
1100 2528 1300 2584 merito
1326 2528 1683 2598 juilicabitur.

413 2702 595 2771 (Vers.
624 2704 680 2773 8,
714 2706 796 2777 9.)
844 2707 1084 2778 Clangite
1124 2709 1341 2763 buccina
1381 2710 1435 2764 in
1475 2711 1685 2777 Gabaa,
1719 2714 1844 2767 tuba
1882 2715 1936 2767 in

343 2798 513 2852 Roma
543 2816 562 2855 :
590 2800 793 2856 ululata
836 2804 890 2856 in
935 2802 1196 2859 Betltaueu
1236 2814 1351 2877 post
1393 2813 1595 2875 tergum
1624 2816 1771 2861 tuum
1801 2807 1941 2863 Ben-

335 2894 509 2962 jamin
552 2911 570 2949 :
617 2893 873 2967 Epltraim
921 2898 976 2950 in
1022 2897 1345 2952 dcaolatioue
1400 2900 1498 2953 erit
1537 2901 1591 2953 in
1639 2902 1724 2955 die
1767 2917 1943 2953 corrc.

346 2988 577 3054 ptionis,
634 2990 688 3043 in
743 2989 981 3043 tribubus
1043 2989 1213 3045 Israel
1267 2993 1466 3045 ostendi
1515 2993 1691 3062 ﬁdem.
1745 2994 1937 3049 LXX:

346 3080 580 3153 Clangite
628 3085 749 3138 tuba
791 3101 951 3155 super
1009 3084 1206 3149 colles,
1258 3095 1439 3139 senate
1485 3104 1641 3159 super
1694 3089 1937 3155 excelsa,

2046 1874 2297 1928 [heretici
2330 1874 2421 1941 qui
2455 1875 2507 1928 in
2536 1874 2721 1929 Gabaa
2749 1884 2802 1930 et
2821 1874 3306 1939 Rama,excelsain
3336 1875 3438 1929 sibi
3465 1874 3648 1930 scien-

2043 1968 2172 2020 tiam
2207 1968 2558 2035 pollicentur,
2582 1969 2879 2037 jubeantur
2911 1969 3121 2024 ululare
3153 1968 3262 2042 [ΑΙ.
3290 1969 3550 2042 jubilare]
3584 1970 3637 2024 in

2042 2059 2207 2115 dumo
2238 2060 2401 2126 idoli;
2434 2070 2488 2115 et
2520 2076 2631 2117 non
2662 2063 2773 2117 sint
2805 2070 2931 2118 ante
2974 2061 3169 2119 faciem
3196 2063 3478 2133 Benjamin
3508 2105 3522 2129 ,
3548 2064 3642 2133 qui

2042 2153 2461 2223 interpretatur,
2491 2156 2634 2225 ﬁlius
2666 2157 2888 2211 dexterae
2917 2173 2935 2211 :
2964 2157 3060 2213 sed
3097 2168 3213 2225 post
3246 2166 3464 2228 tergum
3498 2157 3640 2229 ejus,

2042 2247 2131 2301 ubi
2152 2248 2343 2302 oculos
2373 2264 2477 2303 non
2506 2249 2690 2305 habet.
2733 2249 2924 2305 Omnis
2962 2250 3107 2305 enim
3138 2249 3400 2320 Ephraim
3424 2250 3641 2320 jactan-

2041 2342 2137 2405 tia,
2171 2357 2293 2412 quae
2333 2343 2733 2413 interpretatur
2764 2344 3004 2412 ubertas,
3037 2343 3188 2399 brevi
3215 2344 3265 2397 in
3295 2342 3643 2400 desolatione

2040 2439 2172 2500 erit,
2203 2444 2258 2491 et
2286 2436 2657 2506 cumjudicii,
2705 2438 2920 2507 inquit,
2955 2437 3071 2493 dies
3101 2448 3158 2492 et
3200 2446 3415 2507 tempus
3456 2452 3646 2492 corre-

2043 2530 2245 2599 ptionis
2271 2529 2593 2596 advenerit,
2630 2530 2797 2585 verba
2830 2547 2947 2587 mea
2981 2546 3088 2587 non
3116 2545 3242 2587 esse
3269 2532 3447 2586 inania
3478 2531 3645 2587 rebus

2046 2622 2354 2677 ostendam.
2413 2622 2517 2677 Pro
2552 2638 2619 2678 eo
2645 2623 2790 2693 quod
2836 2639 2933 2679 nos
2972 2625 3351 2679 transtulimus
3390 2634 3505 2697 post
3537 2634 3640 2679 ter-

2043 2734 2163 2790 gum
2190 2726 2335 2771 tuum
2364 2717 2661 2788 Benjamin,
2716 2718 3070 2788 Septuaginta
3106 2730 3425 2781 verterunt,
3475 2729 3643 2776 mente

2042 2821 2210 2864 motus
2249 2825 2320 2865 est
2354 2810 2626 2879 Benjamin
2658 2827 2677 2866 :
2701 2810 2919 2880 semper
2942 2811 3204 2875 ἔκστασιν,
3236 2812 3290 2867 id
3320 2822 3425 2873 est.
3459 2814 3645 2868 mentis

2043 2921 2334 2969 excessum,
2379 2905 2661 2974 Benjamin
2683 2949 2697 2973 ,
2746 2907 2864 2961 viro
2894 2906 3267 2960 ecclesiastico
3297 2917 3641 2977 coaptantes.

2045 2997 2199 3052 Unde
2230 3008 2285 3052 et
2337 3000 2388 3051 in
2423 3002 2765 3070 sexagesimo
2794 3002 3036 3070 septimo
3078 3000 3293 3070 psalmo
3327 3001 3395 3072 (υ.
3423 3001 3518 3072 28)
3560 3002 3644 3057 di-

2046 3092 2184 3145 citur
2219 3110 2230 3145 :
2265 3090 2347 3145 Ibi
2373 3091 2651 3165 Benjamin
2679 3094 3095 3149 adolescentulus
3117 3095 3169 3147 in
3194 3095 3378 3148 mentis
3405 3112 3640 3153 excessu.

344 3176 627 3245 prwdtcate
685 3176 740 3229 in
808 3175 965 3229 domo
990 3175 1102 3231 ὢνε
1150 3187 1319 3231 mente
1376 3179 1567 3233 excidit
1630 3179 1936 3252 Benjamin,
1968 3171 2013 3234 C
2050 3185 2111 3237 Et
2149 3184 2201 3237 in
2236 3186 2710 3242 benedictionibus
2759 3188 2966 3251 Jacob,
3004 3188 3109 3242 sub
3158 3202 3390 3255 persona
3446 3188 3643 3256 Benja-

346 3265 600 3338 Ephraim
645 3269 699 3321 in
740 3268 1060 3323 desolatione
1112 3272 1278 3341 factus
1309 3282 1383 3324 est
1433 3275 1489 3326 in
1539 3274 1717 3327 diebus
1760 3291 1941 3330 corre-

343 3360 558 3428 ptionis,
592 3360 644 3414 in
676 3360 913 3415 tribubus
939 3360 1108 3417 Israel
1138 3364 1341 3417 ostendi
1367 3365 1565 3434 ﬁdelia.
1602 3366 1858 3436 prraim
1887 3378 1941 3425 et

344 3446 511 3503 Israel
542 3456 596 3503 et
620 3448 757 3505 Iuda
788 3466 1009 3508 menses
1032 3453 1229 3524 singuli
1258 3495 1273 3520 ,
1306 3455 1422 3510 sive
1453 3459 1647 3528 rubigo
1673 3474 1794 3512 cum
1824 3460 1938 3514 suis

345 3541 594 3610 partibus
639 3542 1002 3603 devorabunt.
1057 3545 1429 3615 Quamobrem
1479 3552 1734 3621 praecipio
1783 3552 1938 3608 vobis

342 3634 432 3702 qui
460 3634 695 3703 auditis,
728 3647 785 3689 ut
812 3651 919 3692 non
951 3653 1084 3694 voce
1110 3639 1366 3706 sublimi,
1399 3641 1494 3698 sed
1524 3643 1669 3697 clara
1703 3644 1936 3699 buccina

341 3727 683 3794 concrepetis
715 3744 729 3781 :
758 3727 909 3785 claro
938 3729 1085 3786 enim
1123 3731 1308 3787 auditu
1348 3747 1488 3804 opus
1516 3745 1635 3802 est,
1659 3750 1712 3790 ut
1741 3750 1934 3792 omnes

341 3816 567 3873 audiant
608 3818 701 3887 qui
748 3819 803 3875 in
854 3821 1085 3877 circuitu
1136 3834 1284 3880 sunt.
1335 3823 1575 3897 Clangite
1630 3828 1845 3883 buccina
1880 3830 1934 3884 in

340 3905 556 3977 Gabaa,
606 3910 765 3982 cujus
816 3914 1204 3985 etymologiam
1254 3917 1307 3971 in
1359 3919 1518 3973 colles
1575 3919 1931 3991 Septuaginta

339 4005 740 4060 transtulerunt
765 4023 779 4059 :
804 4016 857 4061 et
886 4009 1009 4062 tuba
1048 4010 1103 4063 in
1134 4009 1303 4065 Rama
1325 4052 1341 4078 ,
1390 4027 1513 4083 qua:
1545 4015 1935 4083 interpretatur

337 4097 541 4151 excelsa
570 4114 587 4151 :
618 4099 738 4154 ista;
767 4113 945 4156 autem
971 4101 1093 4157 duae
1114 4113 1241 4158 sunt
1268 4105 1321 4159 in
1346 4106 1489 4160 tribu
1516 4107 1819 4177 Benjamin,
1853 4109 1934 4164 vi-

338 4192 476 4249 cinae
502 4194 605 4249 sibi
631 4204 819 4251 mutuo
842 4196 1114 4265 civitates,
1156 4198 1210 4254 id
1244 4210 1348 4268 est,
1382 4200 1588 4268 Gahaa,
1616 4203 1666 4257 iu
1699 4220 1805 4273 qua
1836 4220 1933 4260 na-

339 4294 427 4342 tus
458 4296 543 4342 est
589 4286 762 4351 Saul;
810 4299 864 4345 et
892 4289 1061 4345 Rama
1088 4333 1104 4357 ,
1158 4307 1281 4362 quas
1309 4301 1395 4349 est
1430 4294 1590 4363 juxta
1620 4294 1838 4363 Gabaa,
1875 4298 1928 4353 in

336 4380 572 4447 septimo
624 4380 806 4451 lapide
856 4397 886 4435 a
929 4382 1288 4454 Jerosolymis
1332 4388 1467 4452 sita;
1518 4398 1572 4441 et
1618 4405 1779 4459 quam
1831 4406 1928 4448 rex

336 4467 507 4524 Israel
537 4485 803 4541 occupare
831 4484 1062 4529 conatus
1086 4485 1191 4537 est.
1228 4484 1287 4530 ut
1321 4478 1528 4534 exitum
1559 4489 1615 4535 et
1644 4482 1925 4540 introitum

2048 3279 2179 3340 min.
2210 3277 2277 3333 de
2310 3296 2414 3349 qua
2449 3281 2596 3335 tribu
2626 3283 2830 3336 Paulus
2858 3282 3145 3350 apostolus
3176 3280 3279 3334 fuit
3305 3321 3320 3345 ,
3376 3282 3641 3347 scriptum

2044 3372 2273 3435 legimus
2308 3390 2319 3425 :
2353 3372 2627 3445 Benjamin
2649 3375 2800 3443 lupus
2832 3389 3000 3437 rapax
3031 3388 3051 3427 .°
3080 3389 3231 3427 mane
3252 3371 3479 3427 comedet
3506 3387 3642 3445 pra:-

2042 3462 2163 3515 dam
2186 3472 2231 3516 et
2254 3464 2321 3517 ad
2343 3481 2606 3534 vesperam
2629 3466 2773 3520 dabit
2800 3482 2969 3521 escam
2998 3464 3157 3531 (Gen.
3193 3481 3315 3520 χιιι
3340 3508 3353 3530 ,
3386 3464 3504 3533 27).
3537 3463 3639 3533 Qui

2041 3556 2182 3611 enim
2220 3558 2271 3612 in
2304 3559 2575 3627 principio
2615 3560 3047 3629 persequebatur
3081 3559 3416 3624 Erclesiam,
3453 3567 3640 3626 postea

2040 3653 2092 3705 in
2123 3662 2234 3705 toto
2264 3653 2399 3707 orbe
2430 3654 2706 3723 Evangelii
2739 3653 3093 3709 credentibus
3118 3654 3382 3708 alimenta
3413 3652 3641 3724 largitus

2037 3756 2142 3798 est.
2172 3745 2326 3802 Unde
2359 3754 2414 3801 et
2448 3746 2576 3801 Saul
2605 3747 2695 3814 qni
2730 3746 2797 3800 (le
2839 3747 2985 3801 tribu
3040 3745 3324 3815 Benjamin
3384 3745 3485 3799 fuit
3514 3787 3528 3810 ,
3587 3746 3641 3799 in

2038 3839 2240 3892 mentis
2269 3853 2525 3901 excessu,
2557 3846 2670 3893 tota
2701 3837 2792 3892 die
2830 3853 3009 3905 usque
3037 3839 3103 3892 ad
3132 3852 3422 3909 vesperum
3450 3836 3641 3892 vatici-

2038 3942 2197 3988 natus
2225 3942 2309 3987 est
2339 3933 2484 3988 inter
2516 3931 2908 4001 proubetarum
2942 3932 3175 3987 chorum
3207 3931 3255 3998 (I
3280 3931 3410 4004 Reg.
3446 3932 3527 4001 κ).

2108 4025 2435 4095 (Vers.10.)
2474 4023 2624 4080 Facti
2652 4033 2771 4079 sum
2822 4026 3081 4096 principes
3121 4023 3263 4079 Juda
3308 4026 3457 4096 quasi
3495 4040 3639 4079 assu-

2034 4128 2225 4173 mentes
2270 4118 2584 4182 terminum;
2633 4134 2790 4187 super
2830 4134 2915 4171 eos
2951 4116 3220 4184 effundam
3274 4116 3421 4185 quasi
3450 4130 3639 4186 aquam

2032 4213 2163 4266 iram
2219 4226 2407 4266 meum.
2476 4211 2621 4267 LXX
2685 4228 2698 4267 :
2751 4210 2909 4266 Facti
2972 4222 3093 4268 sunt
3149 4215 3414 4283 principes
3487 4212 3637 4268 Iuda

2030 4304 2182 4373 quasi
2227 4305 2598 4373 transferentes
2650 4306 2895 4360 terminos
2946 4321 2964 4360 :
3015 4321 3171 4375 super
3219 4322 3306 4360 eos
3364 4305 3635 4374 effundam

2029 4396 2163 4449 sicut
2208 4410 2396 4465 aqua»:
2456 4398 2702 4469 impetum
2764 4414 2957 4453 meum.
3012 4398 3199 4453 Ductis
3253 4397 3515 4470 Ephraim
3580 4409 3637 4455 et

2030 4490 2205 4547 Israel
2261 4492 2315 4546 in
2358 4492 2737 4563 captivitatem
2771 4534 2787 4561 ,
2843 4502 2902 4548 et
2952 4492 3177 4549 redacta
3237 4502 3382 4549 terra
3446 4508 3636 4549 eorum

338 4563 618 4657 clauderet
663 4566 823 4622 tribui
855 4566 1033 4623 Iudae.
1066 4568 1122 4623 In
1155 4567 1337 4625 Gabaa
1370 4572 1551 4641 itaque
1589 4584 1641 4630 et
1676 4576 1729 4629 in
1760 4575 1931 4635 Rama
1958 4563 2012 4626 D
2038 4585 2092 4639 in
2128 4585 2480 4641 solitudinem
2506 4632 2519 4655 ,
2579 4585 2858 4656 principes
2910 4586 3048 4642 .Iuda
3107 4589 3198 4657 qui
3240 4585 3373 4644 tIere
3424 4587 3634 4645 debue-

334 4655 480 4711 clara
510 4656 736 4715 buccina
786 4669 841 4714 et
899 4661 1027 4717 tuba
1058 4671 1389 4732 personata;
1441 4681 1674 4734 quorum
1703 4668 1930 4726 buccina

334 4752 627 4820 pastoralis
655 4762 777 4819 est,
811 4764 867 4809 et
904 4770 1075 4811 cornu
1104 4772 1337 4813 recurvo
1384 4759 1659 4817 efticitur:
1690 4763 1833 4819 unde
1880 4774 1934 4819 et

336 4846 558 4916 proprie
576 4847 845 4905 Ilebraice
866 4864 1070 4907 eorum
1094 4849 1314 4925 (-51:17),
1346 4853 1541 4911 Graece
1569 4860 1806 4937 κερατίιη
1836 4873 1935 4929 apo

334 4941 585 5011 pellatur.
617 4941 765 4998 Tuba
798 4955 980 5000 autem
1010 4946 1079 5001 de
1103 4962 1214 5002 aere
1250 4948 1507 5015 efﬁcitur,
1561 4952 1644 5007 vel
1678 4963 1932 5025 argento,

332 5047 437 5103 qua
461 5032 630 5107 [quae]
664 5036 716 5090 in
748 5036 908 5092 bellis
935 5048 993 5093 et
1032 5040 1474 5098 solemnitatibus
1521 5048 1931 5117 concrepabant

337 5124 441 5197 [ΑΙ.
470 5128 803 5202 concrepat].
837 5129 1018 5201 Super
1043 5131 1346 5202 Betbaven,
1378 5151 1498 5205 quat
1529 5139 1802 5209 quondam
1828 5156 1927 5195 vo-

333 5219 562 5275 cabatur
590 5221 805 5294 Betbel,
839 5233 895 5280 et
917 5235 1003 5281 est
1039 5227 1091 5281 in
1125 5228 1267 5283 tribu
1318 5228 1600 5302 Epliraim,
1630 5235 1682 5288 in
1712 5250 1815 5306 qua
1845 5238 1929 5292 vi-

332 5314 479 5369 tulus
510 5330 710 5372 aureus
761 5328 930 5388 erat,
987 5333 1098 5376 non
1146 5322 1405 5393 clangore
1445 5333 1500 5380 et
1536 5327 1766 5397 sonitu,
1829 5330 1926 5387 sed

332 5406 541 5462 ululatu
611 5424 752 5480 opus
815 5421 897 5467 est
966 5430 978 5467 :
1037 5415 1165 5485 quia
1238 5415 1417 5472 vicina
1476 5420 1763 5489 captivitas
1821 5433 1925 5481 est.

330 5500 400 5556 Et
456 5502 684 5571 pulchre
733 5504 872 5561 dixit
899 5508 1045 5578 quod
1092 5509 1375 5567 Bethaven
1427 5521 1547 5582 post
1599 5522 1808 5586 tergum
1858 5519 1928 5572 sit

329 5596 616 5668 Benjamin
676 5617 693 5657 ε
742 5601 831 5655 ubi
895 5602 1040 5657 enim
1111 5605 1287 5661 tribus
1353 5606 1537 5665 linitur
1592 5609 1875 5682 Benjamin
1908 5652 1922 5680 ,

2035 4689 2182 4747 rant,
2238 4688 2296 4736 et
2350 4695 2508 4736 suum
2570 4681 2829 4751 populum
2886 4681 3164 4737 cohortari
3218 4692 3273 4737 ut
3310 4683 3636 4740 recederent

2032 4776 2100 4831 ab
2135 4774 2439 4831 idololatria
2463 4818 2476 4842 ,
2507 4791 2576 4832 ne
2601 4786 2654 4832 et
2681 4776 2786 4847 ipsi
2819 4774 3018 4832 similia
3043 4778 3407 4843 sustinerent,
3451 4794 3634 4849 caepe-

2033 4878 2161 4922 runt
2189 4867 2428 4937 gaudere
2459 4879 2623 4939 atque
2646 4866 2849 4930 lauari.
2882 4866 3025 4940 quod
3068 4877 3279 4940 pateret
3324 4872 3428 4927 sibi
3481 4881 3630 4927 terra

2030 4976 2220 5016 eorum
2277 4961 2344 5017 ad
2400 4962 2789 5032 possidendum
2835 4963 3004 5019 latius
3039 4980 3050 5016 :
3086 4974 3141 5019 et
3170 4963 3293 5019 facti
3351 4976 3481 5021 sunt
3524 4966 3635 5039 56

2032 5055 2187 5125 quasi
2218 5062 2560 5112 assumentes
2594 5058 2862 5111 terminos
2891 5052 3081 5126 Israel,
3116 5066 3464 5114 transeuntes
3494 5056 3632 5114 fines

2034 5163 2198 5215 suos;
2231 5156 2285 5203 et
2313 5148 2365 5205 in
2409 5148 2545 5205 locis
2592 5150 2868 5221 quondam
2900 5167 3087 5207 eorum
3123 5168 3352 5225 regnum
3384 5168 3543 5209 suum
3576 5164 3629 5210 et

2038 5242 2442 5312 possessionem
2470 5243 2705 5300 dilatare
2744 5245 3047 5313 cupientes.
3096 5247 3465 5314 Quamobrem
3501 5247 3632 5304 dicit

2034 5338 2291 5392 Dominus
2326 5355 2340 5394 :
2373 5339 2440 5394 Et
2470 5353 2639 5412 super
2683 5340 2833 5411 ipsos
2880 5341 3160 5413 principes
3218 5340 3353 5398 Juda
3409 5343 3631 5399 venient

2034 5429 2353 5503 Babylonii;
2408 5441 2463 5487 et
2493 5432 2565 5488 ita
2598 5450 2694 5489 eos
2741 5436 2892 5503 quasi
2935 5451 3090 5503 aqua:
3124 5436 3360 5505 impetus
3393 5452 3631 5505 occupa-

2031 5523 2164 5578 bunt
2199 5540 2214 5577 :
2243 5540 2349 5581 non
2380 5526 2495 5581 suis
2514 5526 2726 5584 viribus
2752 5573 2766 5595 ,
2794 5529 2887 5584 sed
2918 5527 3294 5599 indignatione
3345 5545 3485 5586 mea.
3539 5531 3633 5587 Di-

2030 5619 2102 5675 cit
2130 5636 2354 5693 quoque
2384 5630 2440 5677 et
2466 5621 2533 5677 ad
2561 5623 2835 5694 principes
2855 5621 2991 5679 Juda
3010 5665 3025 5688 ,
3060 5622 3162 5679 hoc
3192 5634 3313 5692 est,
3343 5622 3628 5685 Ecclesiae.

402 5780 667 5839 'Addunt
716 5782 898 5844 denuo
925 5783 1178 5857 impressi
1204 5786 1361 5858 libri,
1408 5789 1724 5864 quisquam,
1771 5791 1921 5865 quod
1944 5802 2080 5854 mss.
2122 5793 2395 5867 ignorant.
2441 5816 2451 5869 δ
