4150 6346
429 268 538 325 865

1675 264 1734 322 8.
1778 261 2054 322 EUSEBII
2091 259 2482 321 BIERONYMI

3624 267 3736 325 864

424 385 572 458 quod
611 399 720 442 non
761 384 1002 442 debeant
1028 383 1350 451 exsultare;
1382 393 1437 441 et
1466 384 1853 442 haereticorum
1902 398 2029 455 per-
2053 381 2109 444 Δ
2135 388 2224 437 tur
2255 382 2359 438 sibi
2388 381 2715 439 calumniam
2747 381 2888 454 pati,
2934 392 2989 439 et
3016 382 3068 438 iu
3099 398 3158 439 se
3187 382 3415 440 fractam
3442 396 3567 441 esse
3590 382 3737 455 judi-

428 479 691 536 ditionem
723 493 876 535 suam
921 478 1152 534 salutem
1183 477 1458 534 aestimare
1492 496 1505 532 :
1537 478 1635 534 sed
1664 479 1842 548 potius
1867 477 2026 548 plan-

427 588 581 646 gere,
613 572 760 645 quod
794 572 869 629 illi
912 572 1198 643 perierint.
1241 570 1399 628 Unde
1430 582 1485 629 et
1510 571 1793 642 apostolus
1827 571 2025 626 Paulus

432 666 594 723 docet
630 665 1038 722 ecclesiasticos
1069 666 1219 721 viros
1240 707 1255 733 ,
1305 681 1372 722 ne
1402 666 1710 737 glorientur
1729 680 1892 736 super
1918 664 2028 719 fra-

432 757 617 815 ctione
646 757 998 814 Judaicorum
1024 772 1305 814 ramorum
1325 800 1338 826 ,
1364 758 1460 815 sed
1492 759 1671 830 potius
1699 758 1932 814 timeant
1960 772 2027 812 ne

429 853 601 923 etipsi
637 851 956 925 frangantur
977 852 1158 925 (Rom.
1180 851 1279 926 x1).
1305 854 1372 907 Et
1395 854 1449 908 in
1467 852 1573 907 alio
1598 853 1754 909 loco:
1775 851 2022 922 Quis,ait,

429 944 843 1011 scandalizatur,
873 953 919 999 et
952 961 1045 1018 ego
1072 961 1173 999 non
1197 943 1530 1018 uror(llCor.
1549 943 1709 1015 11,29)
1728 944 1750 998 ?
1769 945 2024 1014 Alioquin

427 1052 593 1110 super
618 1037 754 1095 tales
775 1038 1051 1109 principes
1075 1038 1165 1109 qui
1190 1038 1245 1092 in
1272 1038 1501 1092 aliorum
1523 1037 1759 1092 miseriis
1780 1037 1993 1107 glorian
2009 1066 2027 1077 ς

434 1141 543 1198 tur,
573 1143 628 1187 et
657 1131 863 1190 idcirco
892 1147 952 1189 se
981 1140 1127 1187 stare
1153 1141 1344 1203 putant
1368 1173 1382 1199 ,
1418 1133 1465 1187 si
1495 1131 1587 1186 alii
1634 1140 1914 1196 corruant,
1947 1131 2027 1187 ef-

434 1225 624 1282 fundet
677 1226 947 1282 Dominus
992 1227 1147 1297 quasi
1195 1242 1391 1297 aquam
1424 1227 1557 1281 iram
1590 1241 1763 1281 suam.
1811 1226 1918 1280 Pro
1950 1225 2029 1280 ira

435 1318 796 1391 Septuaginta
827 1318 997 1397 ὅρημα
1037 1320 1088 1373 id
1118 1327 1220 1384 est,
1254 1319 1493 1391 impetum
1520 1318 1944 1383 transtulerunt;
1979 1327 2032 1373 et

435 1421 629 1483 putant
649 1413 871 1483 quidam
906 1427 1006 1483 pro
1037 1411 1424 1468 benedictione
1456 1411 1855 1482 accipiendum,
1877 1411 2030 1480 juxta

436 1506 573 1562 illud
605 1507 750 1578 quod
774 1506 905 1561 alibi
940 1506 1171 1577 legimus
1202 1524 1214 1559 :
1244 1504 1520 1561 Fluminis
1546 1507 1767 1577 impetus
1800 1504 2033 1575 laetiﬁcat

436 1599 695 1653 civitatem
750 1598 845 1652 Dei
887 1596 1006 1669 (Ps.
1036 1613 1181 1666 va,
1213 1596 1296 1668 4).
1347 1598 1454 1654 Sed
1486 1597 1693 1653 rectius
1726 1599 1811 1670 (ut
1840 1613 2034 1653 omnes

435 1699 637 1763 praeter
684 1691 1039 1763 Septuaginta
1095 1689 1531 1761 transtulerunt)
1584 1691 1664 1745 ira
1711 1690 2031 1762 accipienda

2128 474 2197 530 cii
2225 476 2529 533 veritatem.
2568 486 2593 513 ει
2616 476 2818 533 Taliter
2848 484 3089 532 vastatur
3120 476 3317 544 Israel;
3349 484 3405 533 et
3426 492 3615 534 omnes
3643 478 3728 534 la-

2128 568 2290 625 bores
2339 570 2455 641 ejus
2498 570 2724 642 Assyrio
2754 570 3009 626 vincente
3052 570 3421 639 populantur:
3455 570 3735 641 Deumque

2129 666 2366 736 perdidit
2393 666 2499 738 [ΑΙ.
2535 666 2736 739 perdit]
2769 666 3078 735 praesulem,
3112 673 3166 721 et
3187 664 3393 721 idcirco
3422 664 3625 721 fractus
3646 663 3735 736 ju-

2130 760 2275 815 dicio
2301 768 2416 824 est;
2460 760 2583 830 quia
2629 769 2846 814 secutus
2871 769 2954 814 est
2983 758 3147 813 idola.

2203 854 2384 925 (Vers.
2414 855 2528 925 12.)
2580 853 2642 908 Et
2685 870 2777 925 ego
2814 854 2961 924 quasi
2993 854 3131 907 tinea
3164 852 3416 922 Ephraim
3438 892 3453 918 ,
3502 859 3551 905 et
3586 852 3738 923 quasi

2131 950 2350 1019 putredo
2378 948 2553 1003 domui
2578 946 2738 1003 Juda.
2793 947 2934 1002 LXX
2958 965 2970 1001 :
3016 946 3085 1001 Et
3114 964 3208 1017 ego
3234 947 3382 1016 quasi
3409 946 3737 1001 conturbatio

2134 1042 2408 1113 Ephraim,
2460 1050 2505 1095 et
2546 1041 2697 1111 quasi
2740 1040 2984 1094 stimulus
3027 1040 3204 1094 domui
3245 1037 3411 1092 Juda.
3456 1053 3519 1094 as
3558 1038 3736 1108 lingua

2133 1134 2394 1190 Ilcbraica
2437 1132 2573 1204 (ων)
2618 1135 2755 1187 tinea
2798 1132 3028 1187 dicitur:
3082 1146 3253 1187 uncos
3305 1130 3469 1219 (2'31)
3522 1130 3738 1200 putredo

2130 1237 2179 1285 ιε
2209 1227 2404 1292 caries;
2451 1241 2681 1295 quorum
2731 1226 2963 1281 alterum
3023 1233 3205 1280 vestes
3234 1267 3247 1291 ,
3302 1224 3538 1279 alterum
3594 1224 3739 1295 ligna

2132 1320 2444 1376 consumit:
2498 1335 2593 1389 pro
2630 1320 2826 1390 quibus
2861 1319 3039 1388 LXX,
3098 1325 3362 1392 ταραχήν,
3407 1317 3461 1373 id
3490 1326 3605 1383 est,
3652 1326 3740 1373 tu-

2134 1414 2378 1480 multum,
2410 1414 2499 1470 vel
2541 1413 3023 1479 conturbationem,
3066 1421 3111 1466 et
3147 1413 3411 1468 stimulum
3450 1410 3745 1467 transtule-

2135 1519 2281 1564 runt.
2317 1510 2383 1563 Et
2404 1508 2702 1564 notandum
2727 1507 2868 1578 quod
2896 1508 3039 1563 tinea
3064 1506 3333 1563 referatur
3357 1506 3424 1562 ad
3454 1504 3739 1577 Ephraim,

2137 1610 2192 1655 et
2235 1600 2461 1671 putredo
2500 1600 2568 1655 ad
2599 1600 2822 1655 domum
2869 1599 3029 1656 Juda.
3077 1599 3365 1668 Quomodo
3408 1600 3567 1670 igitur
3595 1600 3741 1655 tinea

2137 1695 2462 1749 vestimenta
2514 1693 2826 1760 consumit,
2867 1702 2922 1748 et
2971 1692 3198 1762 putredo
3242 1692 3328 1748 vel
3352 1694 3527 1748 caries
3552 1691 3739 1764 ligna:

435 1794 520 1841 est
559 1803 573 1841 :
605 1785 915 1856 praesertim
968 1800 1089 1840 cum
1131 1800 1329 1841 nomen
1361 1784 1614 1858 [nomini]
1666 1784 1950 1840 chusiouis
1980 1795 2035 1840 et
2065 1788 2116 1850 B
2143 1790 2282 1860 quod
2333 1797 2625 1859 utrumque
2673 1790 2834 1859 longo
2881 1789 2938 1843 fit
2968 1799 3250 1858 tempore:
3292 1788 3366 1843 ita
3398 1788 3542 1843 Deus
3564 1794 3620 1843 et
3647 1786 3745 1841 de-

435 1878 531 1934 irre
559 1877 873 1945 conveniat,
906 1878 1125 1934 dicente
1153 1877 1418 1949 propheta
1463 1878 1527 1933 ad
1558 1878 1846 1933 Dominum
1882 1896 1895 1932 :
1931 1875 2033 1948 Ef-

437 1971 599 2033 funde
622 1988 779 2044 super
802 1988 885 2026 eos
910 1973 1043 2026 iram
1068 1983 1233 2040 tuam,
1260 1983 1308 2027 et
1338 1977 1485 2044 furor
1529 1974 1623 2027 ira:
1655 1983 1756 2027 tua:
1804 1989 2036 2043 compre-

437 2063 629 2119 [tendat
678 2082 764 2119 eos
796 2064 918 2138 (Ps.
958 2081 1154 2135 vam,
1186 2066 1300 2136 25).
1336 2065 1705 2123 Transierunt
1761 2068 2036 2137 principes

436 2157 463 2213 J
474 2156 575 2212 uda
596 2158 859 2215 terminos
889 2173 1027 2229 quos
1055 2168 1557 2231 posueruntpatres
1577 2175 1795 2228 eorum,
1818 2161 2036 2231 quando

438 2251 732 2307 immutaut
760 2252 1047 2308 mendacio
1075 2253 1400 2323 veritatem;
1439 2264 1496 2311 et
1542 2256 1690 2312 aliud
1734 2256 2039 2327 prrcdicant

440 2361 604 2418 quam
644 2348 713 2404 ab
741 2349 1009 2419 apostolis
1038 2360 1389 2421 acceperunt.

517 2441 697 2511 (Vers.
722 2441 1178 2515 H.)Calumniam
1207 2447 1407 2517 patiens
1436 2454 1510 2502 est
1535 2445 1811 2518 Ephraim,
1844 2452 2040 2517 fractus

431 2534 639 2608 judicio
665 2579 680 2603 ,
723 2538 969 2606 quoniam
1018 2539 1170 2609 cwpit
1216 2538 1360 2593 abire
1412 2550 1526 2609 post
1581 2540 1807 2594 sordem.
1842 2539 2034 2597 LXX:

447 2626 717 2700 Oppressit
744 2627 997 2701 Ephraim
1026 2632 1387 2686 adversarium
1407 2650 1580 2699 suum,
1614 2634 1930 2689 conculcavit
1951 2638 2044 2707 jn—

446 2723 662 2787 dicium,
712 2725 835 2794 quia
872 2725 1022 2796 cmpit
1064 2725 1206 2780 abire
1252 2735 1367 2797 post
1415 2743 1571 2781 tuna.
1621 2728 1678 2782 Si
1731 2729 1930 2798 impius
1960 2737 2042 2783 est

447 2815 732 2886 Ephraim,
761 2825 815 2872 et
844 2826 1071 2890 propter
1109 2818 1445 2888 impietatem
1474 2835 1632 2875 suam
1664 2822 1768 2877 erit
1801 2821 1858 2876 in
1883 2822 2045 2878 deso—

446 2908 707 2964 lationem
733 2950 749 2976 ,
782 2910 1062 2980 quomodo
1104 2927 1248 2967 nunc
1287 2912 1493 2968 dicitur
1526 2931 1538 2968 :
1582 2915 1895 2969 calumniam
1942 2933 2043 2987 pa-

449 3002 579 3056 tiens
609 3000 862 3075 Ephraim
901 3004 1096 3074 fractus
1127 3006 1383 3077 judicio?
1412 3006 1505 3077 qui
1538 3008 1684 3063 enim
1716 3008 2047 3063 calumniam

453 3095 677 3168 patitur,
712 3106 767 3152 et
800 3097 1096 3168 frangitur,
1127 3098 1392 3169 judicium
1419 3101 1538 3171 ejus
1571 3101 1755 3171 inique
1786 3102 2051 3173 opprimi-

456 3201 565 3257 tur,
620 3192 857 3248 maximc
887 3208 1010 3249 cum
1062 3209 1227 3249 causa
1278 3194 1423 3265 justa
1474 3206 1947 3267 pouatur,quare
1980 3190 2122 3253 sitC

454 3285 683 3340 traditus
714 3286 1043 3357 captivitati.
1090 3286 1349 3357 Sequitur
1387 3289 1535 3343 enim
1563 3306 1577 3346 :
1606 3290 1849 3360 quoniam
1899 3290 2049 3358 coepit

450 3379 592 3433 abire
630 3388 745 3451 post
767 3379 1005 3449 sordem,
1032 3379 1137 3436 hoc
1162 3390 1275 3450 est,
1312 3391 1434 3451 post
1467 3382 1608 3437 idola
1641 3399 1762 3453 qua:
1792 3382 2051 3438 sordibus

452 3483 871 3542 comparantur.
900 3473 1055 3541 Quod
1085 3490 1220 3545 ergo
1246 3475 1400 3543 dicit,
1436 3475 1540 3532 hoc
1568 3485 1651 3532 est
1681 3494 1693 3530 :
1725 3478 2055 3547 opprimitur

456 3564 718 3633 Ephraim
749 3565 818 3619 ab
844 3566 1110 3638 Assyriis,
1144 3566 1378 3635 primum
1412 3582 1440 3621 a
1472 3568 1634 3634 Phul,
1666 3568 1864 3623 deinde
1897 3585 1926 3622 a
1952 3568 2055 3622 'l‘e-

453 3658 825 3731 glatphalasar
850 3660 940 3730 (IV
969 3659 1101 3733 Reg.
1122 3661 1220 3733 xv)
1243 3704 1257 3728 ,
1282 3670 1473 3732 postea
1490 3677 1519 3717 a
1544 3661 1927 3729 Salmanasar:
1946 3679 2053 3719 non

456 3753 601 3823 quod
654 3753 734 3809 illi
779 3754 910 3824 justi
950 3753 1176 3822 fuerint,
1230 3756 1320 3825 qui
1365 3772 1489 3812 eum
1537 3765 1961 3827 Oppresseruut,
2003 3767 2057 3812 et

454 3847 663 3903 idcirco
713 3848 944 3903 traditus
999 3850 1077 3905 eis
1126 3849 1239 3916 sit;
1286 3850 1381 3905 sed
1436 3851 1583 3921 quod
1634 3852 1725 3923 qui
1778 3851 2055 3922 quondam

458 3941 683 3996 fuerunt
742 3942 980 4012 populus
1037 3957 1191 3998 meus
1229 3984 1243 4008 ,
1300 3959 1389 3999 me
1448 3959 1543 3999 eos
1607 3944 1892 4001 deserente
1952 3953 2059 3999 tra-

462 4032 667 4087 duntur
700 4033 768 4088 ad
803 4049 991 4102 poenas
1016 4077 1030 4099 ,
1065 4043 1121 4089 ct
1165 4036 1217 4089 in
1268 4035 1372 4091 hoc
1401 4036 1621 4092 videtur
1677 4052 1802 4093 esse
1863 4037 2063 4093 calum-

460 4124 571 4189 nia,
612 4125 716 4197 57
748 4141 853 4179 nou
887 4128 994 4180 Deo
1026 4124 1134 4198 [Αι.
1167 4142 1195 4180 a
1227 4127 1379 4201 Deo],
1414 4129 1501 4199 qui
1527 4130 1727 4200 justam
1756 4130 1919 4185 infert
1945 4146 2063 4185 seu-

463 4217 725 4273 tentiam:
768 4218 863 4274 sed
903 4218 986 4273 his
1026 4219 1121 4289 qui
1157 4228 1423 4276 tormenta
1462 4224 1762 4291 sustinent,
1808 4224 1933 4278 dum
1965 4240 2061 4295 pe-

459 4309 669 4381 joribus
708 4323 769 4365 se
806 4309 1132 4366 adversariis
1161 4313 1546 4369 couceduntur.
1587 4314 1892 4386 Redditque
1932 4332 2061 4371 cau-

464 4418 577 4458 sam
615 4404 908 4468 Dominus,
952 4403 1155 4459 idcirco
1197 4420 1292 4461 eos
1334 4407 1386 4461 in
1430 4406 1529 4463 hac
1561 4417 1713 4478 parte
1738 4409 2063 4464 calumniam

464 4500 753 4565 sustinere,
796 4507 849 4553 ct
892 4499 1029 4553 tradi
1063 4500 1344 4571 pejoribus
1370 4541 1384 4566 ,
1425 4510 1479 4555 et
1505 4517 1630 4572 erga
1658 4502 1778 4558 illos
1799 4502 2062 4572 judicium

2140 1900 2255 1940 cem
2291 1884 2558 1951 tribubus,
2588 1892 2641 1939 et
2671 1895 2858 1954 postea
2890 1883 3137 1938 tribubus
3164 1881 3375 1938 duabus
3405 1881 3568 1951 longo
3598 1890 3740 1937 tem-

2140 1992 2272 2048 pore
2298 1977 2435 2031 dans
2465 1976 2644 2031 locum
2675 1975 3009 2045 pmnitentize
3043 2018 3057 2043 ,
3100 1983 3156 2030 et
3204 1990 3299 2030 eos
3323 1987 3631 2045 provocans
3671 1973 3741 2029 ad

2139 2070 2369 2125 salutem
2392 2113 2406 2137 ,
2457 2068 2886 2124 thesaurizantes
2930 2067 3031 2122 sibi
3063 2067 3200 2122 iram
3232 2065 3286 2120 in
3315 2065 3403 2121 dic
3435 2065 3556 2133 iraa,
3586 2066 3742 2135 quasi

2143 2165 2284 2224 tinea
2316 2162 2550 2218 efficitur
2570 2171 2625 2217 et
2648 2161 2900 2233 putredo,
2928 2177 3035 2216 non
3061 2159 3204 2231 quod
3230 2159 3369 2215 Deus
3394 2159 3536 2215 tinea
3568 2158 3637 2214 sit
3658 2156 3743 2214 vel

2143 2258 2398 2330 putredo,
2432 2266 2523 2312 aut
2548 2257 2893 2313 conturbatio
2924 2256 3009 2311 vel
3038 2254 3315 2320 stimulus,
3359 2254 3453 2310 sed
3476 2252 3622 2325 quod
3646 2267 3741 2308 su-

2142 2354 2469 2410 stinentibus
2519 2367 2709 2423 poenas
2752 2351 2868 2408 haec
2917 2349 3172 2405 universa
3211 2348 3484 2404 videatur.
3527 2345 3741 2402 Primus

2144 2448 2308 2519 igitur
2338 2455 2693 2515 consumptus
2721 2453 2806 2500 est
2830 2443 3088 2514 Ephraim
3114 2450 3169 2497 ct
3193 2440 3394 2509 Israel,
3426 2437 3624 2495 deinde
3653 2453 3742 2494 se-

2144 2553 2266 2598 cuta
2295 2553 2378 2597 est
2418 2549 2477 2596 et
2499 2540 2694 2595 domus
2723 2538 2859 2595 Juda
2887 2556 2901 2593 :
2936 2552 3042 2592 non
3070 2536 3187 2606 ipse
3217 2534 3355 2592 Juda
3378 2577 3394 2603 ,
3426 2532 3523 2589 sed
3551 2530 3745 2587 domus

2146 2635 2265 2706 ejus
2291 2652 2305 2701 ;
2359 2634 2600 2705 alioquin
2633 2632 3017 2688 reservabatur
3052 2629 3120 2685 de
3149 2643 3351 2700 genere
3380 2626 3518 2683 Juda
3545 2626 3629 2681 cui
3660 2639 3747 2681 re-

2146 2729 2381 2801 positum
2413 2727 2543 2783 fuit:
2596 2727 2661 2782 Et
2693 2727 2808 2797 ipse
2837 2733 2957 2781 erat
2986 2723 3320 2793 exspectatio
3348 2720 3611 2792 gentium.
3642 2717 3748 2773 Pu-

2148 2826 2278 2881 nitis
2306 2835 2485 2880 autem
2510 2821 2802 2886 haereticis,
2826 2821 2914 2891 qui
2938 2820 3047 2892 58
3072 2817 3443 2887 intelliguntur
3466 2812 3747 2884 Ephraim,

2148 2920 2309 2975 etiam
2362 2917 2529 2973 Judas
2554 2958 2569 2984 ,
2612 2916 2825 2970 scilicet
2866 2913 2921 2968 hi
2969 2912 3215 2982 quicum
3259 2908 3501 2964 Ecclesia
3531 2920 3749 2977 perma-

2151 3020 2311 3079 nent,
2346 3020 2400 3065 et
2445 3007 2825 3064 haereticorum
2852 3004 2938 3060 vel
2966 3002 3251 3058 erroribus
3280 3000 3366 3056 vel
3398 2998 3544 3055 vitiis
3575 2996 3753 3053 conti-

2151 3114 2371 3171 nentur,
2401 3104 2563 3159 simili
2592 3101 2876 3157 sententicc
2903 3097 3281 3169 subjacebunt.

2227 3200 2407 3271 (Vers.
2445 3195 2557 3267 15.)
2611 3193 2679 3249 Et
2710 3194 2837 3248 uidit
2880 3190 3137 3264 Ephraim
3175 3191 3481 3261 languorem
3524 3200 3675 3240 suum
3703 3188 3755 3238 et

2152 3292 2321 3347 ludas
2365 3288 2628 3345 vinculum
2672 3304 2824 3342 suum
2847 3326 2862 3352 ,
2915 3294 2963 3340 et
3011 3284 3136 3338 abiit
3164 3280 3424 3353 Ephraim
3453 3281 3520 3334 ad
3550 3278 3753 3333 Assur:

2153 3396 2199 3439 et
2230 3385 2363 3439 misit
2414 3384 2483 3436 ad
2523 3397 2695 3450 regem
2737 3380 2978 3446 ultorem,
3014 3385 3058 3430 et
3088 3376 3198 3445 ipse
3228 3390 3329 3428 non
3359 3373 3544 3445 poterit
3572 3386 3757 3426 sanare

2153 3496 2243 3533 vos
2269 3496 2286 3533 :
2328 3494 2418 3532 nec
2460 3475 2657 3530 soluere
2684 3472 2867 3543 poterit
2911 3488 2943 3523 a
2972 3468 3109 3523 vobis
3137 3466 3415 3521 vinculum.
3462 3462 3607 3520 LXX
3634 3481 3648 3519 :
3679 3460 3747 3515 Et

2155 3573 2279 3626 cidit
2315 3570 2566 3643 Ephraim
2613 3566 2967 3636 inﬁrmitatem
2998 3578 3145 3616 suam
3170 3601 3186 3629 ,
3236 3570 3283 3614 et
3317 3559 3490 3613 Judas
3518 3557 3754 3611 dolorem

2158 3682 2307 3721 suum
2334 3707 2348 3732 ,
2375 3674 2420 3718 et
2450 3664 2575 3717 abiit
2604 3661 2859 3733 Ephraim
2885 3659 2952 3713 ad
2975 3658 3239 3729 Assyrios,
3271 3665 3318 3710 et
3350 3654 3486 3709 misit
3513 3655 3567 3714 ἑ-
3614 3652 3760 3722 lega-

2159 3771 2277 3813 tos:
2325 3760 2392 3813 ad
2420 3773 2586 3829 regem
2628 3754 2779 3808 Jarib
2800 3796 2814 3821 ,
2847 3762 2893 3807 et
2926 3755 3035 3824 ipse
3066 3767 3168 3805 non
3200 3749 3365 3822 potuit
3395 3746 3504 3819 [AL
3537 3741 3752 3815 poterit]

2160 3852 2376 3906 liberare
2419 3867 2506 3904 vos
2530 3894 2543 3917 ,
2584 3863 2677 3901 nec
2705 3862 2906 3901 cessare
2948 3845 3104 3915 faciet
3135 3859 3168 3896 a
3192 3841 3329 3896 vobis
3355 3839 3607 3893 dolorem.
3651 3834 3763 3889 Le-

2160 3954 2312 4015 gatos
2352 3958 2457 3997 non
2510 3940 2741 3994 habetur
2787 3939 2840 3992 in
2871 3937 3118 3992 Hebraeo.
3176 3933 3247 3988 Et
3275 3932 3365 3987 ubi
3401 3926 3762 4000 Septuaginta

2163 4045 2464 4108 posuerunt.
2502 4032 2651 4087 Jarib
2678 4074 2693 4098 ,
2740 4046 2840 4086 nos
2878 4030 3029 4100 juxta
3081 4023 3470 4099 Symmachum
3494 4065 3507 4090 ,
3543 4022 3766 4076 ultorem

2162 4130 2425 4186 vertimus
2450 4146 2464 4185 :
2494 4143 2614 4182 nam
2645 4125 2836 4196 Aquila
2862 4133 2918 4179 et
2943 4120 3305 4186 Theodotion,
3331 4118 3564 4192 judicem
3589 4115 3766 4171 inter-

2166 4224 2363 4295 pretati
2397 4228 2543 4276 sunt.
2591 4217 2745 4285 Quod
2776 4226 2956 4272 autem
2985 4230 3132 4270 JABIB
3165 4210 3312 4286 (ι’-π’)
3342 4210 3566 4265 ultorem
3596 4206 3768 4279 signi-

2167 4318 2291 4374 ﬁcet
2310 4328 2363 4374 et
2382 4317 2637 4388 judicem,
2662 4327 2856 4367 nomen
2875 4309 3148 4367 Gedeonis
3174 4305 3414 4363 ostendit
3435 4303 3641 4375 (Judic.
3667 4300 3769 4372 vi),

2169 4425 2327 4482 quem
2368 4424 2490 4464 cum
2531 4406 2767 4462 cultores
2797 4404 2925 4458 Baal
2959 4410 3277 4471 expeterent
3319 4397 3389 4453 ad
3419 4395 3766 4467 supplicium,

2170 4518 2235 4558 eo
2283 4501 2426 4572 quod
2477 4501 2656 4554 lucum
2707 4496 2834 4552 Baal
2879 4510 3110 4563 arasque
3152 4491 3460 4555 evertisset,
3489 4487 3773 4558 respondit

469 4608 576 4647 non
605 4591 806 4645 servari
834 4608 847 4645 :
882 4592 1008 4663 quia
1032 4592 1201 4661 cwpit
1231 4591 1512 4661 Ephraim,
1548 4592 1598 4647 id
1630 4602 1746 4661 est,
1777 4593 2066 4650 Jeroboam
2096 4588 2149 4648 D
2176 4605 2357 4666 pater,
2400 4594 2683 4647 ulciscatur
2723 4604 2783 4645 se
2814 4588 2939 4643 Baal
2969 4629 2983 4652 ,
3028 4594 3120 4640 aut
3142 4584 3339 4656 iudicet
3367 4596 3491 4637 eum
3518 4579 3684 4647 Baal,
3716 4586 3773 4633 et

466 4684 615 4738 abire
658 4692 777 4754 post
819 4682 957 4738 idola
987 4724 1002 4749 ,
1038 4692 1093 4738 et
1124 4684 1290 4739 Deum
1319 4682 1726 4755 derelinquere:
1775 4684 1889 4754 ipse
1920 4687 2065 4741 enim

465 4792 664 4831 aureos
692 4775 983 4831 fabricatus
1012 4785 1095 4832 est
1116 4777 1337 4832 vitulos.
1380 4775 1690 4833 Secundum
1713 4776 2063 4849 Septuaginta

468 4871 963 4939 interpretationem
988 4912 1002 4935 ,
1054 4872 1327 4942 oppressit
1358 4869 1645 4942 Ephraim,
1687 4870 1737 4924 id
1767 4880 1869 4939 est,
1912 4870 2068 4927 Jero-

470 4965 629 5019 hoam
683 4964 1054 5020 adversarium
1087 4979 1243 5019 suum
1273 4964 1521 5020 Roboam
1551 5005 1564 5031 ,
1599 4963 1653 5018 id
1695 4974 1781 5019 est
1805 5003 1821 5032 ,
1872 4965 2065 5020 tribum

466 5058 607 5115 Juda
660 5069 713 5113 ct
766 5059 819 5113 in
872 5074 939 5115 eo
997 5059 1313 5129 oppressit:
1384 5060 1510 5131 quia
1565 5058 1780 5115 deserta
1849 5058 2069 5114 Jerusa-

467 5152 573 5208 lem
625 5163 678 5208 et
728 5154 927 5223 templo
958 5193 974 5219 ,
1047 5152 1421 5225 Egyptiarum
1477 5153 1720 5209 sordium
1777 5152 2067 5209 simulacra

465 5257 704 5305 sectatus
747 5249 836 5303 sit.
898 5248 977 5304 De
1028 5247 1299 5303 hrcreticis
1349 5247 1668 5303 manifestus
1715 5256 1797 5301 est
1842 5261 2066 5301 sensus:

470 5343 615 5415 quod
644 5344 791 5399 falsis
819 5342 1246 5415 sophismatibus
1280 5341 1392 5398 suis
1422 5352 1477 5397 et
1507 5352 1623 5398 arte
1653 5340 1935 5397 dialectica
1965 5357 2071 5397 sa:-

469 5453 536 5510 pe
571 5439 886 5510 opprimant
921 5436 1359 5494 ecclesiasticos:
1405 5435 1501 5492 sed
1538 5450 1659 5491 cum
1689 5435 1793 5491 hoc
1820 5434 2070 5502 fecerint,

465 5551 576 5594 non
622 5535 943 5591 munditiam
991 5549 1135 5589 verre
1176 5532 1299 5588 fidei
1327 5574 1343 5601 ,
1385 5532 1478 5588 sed
1534 5531 1725 5588 sordes
1773 5539 2074 5603 sequuntur

467 5630 760 5699 mendacii,
792 5630 885 5703 qui
924 5629 1107 5689 traditi
1136 5627 1356 5686 diabolo
1385 5636 1441 5686 et
1465 5628 1674 5701 angelis
1714 5627 1855 5699 ejus,
1888 5626 2074 5683 viden-

2172 4688 2475 4759 appellatus
2498 4694 2599 4751 est,
2634 4683 2841 4753 inquit,
2873 4679 3119 4735 Jerobaal
3138 4718 3155 4744 ,
3184 4676 3239 4731 id
3266 4685 3369 4743 est,
3409 4673 3692 4728 ulciscatur
3719 4686 3773 4724 se

2176 4779 2328 4835 Baal.
2365 4778 2677 4847 lutelligeus
2705 4776 2885 4845 itaque
2911 4772 3168 4841 Ephraim
3198 4769 3570 4824 infirmitatem
3592 4779 3769 4833 suam,

2176 4886 2231 4933 et
2264 4875 2432 4932 Judas
2461 4872 2732 4928 vinculum
2761 4885 2916 4925 suum
2939 4907 2953 4935 ,
3001 4881 3106 4938 quo
3136 4880 3260 4921 cum
3290 4863 3480 4919 decem
3520 4859 3773 4915 tribubus

2176 4978 2397 5041 peccato
2425 4966 2600 5023 fuerat
2631 4963 2950 5033 colligatus,
2984 4975 3091 5014 non
3118 4974 3148 5013 a
3178 4959 3288 5013 Deo
3313 4956 3404 5027 qui
3432 4955 3650 5010 solvere
3679 4966 3779 5023 po-

2178 5071 2341 5130 terat,
2372 5059 2465 5116 sed
2496 5075 2526 5113 a
2557 5071 2687 5127 rege
2710 5054 3056 5126 Assyriorum
3082 5048 3329 5121 quaesivit
3356 5045 3640 5103 auxilium.
3676 5044 3779 5099 Lc-

2177 5159 2373 5229 gimus,
2408 5154 2552 5225 quod
2580 5152 2682 5206 sub
2714 5164 2840 5219 rege
2860 5145 3151 5207 Manahen,
3195 5143 3285 5215 qui
3313 5143 3501 5198 decem
3530 5139 3779 5195 tribubus

2176 5249 2391 5322 praefuit
2431 5246 2523 5319 (IV
2558 5245 2689 5315 Reg.
2719 5240 2832 5313 xv).
2876 5239 3043 5296 Israel
3076 5237 3315 5307 Assyriis
3345 5236 3487 5291 dona
3515 5232 3776 5289 transmi-

2178 5342 2312 5397 serit
2340 5356 2355 5407 ;
2388 5348 2443 5395 ct
2470 5337 2638 5395 Judas
2662 5336 2761 5390 sub
2793 5350 2919 5405 rege
2945 5331 3147 5399 Achaz,
3179 5327 3496 5401 prtesidium
3527 5324 3783 5397 flagitarit

2181 5434 2663 5507 Teglatbphalasar
2697 5431 2841 5501 regis
2886 5426 3275 5500 Assyriorum,
3319 5423 3409 5495 qui
3453 5437 3549 5479 eos
3588 5420 3784 5476 adver-

2184 5537 2338 5585 sante
2386 5529 2498 5585 Deo
2546 5527 2781 5583 liberare
2820 5538 2926 5579 non
2971 5530 3288 5593 potuerunt,
3323 5532 3423 5574 nec
3450 5514 3783 5588 captivitatis

2181 5623 2459 5681 vinculum
2487 5622 2718 5681 solvere.
2774 5617 3070 5675 Possumus
3109 5614 3390 5671 vinculum
3411 5654 3429 5685 ,
3462 5627 3562 5685 pro
3587 5624 3694 5683 quo
3724 5608 3784 5664 in

540 5828 565 5857 ιι
595 5818 776 5875 Nostri
806 5834 941 5876 mss.
988 5822 1151 5880 Aliter
1186 5838 1289 5895 pro
1318 5823 1541 5891 Taliter,
1575 5825 1779 5882 rectius
1824 5835 1881 5879 ut
1907 5821 2126 5882 videtur
2150 5818 2370 5877 habent.
