4150 6346
370 268 477 329 865

1234 258 1893 322 COMMENTARIORUM
1932 258 1999 318 ΙΝ
2038 257 2222 318 OSEE
2262 255 2394 316 LIB.
2440 257 2505 316 ll.
2546 255 2699 316 CAP.
2742 257 2832 316 Vl.

3563 245 3730 321 86%

371 387 603 444 llebrmo
626 380 884 455 scriptum
907 391 991 438 est
1021 391 1045 420 α
1069 398 1243 439 uezuu
1268 382 1485 456 (mm),
1516 395 1570 438 et
1595 382 1785 453 Aquila
1813 381 1971 436 inter-
2000 384 2052 443 Α
2077 377 2239 432 donec
2266 378 2544 447 deﬁciatis,
2580 387 2625 431 et
2654 376 2898 449 (litteratis
2927 373 3118 448 faciem
3147 387 3332 430 meam.
3386 370 3569 428 LXX:
3601 372 3672 426 Et

373 488 616 554 pretatus
653 486 734 534 est
767 477 995 534 ἐπίδεσιν
1025 480 1137 534 sive
1170 477 1484 551 συνδεσμόν,
1521 477 1575 533 id
1604 486 1684 533 cst
1707 518 1721 542 ,
1754 475 1969 546 colliga-

372 580 561 634 tionem
618 579 731 635 sive
780 577 1221 648 conjurntionem,
1274 583 1328 630 et
1368 572 1434 628 ad
1471 571 1602 628 illud
1633 582 1843 641 tempus
1882 584 1969 625 re-

370 672 546 738 ferre,
580 670 797 743 quando
826 669 991 724 Rasin
1013 677 1071 724 et
1098 669 1306 724 Phasee
1338 666 1484 721 filius
1512 664 1776 721 Romelize
1800 662 1970 719 multa

371 762 443 821 de
466 764 605 820 tribu
628 763 763 820 Juda
786 762 1066 819 hominum
1090 761 1263 816 millia
1278 768 1622 816 vastaverunt
1647 758 1809 831 (Ibid.
1831 759 1966 827 xvt),

373 857 518 927 quod
575 856 775 913 frustra
830 855 998 911 Judas
1045 853 1310 910 adversus
1352 868 1507 924 reges
1546 852 1681 908 duos
1708 866 1814 905 non
1850 848 1967 917 Dei,

372 950 471 1008 sed
499 950 844 1024 Assyriorum
900 949 1159 1005 auxilium
1210 946 1487 1019 ﬂagitarit.
1557 946 1786 1014 Quidam
1818 943 1971 1014 juxta

376 1045 734 1117 tropologiam
782 1043 1043 1115 Ephraim
1087 1050 1143 1098 et
1176 1041 1370 1098 Judam
1398 1082 1414 1108 ,
1458 1039 1524 1095 ad
1567 1039 1860 1095 hmreticos
1896 1043 1974 1107 get
2006 1048 2013 1055 '

375 1138 444 1194 ad
490 1138 635 1193 viros
683 1136 1082 1194 ecclesiasticos
1121 1134 1397 1201 referunt,
1443 1148 1507 1189 eo
1538 1131 1681 1203 quod
1721 1141 1775 1187 et
1810 1129 1889 1184 illi
1918 1138 1974 1185 et

379 1232 548 1289 Judas
577 1240 922 1303 peccatorum
948 1230 1180 1287 vinculis
1200 1228 1457 1300 colligati,
1486 1227 1638 1297 juxta
1672 1225 1805 1280 illud
1830 1223 1974 1294 quod

377 1326 639 1397 scriptum
673 1334 791 1382 est:
832 1323 1067 1379 Funibus
1096 1330 1420 1395 peccatorum
1450 1336 1665 1373 suorum
1695 1318 1973 1385 unusquis-

377 1435 474 1490 que
507 1418 876 1492 constringitur
924 1415 1111 1486 (Prov.
1152 1433 1217 1482 v,
1250 1412 1346 1485 22)
1373 1456 1386 1479 ,
1431 1413 1681 1467 miserint
1708 1410 1774 1464 ad
1804 1410 1975 1464 Assur

379 1519 435 1567 et
466 1511 534 1567 ad
566 1525 747 1581 regem
778 1510 1014 1564 ultorem
1035 1551 1049 1574 ,
1080 1507 1131 1563 id
1159 1518 1271 1576 est,
1301 1507 1574 1563 diabolum
1606 1506 1676 1561 de
1707 1520 1815 1576 quo
1846 1504 1977 1574 legi-

379 1619 538 1661 mus:
621 1604 689 1659 Ut
737 1605 971 1659 destruas
1026 1605 1133 1677 59
1176 1604 1441 1658 inimicum
1494 1612 1542 1657 et
1595 1602 1809 1656 ultorem
1850 1600 1972 1668 (Ps.

381 1714 507 1765 vtu,
541 1698 621 1770 '5).
670 1699 738 1753 Et
786 1698 910 1769 quia
963 1715 1071 1753 non
1120 1713 1305 1753 verum
1351 1698 1436 1752 vel
1468 1698 1843 1752 auxiliatorem
1888 1695 1975 1750 vel

2071 486 2163 542 ego
2196 471 2399 541 rapiam
2420 514 2433 539 ,
2484 477 2533 523 et
2576 470 2688 540 60
2715 471 2899 525 cadam
2928 479 2974 524 et
3021 468 3223 536 tollam,
3255 476 3300 523 et
3332 484 3435 522 non
3460 467 3556 521 erit
3581 467 3673 537 qui

2072 573 2249 618 eruat:
2284 564 2367 618 ibo
2396 572 2441 619 et
2469 572 2692 618 revertar
2715 564 2769 619 in
2796 563 2965 618 locant
2996 581 3163 618 meum
3189 564 3351 618 donec
3378 563 3671 633 dispereunt

2071 665 2120 712 et
2148 666 2385 728 quazrant
2434 658 2619 728 facient
2658 674 2842 712 meam.
2898 658 3174 725 Quaeritur
3204 656 3250 713 si
3278 656 3529 727 capiente
3554 696 3569 721 ,
3617 661 3673 710 et

2075 751 2322 820 tollente,
2356 760 2411 809 et
2439 758 2658 809 tenente
2686 752 2818 819 Deo,
2853 751 3035 808 nullus
3061 753 3130 809 de
3157 751 3412 809 manibus
3437 750 3555 822 ejus
3584 763 3675 819 po-

2076 853 2184 901 test
2226 846 2441 917 eripere
2466 889 2481 914 ,
2523 846 2677 917 juxta
2707 846 2840 902 illud
2869 847 3014 918 quod
3042 848 3303 918 scriptum
3331 856 3451 904 est:
3503 844 3672 900 Nemo

2075 948 2241 1012 potest
2271 957 2453 1013 rapere
2484 942 2549 995 de
2575 957 2736 995 manu
2759 939 2935 995 Patris
2962 942 3062 995 mei
3089 939 3306 1013 (Joann.
3338 956 3395 1008 x,
3424 938 3516 1011 29)
3540 952 3675 1010 quo-

2076 1035 2241 1091 modo
2266 1035 2436 1091 Judas
2464 1035 2532 1091 de
2563 1051 2727 1091 manu
2753 1036 2848 1091 Dei
2881 1035 3189 1106 proditione
3219 1034 3292 1090 sit
3318 1032 3544 1103 raptus?
3590 1032 3674 1089 Ad

2078 1129 2217 1199 quod
2253 1129 2491 1185 breviter
2519 1129 2970 1201 respondebimus
2994 1173 3007 1198 ,
3042 1130 3248 1186 nullum
3280 1142 3440 1200 posse
3481 1143 3676 1199 rapere

2078 1223 2145 1278 de
2172 1239 2337 1278 manu
2369 1224 2463 1278 Dei
2491 1242 2503 1279 :
2537 1239 2698 1294 posse
2731 1234 2909 1279 autem
2942 1239 3098 1291 eum,
3130 1223 3224 1294 qui
3256 1229 3500 1287 tenetur,
3552 1234 3676 1290 pro-

2078 1318 2195 1389 pria
2223 1318 2505 1374 voluntate
2537 1318 2604 1375 de
2633 1334 2795 1373 manu
2829 1319 2921 1374 Dei
2951 1317 3229 1375 excidere.
3283 1314 3548 1384 Quodque
3586 1328 3677 1369 se-

2079 1410 2264 1482 quitur
2290 1428 2302 1464 :
2355 1410 2557 1466 Vadens
2587 1421 2813 1466 revertar
2837 1411 2907 1465 ad
2932 1408 3101 1465 locum
3131 1424 3319 1477 meum,
3352 1407 3529 1462 locum
3559 1404 3678 1471 Dei,

2081 1506 2541 1577 magnificentiam
2576 1514 2631 1562 et
2668 1507 3010 1577 majestatem
3066 1504 3186 1575 ejus
3235 1502 3494 1559 debemus
3539 1499 3682 1555 acci-

2083 1615 2248 1670 pere:
2306 1609 2364 1656 ut
2410 1616 2748 1672 nequaquam
2798 1617 2896 1671 pro
2939 1599 3346 1671 dispensatione
3386 1592 3681 1652 descendat

2082 1693 2149 1747 ad
2182 1694 2452 1761 homines,
2484 1695 2771 1762 irascatur,
2804 1696 3149 1761 misereatur,
3177 1692 3555 1759 obliviscatur,
3590 1690 3684 1746 fiat

377 1791 616 1863 judicem
660 1790 936 1861 deprecati
968 1799 1122 1857 sunt;
1169 1791 1371 1847 idcirco
1411 1805 1736 1862 permanere
1767 1805 1862 1845 eos
1904 1790 1980 1845 fe-
2009 1792 2057 1853 B
2085 1786 2236 1856 quasi
2265 1786 2525 1857 panther,
2571 1796 2811 1842 vertatur
2850 1787 2902 1841 in
2938 1787 3189 1851 leonem,
3226 1794 3470 1839 mutetur
3498 1784 3555 1838 in
3587 1782 3681 1840 be-

380 1885 457 1939 cit
501 1884 554 1938 in
594 1883 784 1939 dolore
827 1883 1099 1954 languoris
1126 1893 1181 1939 et
1211 1884 1438 1939 vinculis
1466 1883 1811 1939 delictorum.
1845 1882 1977 1953 Legi

393 1976 450 2031 in
522 1976 801 2048 cujusdam
861 1977 1268 2032 commentariis
1323 1993 1506 2047 regem
1557 1976 1753 2044 Jarib‘,
1822 1976 1979 2032 Chri-

380 2078 525 2127 stum
568 2072 934 2142 interpretari.
987 2072 1055 2128 Et
1097 2073 1220 2143 quia
1260 2074 1537 2145 sequitur:
1587 2072 1708 2145 Ipse
1744 2088 1845 2128 non
1887 2090 1980 2143 po-

385 2166 502 2220 terit
542 2182 727 2221 sanare
757 2182 873 2232 nos,
919 2165 1023 2222 hoc
1049 2177 1369 2238 argumento
1398 2183 1526 2223 usus
1558 2177 1660 2235 est,
1692 2167 1835 2237 quod
1863 2167 1978 2223 bte-

382 2259 587 2314 reticos
612 2260 699 2315 vel
730 2258 1129 2315 ecclesiasticos
1156 2268 1481 2329 peccatores
1504 2256 1755 2315 Christus
1786 2275 1980 2315 sanare

384 2366 493 2408 non
531 2354 701 2424 possit
740 2353 793 2408 in
820 2361 1070 2423 tempore
1095 2352 1285 2423 judicii
1308 2396 1322 2419 ,
1359 2354 1447 2411 ubi
1488 2354 1631 2409 nulla
1662 2363 1744 2410 est
1771 2353 1982 2410 miseri—

384 2446 601 2514 cordia,
640 2446 791 2517 juxta
835 2447 967 2502 illud
1019 2446 1164 2517 quod
1197 2448 1458 2517 scriptum
1487 2456 1609 2503 est:
1661 2446 1727 2501 In
1774 2448 1980 2518 inferno

386 2549 559 2594 autem
586 2539 700 2610 quis
728 2540 1057 2610 conﬁtebitur
1090 2540 1179 2593 tibi
1208 2539 1326 2613 (Ps.
1358 2541 1480 2611 vt)?
1523 2541 1588 2595 Et
1616 2541 1759 2612 quod
1787 2556 1982 2597 sanare

383 2630 473 2687 vel
518 2631 752 2687 liberare
799 2647 906 2687 non
955 2632 1159 2702 possit,
1193 2647 1534 2703 nequaquam
1566 2649 1663 2688 sua
1696 2634 1984 2689 imbecilli-

390 2730 531 2790 tate,
564 2723 659 2778 sed
690 2737 878 2779 eorum
905 2724 1132 2792 merito,
1181 2724 1270 2794 qui
1297 2739 1419 2781 sero
1457 2726 1715 2781 auxilium
1747 2728 1984 2797 postula-

387 2818 517 2873 rint.
564 2818 848 2887 Quomodo
891 2827 945 2874 et
998 2819 1257 2875 Dominus
1303 2819 1502 2875 dicitur
1543 2820 1695 2892 signa
1728 2821 1779 2875 iu
1814 2822 1982 2891 patria

387 2925 485 2966 sua
524 2912 702 2968 facere
743 2927 849 2967 non
896 2912 1180 2982 potuisse:
1227 2923 1282 2969 et
1320 2927 1481 2968 causa
1512 2929 1609 2968 cur
1647 2928 1752 2968 non
1798 2924 1986 2983 potue-

392 3001 482 3070 rit,
516 3003 768 3073 exponit:
800 3003 942 3075 quia,
973 3003 1167 3074 inquit,
1192 3021 1295 3059 non
1320 3005 1587 3059 credebant
1612 3005 1667 3058 in
1690 3021 1825 3058 eum.
1860 3004 1985 3060 Hcce

388 3092 477 3151 ille
506 3094 740 3152 dixerit:
776 3110 875 3152 nos
905 3097 958 3151 in
990 3097 1186 3152 malam
1214 3107 1422 3169 partem
1453 3113 1633 3168 regem
1662 3097 1986 3168 interprete-

2085 1881 2254 1936 stias:
2312 1880 2407 1937 sed
2451 1897 2537 1937 res
2588 1890 2811 1951 spernat
2855 1881 3159 1948 humanas,
3205 1888 3259 1934 et
3288 1877 3563 1949 permittat
3589 1892 3684 1934 eos

2081 1988 2219 2044 quos
2249 1982 2407 2031 antea
2442 1975 2762 2045 protegebat
2802 1974 3051 2030 hostibus
3095 1972 3413 2043 subjacere,
3444 1978 3505 2026 ut
3534 1970 3684 2027 tabe-

2083 2078 2243 2125 scant
2267 2112 2281 2137 ,
2333 2078 2389 2125 et
2419 2069 2693 2136 deficiant,
2726 2077 2782 2125 et
2812 2069 3110 2135 intereant,
3141 2076 3198 2122 et
3227 2075 3413 2137 postea
3442 2072 3689 2137 quaerant

2083 2163 2275 2219 faciem
2321 2163 2574 2231 Domini,
2611 2172 2666 2219 et
2713 2162 2937 2217 dicant:
3001 2161 3260 2216 Illumina
3306 2160 3487 2230 faciem
3541 2170 3684 2213 tuam

2084 2266 2130 2311 et
2158 2258 2287 2312 salvi
2315 2259 2504 2313 erintus
2533 2256 2653 2330 (Ps.
2685 2272 2867 2323 anx,
2895 2255 2976 2326 4).
3003 2256 3066 2311 Ει
3094 2272 3106 2309 :
3143 2254 3367 2309 Ostende
3388 2253 3552 2322 nobis,
3584 2250 3688 2307 Do-

2089 2355 2249 2423 mine,
2278 2355 2688 2409 misericordiam
2716 2362 2858 2407 tuam
2880 2397 2894 2421 ,
2926 2361 2975 2407 et
3003 2352 3230 2406 salutare
3256 2359 3401 2404 tuum
3444 2350 3511 2403 da
3542 2348 3688 2403 nobis

2086 2450 2207 2521 (Ps.
2229 2466 2444 2515 Lxxxtv,
2471 2449 2547 2521 8).
2587 2449 2871 2505 llmreticis
2897 2463 3111 2520 quoque
3136 2456 3191 2503 et
3217 2446 3479 2503 Ecclesia:
3511 2444 3681 2513 negli-

2084 2544 2254 2613 genti,
2289 2544 2429 2598 Deus
2452 2544 2503 2598 in
2524 2541 2843 2612 pautherem
2862 2542 3096 2597 vertitur
3117 2548 3172 2596 et
3190 2540 3438 2606 leonem;
3467 2547 3519 2595 et
3533 2537 3689 2595 tollet

2085 2640 2154 2694 ab
2172 2638 2257 2692 his
2286 2637 2523 2709 prmdam
2544 2653 2702 2709 quam
2727 2636 2986 2692 Ecclesim
3018 2644 3143 2691 ante
3161 2643 3489 2706 rapuerunt:
3513 2640 3575 2688 ut
3598 2647 3691 2688 ca-

2085 2731 2165 2801 pti
2194 2731 2473 2786 salventur
2493 2730 2580 2801 qui
2616 2728 2774 2784 liberi
2800 2729 3113 2799 perierant;
3152 2737 3207 2783 et
3229 2740 3564 2800 nequaquam
3588 2727 3688 2783 ba-

2087 2827 2345 2883 bitabitin
2363 2826 2738 2882 conciliabulis
2762 2839 3165 2895 perversorum,
3186 2824 3282 2882 sed
3306 2832 3609 2880 revertetur
3622 2822 3690 2878 ad

2087 2920 2267 2976 locum
2295 2935 2474 2987 suum,
2509 2919 2576 2974 de
2604 2934 2712 2990 quo
2740 2918 2873 2974 dicit
2901 2935 2914 2972 :
2970 2917 3083 2989 Ego
3114 2918 3167 2972 in
3197 2916 3359 2972 Patre
3382 2961 3395 2987 ,
3440 2926 3488 2971 et
3528 2914 3691 2971 Pater

2088 3012 2143 3066 in
2172 3029 2250 3065 me
2275 3011 2455 3084 (Joan.
2488 3027 2580 3066 xw
2602 3052 2616 3076 ,
2651 3010 2705 3080 1)
2734 3019 2785 3066 et
2817 3024 2911 3065 eos
2959 3017 3179 3080 spernet
3221 3019 3382 3080 atque
3409 3007 3693 3078 despiciet,

2090 3104 2265 3161 donec
2291 3104 2545 3161 deficiant
2572 3104 2623 3158 in
2650 3102 2945 3174 impietate,
2979 3112 3033 3158 et
3054 3109 3299 3173 qumrant
3318 3116 3441 3158 eum
3470 3116 3567 3172 per
3587 3116 3693 3172 pm-

388 3204 515 3245 mnr
542 3190 797 3246 ultorem.
861 3192 962 3247 Pro
1012 3206 1079 3246 eo
1124 3193 1267 3262 quod
1311 3208 1410 3248 nos
1436 3190 1784 3261 exposuimus
1811 3192 1983 3260 Jarib,
2015 3192 2061 3257 C
2092 3198 2376 3253 nitentiam
2420 3212 2451 3251 a
2482 3212 2588 3267 quo
2622 3195 2834 3253 fuerant
2884 3193 3157 3252 derelicli.
3207 3194 3314 3249 Alii
3359 3194 3535 3249 locum
3594 3192 3691 3250 Dei

392 3281 447 3338 id
479 3289 583 3349 est,
616 3283 865 3338 ultorem:
893 3284 984 3339 alii
1017 3285 1164 3341 male
1194 3281 1380 3357 legunt
1403 3301 1558 3340 nam
1588 3300 1683 3355 per
1707 3301 1817 3340 usu
1846 3284 1988 3341 litte-

391 3391 509 3433 ram
538 3418 554 3443 ,
609 3376 754 3447 quod
805 3378 1129 3435 transfertur
1160 3380 1213 3434 in
1245 3380 1451 3450 sylvas:
1508 3378 1651 3434 unde
1678 3387 1731 3434 et
1759 3393 1988 3434 CARIATH

391 3484 567 3538 tanta,
607 3472 998 3543 interpretatur
1033 3474 1158 3528 rilla
1186 3475 1467 3545 sylvarunt.

466 3563 645 3634 (Vers.
681 3565 793 3634 M.)
840 3566 1098 3630 Quoniam
1146 3582 1237 3637 ego
1288 3567 1437 3637 quasi
1477 3566 1637 3621 lewna
1679 3564 1769 3637 (V.
1802 3564 1987 3637 letena)

395 3653 675 3725 Ephraim,
707 3665 755 3712 et
778 3658 926 3729 quasi
955 3658 1157 3713 catulus
1198 3658 1362 3713 leonis
1406 3658 1579 3712 domui
1607 3657 1772 3711 Juda.
1804 3656 1946 3712 LXX
1975 3675 1986 3710 :

400 3747 534 3816 Quia
562 3766 652 3821 ego
681 3767 796 3805 sum
831 3752 982 3822 quasi
1012 3750 1234 3822 pautlter
1262 3751 1539 3823 Ephraim,
1586 3762 1632 3805 et
1658 3751 1808 3821 quasi
1836 3752 1913 3805 leo
1936 3751 1990 3804 in

398 3842 548 3896 domo
577 3842 741 3899 Juda.
797 3843 907 3899 lllis
939 3845 1193 3900 euntibus
1225 3844 1292 3899 ad
1323 3850 1515 3909 Assur,
1564 3853 1618 3899 et
1654 3844 1991 3900 mittentibus

397 3936 465 3991 ad
491 3952 675 4008 regem
706 3938 997 4004 vindicem,
1027 3938 1110 3994 vel
1137 3938 1387 4001 ultorem,
1419 3937 1509 4009 qui
1537 3953 1631 3992 eos
1662 3953 1857 3995 sanare
1884 3954 1989 3993 non

399 4033 596 4102 poterit
622 4047 635 4098 ;
671 4046 771 4088 nec
799 4033 1013 4089 solvere
1042 4032 1313 4089 vinculum
1344 4032 1680 4104 colligatum,
1710 4033 1989 4088 ostendam

398 4124 542 4195 quod
596 4140 682 4181 me
730 4125 1057 4181 adversante
1107 4142 1268 4183 omne
1306 4126 1585 4180 hominum
1614 4125 1870 4181 auxilium
1902 4141 1993 4179 va-

398 4231 526 4272 num
569 4218 675 4273 sit:
718 4235 813 4273 ero
859 4219 1005 4275 enim
1054 4221 1207 4291 quasi
1238 4221 1411 4276 leaena
1439 4219 1725 4291 Ephraim,
1755 4232 1808 4276 et
1838 4221 1992 4291 quasi

396 4309 605 4366 catulus
632 4310 806 4366 leonis
824 4311 1005 4366 domui
1033 4312 1187 4368 Juda.
1205 4311 1311 4367 Pro
1338 4312 1532 4379 leaena,
1556 4312 1700 4383 quod
1727 4312 1993 4369 Hebraice

400 4402 602 4459 dicitur
626 4404 654 4444 ι)
685 4420 854 4461 SOIIEL
886 4390 1053 4479 (ἥττω)
1079 4447 1095 4474 ,
1128 4407 1483 4478 Septuaginta
1516 4408 1853 4478 interpretati
1886 4410 1995 4466 sint

400 4499 701 4569 pantherem
724 4540 738 4566 ,
790 4515 907 4569 qua:
935 4500 1123 4557 Grazce
1165 4501 1419 4559 similiter
1459 4501 1661 4558 dicitur
1697 4512 1751 4559 et
1780 4504 1991 4572 Latine,

2093 3291 2289 3346 etelum
2345 3298 2577 3360 putant;
2629 3304 2735 3359 quo
2788 3288 3027 3343 offensus
3074 3286 3221 3343 Deus
3270 3286 3339 3342 ab
3386 3287 3471 3341 his
3496 3286 3587 3357 qui
3634 3286 3687 3342 in

2091 3393 2239 3440 terra
2267 3383 2511 3439 habitant
2535 3389 2862 3449 revertatur,
2891 3390 2946 3437 et
2975 3396 3069 3437 eos
3096 3380 3259 3437 faciet
3281 3379 3571 3451 disperire,
3596 3380 3689 3450 qui

2091 3476 2576 3533 clementissimum
2608 3474 2901 3530 Dominum
2946 3472 3318 3545 magnitudine
3348 3480 3691 3543 peccatorum

2092 3567 2147 3623 in
2181 3568 2418 3625 ferarum
2451 3567 2553 3623 sibi
2582 3566 2791 3623 rabiem
2823 3573 3228 3646 converterunt.

2172 3661 2327 3735 (Cap.
2354 3659 2703 3715 Vl.—-V’ers.
2728 3659 2780 3726 l,
2800 3657 2883 3729 2.)
2928 3658 2999 3713 In
3042 3657 3370 3713 tribulatione
3404 3674 3499 3713 sua
3541 3673 3692 3715 mane

2094 3765 2405 3829 consurgent
2439 3755 2507 3810 ad
2534 3770 2653 3809 me:
2685 3754 2851 3808 venite
2871 3762 2920 3809 et
2950 3763 3268 3807 revertantur
3289 3752 3357 3805 ad
3383 3751 3690 3822 Dominum,

2094 3850 2215 3920 quia
2238 3849 2346 3920 ipse
2369 3848 2522 3920 cepit,
2553 3856 2599 3901 et
2624 3847 2829 3901 sanabit
2846 3861 2973 3902 nos:
2996 3846 3245 3917 percutiet
3269 3854 3316 3900 et
3343 3846 3541 3900 curabit
3560 3863 3694 3914 nos;

2095 3939 2371 4009 viviﬁcabit
2404 3957 2495 3994 nos
2519 3948 2631 4011 post
2658 3940 2787 3993 duos
2818 3939 2956 4005 dies,
2985 3946 3033 3993 et
3068 3939 3119 3993 in
3142 3939 3225 3993 die
3255 3940 3401 3993 tertio
3428 3939 3694 3994 suscitabit

2094 4042 2141 4086 et
2185 4033 2408 4087 vivemus
2452 4033 2505 4085 in
2544 4040 2818 4103 conspectu
2861 4020 3254 4105 ejus:sciemus
3291 4049 3692 4104 sequemurque,

2094 4135 2149 4181 ut
2180 4142 2549 4200 cognoscamus
2578 4123 2880 4181 Dominum.
2931 4124 3106 4180 LXX:
3140 4124 3209 4179 In
3244 4124 3576 4179 tribulatione
3601 4142 3696 4179 sua

2095 4236 2245 4273 mane
2284 4219 2569 4290 vigilabant
2608 4218 2677 4271 ad
2719 4235 2798 4273 me
2822 4261 2837 4287 ,
2888 4219 3145 4273 dicentes:
3192 4235 3369 4274 eamus
3399 4226 3448 4273 et
3476 4227 3698 4274 reuerta-

2095 4328 2212 4366 ntur
2238 4312 2305 4366 ad
2347 4310 2634 4367 Dominum
2672 4308 2844 4367 Deum
2886 4318 3153 4366 nostrum:
3190 4311 3311 4381 quia
3332 4312 3437 4383 ipse
3464 4310 3699 4367 verbera-

2096 4406 2197 4475 bit,
2250 4416 2295 4462 et
2338 4407 2541 4462 sanabit
2569 4423 2698 4461 nos:
2748 4407 3021 4478 percutiet,
3055 4412 3101 4460 et
3133 4404 3333 4459 curabit
3362 4420 3498 4459 nos:
3544 4422 3698 4461 sanas

2094 4516 2186 4555 nos
2233 4500 2383 4571 faciet
2438 4507 2552 4570 post
2606 4500 2713 4554 dies
2761 4500 2890 4553 duos
2920 4514 2938 4551 :
2989 4499 3041 4553 in
3084 4498 3236 4552 tertio
3287 4514 3613 4572 resurgemus
3649 4507 3699 4554 et

400 4598 459 4647 et
487 4597 599 4644 tam
642 4606 841 4647 nomen
883 4590 1072 4647 bestiae
1098 4610 1258 4664 quam
1284 4594 1461 4650 omnis
1489 4595 1659 4651 bestia
1689 4597 1860 4667 accipi
1891 4613 1989 4667 po-
2018 4589 2072 4650 D
2094 4594 2200 4665 ει
2242 4594 2461 4647 vivemus
2487 4608 2666 4647 coram
2694 4608 2774 4660 eo,
2804 4600 2852 4647 et
2876 4592 3119 4658 sciemus,
3146 4598 3196 4646 et
3219 4607 3603 4662 persequemur,
3637 4600 3696 4646 ut

400 4689 543 4737 test:
575 4690 633 4736 ut
667 4680 925 4751 quidquid
971 4697 1175 4739 saivum
1213 4685 1266 4741 in
1293 4687 1482 4742 bestiis
1510 4697 1591 4743 est
1616 4730 1631 4754 ,
1667 4688 1772 4743 hoc
1818 4689 1869 4743 in
1900 4689 1995 4744 Dei

403 4771 777 4845 indignatione
807 4789 1123 4845 cognoscas.
1148 4776 1291 4832 Nihil
1326 4780 1592 4849 panthere
1619 4781 1882 4848 velocius,
1915 4781 2000 4836 ni-

401 4864 480 4921 hil
519 4865 679 4922 leone
736 4866 958 4923 fortius:
1011 4868 1064 4923 in
1111 4870 1377 4940 panthere
1423 4873 1580 4928 velox
1618 4888 1715 4943 per
1745 4874 1998 4945 Assyrios

410 4968 432 4997 ε
472 4958 625 5028 regni
661 4959 923 5015 Samaria:
959 4960 1291 5031 significatur
1323 4963 1612 5031 interitus;
1664 4973 1719 5020 et
1751 4967 1805 5020 in
1843 4967 2000 5023 leone

405 5048 758 5107 fortissimum
808 5063 995 5108 contra
1025 5053 1327 5110 Jerusalem
1377 5065 1431 5111 et
1478 5056 1672 5113 Judam
1721 5057 2001 5129 aliquanto

406 5153 530 5215 post
581 5154 828 5214 tempore
870 5161 1098 5219 regnum
1130 5146 1441 5204 ostenditur
1479 5146 1883 5207 Chaldaeorum.
1938 5152 2005 5207 Et

409 5236 535 5307 quia
565 5237 793 5294 leaenam
825 5238 940 5295 sive
968 5238 1307 5311 pantherem,
1338 5251 1390 5298 et
1419 5242 1635 5299 leonem
1665 5260 1724 5300 se
1759 5259 1878 5301 esse
1920 5244 2005 5300 di-

408 5339 583 5402 xerat,
613 5332 984 5403 metaphoram
1010 5343 1211 5402 servat,
1255 5343 1310 5390 et
1349 5334 1518 5390 dicit:

481 5423 661 5496 (Vers.
691 5426 809 5498 15.)
843 5425 959 5501 Ego
987 5445 1078 5501 ego
1106 5428 1308 5500 capiam
1334 5436 1380 5483 et
1406 5430 1590 5485 tradam
1612 5471 1628 5498 ,
1670 5439 1718 5486 et
1748 5430 1931 5488 tollam
1955 5443 2005 5489 et

410 5533 515 5575 non
561 5527 637 5576 est
665 5519 755 5592 qui
798 5530 985 5577 eruat:
1032 5523 1223 5579 cadens
1271 5533 1496 5580 revertar
1539 5524 1607 5580 ad
1636 5526 1807 5583 locum
1834 5544 2005 5584 meum

485 5734 511 5805 _“
539 5730 715 5805 iidem,
738 5744 871 5789 mss.
901 5745 1077 5805 ustor:
1106 5732 1307 5805 legunt.

482 5796 512 5838 δ
538 5803 723 5862 Nostri
750 5818 883 5861 mss.
904 5803 1122 5862 codices
1150 5796 1338 5864 ἔθεσι..

2102 4700 2468 4758 cognoscamus
2491 4682 2791 4738 Dominum.
2824 4681 2952 4738 ldeo
2983 4682 3129 4738 Deus
3164 4681 3387 4738 tradidit
3437 4682 3695 4754 Ephraim

2104 4787 2161 4834 et
2188 4777 2384 4833 Judam
2415 4774 2741 4847 captivitati,
2768 4782 2825 4832 et
2852 4775 3034 4831 nullus
3061 4782 3145 4831 est
3172 4775 3262 4846 qui
3290 4774 3359 4831 de
3388 4790 3551 4832 manu
3581 4775 3701 4845 ejus

2105 4870 2283 4941 possit
2311 4870 2550 4940 eripere,
2577 4876 2634 4924 et
2661 4877 2969 4925 revertetur
2997 4868 3062 4924 ad
3093 4869 3275 4924 locum
3317 4883 3474 4925 suum
3524 4868 3706 4926 donec

2106 4963 2381 5033 deficiant,
2406 4972 2463 5019 et
2484 4972 2730 5033 quaerant
2759 4963 2949 5019 faciem
2981 4963 3121 5034 ejus,
3144 4970 3373 5034 utquem
3409 4963 3699 5035 propitium

2112 5066 2552 5129 praesentemque
2593 5071 2701 5112 non
2753 5062 3061 5126 senserant,
3110 5056 3312 5111 iratum
3340 5054 3702 5111 etabsentem

2108 5153 2411 5222 requirant,
2445 5159 2500 5206 et
2542 5150 2594 5205 in
2645 5148 3001 5206 tribulatione
3044 5163 3165 5216 sua,
3202 5157 3328 5205 orto
3357 5145 3440 5204 eis
3486 5147 3706 5203 lumine

2107 5243 2469 5315 pmuitentim,
2525 5258 2685 5298 mane
2737 5252 3077 5313 consurgant
3111 5242 3180 5297 ad
3204 5257 3353 5308 eum,
3380 5241 3538 5310 juxta
3568 5240 3704 5297 illud

2106 5337 2251 5410 quod
2283 5338 2334 5393 itt
2371 5336 2754 5408 lsaialegimus
2774 5352 2794 5392 :
2817 5335 2886 5391 In
2915 5334 3265 5401 tribulatione,
3293 5330 3506 5389 Domini
3526 5350 3703 5391 recor-

2108 5434 2263 5490 datus
2294 5450 2409 5491 sum
2437 5430 2573 5507 (Isa.
2607 5434 2755 5501 xxvi,
2807 5447 2907 5487 sec.
2941 5429 3133 5502 LXX).
3167 5429 3239 5486 Et
3267 5430 3320 5485 in
3352 5430 3534 5501 primo
3578 5447 3711 5503 grav

2105 5529 2273 5588 duum
2304 5528 2516 5602 psalmo
2545 5544 2565 5586 :
2598 5528 2680 5583 Ad
2710 5526 2997 5583 Dominum
3022 5542 3139 5582 cum
3160 5525 3442 5585 tribularer
3462 5526 3710 5598 clamavi,

2192 5748 2215 5776 ο
2243 5734 2397 5805 Quod
2434 5732 2773 5793 restituimus
2801 5732 3061 5789 Samaria
3103 5746 3300 5791 nomen
3338 5744 3407 5791 ex
3435 5745 3567 5793 mss.
3599 5732 3715 5791 edi-

2117 5810 2295 5881 tisque
2318 5807 2474 5867 libris
2497 5846 2515 5876 ,
2556 5807 2901 5865 Martianaeus
2926 5815 3280 5878 expunxerat.
