  <div class='ocr_page' id='page_1' title='image "/cluster/home/n/w/nwhite01/storage/ocr_20150623/25/hvd.32044015471394/441.png"; bbox 0 0 4150 6346; ppageno 0'>
   <div class='ocr_carea' id='block_1_1' title="bbox 505 262 613 322">
    <p class='ocr_par' dir='ltr' id='par_1_1' title="bbox 505 262 613 322">
     <span class='ocr_line' id='line_1_1' title="bbox 505 262 613 322; baseline -0.019 0"><span class='ocrx_word' id='word_1_1' title='bbox 505 262 613 322; x_wconf 76' lang='lat'><strong>867</strong></span> 
     </span>
    </p>
   </div>
   <div class='ocr_carea' id='block_1_2' title="bbox 1747 255 2570 332">
    <p class='ocr_par' dir='ltr' id='par_1_2' title="bbox 1747 255 2570 332">
     <span class='ocr_line' id='line_1_2' title="bbox 1747 255 2570 332; baseline 0 -11"><span class='ocrx_word' id='word_1_2' title='bbox 1747 264 1805 326; x_wconf 61' lang='grc' dir='ltr'><strong>ὃς</strong></span> <span class='ocrx_word' id='word_1_3' title='bbox 1848 255 2118 327; x_wconf 77' lang='lat' dir='ltr'><strong>EUSEBII</strong></span> <span class='ocrx_word' id='word_1_4' title='bbox 2154 260 2547 323; x_wconf 78' lang='lat' dir='ltr'><strong>HIEBONYMI</strong></span> <span class='ocrx_word' id='word_1_5' title='bbox 2567 329 2570 332; x_wconf 36' lang='grc'>,</span> 
     </span>
    </p>
   </div>
   <div class='ocr_carea' id='block_1_3' title="bbox 3697 268 3808 329">
    <p class='ocr_par' dir='ltr' id='par_1_3' title="bbox 3697 268 3808 329">
     <span class='ocr_line' id='line_1_3' title="bbox 3697 268 3808 329; baseline 0 0"><span class='ocrx_word' id='word_1_6' title='bbox 3697 268 3808 329; x_wconf 78' lang='lat'><strong>868</strong></span> 
     </span>
    </p>
   </div>
   <div class='ocr_carea' id='block_1_4' title="bbox 503 376 3807 455">
    <p class='ocr_par' dir='ltr' id='par_1_4' title="bbox 503 376 3807 455">
     <span class='ocr_line' id='line_1_4' title="bbox 503 376 3807 455; baseline 0 -17"><span class='ocrx_word' id='word_1_7' title='bbox 503 393 553 438; x_wconf 87' lang='lat' dir='ltr'><strong>et</strong></span> <span class='ocrx_word' id='word_1_8' title='bbox 598 379 863 436; x_wconf 75' lang='lat' dir='ltr'><strong>exaudivit</strong></span> <span class='ocrx_word' id='word_1_9' title='bbox 911 396 992 435; x_wconf 86' lang='lat' dir='ltr'><strong>me</strong></span> <span class='ocrx_word' id='word_1_10' title='bbox 1026 378 1143 452; x_wconf 84' lang='lat' dir='ltr'><strong>(Ps.</strong></span> <span class='ocrx_word' id='word_1_11' title='bbox 1173 393 1322 445; x_wconf 74' lang='lat' dir='ltr'><strong>cxtx,</strong></span> <span class='ocrx_word' id='word_1_12' title='bbox 1348 376 1412 449; x_wconf 80' lang='grc' dir='ltr'><strong>ι),</strong></span> <span class='ocrx_word' id='word_1_13' title='bbox 1436 377 1686 448; x_wconf 87' lang='lat' dir='ltr'><strong>Cumque</strong></span> <span class='ocrx_word' id='word_1_14' title='bbox 1713 377 1781 433; x_wconf 89' lang='lat' dir='ltr'><strong>ad</strong></span> <span class='ocrx_word' id='word_1_15' title='bbox 1804 377 2096 434; x_wconf 88' lang='lat' dir='ltr'><strong>Dominum</strong></span> <span class='ocrx_word' id='word_1_16' title='bbox 2127 379 2181 439; x_wconf 79' lang='grc' dir='ltr'>Α</span> <span class='ocrx_word' id='word_1_17' title='bbox 2207 376 2478 434; x_wconf 91' lang='lat' dir='ltr'><strong>illuminet</strong></span> <span class='ocrx_word' id='word_1_18' title='bbox 2508 379 2837 435; x_wconf 82' lang='lat' dir='ltr'><strong>caecitatem.</strong></span> <span class='ocrx_word' id='word_1_19' title='bbox 2871 379 2939 437; x_wconf 87' lang='lat' dir='ltr'><strong>Et</strong></span> <span class='ocrx_word' id='word_1_20' title='bbox 2965 378 3212 453; x_wconf 88' lang='lat' dir='ltr'><strong>pulchre,</strong></span> <span class='ocrx_word' id='word_1_21' title='bbox 3237 388 3566 455; x_wconf 63' lang='lat' dir='ltr'><strong>preparatus</strong></span> <span class='ocrx_word' id='word_1_22' title='bbox 3591 391 3689 450; x_wconf 88' lang='lat' dir='ltr'><strong>est,</strong></span> <span class='ocrx_word' id='word_1_23' title='bbox 3718 387 3773 440; x_wconf 89' lang='lat' dir='ltr'><strong>in</strong></span> <span class='ocrx_word' id='word_1_24' title='bbox 3792 416 3807 425; x_wconf 72' lang='grc' dir='ltr'><strong><em>ο</em></strong></span> 
     </span>
    </p>
   </div>
   <div class='ocr_carea' id='block_1_5' title="bbox 502 471 2103 543">
    <p class='ocr_par' dir='ltr' id='par_1_5' title="bbox 502 471 2103 543">
     <span class='ocr_line' id='line_1_5' title="bbox 502 471 2103 543; baseline -0.004 -13"><span class='ocrx_word' id='word_1_25' title='bbox 502 488 666 530; x_wconf 85' lang='lat' dir='ltr'><strong>mane</strong></span> <span class='ocrx_word' id='word_1_26' title='bbox 689 472 1053 539; x_wconf 78' lang='lat' dir='ltr'><strong>surrexerint,</strong></span> <span class='ocrx_word' id='word_1_27' title='bbox 1083 473 1212 541; x_wconf 85' lang='lat' dir='ltr'><strong>quid</strong></span> <span class='ocrx_word' id='word_1_28' title='bbox 1238 472 1569 543; x_wconf 80' lang='lat' dir='ltr'><strong>loquentur?</strong></span> <span class='ocrx_word' id='word_1_29' title='bbox 1610 471 1786 531; x_wconf 87' lang='lat' dir='ltr'><strong>Venite</strong></span> <span class='ocrx_word' id='word_1_30' title='bbox 1809 480 1857 526; x_wconf 89' lang='lat' dir='ltr'><strong>et</strong></span> <span class='ocrx_word' id='word_1_31' title='bbox 1878 483 2103 526; x_wconf 80' lang='lat' dir='ltr'><strong>reverta-</strong></span> 
     </span>
    </p>
   </div>
   <div class='ocr_carea' id='block_1_6' title="bbox 500 564 2098 636">
    <p class='ocr_par' dir='ltr' id='par_1_6' title="bbox 500 564 2098 636">
     <span class='ocr_line' id='line_1_6' title="bbox 500 564 2098 636; baseline 0 -16"><span class='ocrx_word' id='word_1_32' title='bbox 500 582 617 621; x_wconf 85' lang='lat' dir='ltr'><strong>mur</strong></span> <span class='ocrx_word' id='word_1_33' title='bbox 639 567 707 621; x_wconf 91' lang='lat' dir='ltr'><strong>ad</strong></span> <span class='ocrx_word' id='word_1_34' title='bbox 727 564 1030 621; x_wconf 84' lang='lat' dir='ltr'><strong>Dominum.</strong></span> <span class='ocrx_word' id='word_1_35' title='bbox 1060 565 1180 623; x_wconf 82' lang='lat' dir='ltr'><strong>Non</strong></span> <span class='ocrx_word' id='word_1_36' title='bbox 1206 574 1334 625; x_wconf 87' lang='lat' dir='ltr'><strong>sunt</strong></span> <span class='ocrx_word' id='word_1_37' title='bbox 1364 568 1579 636; x_wconf 87' lang='lat' dir='ltr'><strong>propria</strong></span> <span class='ocrx_word' id='word_1_38' title='bbox 1609 565 1789 621; x_wconf 89' lang='lat' dir='ltr'><strong>salute</strong></span> <span class='ocrx_word' id='word_1_39' title='bbox 1831 565 2098 631; x_wconf 86' lang='lat' dir='ltr'><strong>contenti,</strong></span> 
     </span>
    </p>
   </div>
   <div class='ocr_carea' id='block_1_7' title="bbox 503 660 2100 729">
    <p class='ocr_par' dir='ltr' id='par_1_7' title="bbox 503 660 2100 729">
     <span class='ocr_line' id='line_1_7' title="bbox 503 660 2100 729; baseline -0.001 -12"><span class='ocrx_word' id='word_1_40' title='bbox 503 660 599 717; x_wconf 87' lang='lat' dir='ltr'><strong>sed</strong></span> <span class='ocrx_word' id='word_1_41' title='bbox 616 674 679 717; x_wconf 88' lang='lat' dir='ltr'><strong>se</strong></span> <span class='ocrx_word' id='word_1_42' title='bbox 701 670 892 717; x_wconf 89' lang='lat' dir='ltr'><strong>mutuo</strong></span> <span class='ocrx_word' id='word_1_43' title='bbox 922 671 1242 729; x_wconf 86' lang='lat' dir='ltr'><strong>provocant,</strong></span> <span class='ocrx_word' id='word_1_44' title='bbox 1270 672 1326 721; x_wconf 89' lang='lat' dir='ltr'><strong>ut</strong></span> <span class='ocrx_word' id='word_1_45' title='bbox 1353 671 1703 719; x_wconf 89' lang='lat' dir='ltr'><strong>revertantur</strong></span> <span class='ocrx_word' id='word_1_46' title='bbox 1716 661 1784 723; x_wconf 88' lang='lat' dir='ltr'><strong>ad</strong></span> <span class='ocrx_word' id='word_1_47' title='bbox 1808 661 2100 723; x_wconf 86' lang='lat' dir='ltr'><strong>Dominum</strong></span> 
     </span>
    </p>
   </div>
   <div class='ocr_carea' id='block_1_8' title="bbox 499 754 2099 827">
    <p class='ocr_par' dir='ltr' id='par_1_8' title="bbox 499 754 2099 827">
     <span class='ocr_line' id='line_1_8' title="bbox 499 754 2099 827; baseline 0.003 -19"><span class='ocrx_word' id='word_1_48' title='bbox 499 770 663 824; x_wconf 84' lang='lat' dir='ltr'><strong>quem</strong></span> <span class='ocrx_word' id='word_1_49' title='bbox 703 754 1066 825; x_wconf 81' lang='lat' dir='ltr'><strong>reliqueram,</strong></span> <span class='ocrx_word' id='word_1_50' title='bbox 1100 770 1260 825; x_wconf 84' lang='lat' dir='ltr'><strong>quem</strong></span> <span class='ocrx_word' id='word_1_51' title='bbox 1296 765 1519 826; x_wconf 81' lang='lat' dir='ltr'><strong>propter</strong></span> <span class='ocrx_word' id='word_1_52' title='bbox 1564 766 1785 827; x_wconf 89' lang='lat' dir='ltr'><strong>peccata</strong></span> <span class='ocrx_word' id='word_1_53' title='bbox 1836 756 2099 815; x_wconf 85' lang='lat' dir='ltr'><strong>deserue-</strong></span> 
     </span>
    </p>
   </div>
   <div class='ocr_carea' id='block_1_9' title="bbox 493 848 2098 920">
    <p class='ocr_par' dir='ltr' id='par_1_9' title="bbox 493 848 2098 920">
     <span class='ocr_line' id='line_1_9' title="bbox 493 848 2098 920; baseline 0 -17"><span class='ocrx_word' id='word_1_54' title='bbox 493 858 639 907; x_wconf 80' lang='lat' dir='ltr'><strong>rant.</strong></span> <span class='ocrx_word' id='word_1_55' title='bbox 671 863 700 901; x_wconf 89' lang='lat' dir='ltr'><strong>a</strong></span> <span class='ocrx_word' id='word_1_56' title='bbox 725 862 833 917; x_wconf 89' lang='lat' dir='ltr'><strong>quo</strong></span> <span class='ocrx_word' id='word_1_57' title='bbox 871 848 1087 904; x_wconf 81' lang='lat' dir='ltr'><strong>fuerant</strong></span> <span class='ocrx_word' id='word_1_58' title='bbox 1112 849 1383 909; x_wconf 89' lang='lat' dir='ltr'><strong>derelicti.</strong></span> <span class='ocrx_word' id='word_1_59' title='bbox 1412 848 1549 915; x_wconf 85' lang='lat' dir='ltr'><strong>Quia</strong></span> <span class='ocrx_word' id='word_1_60' title='bbox 1578 849 1690 920; x_wconf 87' lang='lat' dir='ltr'><strong>ipse</strong></span> <span class='ocrx_word' id='word_1_61' title='bbox 1713 850 1872 919; x_wconf 85' lang='lat' dir='ltr'><strong>cepit,</strong></span> <span class='ocrx_word' id='word_1_62' title='bbox 1922 860 1972 903; x_wconf 91' lang='lat' dir='ltr'><strong>et</strong></span> <span class='ocrx_word' id='word_1_63' title='bbox 2010 865 2098 903; x_wconf 87' lang='lat' dir='ltr'><strong>sa-</strong></span> 
     </span>
    </p>
   </div>
   <div class='ocr_carea' id='block_1_10' title="bbox 496 938 2098 1013">
    <p class='ocr_par' dir='ltr' id='par_1_10' title="bbox 496 938 2098 1013">
     <span class='ocr_line' id='line_1_10' title="bbox 496 938 2098 1013; baseline 0 -19"><span class='ocrx_word' id='word_1_64' title='bbox 496 938 638 994; x_wconf 87' lang='lat' dir='ltr'><strong>nabit</strong></span> <span class='ocrx_word' id='word_1_65' title='bbox 694 955 788 994; x_wconf 88' lang='lat' dir='ltr'><strong>nos</strong></span> <span class='ocrx_word' id='word_1_66' title='bbox 818 955 838 994; x_wconf 91' lang='lat'><strong><em>:</em></strong></span> <span class='ocrx_word' id='word_1_67' title='bbox 866 941 955 1010; x_wconf 85' lang='lat' dir='ltr'><strong>qui</strong></span> <span class='ocrx_word' id='word_1_68' title='bbox 995 957 1159 1011; x_wconf 85' lang='lat' dir='ltr'><strong>supra</strong></span> <span class='ocrx_word' id='word_1_69' title='bbox 1203 940 1418 996; x_wconf 78' lang='lat' dir='ltr'><strong>dixerat</strong></span> <span class='ocrx_word' id='word_1_70' title='bbox 1445 958 1459 996; x_wconf 88' lang='lat'>:</span> <span class='ocrx_word' id='word_1_71' title='bbox 1494 941 1607 1013; x_wconf 84' lang='lat' dir='ltr'><strong>Ego</strong></span> <span class='ocrx_word' id='word_1_72' title='bbox 1637 958 1731 1013; x_wconf 85' lang='lat' dir='ltr'><strong>ego</strong></span> <span class='ocrx_word' id='word_1_73' title='bbox 1760 942 1969 1013; x_wconf 88' lang='lat' dir='ltr'><strong>capiam</strong></span> <span class='ocrx_word' id='word_1_74' title='bbox 1995 950 2023 978; x_wconf 74' lang='grc' dir='ltr'><strong>ει</strong></span> <span class='ocrx_word' id='word_1_75' title='bbox 2052 950 2098 995; x_wconf 89' lang='lat' dir='ltr'><strong>et</strong></span> 
     </span>
    </p>
   </div>
   <div class='ocr_carea' id='block_1_11' title="bbox 493 1032 2099 1105">
    <p class='ocr_par' dir='ltr' id='par_1_11' title="bbox 493 1032 2099 1105">
     <span class='ocr_line' id='line_1_11' title="bbox 493 1032 2099 1105; baseline 0.002 -19"><span class='ocrx_word' id='word_1_76' title='bbox 493 1032 705 1099; x_wconf 89' lang='lat' dir='ltr'><strong>vadam,</strong></span> <span class='ocrx_word' id='word_1_77' title='bbox 737 1034 1025 1102; x_wconf 82' lang='lat' dir='ltr'><strong>percutiet,</strong></span> <span class='ocrx_word' id='word_1_78' title='bbox 1051 1044 1107 1089; x_wconf 92' lang='lat' dir='ltr'><strong>et</strong></span> <span class='ocrx_word' id='word_1_79' title='bbox 1133 1034 1346 1091; x_wconf 82' lang='lat' dir='ltr'><strong>curabit</strong></span> <span class='ocrx_word' id='word_1_80' title='bbox 1371 1050 1491 1090; x_wconf 89' lang='lat' dir='ltr'><strong>nos.</strong></span> <span class='ocrx_word' id='word_1_81' title='bbox 1538 1036 1645 1092; x_wconf 89' lang='lat' dir='ltr'><strong>Pro</strong></span> <span class='ocrx_word' id='word_1_82' title='bbox 1675 1052 1741 1091; x_wconf 93' lang='lat' dir='ltr'><strong>eo</strong></span> <span class='ocrx_word' id='word_1_83' title='bbox 1780 1036 1926 1105; x_wconf 90' lang='lat' dir='ltr'><strong>quod</strong></span> <span class='ocrx_word' id='word_1_84' title='bbox 1956 1036 2099 1091; x_wconf 80' lang='lat' dir='ltr'><strong>dixi-</strong></span> 
     </span>
    </p>
   </div>
   <div class='ocr_carea' id='block_1_12' title="bbox 494 1123 2102 1202">
    <p class='ocr_par' dir='ltr' id='par_1_12' title="bbox 494 1123 2102 1202">
     <span class='ocr_line' id='line_1_12' title="bbox 494 1123 2102 1202; baseline 0.001 -20"><span class='ocrx_word' id='word_1_85' title='bbox 494 1139 640 1190; x_wconf 87' lang='lat' dir='ltr'><strong>mus,</strong></span> <span class='ocrx_word' id='word_1_86' title='bbox 668 1123 895 1190; x_wconf 75' lang='lat' dir='ltr'><strong>curabit,</strong></span> <span class='ocrx_word' id='word_1_87' title='bbox 927 1141 1121 1182; x_wconf 81' lang='lat' dir='ltr'><strong>omnes</strong></span> <span class='ocrx_word' id='word_1_88' title='bbox 1147 1126 1403 1182; x_wconf 77' lang='lat' dir='ltr'><strong>similiter</strong></span> <span class='ocrx_word' id='word_1_89' title='bbox 1426 1129 1854 1193; x_wconf 88' lang='lat' dir='ltr'><strong>transtulerunt,</strong></span> <span class='ocrx_word' id='word_1_90' title='bbox 1874 1131 2102 1202; x_wconf 78' lang='grc' dir='ltr'><strong>μοτώσει</strong></span> 
     </span>
    </p>
   </div>
   <div class='ocr_carea' id='block_1_13' title="bbox 492 1219 2099 1293">
    <p class='ocr_par' dir='ltr' id='par_1_13' title="bbox 492 1219 2099 1293">
     <span class='ocr_line' id='line_1_13' title="bbox 492 1219 2099 1293; baseline 0.002 -20"><span class='ocrx_word' id='word_1_91' title='bbox 492 1219 717 1289; x_wconf 84' lang='lat' dir='ltr'><strong>proprie</strong></span> <span class='ocrx_word' id='word_1_92' title='bbox 741 1229 923 1274; x_wconf 88' lang='lat' dir='ltr'><strong>autem</strong></span> <span class='ocrx_word' id='word_1_93' title='bbox 950 1219 1084 1291; x_wconf 83' lang='grc' dir='ltr'><strong>μὸτα</strong></span> <span class='ocrx_word' id='word_1_94' title='bbox 1106 1220 1681 1290; x_wconf 87' lang='lat' dir='ltr'><strong>appellanturlinteola</strong></span> <span class='ocrx_word' id='word_1_95' title='bbox 1699 1238 1823 1293; x_wconf 71' lang='lat' dir='ltr'><strong>quae</strong></span> <span class='ocrx_word' id='word_1_96' title='bbox 1847 1224 2099 1277; x_wconf 86' lang='lat' dir='ltr'><strong>inserun-</strong></span> 
     </span>
    </p>
   </div>
   <div class='ocr_carea' id='block_1_14' title="bbox 502 1314 2098 1389">
    <p class='ocr_par' dir='ltr' id='par_1_14' title="bbox 502 1314 2098 1389">
     <span class='ocr_line' id='line_1_14' title="bbox 502 1314 2098 1389; baseline 0.002 -17"><span class='ocrx_word' id='word_1_97' title='bbox 502 1324 591 1372; x_wconf 91' lang='lat' dir='ltr'><strong>tur</strong></span> <span class='ocrx_word' id='word_1_98' title='bbox 613 1314 721 1387; x_wconf 77' lang='grc' dir='ltr'><strong>[ΑΙ.</strong></span> <span class='ocrx_word' id='word_1_99' title='bbox 757 1314 1105 1389; x_wconf 81' lang='lat' dir='ltr'><strong>inferuntur]</strong></span> <span class='ocrx_word' id='word_1_100' title='bbox 1145 1317 1482 1384; x_wconf 86' lang='lat' dir='ltr'><strong>vulneribus,</strong></span> <span class='ocrx_word' id='word_1_101' title='bbox 1511 1327 1569 1373; x_wconf 87' lang='lat' dir='ltr'><strong>ut</strong></span> <span class='ocrx_word' id='word_1_102' title='bbox 1608 1318 1852 1387; x_wconf 83' lang='lat' dir='ltr'><strong>putridas</strong></span> <span class='ocrx_word' id='word_1_103' title='bbox 1899 1334 2098 1375; x_wconf 84' lang='lat' dir='ltr'><strong>carnes</strong></span> 
     </span>
    </p>
   </div>
   <div class='ocr_carea' id='block_1_15' title="bbox 501 1408 2100 1480">
    <p class='ocr_par' dir='ltr' id='par_1_15' title="bbox 501 1408 2100 1480">
     <span class='ocr_line' id='line_1_15' title="bbox 501 1408 2100 1480; baseline 0 -15"><span class='ocrx_word' id='word_1_104' title='bbox 501 1408 817 1473; x_wconf 87' lang='lat' dir='ltr'><strong>comedant,</strong></span> <span class='ocrx_word' id='word_1_105' title='bbox 844 1419 899 1464; x_wconf 91' lang='lat' dir='ltr'><strong>et</strong></span> <span class='ocrx_word' id='word_1_106' title='bbox 920 1410 1211 1464; x_wconf 83' lang='lat' dir='ltr'><strong>extrahant</strong></span> <span class='ocrx_word' id='word_1_107' title='bbox 1236 1410 1574 1480; x_wconf 83' lang='lat' dir='ltr'><strong>purulentias</strong></span> <span class='ocrx_word' id='word_1_108' title='bbox 1605 1428 1616 1463; x_wconf 94' lang='lat'>:</span> <span class='ocrx_word' id='word_1_109' title='bbox 1648 1411 1897 1480; x_wconf 88' lang='lat' dir='ltr'><strong>artisque</strong></span> <span class='ocrx_word' id='word_1_110' title='bbox 1927 1410 2100 1467; x_wconf 87' lang='lat' dir='ltr'><strong>medi-</strong></span> 
     </span>
    </p>
   </div>
   <div class='ocr_carea' id='block_1_16' title="bbox 496 1506 2093 1577">
    <p class='ocr_par' dir='ltr' id='par_1_16' title="bbox 496 1506 2093 1577">
     <span class='ocr_line' id='line_1_16' title="bbox 496 1506 2093 1577; baseline 0.001 -17"><span class='ocrx_word' id='word_1_111' title='bbox 496 1519 688 1561; x_wconf 90' lang='lat' dir='ltr'><strong>corum</strong></span> <span class='ocrx_word' id='word_1_112' title='bbox 722 1515 806 1560; x_wconf 91' lang='lat' dir='ltr'><strong>est</strong></span> <span class='ocrx_word' id='word_1_113' title='bbox 833 1506 1061 1575; x_wconf 81' lang='lat' dir='ltr'><strong>grandia</strong></span> <span class='ocrx_word' id='word_1_114' title='bbox 1093 1506 1321 1562; x_wconf 79' lang='lat' dir='ltr'><strong>vulnera</strong></span> <span class='ocrx_word' id='word_1_115' title='bbox 1357 1507 1521 1577; x_wconf 83' lang='lat' dir='ltr'><strong>longo</strong></span> <span class='ocrx_word' id='word_1_116' title='bbox 1570 1522 1766 1562; x_wconf 88' lang='lat' dir='ltr'><strong>sanare</strong></span> <span class='ocrx_word' id='word_1_117' title='bbox 1820 1514 2093 1577; x_wconf 87' lang='lat' dir='ltr'><strong>tempore,</strong></span> 
     </span>
    </p>
   </div>
   <div class='ocr_carea' id='block_1_17' title="bbox 491 1595 2096 1669">
    <p class='ocr_par' dir='ltr' id='par_1_17' title="bbox 491 1595 2096 1669">
     <span class='ocr_line' id='line_1_17' title="bbox 491 1595 2096 1669; baseline -0.001 -15"><span class='ocrx_word' id='word_1_118' title='bbox 491 1595 521 1639; x_wconf 63' lang='grc' dir='ltr'>δ</span> <span class='ocrx_word' id='word_1_119' title='bbox 551 1608 608 1654; x_wconf 90' lang='lat' dir='ltr'><strong>et</strong></span> <span class='ocrx_word' id='word_1_120' title='bbox 637 1615 732 1667; x_wconf 89' lang='lat' dir='ltr'><strong>per</strong></span> <span class='ocrx_word' id='word_1_121' title='bbox 757 1599 1005 1656; x_wconf 90' lang='lat' dir='ltr'><strong>dolorem</strong></span> <span class='ocrx_word' id='word_1_122' title='bbox 1032 1601 1266 1657; x_wconf 87' lang='lat' dir='ltr'><strong>reddere</strong></span> <span class='ocrx_word' id='word_1_123' title='bbox 1291 1603 1608 1658; x_wconf 84' lang='lat' dir='ltr'><strong>sanitatem.</strong></span> <span class='ocrx_word' id='word_1_124' title='bbox 1664 1602 1913 1658; x_wconf 88' lang='lat' dir='ltr'><strong>Percutit</strong></span> <span class='ocrx_word' id='word_1_125' title='bbox 1960 1615 2096 1669; x_wconf 84' lang='lat' dir='ltr'><strong>ergo</strong></span> 
     </span>
    </p>
   </div>
   <div class='ocr_carea' id='block_1_18' title="bbox 491 1690 2095 1765">
    <p class='ocr_par' dir='ltr' id='par_1_18' title="bbox 491 1690 2095 1765">
     <span class='ocr_line' id='line_1_18' title="bbox 491 1690 2095 1765; baseline 0 -18"><span class='ocrx_word' id='word_1_126' title='bbox 491 1690 774 1753; x_wconf 87' lang='lat' dir='ltr'><strong>Dominus,</strong></span> <span class='ocrx_word' id='word_1_127' title='bbox 808 1704 862 1746; x_wconf 88' lang='lat' dir='ltr'><strong>et</strong></span> <span class='ocrx_word' id='word_1_128' title='bbox 886 1703 1042 1747; x_wconf 86' lang='lat' dir='ltr'><strong>curat</strong></span> <span class='ocrx_word' id='word_1_129' title='bbox 1073 1709 1211 1749; x_wconf 91' lang='lat' dir='ltr'><strong>nos:</strong></span> <span class='ocrx_word' id='word_1_130' title='bbox 1243 1694 1368 1764; x_wconf 86' lang='lat' dir='ltr'><strong>quia</strong></span> <span class='ocrx_word' id='word_1_131' title='bbox 1400 1710 1563 1764; x_wconf 89' lang='lat' dir='ltr'><strong>quem</strong></span> <span class='ocrx_word' id='word_1_132' title='bbox 1614 1695 1789 1765; x_wconf 89' lang='lat' dir='ltr'><strong>diligit</strong></span> <span class='ocrx_word' id='word_1_133' title='bbox 1836 1693 2095 1749; x_wconf 86' lang='lat' dir='ltr'><strong>Dominus</strong></span> 
     </span>
    </p>
   </div>
   <div class='ocr_carea' id='block_1_19' title="bbox 2205 472 3810 547">
    <p class='ocr_par' dir='ltr' id='par_1_19' title="bbox 2205 472 3810 547">
     <span class='ocr_line' id='line_1_19' title="bbox 2205 472 3810 547; baseline 0.001 -20"><span class='ocrx_word' id='word_1_134' title='bbox 2205 472 2343 542; x_wconf 91' lang='lat' dir='ltr'><strong>quit,</strong></span> <span class='ocrx_word' id='word_1_135' title='bbox 2366 489 2600 543; x_wconf 81' lang='lat' dir='ltr'><strong>egressus</strong></span> <span class='ocrx_word' id='word_1_136' title='bbox 2621 475 2753 544; x_wconf 85' lang='lat' dir='ltr'><strong>ejus.</strong></span> <span class='ocrx_word' id='word_1_137' title='bbox 2783 475 2857 533; x_wconf 90' lang='lat' dir='ltr'><strong>De</strong></span> <span class='ocrx_word' id='word_1_138' title='bbox 2886 488 2994 546; x_wconf 90' lang='lat' dir='ltr'><strong>quo</strong></span> <span class='ocrx_word' id='word_1_139' title='bbox 3015 474 3169 545; x_wconf 79' lang='lat' dir='ltr'><strong>juxta</strong></span> <span class='ocrx_word' id='word_1_140' title='bbox 3193 476 3552 547; x_wconf 89' lang='lat' dir='ltr'><strong>tropologiam</strong></span> <span class='ocrx_word' id='word_1_141' title='bbox 3574 475 3628 531; x_wconf 91' lang='lat' dir='ltr'><strong>in</strong></span> <span class='ocrx_word' id='word_1_142' title='bbox 3657 487 3810 530; x_wconf 82' lang='lat' dir='ltr'><strong>octa-</strong></span> 
     </span>
    </p>
   </div>
   <div class='ocr_carea' id='block_1_20' title="bbox 2206 564 3807 638">
    <p class='ocr_par' dir='ltr' id='par_1_20' title="bbox 2206 564 3807 638">
     <span class='ocr_line' id='line_1_20' title="bbox 2206 564 3807 638; baseline 0.001 -18"><span class='ocrx_word' id='word_1_143' title='bbox 2206 581 2274 621; x_wconf 94' lang='lat' dir='ltr'><strong>vo</strong></span> <span class='ocrx_word' id='word_1_144' title='bbox 2296 564 2512 622; x_wconf 92' lang='lat' dir='ltr'><strong>decimo</strong></span> <span class='ocrx_word' id='word_1_145' title='bbox 2537 568 2749 637; x_wconf 87' lang='lat' dir='ltr'><strong>psalmo</strong></span> <span class='ocrx_word' id='word_1_146' title='bbox 2778 567 3044 638; x_wconf 90' lang='lat' dir='ltr'><strong>legimus:</strong></span> <span class='ocrx_word' id='word_1_147' title='bbox 3068 565 3136 621; x_wconf 89' lang='lat' dir='ltr'><strong>Et</strong></span> <span class='ocrx_word' id='word_1_148' title='bbox 3149 568 3259 637; x_wconf 82' lang='lat' dir='ltr'><strong>ipse</strong></span> <span class='ocrx_word' id='word_1_149' title='bbox 3287 576 3553 637; x_wconf 81' lang='lat' dir='ltr'><strong>tamquam</strong></span> <span class='ocrx_word' id='word_1_150' title='bbox 3582 584 3807 637; x_wconf 82' lang='lat' dir='ltr'><strong>sponsus</strong></span> 
     </span>
    </p>
   </div>
   <div class='ocr_carea' id='block_1_21' title="bbox 2203 659 3807 733">
    <p class='ocr_par' dir='ltr' id='par_1_21' title="bbox 2203 659 3807 733">
     <span class='ocr_line' id='line_1_21' title="bbox 2203 659 3807 733; baseline 0.002 -21"><span class='ocrx_word' id='word_1_151' title='bbox 2203 659 2469 731; x_wconf 79' lang='lat' dir='ltr'><strong>egreditur</strong></span> <span class='ocrx_word' id='word_1_152' title='bbox 2496 660 2559 714; x_wconf 90' lang='lat' dir='ltr'><strong>de</strong></span> <span class='ocrx_word' id='word_1_153' title='bbox 2588 660 2822 716; x_wconf 79' lang='lat' dir='ltr'><strong>thalamo</strong></span> <span class='ocrx_word' id='word_1_154' title='bbox 2842 678 2937 718; x_wconf 88' lang='lat' dir='ltr'><strong>suo</strong></span> <span class='ocrx_word' id='word_1_155' title='bbox 2969 659 3090 733; x_wconf 83' lang='lat' dir='ltr'><strong>(Ps.</strong></span> <span class='ocrx_word' id='word_1_156' title='bbox 3122 676 3276 720; x_wconf 78' lang='lat' dir='ltr'><strong>xvm.</strong></span> <span class='ocrx_word' id='word_1_157' title='bbox 3310 660 3388 732; x_wconf 75' lang='grc' dir='ltr'><strong>ὁ).</strong></span> <span class='ocrx_word' id='word_1_158' title='bbox 3423 660 3526 730; x_wconf 87' lang='lat' dir='ltr'><strong>Qui</strong></span> <span class='ocrx_word' id='word_1_159' title='bbox 3551 675 3660 716; x_wconf 90' lang='lat' dir='ltr'><strong>non</strong></span> <span class='ocrx_word' id='word_1_160' title='bbox 3708 676 3807 716; x_wconf 89' lang='lat' dir='ltr'><strong>so-</strong></span> 
     </span>
    </p>
   </div>
   <div class='ocr_carea' id='block_1_22' title="bbox 2206 750 3809 823">
    <p class='ocr_par' dir='ltr' id='par_1_22' title="bbox 2206 750 3809 823">
     <span class='ocr_line' id='line_1_22' title="bbox 2206 750 3809 823; baseline 0.001 -16"><span class='ocrx_word' id='word_1_161' title='bbox 2206 750 2316 807; x_wconf 90' lang='lat' dir='ltr'><strong>lum</strong></span> <span class='ocrx_word' id='word_1_162' title='bbox 2348 767 2509 807; x_wconf 88' lang='lat' dir='ltr'><strong>mane</strong></span> <span class='ocrx_word' id='word_1_163' title='bbox 2536 761 2783 823; x_wconf 88' lang='lat' dir='ltr'><strong>vocatur,</strong></span> <span class='ocrx_word' id='word_1_164' title='bbox 2819 762 2877 811; x_wconf 90' lang='lat' dir='ltr'><strong>et</strong></span> <span class='ocrx_word' id='word_1_165' title='bbox 2898 768 3114 820; x_wconf 88' lang='lat' dir='ltr'><strong>aurora,</strong></span> <span class='ocrx_word' id='word_1_166' title='bbox 3136 760 3192 810; x_wconf 91' lang='lat' dir='ltr'><strong>et</strong></span> <span class='ocrx_word' id='word_1_167' title='bbox 3213 751 3517 811; x_wconf 88' lang='lat' dir='ltr'><strong>diluculum</strong></span> <span class='ocrx_word' id='word_1_168' title='bbox 3551 770 3564 808; x_wconf 91' lang='lat'><strong>:</strong></span> <span class='ocrx_word' id='word_1_169' title='bbox 3590 754 3689 809; x_wconf 88' lang='lat' dir='ltr'><strong>sed</strong></span> <span class='ocrx_word' id='word_1_170' title='bbox 3715 770 3809 809; x_wconf 81' lang='lat' dir='ltr'><strong>ve-</strong></span> 
     </span>
    </p>
   </div>
   <div class='ocr_carea' id='block_1_23' title="bbox 2205 846 3805 918">
    <p class='ocr_par' dir='ltr' id='par_1_23' title="bbox 2205 846 3805 918">
     <span class='ocr_line' id='line_1_23' title="bbox 2205 846 3805 918; baseline 0 -17"><span class='ocrx_word' id='word_1_171' title='bbox 2205 846 2320 901; x_wconf 87' lang='lat' dir='ltr'><strong>niet</strong></span> <span class='ocrx_word' id='word_1_172' title='bbox 2364 846 2523 901; x_wconf 81' lang='lat' dir='ltr'><strong>nobis</strong></span> <span class='ocrx_word' id='word_1_173' title='bbox 2564 848 2723 918; x_wconf 87' lang='lat' dir='ltr'><strong>quasi</strong></span> <span class='ocrx_word' id='word_1_174' title='bbox 2779 848 2955 904; x_wconf 81' lang='lat' dir='ltr'><strong>imber</strong></span> <span class='ocrx_word' id='word_1_175' title='bbox 3009 859 3396 918; x_wconf 86' lang='lat' dir='ltr'><strong>temporaneus</strong></span> <span class='ocrx_word' id='word_1_176' title='bbox 3427 856 3485 902; x_wconf 91' lang='lat' dir='ltr'><strong>et</strong></span> <span class='ocrx_word' id='word_1_177' title='bbox 3526 847 3805 903; x_wconf 83' lang='lat' dir='ltr'><strong>serminus</strong></span> 
     </span>
    </p>
   </div>
   <div class='ocr_carea' id='block_1_24' title="bbox 2204 937 3808 1012">
    <p class='ocr_par' dir='ltr' id='par_1_24' title="bbox 2204 937 3808 1012">
     <span class='ocr_line' id='line_1_24' title="bbox 2204 937 3808 1012; baseline 0 -19"><span class='ocrx_word' id='word_1_178' title='bbox 2204 946 2386 995; x_wconf 87' lang='lat' dir='ltr'><strong>terrae.</strong></span> <span class='ocrx_word' id='word_1_179' title='bbox 2415 937 2524 993; x_wconf 87' lang='lat' dir='ltr'><strong>Nos</strong></span> <span class='ocrx_word' id='word_1_180' title='bbox 2552 939 2826 995; x_wconf 86' lang='lat' dir='ltr'><strong>Christum</strong></span> <span class='ocrx_word' id='word_1_181' title='bbox 2855 937 2979 1012; x_wconf 81' lang='lat' dir='ltr'><strong>[AL</strong></span> <span class='ocrx_word' id='word_1_182' title='bbox 3012 938 3213 995; x_wconf 87' lang='lat' dir='ltr'><strong>Christi</strong></span> <span class='ocrx_word' id='word_1_183' title='bbox 3234 939 3253 1010; x_wconf 74' lang='lat' dir='ltr'><strong>l</strong></span> <span class='ocrx_word' id='word_1_184' title='bbox 3277 938 3572 1010; x_wconf 74' lang='lat' dir='ltr'><strong>recipimus</strong></span> <span class='ocrx_word' id='word_1_185' title='bbox 3596 949 3808 1010; x_wconf 87' lang='lat' dir='ltr'><strong>tempo—</strong></span> 
     </span>
    </p>
   </div>
   <div class='ocr_carea' id='block_1_25' title="bbox 2202 1018 3803 1104">
    <p class='ocr_par' dir='ltr' id='par_1_25' title="bbox 2202 1018 3803 1104">
     <span class='ocr_line' id='line_1_25' title="bbox 2202 1018 3803 1104; baseline 0.002 -18"><span class='ocrx_word' id='word_1_186' title='bbox 2202 1046 2451 1103; x_wconf 89' lang='lat' dir='ltr'><strong>raneum,</strong></span> <span class='ocrx_word' id='word_1_187' title='bbox 2477 1018 2693 1103; x_wconf 83' lang='lat' dir='ltr'><strong>quando</strong></span> <span class='ocrx_word' id='word_1_188' title='bbox 2721 1032 2843 1089; x_wconf 82' lang='lat' dir='ltr'><strong>ﬁdei</strong></span> <span class='ocrx_word' id='word_1_189' title='bbox 2876 1035 2928 1089; x_wconf 92' lang='lat' dir='ltr'><strong>in</strong></span> <span class='ocrx_word' id='word_1_190' title='bbox 2956 1034 3269 1104; x_wconf 81' lang='lat' dir='ltr'><strong>nobisjacta</strong></span> <span class='ocrx_word' id='word_1_191' title='bbox 3290 1043 3415 1089; x_wconf 91' lang='lat' dir='ltr'><strong>sunt</strong></span> <span class='ocrx_word' id='word_1_192' title='bbox 3445 1033 3803 1091; x_wconf 80' lang='lat' dir='ltr'><strong>fundamenta</strong></span> 
     </span>
    </p>
   </div>
   <div class='ocr_carea' id='block_1_26' title="bbox 2202 1126 3804 1197">
    <p class='ocr_par' dir='ltr' id='par_1_26' title="bbox 2202 1126 3804 1197">
     <span class='ocr_line' id='line_1_26' title="bbox 2202 1126 3804 1197; baseline 0.001 -17"><span class='ocrx_word' id='word_1_193' title='bbox 2202 1134 2260 1180; x_wconf 88' lang='lat' dir='ltr'><strong>et</strong></span> <span class='ocrx_word' id='word_1_194' title='bbox 2299 1126 2673 1194; x_wconf 76' lang='lat' dir='ltr'><strong>suscipiemus</strong></span> <span class='ocrx_word' id='word_1_195' title='bbox 2711 1142 2836 1182; x_wconf 90' lang='lat' dir='ltr'><strong>eum</strong></span> <span class='ocrx_word' id='word_1_196' title='bbox 2893 1127 3121 1185; x_wconf 90' lang='lat' dir='ltr'><strong>imbrem</strong></span> <span class='ocrx_word' id='word_1_197' title='bbox 3175 1126 3509 1189; x_wconf 84' lang='lat' dir='ltr'><strong>serotinum,</strong></span> <span class='ocrx_word' id='word_1_198' title='bbox 3579 1127 3804 1197; x_wconf 82' lang='lat' dir='ltr'><strong>quando</strong></span> 
     </span>
    </p>
   </div>
   <div class='ocr_carea' id='block_1_27' title="bbox 2202 1218 3803 1290">
    <p class='ocr_par' dir='ltr' id='par_1_27' title="bbox 2202 1218 3803 1290">
     <span class='ocr_line' id='line_1_27' title="bbox 2202 1218 3803 1290; baseline 0.002 -20"><span class='ocrx_word' id='word_1_199' title='bbox 2202 1218 2432 1277; x_wconf 87' lang='lat' dir='ltr'><strong>maturis</strong></span> <span class='ocrx_word' id='word_1_200' title='bbox 2462 1219 2760 1290; x_wconf 87' lang='lat' dir='ltr'><strong>segetibus,</strong></span> <span class='ocrx_word' id='word_1_201' title='bbox 2786 1218 2969 1290; x_wconf 80' lang='lat' dir='ltr'><strong>fruges</strong></span> <span class='ocrx_word' id='word_1_202' title='bbox 3008 1220 3287 1290; x_wconf 88' lang='lat' dir='ltr'><strong>capiemus</strong></span> <span class='ocrx_word' id='word_1_203' title='bbox 3333 1228 3590 1286; x_wconf 66' lang='lat' dir='ltr'><strong>aeternas,</strong></span> <span class='ocrx_word' id='word_1_204' title='bbox 3642 1227 3694 1273; x_wconf 89' lang='lat' dir='ltr'><strong>et</strong></span> <span class='ocrx_word' id='word_1_205' title='bbox 3747 1219 3803 1274; x_wconf 95' lang='lat' dir='ltr'><strong>in</strong></span> 
     </span>
    </p>
   </div>
   <div class='ocr_carea' id='block_1_28' title="bbox 2201 1310 3803 1384">
    <p class='ocr_par' dir='ltr' id='par_1_28' title="bbox 2201 1310 3803 1384">
     <span class='ocr_line' id='line_1_28' title="bbox 2201 1310 3803 1384; baseline -0.002 -15"><span class='ocrx_word' id='word_1_206' title='bbox 2201 1310 2479 1369; x_wconf 87' lang='lat' dir='ltr'><strong>dominica</strong></span> <span class='ocrx_word' id='word_1_207' title='bbox 2511 1310 2705 1366; x_wconf 86' lang='lat' dir='ltr'><strong>horrea</strong></span> <span class='ocrx_word' id='word_1_208' title='bbox 2737 1312 3123 1368; x_wconf 89' lang='lat' dir='ltr'><strong>recondemur.</strong></span> <span class='ocrx_word' id='word_1_209' title='bbox 3146 1312 3289 1382; x_wconf 88' lang='lat' dir='ltr'><strong>Ergo</strong></span> <span class='ocrx_word' id='word_1_210' title='bbox 3306 1310 3505 1373; x_wconf 73' lang='lat' dir='ltr'><strong>Judaei,</strong></span> <span class='ocrx_word' id='word_1_211' title='bbox 3538 1311 3629 1384; x_wconf 88' lang='lat' dir='ltr'><strong>qui</strong></span> <span class='ocrx_word' id='word_1_212' title='bbox 3665 1320 3803 1367; x_wconf 86' lang='lat' dir='ltr'><strong>tem-</strong></span> 
     </span>
    </p>
   </div>
   <div class='ocr_carea' id='block_1_29' title="bbox 2202 1404 3802 1478">
    <p class='ocr_par' dir='ltr' id='par_1_29' title="bbox 2202 1404 3802 1478">
     <span class='ocr_line' id='line_1_29' title="bbox 2202 1404 3802 1478; baseline -0.001 -17"><span class='ocrx_word' id='word_1_213' title='bbox 2202 1419 2476 1476; x_wconf 87' lang='lat' dir='ltr'><strong>porcneas</strong></span> <span class='ocrx_word' id='word_1_214' title='bbox 2506 1406 2715 1476; x_wconf 90' lang='lat' dir='ltr'><strong>pluvias</strong></span> <span class='ocrx_word' id='word_1_215' title='bbox 2744 1422 2849 1465; x_wconf 91' lang='lat' dir='ltr'><strong>non</strong></span> <span class='ocrx_word' id='word_1_216' title='bbox 2877 1415 3231 1478; x_wconf 86' lang='lat' dir='ltr'><strong>receperunt,</strong></span> <span class='ocrx_word' id='word_1_217' title='bbox 3264 1414 3319 1462; x_wconf 89' lang='lat' dir='ltr'><strong>et</strong></span> <span class='ocrx_word' id='word_1_218' title='bbox 3342 1408 3551 1476; x_wconf 87' lang='lat' dir='ltr'><strong>absque</strong></span> <span class='ocrx_word' id='word_1_219' title='bbox 3604 1404 3802 1474; x_wconf 84' lang='lat' dir='ltr'><strong>pluviis</strong></span> 
     </span>
    </p>
   </div>
   <div class='ocr_carea' id='block_1_30' title="bbox 2195 1497 3800 1570">
    <p class='ocr_par' dir='ltr' id='par_1_30' title="bbox 2195 1497 3800 1570">
     <span class='ocr_line' id='line_1_30' title="bbox 2195 1497 3800 1570; baseline -0.001 -18"><span class='ocrx_word' id='word_1_220' title='bbox 2195 1497 2383 1568; x_wconf 87' lang='lat' dir='ltr'><strong>jecere</strong></span> <span class='ocrx_word' id='word_1_221' title='bbox 2440 1514 2668 1563; x_wconf 78' lang='lat' dir='ltr'><strong>St&#39;mell,</strong></span> <span class='ocrx_word' id='word_1_222' title='bbox 2726 1510 2971 1570; x_wconf 87' lang='lat' dir='ltr'><strong>segetum</strong></span> <span class='ocrx_word' id='word_1_223' title='bbox 3032 1498 3241 1556; x_wconf 79' lang='lat' dir='ltr'><strong>fructus</strong></span> <span class='ocrx_word' id='word_1_224' title='bbox 3297 1500 3352 1555; x_wconf 91' lang='lat' dir='ltr'><strong>in</strong></span> <span class='ocrx_word' id='word_1_225' title='bbox 3410 1498 3607 1559; x_wconf 89' lang='lat' dir='ltr'><strong>ultimo</strong></span> <span class='ocrx_word' id='word_1_226' title='bbox 3658 1507 3800 1554; x_wconf 86' lang='lat' dir='ltr'><strong>tem-</strong></span> 
     </span>
    </p>
   </div>
   <div class='ocr_carea' id='block_1_31' title="bbox 2202 1593 3801 1667">
    <p class='ocr_par' dir='ltr' id='par_1_31' title="bbox 2202 1593 3801 1667">
     <span class='ocr_line' id='line_1_31' title="bbox 2202 1593 3801 1667; baseline 0.002 -21"><span class='ocrx_word' id='word_1_227' title='bbox 2202 1610 2331 1666; x_wconf 85' lang='lat' dir='ltr'><strong>pore</strong></span> <span class='ocrx_word' id='word_1_228' title='bbox 2354 1610 2463 1651; x_wconf 91' lang='lat' dir='ltr'><strong>non</strong></span> <span class='ocrx_word' id='word_1_229' title='bbox 2494 1594 2779 1667; x_wconf 85' lang='lat' dir='ltr'><strong>recipient.</strong></span> <span class='ocrx_word' id='word_1_230' title='bbox 2816 1594 2945 1650; x_wconf 71' lang='grc' dir='ltr'><strong>Πωο</strong></span> <span class='ocrx_word' id='word_1_231' title='bbox 2969 1602 3053 1649; x_wconf 89' lang='lat' dir='ltr'><strong>est</strong></span> <span class='ocrx_word' id='word_1_232' title='bbox 3083 1595 3266 1665; x_wconf 90' lang='lat' dir='ltr'><strong>pluvia</strong></span> <span class='ocrx_word' id='word_1_233' title='bbox 3301 1594 3370 1651; x_wconf 87' lang='lat' dir='ltr'><strong>de</strong></span> <span class='ocrx_word' id='word_1_234' title='bbox 3396 1609 3502 1665; x_wconf 89' lang='lat' dir='ltr'><strong>qua</strong></span> <span class='ocrx_word' id='word_1_235' title='bbox 3532 1593 3801 1649; x_wconf 82' lang='lat' dir='ltr'><strong>Dominus</strong></span> 
     </span>
    </p>
   </div>
   <div class='ocr_carea' id='block_1_32' title="bbox 2203 1685 3795 1757">
    <p class='ocr_par' dir='ltr' id='par_1_32' title="bbox 2203 1685 3795 1757">
     <span class='ocr_line' id='line_1_32' title="bbox 2203 1685 3795 1757; baseline 0.001 -20"><span class='ocrx_word' id='word_1_236' title='bbox 2203 1686 2495 1757; x_wconf 76' lang='lat' dir='ltr'><strong>pollicetur</strong></span> <span class='ocrx_word' id='word_1_237' title='bbox 2523 1687 2713 1742; x_wconf 86' lang='lat' dir='ltr'><strong>dicens</strong></span> <span class='ocrx_word' id='word_1_238' title='bbox 2747 1702 2765 1740; x_wconf 92' lang='lat'><strong><em>:</em></strong></span> <span class='ocrx_word' id='word_1_239' title='bbox 2793 1685 2941 1741; x_wconf 88' lang='lat' dir='ltr'><strong>Dabo</strong></span> <span class='ocrx_word' id='word_1_240' title='bbox 2962 1687 3100 1741; x_wconf 84' lang='lat' dir='ltr'><strong>vobis</strong></span> <span class='ocrx_word' id='word_1_241' title='bbox 3129 1686 3361 1757; x_wconf 80' lang='lat' dir='ltr'><strong>pluviam</strong></span> <span class='ocrx_word' id='word_1_242' title='bbox 3387 1694 3795 1757; x_wconf 70' lang='lat' dir='ltr'><strong>temporaiteam,</strong></span> 
     </span>
    </p>
   </div>
   <div class='ocr_carea' id='block_1_33' title="bbox 486 1773 3800 1857">
    <p class='ocr_par' dir='ltr' id='par_1_33' title="bbox 486 1773 3800 1857">
     <span class='ocr_line' id='line_1_33' title="bbox 486 1773 3800 1857; baseline 0 -20"><span class='ocrx_word' id='word_1_243' title='bbox 486 1782 732 1852; x_wconf 88' lang='lat' dir='ltr'><strong>corripit,</strong></span> <span class='ocrx_word' id='word_1_244' title='bbox 765 1794 819 1838; x_wconf 92' lang='lat' dir='ltr'><strong>et</strong></span> <span class='ocrx_word' id='word_1_245' title='bbox 850 1785 1313 1855; x_wconf 83' lang='lat' dir='ltr'><strong>castigatomnem</strong></span> <span class='ocrx_word' id='word_1_246' title='bbox 1339 1787 1505 1842; x_wconf 85' lang='lat' dir='ltr'><strong>lilium</strong></span> <span class='ocrx_word' id='word_1_247' title='bbox 1525 1803 1684 1855; x_wconf 86' lang='lat' dir='ltr'><strong>quem</strong></span> <span class='ocrx_word' id='word_1_248' title='bbox 1714 1788 1908 1856; x_wconf 85' lang='lat' dir='ltr'><strong>recipit</strong></span> <span class='ocrx_word' id='word_1_249' title='bbox 1930 1786 2090 1857; x_wconf 74' lang='grc' dir='ltr'><strong>(Πρὸ.</strong></span> <span class='ocrx_word' id='word_1_250' title='bbox 2127 1773 2174 1834; x_wconf 87' lang='grc' dir='ltr'><strong>Β</strong></span> <span class='ocrx_word' id='word_1_251' title='bbox 2201 1792 2249 1837; x_wconf 86' lang='lat' dir='ltr'><strong>et</strong></span> <span class='ocrx_word' id='word_1_252' title='bbox 2279 1783 2554 1837; x_wconf 80' lang='lat' dir='ltr'><strong>serotinum</strong></span> <span class='ocrx_word' id='word_1_253' title='bbox 2583 1781 2762 1852; x_wconf 87' lang='lat' dir='ltr'><strong>(Deut.</strong></span> <span class='ocrx_word' id='word_1_254' title='bbox 2788 1798 2863 1851; x_wconf 63' lang='grc' dir='ltr'><strong>ιι,</strong></span> <span class='ocrx_word' id='word_1_255' title='bbox 2895 1781 3007 1856; x_wconf 81' lang='grc'><strong>14).</strong></span> <span class='ocrx_word' id='word_1_256' title='bbox 3038 1782 3199 1838; x_wconf 81' lang='lat' dir='ltr'><strong>Juxta</strong></span> <span class='ocrx_word' id='word_1_257' title='bbox 3255 1782 3597 1854; x_wconf 82' lang='lat' dir='ltr'><strong>allegoriam,</strong></span> <span class='ocrx_word' id='word_1_258' title='bbox 3641 1783 3800 1841; x_wconf 84' lang='lat' dir='ltr'><strong>datur</strong></span> 
     </span>
    </p>
   </div>
   <div class='ocr_carea' id='block_1_34' title="bbox 490 1874 2095 1949">
    <p class='ocr_par' dir='ltr' id='par_1_34' title="bbox 490 1874 2095 1949">
     <span class='ocr_line' id='line_1_34' title="bbox 490 1874 2095 1949; baseline 0.002 -18"><span class='ocrx_word' id='word_1_259' title='bbox 490 1874 587 1947; x_wconf 73' lang='lat' dir='ltr'><strong>stt)</strong></span> <span class='ocrx_word' id='word_1_260' title='bbox 612 1892 628 1942; x_wconf 88' lang='lat'><strong>;</strong></span> <span class='ocrx_word' id='word_1_261' title='bbox 664 1885 718 1931; x_wconf 91' lang='lat' dir='ltr'><strong>et</strong></span> <span class='ocrx_word' id='word_1_262' title='bbox 745 1894 851 1933; x_wconf 89' lang='lat' dir='ltr'><strong>non</strong></span> <span class='ocrx_word' id='word_1_263' title='bbox 879 1879 1057 1934; x_wconf 88' lang='lat' dir='ltr'><strong>solum</strong></span> <span class='ocrx_word' id='word_1_264' title='bbox 1086 1879 1377 1945; x_wconf 89' lang='lat' dir='ltr'><strong>curat,sed</strong></span> <span class='ocrx_word' id='word_1_265' title='bbox 1402 1880 1641 1934; x_wconf 89' lang='lat' dir='ltr'><strong>vivilicat</strong></span> <span class='ocrx_word' id='word_1_266' title='bbox 1662 1890 1784 1949; x_wconf 89' lang='lat' dir='ltr'><strong>post</strong></span> <span class='ocrx_word' id='word_1_267' title='bbox 1813 1879 1933 1933; x_wconf 87' lang='lat' dir='ltr'><strong>dies</strong></span> <span class='ocrx_word' id='word_1_268' title='bbox 1958 1881 2095 1934; x_wconf 88' lang='lat' dir='ltr'><strong>duos</strong></span> 
     </span>
    </p>
   </div>
   <div class='ocr_carea' id='block_1_35' title="bbox 468 1963 2092 2041">
    <p class='ocr_par' dir='ltr' id='par_1_35' title="bbox 468 1963 2092 2041">
     <span class='ocr_line' id='line_1_35' title="bbox 468 1963 2092 2041; baseline 0.002 -18"><span class='ocrx_word' id='word_1_269' title='bbox 468 1963 547 2023; x_wconf 78' lang='grc' dir='ltr'><strong>ἐι</strong></span> <span class='ocrx_word' id='word_1_270' title='bbox 574 1967 670 2023; x_wconf 90' lang='lat' dir='ltr'><strong>die</strong></span> <span class='ocrx_word' id='word_1_271' title='bbox 693 1969 860 2024; x_wconf 86' lang='lat' dir='ltr'><strong>tertio</strong></span> <span class='ocrx_word' id='word_1_272' title='bbox 904 1987 1197 2041; x_wconf 84' lang='lat' dir='ltr'><strong>resurgens</strong></span> <span class='ocrx_word' id='word_1_273' title='bbox 1229 1974 1298 2026; x_wconf 89' lang='lat' dir='ltr'><strong>ab</strong></span> <span class='ocrx_word' id='word_1_274' title='bbox 1325 1972 1539 2038; x_wconf 82' lang='lat' dir='ltr'><strong>inferis,</strong></span> <span class='ocrx_word' id='word_1_275' title='bbox 1590 1987 1756 2028; x_wconf 89' lang='lat' dir='ltr'><strong>omne</strong></span> <span class='ocrx_word' id='word_1_276' title='bbox 1804 1972 2092 2027; x_wconf 79' lang='lat' dir='ltr'><strong>hominum</strong></span> 
     </span>
    </p>
   </div>
   <div class='ocr_carea' id='block_1_36' title="bbox 487 2063 2093 2134">
    <p class='ocr_par' dir='ltr' id='par_1_36' title="bbox 487 2063 2093 2134">
     <span class='ocr_line' id='line_1_36' title="bbox 487 2063 2093 2134; baseline 0.001 -18"><span class='ocrx_word' id='word_1_277' title='bbox 487 2075 674 2116; x_wconf 86' lang='lat' dir='ltr'><strong>secum</strong></span> <span class='ocrx_word' id='word_1_278' title='bbox 696 2063 928 2117; x_wconf 73' lang='lat' dir='ltr'><strong>suscitat</strong></span> <span class='ocrx_word' id='word_1_279' title='bbox 961 2079 1157 2133; x_wconf 83' lang='lat' dir='ltr'><strong>genus.</strong></span> <span class='ocrx_word' id='word_1_280' title='bbox 1192 2064 1434 2134; x_wconf 86' lang='lat' dir='ltr'><strong>Cumque</strong></span> <span class='ocrx_word' id='word_1_281' title='bbox 1466 2079 1763 2133; x_wconf 89' lang='lat' dir='ltr'><strong>percussos</strong></span> <span class='ocrx_word' id='word_1_282' title='bbox 1789 2064 2093 2130; x_wconf 79' lang='lat' dir='ltr'><strong>curaverit,</strong></span> 
     </span>
    </p>
   </div>
   <div class='ocr_carea' id='block_1_37' title="bbox 501 2153 2090 2223">
    <p class='ocr_par' dir='ltr' id='par_1_37' title="bbox 501 2153 2090 2223">
     <span class='ocr_line' id='line_1_37' title="bbox 501 2153 2090 2223; baseline 0.002 -14"><span class='ocrx_word' id='word_1_283' title='bbox 501 2163 559 2209; x_wconf 90' lang='lat' dir='ltr'><strong>et</strong></span> <span class='ocrx_word' id='word_1_284' title='bbox 588 2166 807 2209; x_wconf 90' lang='lat' dir='ltr'><strong>curatos</strong></span> <span class='ocrx_word' id='word_1_285' title='bbox 829 2153 1202 2223; x_wconf 86' lang='lat' dir='ltr'><strong>vivilicaverit,</strong></span> <span class='ocrx_word' id='word_1_286' title='bbox 1260 2167 1315 2211; x_wconf 92' lang='lat' dir='ltr'><strong>et</strong></span> <span class='ocrx_word' id='word_1_287' title='bbox 1372 2156 1672 2211; x_wconf 85' lang='lat' dir='ltr'><strong>viviticatos</strong></span> <span class='ocrx_word' id='word_1_288' title='bbox 1722 2156 2090 2222; x_wconf 82' lang='lat' dir='ltr'><strong>suscitaverit,</strong></span> 
     </span>
    </p>
   </div>
   <div class='ocr_carea' id='block_1_38' title="bbox 495 2249 2087 2320">
    <p class='ocr_par' dir='ltr' id='par_1_38' title="bbox 495 2249 2087 2320">
     <span class='ocr_line' id='line_1_38' title="bbox 495 2249 2087 2320; baseline 0.002 -17"><span class='ocrx_word' id='word_1_289' title='bbox 495 2255 630 2303; x_wconf 89' lang='lat' dir='ltr'><strong>tunc</strong></span> <span class='ocrx_word' id='word_1_290' title='bbox 684 2249 938 2305; x_wconf 75' lang='lat' dir='ltr'><strong>vivemus</strong></span> <span class='ocrx_word' id='word_1_291' title='bbox 965 2250 1019 2309; x_wconf 92' lang='lat' dir='ltr'><strong>in</strong></span> <span class='ocrx_word' id='word_1_292' title='bbox 1046 2258 1343 2319; x_wconf 80' lang='lat' dir='ltr'><strong>conspectu</strong></span> <span class='ocrx_word' id='word_1_293' title='bbox 1398 2251 1537 2320; x_wconf 84' lang='lat' dir='ltr'><strong>ejus,</strong></span> <span class='ocrx_word' id='word_1_294' title='bbox 1562 2252 1676 2319; x_wconf 87' lang='lat' dir='ltr'><strong>qui,</strong></span> <span class='ocrx_word' id='word_1_295' title='bbox 1714 2251 1804 2305; x_wconf 93' lang='lat' dir='ltr'><strong>illo</strong></span> <span class='ocrx_word' id='word_1_296' title='bbox 1836 2251 2087 2316; x_wconf 86' lang='lat' dir='ltr'><strong>absente,</strong></span> 
     </span>
    </p>
   </div>
   <div class='ocr_carea' id='block_1_39' title="bbox 491 2340 2089 2414">
    <p class='ocr_par' dir='ltr' id='par_1_39' title="bbox 491 2340 2089 2414">
     <span class='ocr_line' id='line_1_39' title="bbox 491 2340 2089 2414; baseline 0.001 -19"><span class='ocrx_word' id='word_1_297' title='bbox 491 2340 693 2395; x_wconf 88' lang='lat' dir='ltr'><strong>mortui</strong></span> <span class='ocrx_word' id='word_1_298' title='bbox 716 2341 1056 2410; x_wconf 84' lang='lat' dir='ltr'><strong>jacebamus.</strong></span> <span class='ocrx_word' id='word_1_299' title='bbox 1098 2341 1356 2397; x_wconf 81' lang='lat' dir='ltr'><strong>Vivemus</strong></span> <span class='ocrx_word' id='word_1_300' title='bbox 1385 2340 1492 2413; x_wconf 79' lang='grc' dir='ltr'><strong>[Αι.</strong></span> <span class='ocrx_word' id='word_1_301' title='bbox 1526 2341 1798 2414; x_wconf 89' lang='lat' dir='ltr'><strong>viventes]</strong></span> <span class='ocrx_word' id='word_1_302' title='bbox 1822 2351 2004 2397; x_wconf 86' lang='lat' dir='ltr'><strong>autem</strong></span> <span class='ocrx_word' id='word_1_303' title='bbox 2034 2342 2089 2397; x_wconf 92' lang='lat' dir='ltr'><strong>in</strong></span> 
     </span>
    </p>
   </div>
   <div class='ocr_carea' id='block_1_40' title="bbox 486 2438 2092 2507">
    <p class='ocr_par' dir='ltr' id='par_1_40' title="bbox 486 2438 2092 2507">
     <span class='ocr_line' id='line_1_40' title="bbox 486 2438 2092 2507; baseline -0.001 -14"><span class='ocrx_word' id='word_1_304' title='bbox 486 2446 791 2506; x_wconf 87' lang='lat' dir='ltr'><strong>conspectu</strong></span> <span class='ocrx_word' id='word_1_305' title='bbox 817 2438 934 2507; x_wconf 87' lang='lat' dir='ltr'><strong>ejus</strong></span> <span class='ocrx_word' id='word_1_306' title='bbox 964 2438 1237 2494; x_wconf 88' lang='lat' dir='ltr'><strong>:sciemus</strong></span> <span class='ocrx_word' id='word_1_307' title='bbox 1267 2453 1412 2505; x_wconf 90' lang='lat' dir='ltr'><strong>eum,</strong></span> <span class='ocrx_word' id='word_1_308' title='bbox 1439 2448 1494 2493; x_wconf 90' lang='lat' dir='ltr'><strong>et</strong></span> <span class='ocrx_word' id='word_1_309' title='bbox 1520 2439 1668 2492; x_wconf 92' lang='lat' dir='ltr'><strong>omni</strong></span> <span class='ocrx_word' id='word_1_310' title='bbox 1699 2438 1882 2494; x_wconf 90' lang='lat' dir='ltr'><strong>studio</strong></span> <span class='ocrx_word' id='word_1_311' title='bbox 1913 2447 2092 2492; x_wconf 85' lang='lat' dir='ltr'><strong>secta-</strong></span> 
     </span>
    </p>
   </div>
   <div class='ocr_carea' id='block_1_41' title="bbox 485 2530 2090 2602">
    <p class='ocr_par' dir='ltr' id='par_1_41' title="bbox 485 2530 2090 2602">
     <span class='ocr_line' id='line_1_41' title="bbox 485 2530 2090 2602; baseline 0.001 -17"><span class='ocrx_word' id='word_1_312' title='bbox 485 2530 685 2599; x_wconf 92' lang='lat' dir='ltr'><strong>bimur,</strong></span> <span class='ocrx_word' id='word_1_313' title='bbox 721 2542 779 2586; x_wconf 90' lang='lat' dir='ltr'><strong>ut</strong></span> <span class='ocrx_word' id='word_1_314' title='bbox 805 2546 1201 2602; x_wconf 89' lang='lat' dir='ltr'><strong>cognoscamus</strong></span> <span class='ocrx_word' id='word_1_315' title='bbox 1232 2532 1544 2599; x_wconf 86' lang='lat' dir='ltr'><strong>Dominum,</strong></span> <span class='ocrx_word' id='word_1_316' title='bbox 1564 2544 1671 2602; x_wconf 87' lang='lat' dir='ltr'><strong>quo</strong></span> <span class='ocrx_word' id='word_1_317' title='bbox 1701 2532 1860 2587; x_wconf 88' lang='lat' dir='ltr'><strong>tertia</strong></span> <span class='ocrx_word' id='word_1_318' title='bbox 1890 2532 1975 2587; x_wconf 89' lang='lat' dir='ltr'><strong>die</strong></span> <span class='ocrx_word' id='word_1_319' title='bbox 2000 2548 2090 2587; x_wconf 89' lang='lat' dir='ltr'><strong>re-</strong></span> 
     </span>
    </p>
   </div>
   <div class='ocr_carea' id='block_1_42' title="bbox 485 2622 2089 2695">
    <p class='ocr_par' dir='ltr' id='par_1_42' title="bbox 485 2622 2089 2695">
     <span class='ocr_line' id='line_1_42' title="bbox 485 2622 2089 2695; baseline -0.001 -16"><span class='ocrx_word' id='word_1_320' title='bbox 485 2634 767 2695; x_wconf 77' lang='lat' dir='ltr'><strong>Surgente,</strong></span> <span class='ocrx_word' id='word_1_321' title='bbox 795 2623 1214 2679; x_wconf 72' lang='lat' dir='ltr'><strong>resurreximns.</strong></span> <span class='ocrx_word' id='word_1_322' title='bbox 1248 2622 1341 2677; x_wconf 86' lang='lat' dir='ltr'><strong>His</strong></span> <span class='ocrx_word' id='word_1_323' title='bbox 1373 2623 1728 2679; x_wconf 90' lang='lat' dir='ltr'><strong>sermonibus</strong></span> <span class='ocrx_word' id='word_1_324' title='bbox 1776 2624 2089 2693; x_wconf 78' lang='lat' dir='ltr'><strong>explicatur</strong></span> 
     </span>
    </p>
   </div>
   <div class='ocr_carea' id='block_1_43' title="bbox 491 2714 2085 2788">
    <p class='ocr_par' dir='ltr' id='par_1_43' title="bbox 491 2714 2085 2788">
     <span class='ocr_line' id='line_1_43' title="bbox 491 2714 2085 2788; baseline 0.001 -18"><span class='ocrx_word' id='word_1_325' title='bbox 491 2715 629 2771; x_wconf 87' lang='lat' dir='ltr'><strong>illud</strong></span> <span class='ocrx_word' id='word_1_326' title='bbox 657 2715 803 2785; x_wconf 82' lang='lat' dir='ltr'><strong>quod</strong></span> <span class='ocrx_word' id='word_1_327' title='bbox 828 2730 976 2788; x_wconf 59' lang='lat' dir='ltr'><strong>serpe</strong></span> <span class='ocrx_word' id='word_1_328' title='bbox 998 2715 1109 2785; x_wconf 90' lang='lat' dir='ltr'><strong>jam</strong></span> <span class='ocrx_word' id='word_1_329' title='bbox 1125 2714 1526 2783; x_wconf 87' lang='lat' dir='ltr'><strong>admonuimus,</strong></span> <span class='ocrx_word' id='word_1_330' title='bbox 1548 2726 1600 2771; x_wconf 90' lang='lat' dir='ltr'><strong>et</strong></span> <span class='ocrx_word' id='word_1_331' title='bbox 1618 2715 1876 2773; x_wconf 87' lang='lat' dir='ltr'><strong>lsraelem</strong></span> <span class='ocrx_word' id='word_1_332' title='bbox 1905 2726 1959 2771; x_wconf 90' lang='lat' dir='ltr'><strong>et</strong></span> <span class='ocrx_word' id='word_1_333' title='bbox 1988 2718 2085 2773; x_wconf 84' lang='lat' dir='ltr'><strong>Ju-</strong></span> 
     </span>
    </p>
   </div>
   <div class='ocr_carea' id='block_1_44' title="bbox 489 2807 2085 2877">
    <p class='ocr_par' dir='ltr' id='par_1_44' title="bbox 489 2807 2085 2877">
     <span class='ocr_line' id='line_1_44' title="bbox 489 2807 2085 2877; baseline 0 -15"><span class='ocrx_word' id='word_1_334' title='bbox 489 2807 636 2877; x_wconf 87' lang='lat' dir='ltr'><strong>dam,</strong></span> <span class='ocrx_word' id='word_1_335' title='bbox 665 2808 716 2865; x_wconf 89' lang='lat' dir='ltr'><strong>id</strong></span> <span class='ocrx_word' id='word_1_336' title='bbox 750 2817 855 2874; x_wconf 90' lang='lat' dir='ltr'><strong>est,</strong></span> <span class='ocrx_word' id='word_1_337' title='bbox 883 2808 1074 2863; x_wconf 86' lang='lat' dir='ltr'><strong>decem</strong></span> <span class='ocrx_word' id='word_1_338' title='bbox 1103 2817 1160 2864; x_wconf 90' lang='lat' dir='ltr'><strong>et</strong></span> <span class='ocrx_word' id='word_1_339' title='bbox 1181 2809 1315 2863; x_wconf 92' lang='lat' dir='ltr'><strong>duas</strong></span> <span class='ocrx_word' id='word_1_340' title='bbox 1339 2808 1534 2871; x_wconf 90' lang='lat' dir='ltr'><strong>tribus,</strong></span> <span class='ocrx_word' id='word_1_341' title='bbox 1570 2818 1697 2862; x_wconf 91' lang='lat' dir='ltr'><strong>tunc</strong></span> <span class='ocrx_word' id='word_1_342' title='bbox 1735 2824 1899 2863; x_wconf 93' lang='lat' dir='ltr'><strong>unum</strong></span> <span class='ocrx_word' id='word_1_343' title='bbox 1930 2808 2085 2863; x_wconf 83' lang='lat' dir='ltr'><strong>habi-</strong></span> 
     </span>
    </p>
   </div>
   <div class='ocr_carea' id='block_1_45' title="bbox 489 2900 2086 2972">
    <p class='ocr_par' dir='ltr' id='par_1_45' title="bbox 489 2900 2086 2972">
     <span class='ocr_line' id='line_1_45' title="bbox 489 2900 2086 2972; baseline 0.001 -16"><span class='ocrx_word' id='word_1_344' title='bbox 489 2908 641 2957; x_wconf 83' lang='lat' dir='ltr'><strong>turas</strong></span> <span class='ocrx_word' id='word_1_345' title='bbox 661 2916 783 2957; x_wconf 90' lang='lat' dir='ltr'><strong>esse</strong></span> <span class='ocrx_word' id='word_1_346' title='bbox 810 2912 1111 2972; x_wconf 86' lang='lat' dir='ltr'><strong>pastorem,</strong></span> <span class='ocrx_word' id='word_1_347' title='bbox 1143 2912 1199 2959; x_wconf 91' lang='lat' dir='ltr'><strong>et</strong></span> <span class='ocrx_word' id='word_1_348' title='bbox 1225 2916 1408 2972; x_wconf 86' lang='lat' dir='ltr'><strong>regem</strong></span> <span class='ocrx_word' id='word_1_349' title='bbox 1442 2900 1635 2967; x_wconf 87' lang='lat' dir='ltr'><strong>David,</strong></span> <span class='ocrx_word' id='word_1_350' title='bbox 1663 2916 1787 2956; x_wconf 91' lang='lat' dir='ltr'><strong>cum</strong></span> <span class='ocrx_word' id='word_1_351' title='bbox 1835 2901 2086 2958; x_wconf 76' lang='lat' dir='ltr'><strong>credide-</strong></span> 
     </span>
    </p>
   </div>
   <div class='ocr_carea' id='block_1_46' title="bbox 491 2994 2081 3067">
    <p class='ocr_par' dir='ltr' id='par_1_46' title="bbox 491 2994 2081 3067">
     <span class='ocr_line' id='line_1_46' title="bbox 491 2994 2081 3067; baseline 0 -19"><span class='ocrx_word' id='word_1_352' title='bbox 491 2994 601 3049; x_wconf 90' lang='lat' dir='ltr'><strong>rint</strong></span> <span class='ocrx_word' id='word_1_353' title='bbox 657 2994 709 3049; x_wconf 90' lang='lat' dir='ltr'><strong>in</strong></span> <span class='ocrx_word' id='word_1_354' title='bbox 761 2995 1045 3050; x_wconf 88' lang='lat' dir='ltr'><strong>Dominum</strong></span> <span class='ocrx_word' id='word_1_355' title='bbox 1094 3005 1471 3065; x_wconf 84' lang='lat' dir='ltr'><strong>resurgentem</strong></span> <span class='ocrx_word' id='word_1_356' title='bbox 1508 3010 1521 3046; x_wconf 91' lang='lat'><strong>:</strong></span> <span class='ocrx_word' id='word_1_357' title='bbox 1558 2995 1868 3067; x_wconf 79' lang='lat' dir='ltr'><strong>frustraque</strong></span> <span class='ocrx_word' id='word_1_358' title='bbox 1911 2994 2081 3050; x_wconf 65' lang='grc' dir='ltr'><strong>ιιιόωί</strong></span> 
     </span>
    </p>
   </div>
   <div class='ocr_carea' id='block_1_47' title="bbox 473 3088 2064 3157">
    <p class='ocr_par' dir='ltr' id='par_1_47' title="bbox 473 3088 2064 3157">
     <span class='ocr_line' id='line_1_47' title="bbox 473 3088 2064 3157; baseline -0.003 -12"><span class='ocrx_word' id='word_1_359' title='bbox 473 3089 626 3146; x_wconf 86' lang='lat' dir='ltr'><strong>mille</strong></span> <span class='ocrx_word' id='word_1_360' title='bbox 653 3104 920 3145; x_wconf 84' lang='lat' dir='ltr'><strong>annorum</strong></span> <span class='ocrx_word' id='word_1_361' title='bbox 934 3089 1036 3145; x_wconf 88' lang='lat' dir='ltr'><strong>sibi</strong></span> <span class='ocrx_word' id='word_1_362' title='bbox 1052 3089 1266 3144; x_wconf 87' lang='lat' dir='ltr'><strong>somnia</strong></span> <span class='ocrx_word' id='word_1_363' title='bbox 1289 3088 1618 3157; x_wconf 87' lang='lat' dir='ltr'><strong>pollicentur</strong></span> <span class='ocrx_word' id='word_1_364' title='bbox 1631 3102 1757 3142; x_wconf 91' lang='lat' dir='ltr'><strong>cum</strong></span> <span class='ocrx_word' id='word_1_365' title='bbox 1771 3088 1921 3142; x_wconf 87' lang='lat' dir='ltr'><strong>salus</strong></span> <span class='ocrx_word' id='word_1_366' title='bbox 1939 3088 2064 3141; x_wconf 91' lang='lat' dir='ltr'><strong>uni-</strong></span> 
     </span>
    </p>
   </div>
   <div class='ocr_carea' id='block_1_48' title="bbox 471 3156 2153 3254">
    <p class='ocr_par' dir='ltr' id='par_1_48' title="bbox 471 3156 2153 3254">
     <span class='ocr_line' id='line_1_48' title="bbox 471 3156 2153 3254; baseline -0.002 -17"><span class='ocrx_word' id='word_1_367' title='bbox 471 3196 755 3241; x_wconf 86' lang='lat' dir='ltr'><strong>versorum</strong></span> <span class='ocrx_word' id='word_1_368' title='bbox 776 3183 1045 3239; x_wconf 83' lang='lat' dir='ltr'><strong>dietertio</strong></span> <span class='ocrx_word' id='word_1_369' title='bbox 1083 3182 1417 3254; x_wconf 87' lang='lat' dir='ltr'><strong>repromissa</strong></span> <span class='ocrx_word' id='word_1_370' title='bbox 1444 3185 1537 3247; x_wconf 90' lang='lat' dir='ltr'><strong>sit,</strong></span> <span class='ocrx_word' id='word_1_371' title='bbox 1559 3182 1666 3254; x_wconf 77' lang='lat'><strong>62</strong></span> <span class='ocrx_word' id='word_1_372' title='bbox 1689 3198 1790 3252; x_wconf 87' lang='lat' dir='ltr'><strong>qtta</strong></span> <span class='ocrx_word' id='word_1_373' title='bbox 1819 3181 2076 3235; x_wconf 87' lang='lat' dir='ltr'><strong>Dominus</strong></span> <span class='ocrx_word' id='word_1_374' title='bbox 2106 3156 2153 3223; x_wconf 62' lang='grc' dir='ltr'><strong>(ἶ</strong></span> 
     </span>
    </p>
   </div>
   <div class='ocr_carea' id='block_1_49' title="bbox 467 3273 2077 3332">
    <p class='ocr_par' dir='ltr' id='par_1_49' title="bbox 467 3273 2077 3332">
     <span class='ocr_line' id='line_1_49' title="bbox 467 3273 2077 3332; baseline -0.001 -3"><span class='ocrx_word' id='word_1_375' title='bbox 467 3276 538 3331; x_wconf 86' lang='lat' dir='ltr'><strong>ab</strong></span> <span class='ocrx_word' id='word_1_376' title='bbox 559 3274 748 3331; x_wconf 80' lang='lat' dir='ltr'><strong>inieris</strong></span> <span class='ocrx_word' id='word_1_377' title='bbox 772 3275 1094 3332; x_wconf 81' lang='lat' dir='ltr'><strong>resurrexit.</strong></span> <span class='ocrx_word' id='word_1_378' title='bbox 1140 3275 1354 3330; x_wconf 67' lang='lat' dir='ltr'><strong>Hebraei</strong></span> <span class='ocrx_word' id='word_1_379' title='bbox 1377 3275 1522 3329; x_wconf 93' lang='lat' dir='ltr'><strong>diem</strong></span> <span class='ocrx_word' id='word_1_380' title='bbox 1552 3275 1856 3330; x_wconf 89' lang='lat' dir='ltr'><strong>secundum</strong></span> <span class='ocrx_word' id='word_1_381' title='bbox 1891 3275 1947 3327; x_wconf 91' lang='lat' dir='ltr'><strong>in</strong></span> <span class='ocrx_word' id='word_1_382' title='bbox 1978 3273 2077 3328; x_wconf 85' lang='lat' dir='ltr'><strong>ad-</strong></span> 
     </span>
    </p>
   </div>
   <div class='ocr_carea' id='block_1_50' title="bbox 470 3366 2073 3438">
    <p class='ocr_par' dir='ltr' id='par_1_50' title="bbox 470 3366 2073 3438">
     <span class='ocr_line' id='line_1_50' title="bbox 470 3366 2073 3438; baseline -0.001 -15"><span class='ocrx_word' id='word_1_383' title='bbox 470 3376 642 3423; x_wconf 84' lang='lat' dir='ltr'><strong>ventu</strong></span> <span class='ocrx_word' id='word_1_384' title='bbox 665 3367 871 3423; x_wconf 78' lang='lat' dir='ltr'><strong>Christi</strong></span> <span class='ocrx_word' id='word_1_385' title='bbox 898 3369 985 3424; x_wconf 90' lang='lat' dir='ltr'><strong>sui</strong></span> <span class='ocrx_word' id='word_1_386' title='bbox 1017 3369 1467 3438; x_wconf 88' lang='lat' dir='ltr'><strong>interpretantur,</strong></span> <span class='ocrx_word' id='word_1_387' title='bbox 1496 3378 1550 3423; x_wconf 93' lang='lat' dir='ltr'><strong>et</strong></span> <span class='ocrx_word' id='word_1_388' title='bbox 1591 3366 1735 3423; x_wconf 86' lang='lat' dir='ltr'><strong>diem</strong></span> <span class='ocrx_word' id='word_1_389' title='bbox 1769 3368 1990 3423; x_wconf 89' lang='lat' dir='ltr'><strong>tertium</strong></span> <span class='ocrx_word' id='word_1_390' title='bbox 2022 3368 2073 3422; x_wconf 92' lang='lat' dir='ltr'><strong>in</strong></span> 
     </span>
    </p>
   </div>
   <div class='ocr_carea' id='block_1_51' title="bbox 461 3457 2075 3531">
    <p class='ocr_par' dir='ltr' id='par_1_51' title="bbox 461 3457 2075 3531">
     <span class='ocr_line' id='line_1_51' title="bbox 461 3457 2075 3531; baseline 0.001 -18"><span class='ocrx_word' id='word_1_391' title='bbox 461 3457 691 3531; x_wconf 86' lang='lat' dir='ltr'><strong>judicio,</strong></span> <span class='ocrx_word' id='word_1_392' title='bbox 732 3459 949 3529; x_wconf 83' lang='lat' dir='ltr'><strong>quando</strong></span> <span class='ocrx_word' id='word_1_393' title='bbox 1013 3459 1259 3515; x_wconf 79' lang='lat' dir='ltr'><strong>salvandi</strong></span> <span class='ocrx_word' id='word_1_394' title='bbox 1310 3468 1455 3515; x_wconf 88' lang='lat' dir='ltr'><strong>sunt.</strong></span> <span class='ocrx_word' id='word_1_395' title='bbox 1502 3459 1656 3528; x_wconf 86' lang='lat' dir='ltr'><strong>Quod</strong></span> <span class='ocrx_word' id='word_1_396' title='bbox 1702 3468 1762 3514; x_wconf 92' lang='lat' dir='ltr'><strong>ut</strong></span> <span class='ocrx_word' id='word_1_397' title='bbox 1813 3460 2075 3515; x_wconf 85' lang='lat' dir='ltr'><strong>conceda-</strong></span> 
     </span>
    </p>
   </div>
   <div class='ocr_carea' id='block_1_52' title="bbox 472 3552 2081 3625">
    <p class='ocr_par' dir='ltr' id='par_1_52' title="bbox 472 3552 2081 3625">
     <span class='ocr_line' id='line_1_52' title="bbox 472 3552 2081 3625; baseline 0 -18"><span class='ocrx_word' id='word_1_398' title='bbox 472 3552 1010 3624; x_wconf 79' lang='lat' dir='ltr'><strong>mus,reSpondeant</strong></span> <span class='ocrx_word' id='word_1_399' title='bbox 1047 3554 1225 3622; x_wconf 88' lang='lat' dir='ltr'><strong>nobis,</strong></span> <span class='ocrx_word' id='word_1_400' title='bbox 1265 3570 1384 3623; x_wconf 77' lang='lat' dir='ltr'><strong>quae</strong></span> <span class='ocrx_word' id='word_1_401' title='bbox 1438 3554 1507 3608; x_wconf 87' lang='lat' dir='ltr'><strong>sit</strong></span> <span class='ocrx_word' id='word_1_402' title='bbox 1556 3554 1675 3609; x_wconf 88' lang='lat' dir='ltr'><strong>dies</strong></span> <span class='ocrx_word' id='word_1_403' title='bbox 1730 3553 1925 3625; x_wconf 89' lang='lat' dir='ltr'><strong>prima,</strong></span> <span class='ocrx_word' id='word_1_404' title='bbox 1979 3552 2081 3608; x_wconf 87' lang='lat' dir='ltr'><strong>hoc</strong></span> 
     </span>
    </p>
   </div>
   <div class='ocr_carea' id='block_1_53' title="bbox 467 3643 2080 3717">
    <p class='ocr_par' dir='ltr' id='par_1_53' title="bbox 467 3643 2080 3717">
     <span class='ocr_line' id='line_1_53' title="bbox 467 3643 2080 3717; baseline -0.001 -14"><span class='ocrx_word' id='word_1_405' title='bbox 467 3656 572 3715; x_wconf 87' lang='lat' dir='ltr'><strong>est,</strong></span> <span class='ocrx_word' id='word_1_406' title='bbox 604 3647 811 3716; x_wconf 90' lang='lat' dir='ltr'><strong>primus</strong></span> <span class='ocrx_word' id='word_1_407' title='bbox 856 3646 1158 3703; x_wconf 87' lang='lat' dir='ltr'><strong>Salvatoris</strong></span> <span class='ocrx_word' id='word_1_408' title='bbox 1191 3643 1491 3702; x_wconf 82' lang='lat' dir='ltr'><strong>&#39;adventus.</strong></span> <span class='ocrx_word' id='word_1_409' title='bbox 1550 3646 1619 3701; x_wconf 90' lang='lat' dir='ltr'><strong>Et</strong></span> <span class='ocrx_word' id='word_1_410' title='bbox 1671 3662 1793 3701; x_wconf 90' lang='lat' dir='ltr'><strong>cum</strong></span> <span class='ocrx_word' id='word_1_411' title='bbox 1848 3661 2080 3717; x_wconf 88' lang='lat' dir='ltr'><strong>respon-</strong></span> 
     </span>
    </p>
   </div>
   <div class='ocr_carea' id='block_1_54' title="bbox 463 3736 2073 3809">
    <p class='ocr_par' dir='ltr' id='par_1_54' title="bbox 463 3736 2073 3809">
     <span class='ocr_line' id='line_1_54' title="bbox 463 3736 2073 3809; baseline 0.001 -16"><span class='ocrx_word' id='word_1_412' title='bbox 463 3737 596 3794; x_wconf 88' lang='lat' dir='ltr'><strong>dere</strong></span> <span class='ocrx_word' id='word_1_413' title='bbox 636 3753 743 3794; x_wconf 89' lang='lat' dir='ltr'><strong>non</strong></span> <span class='ocrx_word' id='word_1_414' title='bbox 796 3740 1094 3809; x_wconf 89' lang='lat' dir='ltr'><strong>potuerint,</strong></span> <span class='ocrx_word' id='word_1_415' title='bbox 1147 3736 1443 3794; x_wconf 85' lang='lat' dir='ltr'><strong>inferamus</strong></span> <span class='ocrx_word' id='word_1_416' title='bbox 1502 3736 1743 3808; x_wconf 88' lang='lat' dir='ltr'><strong>primum</strong></span> <span class='ocrx_word' id='word_1_417' title='bbox 1769 3737 1911 3792; x_wconf 89' lang='lat' dir='ltr'><strong>diem</strong></span> <span class='ocrx_word' id='word_1_418' title='bbox 1946 3753 2073 3794; x_wconf 87' lang='lat' dir='ltr'><strong>esse</strong></span> 
     </span>
    </p>
   </div>
   <div class='ocr_carea' id='block_1_55' title="bbox 464 3830 2077 3903">
    <p class='ocr_par' dir='ltr' id='par_1_55' title="bbox 464 3830 2077 3903">
     <span class='ocr_line' id='line_1_55' title="bbox 464 3830 2077 3903; baseline -0.001 -15"><span class='ocrx_word' id='word_1_419' title='bbox 464 3832 618 3903; x_wconf 80' lang='lat' dir='ltr'><strong>juxta</strong></span> <span class='ocrx_word' id='word_1_420' title='bbox 673 3830 820 3903; x_wconf 87' lang='lat' dir='ltr'><strong>quod</strong></span> <span class='ocrx_word' id='word_1_421' title='bbox 869 3830 973 3902; x_wconf 87' lang='lat' dir='ltr'><strong>ipsi</strong></span> <span class='ocrx_word' id='word_1_422' title='bbox 1025 3833 1255 3899; x_wconf 87' lang='lat' dir='ltr'><strong>volunt,</strong></span> <span class='ocrx_word' id='word_1_423' title='bbox 1307 3832 1359 3887; x_wconf 89' lang='lat' dir='ltr'><strong>in</strong></span> <span class='ocrx_word' id='word_1_424' title='bbox 1420 3831 1728 3887; x_wconf 86' lang='lat' dir='ltr'><strong>humilitate</strong></span> <span class='ocrx_word' id='word_1_425' title='bbox 1773 3831 2077 3887; x_wconf 86' lang='lat' dir='ltr'><strong>Salvatoris</strong></span> 
     </span>
    </p>
   </div>
   <div class='ocr_carea' id='block_1_56' title="bbox 463 3922 2066 3997">
    <p class='ocr_par' dir='ltr' id='par_1_56' title="bbox 463 3922 2066 3997">
     <span class='ocr_line' id='line_1_56' title="bbox 463 3922 2066 3997; baseline 0.001 -18"><span class='ocrx_word' id='word_1_426' title='bbox 463 3923 779 3987; x_wconf 87' lang='lat' dir='ltr'><strong>adventum,</strong></span> <span class='ocrx_word' id='word_1_427' title='bbox 838 3922 1138 3981; x_wconf 90' lang='lat' dir='ltr'><strong>secundum</strong></span> <span class='ocrx_word' id='word_1_428' title='bbox 1173 3925 1226 3979; x_wconf 89' lang='lat' dir='ltr'><strong>in</strong></span> <span class='ocrx_word' id='word_1_429' title='bbox 1257 3925 1450 3995; x_wconf 79' lang='lat' dir='ltr'><strong>gloria,</strong></span> <span class='ocrx_word' id='word_1_430' title='bbox 1487 3925 1708 3997; x_wconf 90' lang='lat' dir='ltr'><strong>tertium</strong></span> <span class='ocrx_word' id='word_1_431' title='bbox 1756 3925 1811 3979; x_wconf 93' lang='lat' dir='ltr'><strong>in</strong></span> <span class='ocrx_word' id='word_1_432' title='bbox 1873 3925 2066 3981; x_wconf 82' lang='lat' dir='ltr'><strong>habitu</strong></span> 
     </span>
    </p>
   </div>
   <div class='ocr_carea' id='block_1_57' title="bbox 462 4016 2076 4089">
    <p class='ocr_par' dir='ltr' id='par_1_57' title="bbox 462 4016 2076 4089">
     <span class='ocr_line' id='line_1_57' title="bbox 462 4016 2076 4089; baseline 0 -16"><span class='ocrx_word' id='word_1_433' title='bbox 462 4016 782 4089; x_wconf 78' lang='lat' dir='ltr'><strong>iudicantis.</strong></span> <span class='ocrx_word' id='word_1_434' title='bbox 817 4016 919 4086; x_wconf 86' lang='lat' dir='ltr'><strong>Qui</strong></span> <span class='ocrx_word' id='word_1_435' title='bbox 962 4027 1143 4073; x_wconf 82' lang='lat' dir='ltr'><strong>autem</strong></span> <span class='ocrx_word' id='word_1_436' title='bbox 1172 4018 1474 4074; x_wconf 87' lang='lat' dir='ltr'><strong>secundum</strong></span> <span class='ocrx_word' id='word_1_437' title='bbox 1507 4019 1841 4088; x_wconf 89' lang='lat' dir='ltr'><strong>tertiumque</strong></span> <span class='ocrx_word' id='word_1_438' title='bbox 1890 4017 2076 4073; x_wconf 87' lang='lat' dir='ltr'><strong>susci-</strong></span> 
     </span>
    </p>
   </div>
   <div class='ocr_carea' id='block_1_58' title="bbox 468 4108 2075 4181">
    <p class='ocr_par' dir='ltr' id='par_1_58' title="bbox 468 4108 2075 4181">
     <span class='ocr_line' id='line_1_58' title="bbox 468 4108 2075 4181; baseline 0.001 -18"><span class='ocrx_word' id='word_1_439' title='bbox 468 4108 656 4179; x_wconf 89' lang='lat' dir='ltr'><strong>piunt,</strong></span> <span class='ocrx_word' id='word_1_440' title='bbox 692 4111 927 4179; x_wconf 91' lang='lat' dir='ltr'><strong>primum</strong></span> <span class='ocrx_word' id='word_1_441' title='bbox 956 4124 1016 4165; x_wconf 90' lang='lat' dir='ltr'><strong>se</strong></span> <span class='ocrx_word' id='word_1_442' title='bbox 1038 4108 1346 4180; x_wconf 86' lang='lat' dir='ltr'><strong>perdidisse</strong></span> <span class='ocrx_word' id='word_1_443' title='bbox 1376 4118 1643 4165; x_wconf 88' lang='lat' dir='ltr'><strong>testantur</strong></span> <span class='ocrx_word' id='word_1_444' title='bbox 1672 4126 1685 4163; x_wconf 87' lang='lat'><strong>:</strong></span> <span class='ocrx_word' id='word_1_445' title='bbox 1722 4110 1846 4181; x_wconf 90' lang='lat' dir='ltr'><strong>quia</strong></span> <span class='ocrx_word' id='word_1_446' title='bbox 1876 4125 2075 4165; x_wconf 84' lang='lat' dir='ltr'><strong>secun-</strong></span> 
     </span>
    </p>
   </div>
   <div class='ocr_carea' id='block_1_59' title="bbox 468 4199 1893 4271">
    <p class='ocr_par' dir='ltr' id='par_1_59' title="bbox 468 4199 1893 4271">
     <span class='ocr_line' id='line_1_59' title="bbox 468 4199 1893 4271; baseline -0.001 -15"><span class='ocrx_word' id='word_1_447' title='bbox 468 4199 571 4256; x_wconf 81' lang='lat' dir='ltr'><strong>dus</strong></span> <span class='ocrx_word' id='word_1_448' title='bbox 602 4210 658 4256; x_wconf 87' lang='lat' dir='ltr'><strong>et</strong></span> <span class='ocrx_word' id='word_1_449' title='bbox 691 4201 886 4257; x_wconf 85' lang='lat' dir='ltr'><strong>tertius</strong></span> <span class='ocrx_word' id='word_1_450' title='bbox 915 4202 1038 4257; x_wconf 88' lang='lat' dir='ltr'><strong>sine</strong></span> <span class='ocrx_word' id='word_1_451' title='bbox 1057 4202 1236 4271; x_wconf 89' lang='lat' dir='ltr'><strong>primo</strong></span> <span class='ocrx_word' id='word_1_452' title='bbox 1260 4217 1365 4255; x_wconf 91' lang='lat' dir='ltr'><strong>non</strong></span> <span class='ocrx_word' id='word_1_453' title='bbox 1402 4210 1579 4270; x_wconf 86' lang='lat' dir='ltr'><strong>potest</strong></span> <span class='ocrx_word' id='word_1_454' title='bbox 1609 4201 1893 4271; x_wconf 90' lang='lat' dir='ltr'><strong>appellari.</strong></span> 
     </span>
    </p>
   </div>
   <div class='ocr_carea' id='block_1_60' title="bbox 538 4294 2073 4370">
    <p class='ocr_par' dir='ltr' id='par_1_60' title="bbox 538 4294 2073 4370">
     <span class='ocr_line' id='line_1_60' title="bbox 538 4294 2073 4370; baseline -0.001 -20"><span class='ocrx_word' id='word_1_455' title='bbox 538 4294 693 4366; x_wconf 89' lang='lat' dir='ltr'><strong>(Ves.</strong></span> <span class='ocrx_word' id='word_1_456' title='bbox 714 4295 795 4370; x_wconf 80' lang='grc'><strong>5.)</strong></span> <span class='ocrx_word' id='word_1_457' title='bbox 829 4294 991 4361; x_wconf 82' lang='lat' dir='ltr'><strong>Quasi</strong></span> <span class='ocrx_word' id='word_1_458' title='bbox 1037 4296 1327 4351; x_wconf 78' lang='lat' dir='ltr'><strong>diluculum</strong></span> <span class='ocrx_word' id='word_1_459' title='bbox 1374 4306 1702 4366; x_wconf 78' lang='lat' dir='ltr'><strong>prwparatus</strong></span> <span class='ocrx_word' id='word_1_460' title='bbox 1727 4305 1804 4351; x_wconf 87' lang='lat' dir='ltr'><strong>est</strong></span> <span class='ocrx_word' id='word_1_461' title='bbox 1832 4311 2073 4368; x_wconf 87' lang='lat' dir='ltr'><strong>egressus</strong></span> 
     </span>
    </p>
   </div>
   <div class='ocr_carea' id='block_1_61' title="bbox 461 4386 2075 4460">
    <p class='ocr_par' dir='ltr' id='par_1_61' title="bbox 461 4386 2075 4460">
     <span class='ocr_line' id='line_1_61' title="bbox 461 4386 2075 4460; baseline 0.001 -20"><span class='ocrx_word' id='word_1_462' title='bbox 461 4389 598 4460; x_wconf 85' lang='lat' dir='ltr'><strong>ejus,</strong></span> <span class='ocrx_word' id='word_1_463' title='bbox 626 4395 674 4441; x_wconf 87' lang='lat' dir='ltr'><strong>et</strong></span> <span class='ocrx_word' id='word_1_464' title='bbox 706 4387 864 4442; x_wconf 82' lang='lat' dir='ltr'><strong>veniet</strong></span> <span class='ocrx_word' id='word_1_465' title='bbox 882 4387 1034 4459; x_wconf 84' lang='lat' dir='ltr'><strong>quasi</strong></span> <span class='ocrx_word' id='word_1_466' title='bbox 1063 4386 1225 4440; x_wconf 86' lang='lat' dir='ltr'><strong>imber</strong></span> <span class='ocrx_word' id='word_1_467' title='bbox 1250 4386 1395 4442; x_wconf 88' lang='lat' dir='ltr'><strong>nobis</strong></span> <span class='ocrx_word' id='word_1_468' title='bbox 1417 4396 1775 4455; x_wconf 80' lang='lat' dir='ltr'><strong>temporaneus</strong></span> <span class='ocrx_word' id='word_1_469' title='bbox 1804 4397 1849 4440; x_wconf 88' lang='lat' dir='ltr'><strong>et</strong></span> <span class='ocrx_word' id='word_1_470' title='bbox 1887 4387 2075 4441; x_wconf 87' lang='lat' dir='ltr'><strong>seroti-</strong></span> 
     </span>
    </p>
   </div>
   <div class='ocr_carea' id='block_1_62' title="bbox 459 4482 2072 4555">
    <p class='ocr_par' dir='ltr' id='par_1_62' title="bbox 459 4482 2072 4555">
     <span class='ocr_line' id='line_1_62' title="bbox 459 4482 2072 4555; baseline 0 -18"><span class='ocrx_word' id='word_1_471' title='bbox 459 4498 559 4537; x_wconf 86' lang='lat' dir='ltr'><strong>nus</strong></span> <span class='ocrx_word' id='word_1_472' title='bbox 587 4490 759 4537; x_wconf 69' lang='lat' dir='ltr'><strong>terrea.</strong></span> <span class='ocrx_word' id='word_1_473' title='bbox 811 4482 1000 4538; x_wconf 75' lang='lat' dir='ltr'><strong>LXX:</strong></span> <span class='ocrx_word' id='word_1_474' title='bbox 1040 4483 1204 4550; x_wconf 85' lang='lat' dir='ltr'><strong>Quasi</strong></span> <span class='ocrx_word' id='word_1_475' title='bbox 1259 4499 1412 4537; x_wconf 89' lang='lat' dir='ltr'><strong>mane</strong></span> <span class='ocrx_word' id='word_1_476' title='bbox 1461 4492 1707 4555; x_wconf 87' lang='lat' dir='ltr'><strong>paratum</strong></span> <span class='ocrx_word' id='word_1_477' title='bbox 1756 4484 2072 4539; x_wconf 82' lang='lat' dir='ltr'><strong>inveniemus</strong></span> 
     </span>
    </p>
   </div>
   <div class='ocr_carea' id='block_1_63' title="bbox 458 4576 2071 4649">
    <p class='ocr_par' dir='ltr' id='par_1_63' title="bbox 458 4576 2071 4649">
     <span class='ocr_line' id='line_1_63' title="bbox 458 4576 2071 4649; baseline 0.001 -18"><span class='ocrx_word' id='word_1_478' title='bbox 458 4592 599 4641; x_wconf 84' lang='lat' dir='ltr'><strong>eum,</strong></span> <span class='ocrx_word' id='word_1_479' title='bbox 628 4586 677 4630; x_wconf 89' lang='lat' dir='ltr'><strong>et</strong></span> <span class='ocrx_word' id='word_1_480' title='bbox 704 4577 868 4631; x_wconf 82' lang='lat' dir='ltr'><strong>veniet</strong></span> <span class='ocrx_word' id='word_1_481' title='bbox 899 4576 1045 4631; x_wconf 86' lang='lat' dir='ltr'><strong>nobis</strong></span> <span class='ocrx_word' id='word_1_482' title='bbox 1075 4577 1221 4645; x_wconf 86' lang='lat' dir='ltr'><strong>quasi</strong></span> <span class='ocrx_word' id='word_1_483' title='bbox 1244 4576 1424 4649; x_wconf 87' lang='lat' dir='ltr'><strong>pluvia</strong></span> <span class='ocrx_word' id='word_1_484' title='bbox 1450 4585 1788 4648; x_wconf 86' lang='lat' dir='ltr'><strong>temporanea</strong></span> <span class='ocrx_word' id='word_1_485' title='bbox 1810 4585 1858 4632; x_wconf 89' lang='lat' dir='ltr'><strong>et</strong></span> <span class='ocrx_word' id='word_1_486' title='bbox 1887 4579 2071 4632; x_wconf 85' lang='lat' dir='ltr'><strong>seroti-</strong></span> 
     </span>
    </p>
   </div>
   <div class='ocr_carea' id='block_1_64' title="bbox 457 4668 2067 4741">
    <p class='ocr_par' dir='ltr' id='par_1_64' title="bbox 457 4668 2067 4741">
     <span class='ocr_line' id='line_1_64' title="bbox 457 4668 2067 4741; baseline 0.001 -18"><span class='ocrx_word' id='word_1_487' title='bbox 457 4685 527 4723; x_wconf 90' lang='lat' dir='ltr'><strong>na</strong></span> <span class='ocrx_word' id='word_1_488' title='bbox 554 4677 725 4725; x_wconf 65' lang='lat' dir='ltr'><strong>teri-te.</strong></span> <span class='ocrx_word' id='word_1_489' title='bbox 754 4668 971 4735; x_wconf 82' lang='lat' dir='ltr'><strong>Venite,</strong></span> <span class='ocrx_word' id='word_1_490' title='bbox 1002 4670 1265 4741; x_wconf 89' lang='lat' dir='ltr'><strong>inquit,et</strong></span> <span class='ocrx_word' id='word_1_491' title='bbox 1286 4678 1629 4725; x_wconf 89' lang='lat' dir='ltr'><strong>revertamur</strong></span> <span class='ocrx_word' id='word_1_492' title='bbox 1647 4669 1715 4726; x_wconf 91' lang='lat' dir='ltr'><strong>ad</strong></span> <span class='ocrx_word' id='word_1_493' title='bbox 1737 4670 2067 4737; x_wconf 91' lang='lat' dir='ltr'><strong>Dominum,</strong></span> 
     </span>
    </p>
   </div>
   <div class='ocr_carea' id='block_1_65' title="bbox 465 4761 2076 4834">
    <p class='ocr_par' dir='ltr' id='par_1_65' title="bbox 465 4761 2076 4834">
     <span class='ocr_line' id='line_1_65' title="bbox 465 4761 2076 4834; baseline 0.001 -17"><span class='ocrx_word' id='word_1_494' title='bbox 465 4762 591 4833; x_wconf 89' lang='lat' dir='ltr'><strong>quia</strong></span> <span class='ocrx_word' id='word_1_495' title='bbox 620 4762 845 4834; x_wconf 88' lang='lat' dir='ltr'><strong>ipsequi</strong></span> <span class='ocrx_word' id='word_1_496' title='bbox 874 4762 1038 4834; x_wconf 89' lang='lat' dir='ltr'><strong>cepit,</strong></span> <span class='ocrx_word' id='word_1_497' title='bbox 1067 4772 1121 4818; x_wconf 90' lang='lat' dir='ltr'><strong>et</strong></span> <span class='ocrx_word' id='word_1_498' title='bbox 1145 4761 1364 4819; x_wconf 86' lang='lat' dir='ltr'><strong>sanabit</strong></span> <span class='ocrx_word' id='word_1_499' title='bbox 1386 4777 1504 4830; x_wconf 90' lang='lat' dir='ltr'><strong>nos,</strong></span> <span class='ocrx_word' id='word_1_500' title='bbox 1534 4764 1805 4834; x_wconf 88' lang='lat' dir='ltr'><strong>percutiet</strong></span> <span class='ocrx_word' id='word_1_501' title='bbox 1835 4772 1891 4820; x_wconf 92' lang='lat' dir='ltr'><strong>et</strong></span> <span class='ocrx_word' id='word_1_502' title='bbox 1913 4780 2076 4819; x_wconf 86' lang='lat' dir='ltr'><strong>cura-</strong></span> 
     </span>
    </p>
   </div>
   <div class='ocr_carea' id='block_1_66' title="bbox 462 4855 2071 4927">
    <p class='ocr_par' dir='ltr' id='par_1_66' title="bbox 462 4855 2071 4927">
     <span class='ocr_line' id='line_1_66' title="bbox 462 4855 2071 4927; baseline 0.002 -17"><span class='ocrx_word' id='word_1_503' title='bbox 462 4855 543 4910; x_wconf 86' lang='lat' dir='ltr'><strong>bit</strong></span> <span class='ocrx_word' id='word_1_504' title='bbox 572 4870 694 4922; x_wconf 84' lang='lat' dir='ltr'><strong>nos,</strong></span> <span class='ocrx_word' id='word_1_505' title='bbox 723 4866 780 4913; x_wconf 92' lang='lat' dir='ltr'><strong>et</strong></span> <span class='ocrx_word' id='word_1_506' title='bbox 807 4855 1103 4912; x_wconf 84' lang='lat' dir='ltr'><strong>viviﬁcabit</strong></span> <span class='ocrx_word' id='word_1_507' title='bbox 1133 4871 1256 4923; x_wconf 89' lang='lat' dir='ltr'><strong>nos,</strong></span> <span class='ocrx_word' id='word_1_508' title='bbox 1283 4867 1406 4927; x_wconf 89' lang='lat' dir='ltr'><strong>post</strong></span> <span class='ocrx_word' id='word_1_509' title='bbox 1426 4857 1545 4913; x_wconf 90' lang='lat' dir='ltr'><strong>dies</strong></span> <span class='ocrx_word' id='word_1_510' title='bbox 1575 4858 1733 4927; x_wconf 92' lang='lat' dir='ltr'><strong>duos,</strong></span> <span class='ocrx_word' id='word_1_511' title='bbox 1763 4869 1818 4915; x_wconf 91' lang='lat' dir='ltr'><strong>et</strong></span> <span class='ocrx_word' id='word_1_512' title='bbox 1844 4858 1934 4914; x_wconf 91' lang='lat' dir='ltr'><strong>die</strong></span> <span class='ocrx_word' id='word_1_513' title='bbox 1960 4868 2071 4914; x_wconf 89' lang='lat' dir='ltr'><strong>ter-</strong></span> 
     </span>
    </p>
   </div>
   <div class='ocr_carea' id='block_1_67' title="bbox 457 4946 2069 5020">
    <p class='ocr_par' dir='ltr' id='par_1_67' title="bbox 457 4946 2069 5020">
     <span class='ocr_line' id='line_1_67' title="bbox 457 4946 2069 5020; baseline 0.002 -18"><span class='ocrx_word' id='word_1_514' title='bbox 457 4946 535 5002; x_wconf 89' lang='lat' dir='ltr'><strong>tio</strong></span> <span class='ocrx_word' id='word_1_515' title='bbox 559 4948 851 5004; x_wconf 87' lang='lat' dir='ltr'><strong>suscitabit</strong></span> <span class='ocrx_word' id='word_1_516' title='bbox 883 4963 1003 5016; x_wconf 84' lang='lat' dir='ltr'><strong>nos,</strong></span> <span class='ocrx_word' id='word_1_517' title='bbox 1041 4949 1155 5019; x_wconf 90' lang='lat' dir='ltr'><strong>ipse</strong></span> <span class='ocrx_word' id='word_1_518' title='bbox 1185 4958 1240 5003; x_wconf 92' lang='lat' dir='ltr'><strong>et</strong></span> <span class='ocrx_word' id='word_1_519' title='bbox 1267 4962 1376 5005; x_wconf 87' lang='lat' dir='ltr'><strong>non</strong></span> <span class='ocrx_word' id='word_1_520' title='bbox 1408 4950 1566 5020; x_wconf 89' lang='lat' dir='ltr'><strong>alius,</strong></span> <span class='ocrx_word' id='word_1_521' title='bbox 1598 4952 1752 5019; x_wconf 91' lang='lat' dir='ltr'><strong>quasi</strong></span> <span class='ocrx_word' id='word_1_522' title='bbox 1801 4966 1963 5007; x_wconf 90' lang='lat' dir='ltr'><strong>mane</strong></span> <span class='ocrx_word' id='word_1_523' title='bbox 2013 4961 2069 5007; x_wconf 91' lang='lat' dir='ltr'><strong>et</strong></span> 
     </span>
    </p>
   </div>
   <div class='ocr_carea' id='block_1_68' title="bbox 454 5042 2064 5116">
    <p class='ocr_par' dir='ltr' id='par_1_68' title="bbox 454 5042 2064 5116">
     <span class='ocr_line' id='line_1_68' title="bbox 454 5042 2064 5116; baseline 0.001 -18"><span class='ocrx_word' id='word_1_524' title='bbox 454 5056 655 5100; x_wconf 85' lang='lat' dir='ltr'><strong>aurora</strong></span> <span class='ocrx_word' id='word_1_525' title='bbox 680 5050 897 5112; x_wconf 88' lang='lat' dir='ltr'><strong>paratus</strong></span> <span class='ocrx_word' id='word_1_526' title='bbox 928 5052 1014 5099; x_wconf 89' lang='lat' dir='ltr'><strong>est</strong></span> <span class='ocrx_word' id='word_1_527' title='bbox 1045 5043 1225 5099; x_wconf 89' lang='lat' dir='ltr'><strong>nobis.</strong></span> <span class='ocrx_word' id='word_1_528' title='bbox 1257 5042 1339 5101; x_wconf 89' lang='lat' dir='ltr'><strong>De</strong></span> <span class='ocrx_word' id='word_1_529' title='bbox 1367 5059 1477 5115; x_wconf 90' lang='lat' dir='ltr'><strong>quo</strong></span> <span class='ocrx_word' id='word_1_530' title='bbox 1524 5054 1580 5099; x_wconf 89' lang='lat' dir='ltr'><strong>et</strong></span> <span class='ocrx_word' id='word_1_531' title='bbox 1604 5045 1849 5114; x_wconf 85' lang='lat' dir='ltr'><strong>vicesimi</strong></span> <span class='ocrx_word' id='word_1_532' title='bbox 1903 5045 2064 5116; x_wconf 89' lang='lat' dir='ltr'><strong>primi</strong></span> 
     </span>
    </p>
   </div>
   <div class='ocr_carea' id='block_1_69' title="bbox 456 5134 2063 5208">
    <p class='ocr_par' dir='ltr' id='par_1_69' title="bbox 456 5134 2063 5208">
     <span class='ocr_line' id='line_1_69' title="bbox 456 5134 2063 5208; baseline 0 -17"><span class='ocrx_word' id='word_1_533' title='bbox 456 5135 653 5208; x_wconf 87' lang='lat' dir='ltr'><strong>psalmi</strong></span> <span class='ocrx_word' id='word_1_534' title='bbox 703 5134 894 5195; x_wconf 89' lang='lat' dir='ltr'><strong>titulus</strong></span> <span class='ocrx_word' id='word_1_535' title='bbox 922 5143 1007 5191; x_wconf 83' lang='lat' dir='ltr'><strong>est</strong></span> <span class='ocrx_word' id='word_1_536' title='bbox 1037 5152 1052 5190; x_wconf 89' lang='lat'><strong>:</strong></span> <span class='ocrx_word' id='word_1_537' title='bbox 1084 5134 1192 5191; x_wconf 86' lang='lat' dir='ltr'><strong>Pro</strong></span> <span class='ocrx_word' id='word_1_538' title='bbox 1240 5137 1595 5207; x_wconf 78' lang='lat' dir='ltr'><strong>assumptione</strong></span> <span class='ocrx_word' id='word_1_539' title='bbox 1649 5139 1905 5192; x_wconf 86' lang='lat' dir='ltr'><strong>matutina</strong></span> <span class='ocrx_word' id='word_1_540' title='bbox 1936 5154 1954 5192; x_wconf 90' lang='lat'><em>:</em></span> <span class='ocrx_word' id='word_1_541' title='bbox 1997 5137 2063 5191; x_wconf 90' lang='lat' dir='ltr'><strong>li-</strong></span> 
     </span>
    </p>
   </div>
   <div class='ocr_carea' id='block_1_70' title="bbox 456 5228 2063 5301">
    <p class='ocr_par' dir='ltr' id='par_1_70' title="bbox 456 5228 2063 5301">
     <span class='ocr_line' id='line_1_70' title="bbox 456 5228 2063 5301; baseline -0.003 -10"><span class='ocrx_word' id='word_1_542' title='bbox 456 5241 553 5291; x_wconf 85' lang='lat' dir='ltr'><strong>cet</strong></span> <span class='ocrx_word' id='word_1_543' title='bbox 574 5234 627 5287; x_wconf 92' lang='lat' dir='ltr'><strong>in</strong></span> <span class='ocrx_word' id='word_1_544' title='bbox 658 5231 890 5289; x_wconf 69' lang='lat' dir='ltr'><strong>Hebraeo</strong></span> <span class='ocrx_word' id='word_1_545' title='bbox 916 5230 1180 5301; x_wconf 90' lang='lat' dir='ltr'><strong>scriptum</strong></span> <span class='ocrx_word' id='word_1_546' title='bbox 1212 5230 1289 5286; x_wconf 87' lang='lat' dir='ltr'><strong>sit</strong></span> <span class='ocrx_word' id='word_1_547' title='bbox 1319 5247 1333 5284; x_wconf 91' lang='lat'><strong>:</strong></span> <span class='ocrx_word' id='word_1_548' title='bbox 1366 5228 1475 5284; x_wconf 90' lang='lat' dir='ltr'><strong>Pro</strong></span> <span class='ocrx_word' id='word_1_549' title='bbox 1505 5246 1651 5285; x_wconf 86' lang='lat' dir='ltr'><strong>cervo</strong></span> <span class='ocrx_word' id='word_1_550' title='bbox 1675 5230 1964 5286; x_wconf 85' lang='lat' dir='ltr'><strong>matutino:</strong></span> <span class='ocrx_word' id='word_1_551' title='bbox 1995 5245 2063 5286; x_wconf 89' lang='lat' dir='ltr'><strong>eo</strong></span> 
     </span>
    </p>
   </div>
   <div class='ocr_carea' id='block_1_71' title="bbox 454 5323 2057 5399">
    <p class='ocr_par' dir='ltr' id='par_1_71' title="bbox 454 5323 2057 5399">
     <span class='ocr_line' id='line_1_71' title="bbox 454 5323 2057 5399; baseline -0.003 -18"><span class='ocrx_word' id='word_1_552' title='bbox 454 5325 601 5399; x_wconf 89' lang='lat' dir='ltr'><strong>quod</strong></span> <span class='ocrx_word' id='word_1_553' title='bbox 633 5324 926 5385; x_wconf 80' lang='lat' dir='ltr'><strong>interfecta</strong></span> <span class='ocrx_word' id='word_1_554' title='bbox 955 5335 1160 5392; x_wconf 89' lang='lat' dir='ltr'><strong>morte,</strong></span> <span class='ocrx_word' id='word_1_555' title='bbox 1190 5332 1245 5380; x_wconf 89' lang='lat' dir='ltr'><strong>et</strong></span> <span class='ocrx_word' id='word_1_556' title='bbox 1267 5330 1517 5379; x_wconf 90' lang='lat' dir='ltr'><strong>tortuoso</strong></span> <span class='ocrx_word' id='word_1_557' title='bbox 1556 5323 1891 5395; x_wconf 86' lang='lat' dir='ltr'><strong>antiquoque</strong></span> <span class='ocrx_word' id='word_1_558' title='bbox 1938 5339 2057 5377; x_wconf 87' lang='lat' dir='ltr'><strong>ser-</strong></span> 
     </span>
    </p>
   </div>
   <div class='ocr_carea' id='block_1_72' title="bbox 456 5416 2057 5493">
    <p class='ocr_par' dir='ltr' id='par_1_72' title="bbox 456 5416 2057 5493">
     <span class='ocr_line' id='line_1_72' title="bbox 456 5416 2057 5493; baseline -0.002 -17"><span class='ocrx_word' id='word_1_559' title='bbox 456 5430 622 5493; x_wconf 89' lang='lat' dir='ltr'><strong>pente</strong></span> <span class='ocrx_word' id='word_1_560' title='bbox 647 5420 829 5491; x_wconf 88' lang='lat' dir='ltr'><strong>cupiat</strong></span> <span class='ocrx_word' id='word_1_561' title='bbox 859 5418 929 5475; x_wconf 83' lang='lat' dir='ltr'><strong>ad</strong></span> <span class='ocrx_word' id='word_1_562' title='bbox 976 5425 1237 5475; x_wconf 87' lang='lat' dir='ltr'><strong>montana</strong></span> <span class='ocrx_word' id='word_1_563' title='bbox 1289 5416 1689 5483; x_wconf 86' lang='lat' dir='ltr'><strong>conscendere,</strong></span> <span class='ocrx_word' id='word_1_564' title='bbox 1721 5426 1777 5473; x_wconf 91' lang='lat' dir='ltr'><strong>et</strong></span> <span class='ocrx_word' id='word_1_565' title='bbox 1806 5417 1943 5488; x_wconf 86' lang='lat' dir='ltr'><strong>ipse,</strong></span> <span class='ocrx_word' id='word_1_566' title='bbox 1976 5425 2057 5472; x_wconf 80' lang='lat' dir='ltr'><strong>te-</strong></span> 
     </span>
    </p>
   </div>
   <div class='ocr_carea' id='block_1_73' title="bbox 450 5508 2049 5585">
    <p class='ocr_par' dir='ltr' id='par_1_73' title="bbox 450 5508 2049 5585">
     <span class='ocr_line' id='line_1_73' title="bbox 450 5508 2049 5585; baseline -0.003 -15"><span class='ocrx_word' id='word_1_567' title='bbox 450 5512 637 5571; x_wconf 88' lang='lat' dir='ltr'><strong>nebris</strong></span> <span class='ocrx_word' id='word_1_568' title='bbox 659 5510 960 5585; x_wconf 87' lang='lat' dir='ltr'><strong>dissipatis,</strong></span> <span class='ocrx_word' id='word_1_569' title='bbox 986 5512 1157 5569; x_wconf 90' lang='lat' dir='ltr'><strong>oritur</strong></span> <span class='ocrx_word' id='word_1_570' title='bbox 1186 5508 1343 5568; x_wconf 89' lang='lat' dir='ltr'><strong>nobis</strong></span> <span class='ocrx_word' id='word_1_571' title='bbox 1361 5509 1441 5566; x_wconf 91' lang='lat' dir='ltr'><strong>sol</strong></span> <span class='ocrx_word' id='word_1_572' title='bbox 1455 5509 1705 5582; x_wconf 83' lang='lat' dir='ltr'><strong>justitiae,</strong></span> <span class='ocrx_word' id='word_1_573' title='bbox 1723 5517 1782 5565; x_wconf 90' lang='lat' dir='ltr'><strong>ut</strong></span> <span class='ocrx_word' id='word_1_574' title='bbox 1806 5517 2049 5565; x_wconf 89' lang='lat' dir='ltr'><strong>nostram</strong></span> 
     </span>
    </p>
   </div>
   <div class='ocr_carea' id='block_1_74' title="bbox 524 5640 2053 5712">
    <p class='ocr_par' dir='ltr' id='par_1_74' title="bbox 524 5640 2053 5712">
     <span class='ocr_line' id='line_1_74' title="bbox 524 5640 2053 5712; baseline -0.001 -13"><span class='ocrx_word' id='word_1_575' title='bbox 524 5653 550 5682; x_wconf 73' lang='grc' dir='ltr'><strong>ει</strong></span> <span class='ocrx_word' id='word_1_576' title='bbox 597 5644 790 5712; x_wconf 87' lang='lat' dir='ltr'><strong>Voces,</strong></span> <span class='ocrx_word' id='word_1_577' title='bbox 817 5651 863 5698; x_wconf 89' lang='lat' dir='ltr'><strong>et</strong></span> <span class='ocrx_word' id='word_1_578' title='bbox 886 5644 1092 5711; x_wconf 76' lang='lat' dir='ltr'><strong>vadum,</strong></span> <span class='ocrx_word' id='word_1_579' title='bbox 1150 5642 1386 5697; x_wconf 89' lang='lat' dir='ltr'><strong>reticent</strong></span> <span class='ocrx_word' id='word_1_580' title='bbox 1418 5654 1547 5696; x_wconf 87' lang='lat' dir='ltr'><strong>mss.</strong></span> <span class='ocrx_word' id='word_1_581' title='bbox 1578 5640 1750 5696; x_wconf 88' lang='lat' dir='ltr'><strong>nostri</strong></span> <span class='ocrx_word' id='word_1_582' title='bbox 1778 5657 1790 5694; x_wconf 93' lang='lat'>:</span> <span class='ocrx_word' id='word_1_583' title='bbox 1824 5649 1934 5696; x_wconf 92' lang='lat' dir='ltr'><strong>tum</strong></span> <span class='ocrx_word' id='word_1_584' title='bbox 1968 5659 2053 5697; x_wconf 82' lang='lat' dir='ltr'><strong>sa-</strong></span> 
     </span>
    </p>
   </div>
   <div class='ocr_carea' id='block_1_75' title="bbox 449 5712 1765 5789">
    <p class='ocr_par' dir='ltr' id='par_1_75' title="bbox 449 5712 1765 5789">
     <span class='ocr_line' id='line_1_75' title="bbox 449 5712 1765 5789; baseline -0.004 -15"><span class='ocrx_word' id='word_1_585' title='bbox 449 5716 755 5789; x_wconf 7' lang='lat' dir='ltr'><strong>nabilepro</strong></span> <span class='ocrx_word' id='word_1_586' title='bbox 775 5716 996 5784; x_wconf 85' lang='lat' dir='ltr'><strong>curabit,</strong></span> <span class='ocrx_word' id='word_1_587' title='bbox 1020 5730 1172 5789; x_wconf 58' lang='lat' dir='ltr'><strong>tinus</strong></span> <span class='ocrx_word' id='word_1_588' title='bbox 1191 5724 1247 5771; x_wconf 83' lang='lat' dir='ltr'><strong>et</strong></span> <span class='ocrx_word' id='word_1_589' title='bbox 1276 5713 1415 5771; x_wconf 84' lang='lat' dir='ltr'><strong>alter</strong></span> <span class='ocrx_word' id='word_1_590' title='bbox 1444 5712 1765 5789; x_wconf 60' lang='lat' dir='ltr'><strong>praeferunt.</strong></span> 
     </span>
    </p>
   </div>
   <div class='ocr_carea' id='block_1_76' title="bbox 518 5784 2051 5861">
    <p class='ocr_par' dir='ltr' id='par_1_76' title="bbox 518 5784 2051 5861">
     <span class='ocr_line' id='line_1_76' title="bbox 518 5784 2051 5861; baseline -0.001 -18"><span class='ocrx_word' id='word_1_591' title='bbox 518 5784 548 5827; x_wconf 72' lang='grc' dir='ltr'><strong>ι)</strong></span> <span class='ocrx_word' id='word_1_592' title='bbox 587 5784 839 5843; x_wconf 67' lang='lat' dir='ltr'><strong>Mdrtian.</strong></span> <span class='ocrx_word' id='word_1_593' title='bbox 874 5797 997 5861; x_wconf 84' lang='lat' dir='ltr'><strong>post</strong></span> <span class='ocrx_word' id='word_1_594' title='bbox 1019 5785 1231 5847; x_wconf 84' lang='lat' dir='ltr'><strong>Erasm.</strong></span> <span class='ocrx_word' id='word_1_595' title='bbox 1258 5792 1305 5841; x_wconf 91' lang='lat' dir='ltr'><strong>et</strong></span> <span class='ocrx_word' id='word_1_596' title='bbox 1336 5800 1432 5858; x_wconf 86' lang='lat' dir='ltr'><strong>pro</strong></span> <span class='ocrx_word' id='word_1_597' title='bbox 1446 5784 1656 5854; x_wconf 82' lang='lat' dir='ltr'><strong>dolore,</strong></span> <span class='ocrx_word' id='word_1_598' title='bbox 1689 5784 2051 5850; x_wconf 81' lang='lat' dir='ltr'><strong>renuentibus</strong></span> 
     </span>
    </p>
   </div>
   <div class='ocr_carea' id='block_1_77' title="bbox 2198 1874 3800 1947">
    <p class='ocr_par' dir='ltr' id='par_1_77' title="bbox 2198 1874 3800 1947">
     <span class='ocr_line' id='line_1_77' title="bbox 2198 1874 3800 1947; baseline 0.001 -18"><span class='ocrx_word' id='word_1_599' title='bbox 2198 1874 2309 1947; x_wconf 77' lang='lat'><strong>63</strong></span> <span class='ocrx_word' id='word_1_600' title='bbox 2339 1875 2520 1945; x_wconf 86' lang='lat' dir='ltr'><strong>pluvia</strong></span> <span class='ocrx_word' id='word_1_601' title='bbox 2549 1884 2930 1946; x_wconf 87' lang='lat' dir='ltr'><strong>temporanea,</strong></span> <span class='ocrx_word' id='word_1_602' title='bbox 2964 1877 3184 1944; x_wconf 89' lang='lat' dir='ltr'><strong>quando</strong></span> <span class='ocrx_word' id='word_1_603' title='bbox 3212 1892 3277 1931; x_wconf 82' lang='lat' dir='ltr'><strong>ex</strong></span> <span class='ocrx_word' id='word_1_604' title='bbox 3304 1884 3459 1947; x_wconf 86' lang='lat' dir='ltr'><strong>parte</strong></span> <span class='ocrx_word' id='word_1_605' title='bbox 3505 1877 3800 1947; x_wconf 88' lang='lat' dir='ltr'><strong>cognosci-</strong></span> 
     </span>
    </p>
   </div>
   <div class='ocr_carea' id='block_1_78' title="bbox 2201 1967 3795 2039">
    <p class='ocr_par' dir='ltr' id='par_1_78' title="bbox 2201 1967 3795 2039">
     <span class='ocr_line' id='line_1_78' title="bbox 2201 1967 3795 2039; baseline -0.001 -17"><span class='ocrx_word' id='word_1_606' title='bbox 2201 1986 2321 2022; x_wconf 86' lang='lat' dir='ltr'><strong>mus</strong></span> <span class='ocrx_word' id='word_1_607' title='bbox 2358 1986 2371 2020; x_wconf 93' lang='lat'><strong><em>:</em></strong></span> <span class='ocrx_word' id='word_1_608' title='bbox 2404 1968 2571 2024; x_wconf 85' lang='lat' dir='ltr'><strong>datur</strong></span> <span class='ocrx_word' id='word_1_609' title='bbox 2620 1969 2798 2038; x_wconf 86' lang='lat' dir='ltr'><strong>pluvia</strong></span> <span class='ocrx_word' id='word_1_610' title='bbox 2852 1969 3119 2034; x_wconf 88' lang='lat' dir='ltr'><strong>serotina,</strong></span> <span class='ocrx_word' id='word_1_611' title='bbox 3181 1967 3403 2039; x_wconf 91' lang='lat' dir='ltr'><strong>quando</strong></span> <span class='ocrx_word' id='word_1_612' title='bbox 3453 1967 3605 2025; x_wconf 87' lang='lat' dir='ltr'><strong>venit</strong></span> <span class='ocrx_word' id='word_1_613' title='bbox 3651 1967 3795 2036; x_wconf 89' lang='lat' dir='ltr'><strong>quod</strong></span> 
     </span>
    </p>
   </div>
   <div class='ocr_carea' id='block_1_79' title="bbox 2198 2060 3792 2134">
    <p class='ocr_par' dir='ltr' id='par_1_79' title="bbox 2198 2060 3792 2134">
     <span class='ocr_line' id='line_1_79' title="bbox 2198 2060 3792 2134; baseline -0.002 -18"><span class='ocrx_word' id='word_1_614' title='bbox 2198 2062 2504 2134; x_wconf 79' lang='lat' dir='ltr'><strong>perlectum</strong></span> <span class='ocrx_word' id='word_1_615' title='bbox 2534 2072 2638 2117; x_wconf 88' lang='lat' dir='ltr'><strong>est.</strong></span> <span class='ocrx_word' id='word_1_616' title='bbox 2668 2063 3003 2132; x_wconf 84' lang='lat' dir='ltr'><strong>Sentpcrque</strong></span> <span class='ocrx_word' id='word_1_617' title='bbox 3047 2062 3307 2117; x_wconf 87' lang='lat' dir='ltr'><strong>Dominus</strong></span> <span class='ocrx_word' id='word_1_618' title='bbox 3333 2075 3495 2115; x_wconf 89' lang='lat' dir='ltr'><strong>mane</strong></span> <span class='ocrx_word' id='word_1_619' title='bbox 3521 2060 3792 2131; x_wconf 87' lang='lat' dir='ltr'><strong>surgenti-</strong></span> 
     </span>
    </p>
   </div>
   <div class='ocr_carea' id='block_1_80' title="bbox 2194 2152 3789 2227">
    <p class='ocr_par' dir='ltr' id='par_1_80' title="bbox 2194 2152 3789 2227">
     <span class='ocr_line' id='line_1_80' title="bbox 2194 2152 3789 2227; baseline -0.005 -14"><span class='ocrx_word' id='word_1_620' title='bbox 2194 2154 2294 2213; x_wconf 87' lang='lat' dir='ltr'><strong>bus</strong></span> <span class='ocrx_word' id='word_1_621' title='bbox 2346 2162 2567 2223; x_wconf 87' lang='lat' dir='ltr'><strong>paratus</strong></span> <span class='ocrx_word' id='word_1_622' title='bbox 2600 2166 2705 2222; x_wconf 91' lang='lat' dir='ltr'><strong>est,</strong></span> <span class='ocrx_word' id='word_1_623' title='bbox 2738 2156 2828 2225; x_wconf 89' lang='lat' dir='ltr'><strong>qui</strong></span> <span class='ocrx_word' id='word_1_624' title='bbox 2859 2164 3088 2227; x_wconf 88' lang='lat' dir='ltr'><strong>possunt</strong></span> <span class='ocrx_word' id='word_1_625' title='bbox 3115 2154 3322 2219; x_wconf 87' lang='lat' dir='ltr'><strong>dicere,</strong></span> <span class='ocrx_word' id='word_1_626' title='bbox 3350 2152 3679 2224; x_wconf 80' lang='lat' dir='ltr'><strong>Consurgam</strong></span> <span class='ocrx_word' id='word_1_627' title='bbox 3710 2152 3789 2205; x_wconf 80' lang='lat' dir='ltr'><strong>di-</strong></span> 
     </span>
    </p>
   </div>
   <div class='ocr_carea' id='block_1_81' title="bbox 2193 2245 3789 2321">
    <p class='ocr_par' dir='ltr' id='par_1_81' title="bbox 2193 2245 3789 2321">
     <span class='ocr_line' id='line_1_81' title="bbox 2193 2245 3789 2321; baseline -0.001 -20"><span class='ocrx_word' id='word_1_628' title='bbox 2193 2248 2369 2303; x_wconf 87' lang='lat' dir='ltr'><strong>luculo</strong></span> <span class='ocrx_word' id='word_1_629' title='bbox 2393 2247 2513 2319; x_wconf 89' lang='lat' dir='ltr'><strong>(Ps.</strong></span> <span class='ocrx_word' id='word_1_630' title='bbox 2540 2264 2647 2315; x_wconf 75' lang='lat' dir='ltr'><strong>LVI,</strong></span> <span class='ocrx_word' id='word_1_631' title='bbox 2679 2246 2758 2321; x_wconf 83' lang='grc' dir='ltr'><strong>ι).</strong></span> <span class='ocrx_word' id='word_1_632' title='bbox 2795 2249 2896 2304; x_wconf 89' lang='lat' dir='ltr'><strong>Et:</strong></span> <span class='ocrx_word' id='word_1_633' title='bbox 2934 2247 3094 2313; x_wconf 82' lang='lat' dir='ltr'><strong>Deus,</strong></span> <span class='ocrx_word' id='word_1_634' title='bbox 3129 2247 3268 2302; x_wconf 88' lang='lat' dir='ltr'><strong>Deus</strong></span> <span class='ocrx_word' id='word_1_635' title='bbox 3310 2262 3477 2313; x_wconf 87' lang='lat' dir='ltr'><strong>meus,</strong></span> <span class='ocrx_word' id='word_1_636' title='bbox 3518 2245 3587 2301; x_wconf 89' lang='lat' dir='ltr'><strong>ad</strong></span> <span class='ocrx_word' id='word_1_637' title='bbox 3631 2256 3677 2298; x_wconf 85' lang='lat' dir='ltr'><strong>te</strong></span> <span class='ocrx_word' id='word_1_638' title='bbox 3725 2245 3789 2300; x_wconf 83' lang='lat' dir='ltr'><strong>de</strong></span> 
     </span>
    </p>
   </div>
   <div class='ocr_carea' id='block_1_82' title="bbox 2193 2337 3570 2411">
    <p class='ocr_par' dir='ltr' id='par_1_82' title="bbox 2193 2337 3570 2411">
     <span class='ocr_line' id='line_1_82' title="bbox 2193 2337 3570 2411; baseline -0.002 -16"><span class='ocrx_word' id='word_1_639' title='bbox 2193 2339 2306 2395; x_wconf 82' lang='lat' dir='ltr'><strong>luce</strong></span> <span class='ocrx_word' id='word_1_640' title='bbox 2336 2341 2509 2411; x_wconf 75' lang='lat' dir='ltr'><strong>vigilo.</strong></span> <span class='ocrx_word' id='word_1_641' title='bbox 2537 2340 2713 2397; x_wconf 87' lang='lat' dir='ltr'><strong>Sitivit</strong></span> <span class='ocrx_word' id='word_1_642' title='bbox 2736 2343 2788 2396; x_wconf 83' lang='lat' dir='ltr'><strong>in</strong></span> <span class='ocrx_word' id='word_1_643' title='bbox 2817 2351 2864 2395; x_wconf 85' lang='lat' dir='ltr'><strong>te</strong></span> <span class='ocrx_word' id='word_1_644' title='bbox 2885 2342 3062 2395; x_wconf 85' lang='lat' dir='ltr'><strong>anima</strong></span> <span class='ocrx_word' id='word_1_645' title='bbox 3085 2341 3238 2411; x_wconf 87' lang='lat' dir='ltr'><strong>mea(</strong></span> <span class='ocrx_word' id='word_1_646' title='bbox 3267 2337 3358 2395; x_wconf 86' lang='lat' dir='ltr'><strong>Ps.</strong></span> <span class='ocrx_word' id='word_1_647' title='bbox 3391 2354 3505 2397; x_wconf 78' lang='lat' dir='ltr'><strong>uti</strong></span> <span class='ocrx_word' id='word_1_648' title='bbox 3527 2338 3570 2411; x_wconf 88' lang='lat'><strong>).</strong></span> 
     </span>
    </p>
   </div>
   <div class='ocr_carea' id='block_1_83' title="bbox 2267 2431 3788 2507">
    <p class='ocr_par' dir='ltr' id='par_1_83' title="bbox 2267 2431 3788 2507">
     <span class='ocr_line' id='line_1_83' title="bbox 2267 2431 3788 2507; baseline -0.001 -20"><span class='ocrx_word' id='word_1_649' title='bbox 2267 2435 2286 2507; x_wconf 96' lang='lat'><strong>(</strong></span> <span class='ocrx_word' id='word_1_650' title='bbox 2320 2434 2472 2489; x_wconf 83' lang='lat' dir='ltr'><strong>Vers.</strong></span> <span class='ocrx_word' id='word_1_651' title='bbox 2499 2433 2555 2500; x_wconf 60' lang='grc' dir='ltr'>ὦ,</span> <span class='ocrx_word' id='word_1_652' title='bbox 2583 2436 2637 2491; x_wconf 87' lang='grc'><strong>5.</strong></span> <span class='ocrx_word' id='word_1_653' title='bbox 2672 2433 2689 2502; x_wconf 98' lang='grc'>)</span> <span class='ocrx_word' id='word_1_654' title='bbox 2733 2434 2873 2502; x_wconf 84' lang='lat' dir='ltr'><strong>Quid</strong></span> <span class='ocrx_word' id='word_1_655' title='bbox 2924 2434 3112 2505; x_wconf 83' lang='lat' dir='ltr'><strong>faciant</strong></span> <span class='ocrx_word' id='word_1_656' title='bbox 3170 2434 3277 2500; x_wconf 89' lang='lat' dir='ltr'><strong>tibi,</strong></span> <span class='ocrx_word' id='word_1_657' title='bbox 3336 2431 3589 2503; x_wconf 82' lang='lat' dir='ltr'><strong>Ephraim</strong></span> <span class='ocrx_word' id='word_1_658' title='bbox 3614 2433 3638 2487; x_wconf 73' lang='lat'><strong>.9</strong></span> <span class='ocrx_word' id='word_1_659' title='bbox 3664 2432 3788 2504; x_wconf 86' lang='lat' dir='ltr'><strong>quid</strong></span> 
     </span>
    </p>
   </div>
   <div class='ocr_carea' id='block_1_84' title="bbox 2190 2526 3786 2600">
    <p class='ocr_par' dir='ltr' id='par_1_84' title="bbox 2190 2526 3786 2600">
     <span class='ocr_line' id='line_1_84' title="bbox 2190 2526 3786 2600; baseline 0.001 -18"><span class='ocrx_word' id='word_1_660' title='bbox 2190 2530 2389 2600; x_wconf 75' lang='lat' dir='ltr'><strong>faciant</strong></span> <span class='ocrx_word' id='word_1_661' title='bbox 2411 2530 2523 2595; x_wconf 87' lang='lat' dir='ltr'><strong>tibi,</strong></span> <span class='ocrx_word' id='word_1_662' title='bbox 2545 2527 2727 2585; x_wconf 82' lang='lat' dir='ltr'><strong>Juda?</strong></span> <span class='ocrx_word' id='word_1_663' title='bbox 2749 2528 3110 2584; x_wconf 85' lang='lat' dir='ltr'><strong>misericordia</strong></span> <span class='ocrx_word' id='word_1_664' title='bbox 3123 2539 3309 2594; x_wconf 78' lang='lat' dir='ltr'><strong>vestra,</strong></span> <span class='ocrx_word' id='word_1_665' title='bbox 3332 2528 3479 2599; x_wconf 89' lang='lat' dir='ltr'><strong>quasi</strong></span> <span class='ocrx_word' id='word_1_666' title='bbox 3504 2526 3659 2583; x_wconf 83' lang='lat' dir='ltr'><strong>nubes</strong></span> <span class='ocrx_word' id='word_1_667' title='bbox 3677 2544 3786 2582; x_wconf 51' lang='lat' dir='ltr'><strong>ma.</strong></span> 
     </span>
    </p>
   </div>
   <div class='ocr_carea' id='block_1_85' title="bbox 2195 2622 3786 2696">
    <p class='ocr_par' dir='ltr' id='par_1_85' title="bbox 2195 2622 3786 2696">
     <span class='ocr_line' id='line_1_85' title="bbox 2195 2622 3786 2696; baseline -0.001 -20"><span class='ocrx_word' id='word_1_668' title='bbox 2195 2625 2385 2688; x_wconf 87' lang='lat' dir='ltr'><strong>tutina,</strong></span> <span class='ocrx_word' id='word_1_669' title='bbox 2436 2632 2483 2677; x_wconf 89' lang='lat' dir='ltr'><strong>et</strong></span> <span class='ocrx_word' id='word_1_670' title='bbox 2528 2626 2676 2695; x_wconf 87' lang='lat' dir='ltr'><strong>quasi</strong></span> <span class='ocrx_word' id='word_1_671' title='bbox 2728 2641 2813 2678; x_wconf 86' lang='lat' dir='ltr'><strong>ros</strong></span> <span class='ocrx_word' id='word_1_672' title='bbox 2861 2641 3012 2678; x_wconf 87' lang='lat' dir='ltr'><strong>mane</strong></span> <span class='ocrx_word' id='word_1_673' title='bbox 3032 2624 3381 2696; x_wconf 85' lang='lat' dir='ltr'><strong>pertransiens</strong></span> <span class='ocrx_word' id='word_1_674' title='bbox 3411 2631 3662 2695; x_wconf 82' lang='lat' dir='ltr'><strong>:prOpter</strong></span> <span class='ocrx_word' id='word_1_675' title='bbox 3688 2622 3786 2675; x_wconf 83' lang='lat' dir='ltr'><strong>hoc</strong></span> 
     </span>
    </p>
   </div>
   <div class='ocr_carea' id='block_1_86' title="bbox 2192 2713 3783 2788">
    <p class='ocr_par' dir='ltr' id='par_1_86' title="bbox 2192 2713 3783 2788">
     <span class='ocr_line' id='line_1_86' title="bbox 2192 2713 3783 2788; baseline -0.002 -19"><span class='ocrx_word' id='word_1_676' title='bbox 2192 2714 2365 2770; x_wconf 81' lang='lat' dir='ltr'><strong>dolavi</strong></span> <span class='ocrx_word' id='word_1_677' title='bbox 2388 2716 2441 2768; x_wconf 85' lang='lat' dir='ltr'><strong>in</strong></span> <span class='ocrx_word' id='word_1_678' title='bbox 2474 2717 2761 2788; x_wconf 85' lang='lat' dir='ltr'><strong>prophetis,</strong></span> <span class='ocrx_word' id='word_1_679' title='bbox 2795 2726 2843 2769; x_wconf 87' lang='lat' dir='ltr'><strong>et</strong></span> <span class='ocrx_word' id='word_1_680' title='bbox 2870 2716 3033 2771; x_wconf 81' lang='lat' dir='ltr'><strong>occidi</strong></span> <span class='ocrx_word' id='word_1_681' title='bbox 3061 2733 3147 2770; x_wconf 87' lang='lat' dir='ltr'><strong>eos</strong></span> <span class='ocrx_word' id='word_1_682' title='bbox 3170 2716 3223 2770; x_wconf 87' lang='lat' dir='ltr'><strong>in</strong></span> <span class='ocrx_word' id='word_1_683' title='bbox 3253 2713 3420 2770; x_wconf 83' lang='lat' dir='ltr'><strong>verbis</strong></span> <span class='ocrx_word' id='word_1_684' title='bbox 3445 2715 3547 2769; x_wconf 88' lang='lat' dir='ltr'><strong>oris</strong></span> <span class='ocrx_word' id='word_1_685' title='bbox 3568 2715 3688 2780; x_wconf 88' lang='lat' dir='ltr'><strong>mei,</strong></span> <span class='ocrx_word' id='word_1_686' title='bbox 3736 2721 3783 2767; x_wconf 89' lang='lat' dir='ltr'><strong>et</strong></span> 
     </span>
    </p>
   </div>
   <div class='ocr_carea' id='block_1_87' title="bbox 2187 2808 3785 2883">
    <p class='ocr_par' dir='ltr' id='par_1_87' title="bbox 2187 2808 3785 2883">
     <span class='ocr_line' id='line_1_87' title="bbox 2187 2808 3785 2883; baseline -0.001 -19"><span class='ocrx_word' id='word_1_687' title='bbox 2187 2811 2385 2877; x_wconf 80' lang='lat' dir='ltr'><strong>iudicia</strong></span> <span class='ocrx_word' id='word_1_688' title='bbox 2407 2818 2499 2864; x_wconf 90' lang='lat' dir='ltr'><strong>tua</strong></span> <span class='ocrx_word' id='word_1_689' title='bbox 2527 2810 2675 2883; x_wconf 88' lang='lat' dir='ltr'><strong>quasi</strong></span> <span class='ocrx_word' id='word_1_690' title='bbox 2696 2811 2785 2865; x_wconf 79' lang='lat' dir='ltr'><strong>tua:</strong></span> <span class='ocrx_word' id='word_1_691' title='bbox 2813 2811 3159 2881; x_wconf 73' lang='lat' dir='ltr'><strong>egrediantur.</strong></span> <span class='ocrx_word' id='word_1_692' title='bbox 3194 2808 3339 2866; x_wconf 80' lang='lat' dir='ltr'><strong>LXX</strong></span> <span class='ocrx_word' id='word_1_693' title='bbox 3371 2827 3383 2865; x_wconf 89' lang='lat'><strong>:</strong></span> <span class='ocrx_word' id='word_1_694' title='bbox 3413 2808 3551 2875; x_wconf 85' lang='lat' dir='ltr'><strong>Quid</strong></span> <span class='ocrx_word' id='word_1_695' title='bbox 3591 2809 3785 2877; x_wconf 75' lang='lat' dir='ltr'><strong>faciam</strong></span> 
     </span>
    </p>
   </div>
   <div class='ocr_carea' id='block_1_88' title="bbox 2189 2900 3783 2975">
    <p class='ocr_par' dir='ltr' id='par_1_88' title="bbox 2189 2900 3783 2975">
     <span class='ocr_line' id='line_1_88' title="bbox 2189 2900 3783 2975; baseline -0.003 -16"><span class='ocrx_word' id='word_1_696' title='bbox 2189 2903 2303 2967; x_wconf 86' lang='lat' dir='ltr'><strong>tibi,</strong></span> <span class='ocrx_word' id='word_1_697' title='bbox 2336 2902 2594 2971; x_wconf 83' lang='lat' dir='ltr'><strong>Ephraim</strong></span> <span class='ocrx_word' id='word_1_698' title='bbox 2616 2904 2639 2958; x_wconf 88' lang='lat'><strong><em>?</em></strong></span> <span class='ocrx_word' id='word_1_699' title='bbox 2663 2904 2789 2974; x_wconf 91' lang='lat' dir='ltr'><strong>quid</strong></span> <span class='ocrx_word' id='word_1_700' title='bbox 2811 2905 2999 2975; x_wconf 75' lang='lat' dir='ltr'><strong>faciam</strong></span> <span class='ocrx_word' id='word_1_701' title='bbox 3029 2903 3144 2969; x_wconf 87' lang='lat' dir='ltr'><strong>tibi,</strong></span> <span class='ocrx_word' id='word_1_702' title='bbox 3188 2900 3376 2958; x_wconf 65' lang='lat' dir='ltr'><strong>Iuda?</strong></span> <span class='ocrx_word' id='word_1_703' title='bbox 3426 2902 3783 2956; x_wconf 82' lang='lat' dir='ltr'><strong>misericordia</strong></span> 
     </span>
    </p>
   </div>
   <div class='ocr_carea' id='block_1_89' title="bbox 2188 2996 3783 3068">
    <p class='ocr_par' dir='ltr' id='par_1_89' title="bbox 2188 2996 3783 3068">
     <span class='ocr_line' id='line_1_89' title="bbox 2188 2996 3783 3068; baseline 0.001 -19"><span class='ocrx_word' id='word_1_704' title='bbox 2188 3003 2359 3049; x_wconf 87' lang='lat' dir='ltr'><strong>autem</strong></span> <span class='ocrx_word' id='word_1_705' title='bbox 2390 3005 2559 3050; x_wconf 84' lang='lat' dir='ltr'><strong>vestra</strong></span> <span class='ocrx_word' id='word_1_706' title='bbox 2583 2997 2734 3067; x_wconf 88' lang='lat' dir='ltr'><strong>quasi</strong></span> <span class='ocrx_word' id='word_1_707' title='bbox 2772 2998 2928 3051; x_wconf 87' lang='lat' dir='ltr'><strong>nubes</strong></span> <span class='ocrx_word' id='word_1_708' title='bbox 2958 2997 3232 3064; x_wconf 86' lang='lat' dir='ltr'><strong>matutina,</strong></span> <span class='ocrx_word' id='word_1_709' title='bbox 3261 3005 3308 3051; x_wconf 86' lang='lat' dir='ltr'><strong>et</strong></span> <span class='ocrx_word' id='word_1_710' title='bbox 3330 2996 3482 3068; x_wconf 87' lang='lat' dir='ltr'><strong>quasi</strong></span> <span class='ocrx_word' id='word_1_711' title='bbox 3505 3012 3592 3050; x_wconf 86' lang='lat' dir='ltr'><strong>ros</strong></span> <span class='ocrx_word' id='word_1_712' title='bbox 3629 3011 3783 3050; x_wconf 72' lang='lat' dir='ltr'><strong>inane</strong></span> 
     </span>
    </p>
   </div>
   <div class='ocr_carea' id='block_1_90' title="bbox 2189 3088 3781 3165">
    <p class='ocr_par' dir='ltr' id='par_1_90' title="bbox 2189 3088 3781 3165">
     <span class='ocr_line' id='line_1_90' title="bbox 2189 3088 3781 3165; baseline 0.002 -25"><span class='ocrx_word' id='word_1_713' title='bbox 2189 3088 2576 3156; x_wconf 83' lang='lat' dir='ltr'><strong>pertransiens:</strong></span> <span class='ocrx_word' id='word_1_714' title='bbox 2606 3100 2874 3160; x_wconf 84' lang='lat' dir='ltr'><strong>prepterea</strong></span> <span class='ocrx_word' id='word_1_715' title='bbox 2904 3089 3100 3144; x_wconf 78' lang='lat' dir='ltr'><strong>succidi</strong></span> <span class='ocrx_word' id='word_1_716' title='bbox 3126 3090 3403 3165; x_wconf 80' lang='lat' dir='ltr'><strong>prophetas</strong></span> <span class='ocrx_word' id='word_1_717' title='bbox 3451 3100 3664 3150; x_wconf 83' lang='lat' dir='ltr'><strong>vestros,</strong></span> <span class='ocrx_word' id='word_1_718' title='bbox 3698 3105 3781 3145; x_wconf 86' lang='lat' dir='ltr'><strong>oc—</strong></span> 
     </span>
    </p>
   </div>
   <div class='ocr_carea' id='block_1_91' title="bbox 2185 3179 3778 3255">
    <p class='ocr_par' dir='ltr' id='par_1_91' title="bbox 2185 3179 3778 3255">
     <span class='ocr_line' id='line_1_91' title="bbox 2185 3179 3778 3255; baseline 0.001 -23"><span class='ocrx_word' id='word_1_719' title='bbox 2185 3180 2289 3233; x_wconf 87' lang='lat' dir='ltr'><strong>cidi</strong></span> <span class='ocrx_word' id='word_1_720' title='bbox 2341 3196 2427 3234; x_wconf 88' lang='lat' dir='ltr'><strong>eos</strong></span> <span class='ocrx_word' id='word_1_721' title='bbox 2457 3181 2509 3233; x_wconf 87' lang='lat' dir='ltr'><strong>in</strong></span> <span class='ocrx_word' id='word_1_722' title='bbox 2537 3180 2699 3235; x_wconf 82' lang='lat' dir='ltr'><strong>verbis</strong></span> <span class='ocrx_word' id='word_1_723' title='bbox 2722 3179 2740 3252; x_wconf 95' lang='lat'>[</span> <span class='ocrx_word' id='word_1_724' title='bbox 2767 3181 2853 3236; x_wconf 85' lang='lat' dir='ltr'><strong>Al.</strong></span> <span class='ocrx_word' id='word_1_725' title='bbox 2884 3181 3035 3236; x_wconf 86' lang='lat' dir='ltr'><strong>verba</strong></span> <span class='ocrx_word' id='word_1_726' title='bbox 3064 3181 3083 3255; x_wconf 96' lang='lat'>]</span> <span class='ocrx_word' id='word_1_727' title='bbox 3113 3182 3219 3236; x_wconf 87' lang='lat' dir='ltr'><strong>oris</strong></span> <span class='ocrx_word' id='word_1_728' title='bbox 3236 3182 3355 3244; x_wconf 89' lang='lat' dir='ltr'><strong>mei,</strong></span> <span class='ocrx_word' id='word_1_729' title='bbox 3388 3190 3436 3236; x_wconf 90' lang='lat' dir='ltr'><strong>et</strong></span> <span class='ocrx_word' id='word_1_730' title='bbox 3456 3180 3723 3253; x_wconf 84' lang='lat' dir='ltr'><strong>judicium</strong></span> <span class='ocrx_word' id='word_1_731' title='bbox 3756 3190 3778 3219; x_wconf 75' lang='grc' dir='ltr'><strong>ο</strong></span> 
     </span>
    </p>
   </div>
   <div class='ocr_carea' id='block_1_92' title="bbox 2185 3272 3779 3347">
    <p class='ocr_par' dir='ltr' id='par_1_92' title="bbox 2185 3272 3779 3347">
     <span class='ocr_line' id='line_1_92' title="bbox 2185 3272 3779 3347; baseline 0.001 -22"><span class='ocrx_word' id='word_1_732' title='bbox 2185 3281 2331 3326; x_wconf 90' lang='lat' dir='ltr'><strong>tuum</strong></span> <span class='ocrx_word' id='word_1_733' title='bbox 2351 3272 2499 3341; x_wconf 89' lang='lat' dir='ltr'><strong>quasi</strong></span> <span class='ocrx_word' id='word_1_734' title='bbox 2526 3273 2618 3327; x_wconf 80' lang='lat' dir='ltr'><strong>tua:</strong></span> <span class='ocrx_word' id='word_1_735' title='bbox 2640 3275 2948 3343; x_wconf 84' lang='lat' dir='ltr'><strong>egredietur.</strong></span> <span class='ocrx_word' id='word_1_736' title='bbox 2972 3273 3197 3343; x_wconf 86' lang='lat' dir='ltr'><strong>Quando</strong></span> <span class='ocrx_word' id='word_1_737' title='bbox 3220 3273 3354 3329; x_wconf 86' lang='lat' dir='ltr'><strong>dicit</strong></span> <span class='ocrx_word' id='word_1_738' title='bbox 3383 3291 3396 3327; x_wconf 90' lang='lat'><strong>:</strong></span> <span class='ocrx_word' id='word_1_739' title='bbox 3424 3273 3563 3343; x_wconf 87' lang='lat' dir='ltr'><strong>Quid</strong></span> <span class='ocrx_word' id='word_1_740' title='bbox 3591 3274 3779 3347; x_wconf 78' lang='lat' dir='ltr'><strong>faciant</strong></span> 
     </span>
    </p>
   </div>
   <div class='ocr_carea' id='block_1_93' title="bbox 2184 3361 3781 3439">
    <p class='ocr_par' dir='ltr' id='par_1_93' title="bbox 2184 3361 3781 3439">
     <span class='ocr_line' id='line_1_93' title="bbox 2184 3361 3781 3439; baseline 0.003 -21"><span class='ocrx_word' id='word_1_741' title='bbox 2184 3362 2297 3430; x_wconf 88' lang='lat' dir='ltr'><strong>tibi,</strong></span> <span class='ocrx_word' id='word_1_742' title='bbox 2321 3361 2573 3436; x_wconf 82' lang='lat' dir='ltr'><strong>Ephraim</strong></span> <span class='ocrx_word' id='word_1_743' title='bbox 2587 3367 2610 3419; x_wconf 87' lang='lat'><em>?</em></span> <span class='ocrx_word' id='word_1_744' title='bbox 2624 3365 2750 3435; x_wconf 87' lang='lat' dir='ltr'><strong>quid</strong></span> <span class='ocrx_word' id='word_1_745' title='bbox 2774 3367 2968 3436; x_wconf 77' lang='lat' dir='ltr'><strong>faciam</strong></span> <span class='ocrx_word' id='word_1_746' title='bbox 2988 3366 3100 3435; x_wconf 87' lang='lat' dir='ltr'><strong>tibi,</strong></span> <span class='ocrx_word' id='word_1_747' title='bbox 3117 3365 3149 3420; x_wconf 82' lang='lat' dir='ltr'><strong><em>J</em></strong></span> <span class='ocrx_word' id='word_1_748' title='bbox 3160 3367 3262 3420; x_wconf 92' lang='lat' dir='ltr'><strong>uda</strong></span> <span class='ocrx_word' id='word_1_749' title='bbox 3276 3368 3301 3422; x_wconf 87' lang='lat'><strong><em>?</em></strong></span> <span class='ocrx_word' id='word_1_750' title='bbox 3317 3367 3558 3436; x_wconf 81' lang='lat' dir='ltr'><strong>parentis</strong></span> <span class='ocrx_word' id='word_1_751' title='bbox 3580 3367 3632 3420; x_wconf 91' lang='lat' dir='ltr'><strong>in</strong></span> <span class='ocrx_word' id='word_1_752' title='bbox 3656 3382 3781 3439; x_wconf 86' lang='lat' dir='ltr'><strong>pcr-</strong></span> 
     </span>
    </p>
   </div>
   <div class='ocr_carea' id='block_1_94' title="bbox 2185 3454 3778 3529">
    <p class='ocr_par' dir='ltr' id='par_1_94' title="bbox 2185 3454 3778 3529">
     <span class='ocr_line' id='line_1_94' title="bbox 2185 3454 3778 3529; baseline 0.001 -20"><span class='ocrx_word' id='word_1_753' title='bbox 2185 3454 2332 3510; x_wconf 89' lang='lat' dir='ltr'><strong>ditos</strong></span> <span class='ocrx_word' id='word_1_754' title='bbox 2356 3456 3092 3524; x_wconf 75' lang='lat' dir='ltr'><strong>ﬁliosmonstrataﬂ‘ectum,</strong></span> <span class='ocrx_word' id='word_1_755' title='bbox 3140 3457 3293 3528; x_wconf 82' lang='lat' dir='ltr'><strong>juxta</strong></span> <span class='ocrx_word' id='word_1_756' title='bbox 3351 3458 3480 3515; x_wconf 89' lang='lat' dir='ltr'><strong>illud</strong></span> <span class='ocrx_word' id='word_1_757' title='bbox 3520 3458 3665 3529; x_wconf 86' lang='lat' dir='ltr'><strong>quod</strong></span> <span class='ocrx_word' id='word_1_758' title='bbox 3722 3460 3778 3512; x_wconf 89' lang='lat' dir='ltr'><strong>in</strong></span> 
     </span>
    </p>
   </div>
   <div class='ocr_carea' id='block_1_95' title="bbox 2182 3548 3778 3622">
    <p class='ocr_par' dir='ltr' id='par_1_95' title="bbox 2182 3548 3778 3622">
     <span class='ocr_line' id='line_1_95' title="bbox 2182 3548 3778 3622; baseline 0.001 -17"><span class='ocrx_word' id='word_1_759' title='bbox 2182 3548 2321 3605; x_wconf 82' lang='lat' dir='ltr'><strong>lsaia</strong></span> <span class='ocrx_word' id='word_1_760' title='bbox 2355 3550 2585 3619; x_wconf 85' lang='lat' dir='ltr'><strong>legimus</strong></span> <span class='ocrx_word' id='word_1_761' title='bbox 2615 3567 2628 3605; x_wconf 89' lang='lat'><strong>:</strong></span> <span class='ocrx_word' id='word_1_762' title='bbox 2664 3550 2803 3617; x_wconf 85' lang='lat' dir='ltr'><strong>Quid</strong></span> <span class='ocrx_word' id='word_1_763' title='bbox 2828 3563 2900 3607; x_wconf 87' lang='lat' dir='ltr'><strong>est</strong></span> <span class='ocrx_word' id='word_1_764' title='bbox 2922 3551 3062 3622; x_wconf 89' lang='lat' dir='ltr'><strong>quod</strong></span> <span class='ocrx_word' id='word_1_765' title='bbox 3081 3553 3217 3607; x_wconf 81' lang='lat' dir='ltr'><strong>ultra</strong></span> <span class='ocrx_word' id='word_1_766' title='bbox 3245 3552 3401 3607; x_wconf 74' lang='lat' dir='ltr'><strong>debui</strong></span> <span class='ocrx_word' id='word_1_767' title='bbox 3426 3556 3600 3622; x_wconf 79' lang='lat' dir='ltr'><strong>facere</strong></span> <span class='ocrx_word' id='word_1_768' title='bbox 3621 3554 3778 3607; x_wconf 73' lang='lat' dir='ltr'><strong>vinea:</strong></span> 
     </span>
    </p>
   </div>
   <div class='ocr_carea' id='block_1_96' title="bbox 2184 3644 3782 3716">
    <p class='ocr_par' dir='ltr' id='par_1_96' title="bbox 2184 3644 3782 3716">
     <span class='ocr_line' id='line_1_96' title="bbox 2184 3644 3782 3716; baseline 0.002 -20"><span class='ocrx_word' id='word_1_769' title='bbox 2184 3658 2308 3696; x_wconf 73' lang='lat' dir='ltr'><strong>mea:</strong></span> <span class='ocrx_word' id='word_1_770' title='bbox 2336 3652 2385 3698; x_wconf 90' lang='lat' dir='ltr'><strong>et</strong></span> <span class='ocrx_word' id='word_1_771' title='bbox 2410 3660 2513 3697; x_wconf 89' lang='lat' dir='ltr'><strong>non</strong></span> <span class='ocrx_word' id='word_1_772' title='bbox 2540 3644 2638 3715; x_wconf 79' lang='lat' dir='ltr'><strong>feci</strong></span> <span class='ocrx_word' id='word_1_773' title='bbox 2665 3644 2860 3715; x_wconf 87' lang='lat' dir='ltr'><strong>ei(lsa,</strong></span> <span class='ocrx_word' id='word_1_774' title='bbox 2895 3661 2946 3712; x_wconf 79' lang='grc' dir='ltr'><strong>ν,</strong></span> <span class='ocrx_word' id='word_1_775' title='bbox 2975 3647 3034 3715; x_wconf 78' lang='grc'><strong>4)</strong></span> <span class='ocrx_word' id='word_1_776' title='bbox 3064 3646 3085 3700; x_wconf 77' lang='lat' dir='ltr'><strong>i</strong></span> <span class='ocrx_word' id='word_1_777' title='bbox 3116 3645 3249 3703; x_wconf 88' lang='lat' dir='ltr'><strong>Etin</strong></span> <span class='ocrx_word' id='word_1_778' title='bbox 3274 3644 3499 3701; x_wconf 70' lang='lat' dir='ltr'><strong>Michma</strong></span> <span class='ocrx_word' id='word_1_779' title='bbox 3533 3662 3547 3700; x_wconf 89' lang='lat'><strong>:</strong></span> <span class='ocrx_word' id='word_1_780' title='bbox 3577 3644 3782 3716; x_wconf 80' lang='lat' dir='ltr'><strong>Popule</strong></span> 
     </span>
    </p>
   </div>
   <div class='ocr_carea' id='block_1_97' title="bbox 2181 3736 3779 3808">
    <p class='ocr_par' dir='ltr' id='par_1_97' title="bbox 2181 3736 3779 3808">
     <span class='ocr_line' id='line_1_97' title="bbox 2181 3736 3779 3808; baseline 0.003 -20"><span class='ocrx_word' id='word_1_781' title='bbox 2181 3752 2347 3798; x_wconf 79' lang='lat' dir='ltr'><strong>uicus,</strong></span> <span class='ocrx_word' id='word_1_782' title='bbox 2397 3736 2526 3807; x_wconf 89' lang='lat' dir='ltr'><strong>quid</strong></span> <span class='ocrx_word' id='word_1_783' title='bbox 2555 3737 2655 3807; x_wconf 78' lang='lat' dir='ltr'><strong>feci</strong></span> <span class='ocrx_word' id='word_1_784' title='bbox 2684 3737 2799 3807; x_wconf 88' lang='lat' dir='ltr'><strong>tibi,</strong></span> <span class='ocrx_word' id='word_1_785' title='bbox 2827 3747 2918 3792; x_wconf 90' lang='lat' dir='ltr'><strong>aut</strong></span> <span class='ocrx_word' id='word_1_786' title='bbox 2943 3738 3068 3803; x_wconf 88' lang='lat' dir='ltr'><strong>quid</strong></span> <span class='ocrx_word' id='word_1_787' title='bbox 3090 3738 3333 3793; x_wconf 87' lang='lat' dir='ltr'><strong>molestus</strong></span> <span class='ocrx_word' id='word_1_788' title='bbox 3374 3737 3451 3808; x_wconf 80' lang='lat' dir='ltr'><strong>fui</strong></span> <span class='ocrx_word' id='word_1_789' title='bbox 3500 3738 3631 3793; x_wconf 82' lang='lat' dir='ltr'><strong>tibi?</strong></span> <span class='ocrx_word' id='word_1_790' title='bbox 3675 3736 3779 3792; x_wconf 84' lang='lat' dir='ltr'><strong>Re-</strong></span> 
     </span>
    </p>
   </div>
   <div class='ocr_carea' id='block_1_98' title="bbox 2180 3818 3778 3902">
    <p class='ocr_par' dir='ltr' id='par_1_98' title="bbox 2180 3818 3778 3902">
     <span class='ocr_line' id='line_1_98' title="bbox 2180 3818 3778 3902; baseline 0.001 -19"><span class='ocrx_word' id='word_1_791' title='bbox 2180 3830 2378 3900; x_wconf 80' lang='lat' dir='ltr'><strong>sponde</strong></span> <span class='ocrx_word' id='word_1_792' title='bbox 2400 3828 2558 3896; x_wconf 74' lang='lat' dir='ltr'><strong>mi/ai;</strong></span> <span class='ocrx_word' id='word_1_793' title='bbox 2589 3830 2715 3901; x_wconf 86' lang='lat' dir='ltr'><strong>quia</strong></span> <span class='ocrx_word' id='word_1_794' title='bbox 2738 3831 2893 3886; x_wconf 68' lang='lat' dir='ltr'><strong>eduxi</strong></span> <span class='ocrx_word' id='word_1_795' title='bbox 2924 3839 2970 3885; x_wconf 93' lang='lat' dir='ltr'><strong>te</strong></span> <span class='ocrx_word' id='word_1_796' title='bbox 2997 3831 3059 3886; x_wconf 86' lang='lat' dir='ltr'><strong>de</strong></span> <span class='ocrx_word' id='word_1_797' title='bbox 3087 3841 3225 3885; x_wconf 84' lang='lat' dir='ltr'><strong>terra</strong></span> <span class='ocrx_word' id='word_1_798' title='bbox 3250 3828 3490 3902; x_wconf 57' lang='lat' dir='ltr'><strong>ﬁgypti,</strong></span> <span class='ocrx_word' id='word_1_799' title='bbox 3522 3818 3589 3883; x_wconf 81' lang='lat' dir='ltr'><strong>de</strong></span> <span class='ocrx_word' id='word_1_800' title='bbox 3622 3829 3778 3884; x_wconf 83' lang='lat' dir='ltr'><strong>domo</strong></span> 
     </span>
    </p>
   </div>
   <div class='ocr_carea' id='block_1_99' title="bbox 2180 3921 3778 3995">
    <p class='ocr_par' dir='ltr' id='par_1_99' title="bbox 2180 3921 3778 3995">
     <span class='ocr_line' id='line_1_99' title="bbox 2180 3921 3778 3995; baseline -0.001 -19"><span class='ocrx_word' id='word_1_801' title='bbox 2180 3922 2507 3976; x_wconf 85' lang='lat' dir='ltr'><strong>servientium</strong></span> <span class='ocrx_word' id='word_1_802' title='bbox 2567 3922 2780 3976; x_wconf 86' lang='lat' dir='ltr'><strong>liberavi</strong></span> <span class='ocrx_word' id='word_1_803' title='bbox 2825 3932 2895 3989; x_wconf 87' lang='lat' dir='ltr'><strong>te,</strong></span> <span class='ocrx_word' id='word_1_804' title='bbox 2943 3932 2992 3978; x_wconf 91' lang='lat' dir='ltr'><strong>et</strong></span> <span class='ocrx_word' id='word_1_805' title='bbox 3034 3923 3152 3977; x_wconf 88' lang='lat' dir='ltr'><strong>misi</strong></span> <span class='ocrx_word' id='word_1_806' title='bbox 3211 3933 3331 3977; x_wconf 89' lang='lat' dir='ltr'><strong>ante</strong></span> <span class='ocrx_word' id='word_1_807' title='bbox 3381 3921 3566 3995; x_wconf 75' lang='lat' dir='ltr'><strong>faciem</strong></span> <span class='ocrx_word' id='word_1_808' title='bbox 3631 3931 3778 3975; x_wconf 88' lang='lat' dir='ltr'><strong>tuam</strong></span> 
     </span>
    </p>
   </div>
   <div class='ocr_carea' id='block_1_100' title="bbox 2181 4013 3775 4087">
    <p class='ocr_par' dir='ltr' id='par_1_100' title="bbox 2181 4013 3775 4087">
     <span class='ocr_line' id='line_1_100' title="bbox 2181 4013 3775 4087; baseline 0 -18"><span class='ocrx_word' id='word_1_809' title='bbox 2181 4014 2422 4087; x_wconf 77' lang='lat' dir='ltr'><strong>Moysen,</strong></span> <span class='ocrx_word' id='word_1_810' title='bbox 2456 4026 2505 4069; x_wconf 89' lang='lat' dir='ltr'><strong>et</strong></span> <span class='ocrx_word' id='word_1_811' title='bbox 2523 4016 2724 4081; x_wconf 86' lang='lat' dir='ltr'><strong>Aaron,</strong></span> <span class='ocrx_word' id='word_1_812' title='bbox 2757 4026 2806 4070; x_wconf 88' lang='lat' dir='ltr'><strong>et</strong></span> <span class='ocrx_word' id='word_1_813' title='bbox 2834 4016 3062 4071; x_wconf 85' lang='lat' dir='ltr'><strong>Mariam</strong></span> <span class='ocrx_word' id='word_1_814' title='bbox 3099 4014 3288 4086; x_wconf 77' lang='lat' dir='ltr'><strong>(Mich.</strong></span> <span class='ocrx_word' id='word_1_815' title='bbox 3315 4031 3391 4083; x_wconf 76' lang='lat' dir='ltr'><strong>v1,</strong></span> <span class='ocrx_word' id='word_1_816' title='bbox 3417 4015 3471 4080; x_wconf 75' lang='lat'><strong>2,</strong></span> <span class='ocrx_word' id='word_1_817' title='bbox 3499 4013 3577 4087; x_wconf 71' lang='grc'><strong>4).</strong></span> <span class='ocrx_word' id='word_1_818' title='bbox 3633 4013 3775 4083; x_wconf 90' lang='lat' dir='ltr'><strong>Quid</strong></span> 
     </span>
    </p>
   </div>
   <div class='ocr_carea' id='block_1_101' title="bbox 2181 4108 3776 4183">
    <p class='ocr_par' dir='ltr' id='par_1_101' title="bbox 2181 4108 3776 4183">
     <span class='ocr_line' id='line_1_101' title="bbox 2181 4108 3776 4183; baseline -0.001 -18"><span class='ocrx_word' id='word_1_819' title='bbox 2181 4108 2346 4181; x_wconf 88' lang='lat' dir='ltr'><strong>igitur</strong></span> <span class='ocrx_word' id='word_1_820' title='bbox 2389 4109 2583 4166; x_wconf 80' lang='lat' dir='ltr'><strong>faciam</strong></span> <span class='ocrx_word' id='word_1_821' title='bbox 2609 4111 2726 4180; x_wconf 90' lang='lat' dir='ltr'><strong>tibi,</strong></span> <span class='ocrx_word' id='word_1_822' title='bbox 2757 4111 3037 4182; x_wconf 86' lang='lat' dir='ltr'><strong>prraim,</strong></span> <span class='ocrx_word' id='word_1_823' title='bbox 3063 4111 3192 4183; x_wconf 90' lang='lat' dir='ltr'><strong>quid</strong></span> <span class='ocrx_word' id='word_1_824' title='bbox 3218 4109 3413 4169; x_wconf 80' lang='lat' dir='ltr'><strong>faciam</strong></span> <span class='ocrx_word' id='word_1_825' title='bbox 3440 4111 3561 4178; x_wconf 88' lang='lat' dir='ltr'><strong>tibi,</strong></span> <span class='ocrx_word' id='word_1_826' title='bbox 3594 4110 3776 4169; x_wconf 85' lang='lat' dir='ltr'><strong>Juda?</strong></span> 
     </span>
    </p>
   </div>
   <div class='ocr_carea' id='block_1_102' title="bbox 2181 4202 3773 4276">
    <p class='ocr_par' dir='ltr' id='par_1_102' title="bbox 2181 4202 3773 4276">
     <span class='ocr_line' id='line_1_102' title="bbox 2181 4202 3773 4276; baseline -0.001 -19"><span class='ocrx_word' id='word_1_827' title='bbox 2181 4203 2558 4259; x_wconf 88' lang='lat' dir='ltr'><strong>misericordia</strong></span> <span class='ocrx_word' id='word_1_828' title='bbox 2586 4211 2794 4274; x_wconf 87' lang='lat' dir='ltr'><strong>vestra,</strong></span> <span class='ocrx_word' id='word_1_829' title='bbox 2829 4220 2933 4275; x_wconf 88' lang='lat' dir='ltr'><strong>qua</strong></span> <span class='ocrx_word' id='word_1_830' title='bbox 2954 4202 3108 4260; x_wconf 89' lang='lat' dir='ltr'><strong>vobis</strong></span> <span class='ocrx_word' id='word_1_831' title='bbox 3135 4218 3353 4276; x_wconf 85' lang='lat' dir='ltr'><strong>semper</strong></span> <span class='ocrx_word' id='word_1_832' title='bbox 3374 4205 3633 4259; x_wconf 90' lang='lat' dir='ltr'><strong>misertus</strong></span> <span class='ocrx_word' id='word_1_833' title='bbox 3654 4218 3773 4263; x_wconf 85' lang='lat' dir='ltr'><strong>sum</strong></span> 
     </span>
    </p>
   </div>
   <div class='ocr_carea' id='block_1_103' title="bbox 2178 4296 3775 4368">
    <p class='ocr_par' dir='ltr' id='par_1_103' title="bbox 2178 4296 3775 4368">
     <span class='ocr_line' id='line_1_103' title="bbox 2178 4296 3775 4368; baseline 0 -17"><span class='ocrx_word' id='word_1_834' title='bbox 2178 4298 2334 4366; x_wconf 88' lang='lat' dir='ltr'><strong>quasi</strong></span> <span class='ocrx_word' id='word_1_835' title='bbox 2368 4296 2537 4351; x_wconf 89' lang='lat' dir='ltr'><strong>nubes</strong></span> <span class='ocrx_word' id='word_1_836' title='bbox 2562 4297 2823 4351; x_wconf 86' lang='lat' dir='ltr'><strong>matutina</strong></span> <span class='ocrx_word' id='word_1_837' title='bbox 2854 4298 3189 4368; x_wconf 88' lang='lat' dir='ltr'><strong>pertransiit,</strong></span> <span class='ocrx_word' id='word_1_838' title='bbox 3218 4305 3273 4351; x_wconf 91' lang='lat' dir='ltr'><strong>et</strong></span> <span class='ocrx_word' id='word_1_839' title='bbox 3302 4299 3457 4366; x_wconf 90' lang='lat' dir='ltr'><strong>quasi</strong></span> <span class='ocrx_word' id='word_1_840' title='bbox 3486 4312 3575 4351; x_wconf 91' lang='lat' dir='ltr'><strong>ros</strong></span> <span class='ocrx_word' id='word_1_841' title='bbox 3614 4311 3775 4351; x_wconf 87' lang='lat' dir='ltr'><strong>mane</strong></span> 
     </span>
    </p>
   </div>
   <div class='ocr_carea' id='block_1_104' title="bbox 2176 4389 3770 4459">
    <p class='ocr_par' dir='ltr' id='par_1_104' title="bbox 2176 4389 3770 4459">
     <span class='ocr_line' id='line_1_104' title="bbox 2176 4389 3770 4459; baseline -0.002 -13"><span class='ocrx_word' id='word_1_842' title='bbox 2176 4404 2557 4459; x_wconf 81' lang='lat' dir='ltr'><strong>consurgens,</strong></span> <span class='ocrx_word' id='word_1_843' title='bbox 2604 4390 2738 4459; x_wconf 90' lang='lat' dir='ltr'><strong>qui,</strong></span> <span class='ocrx_word' id='word_1_844' title='bbox 2791 4398 2915 4445; x_wconf 90' lang='lat' dir='ltr'><strong>orto</strong></span> <span class='ocrx_word' id='word_1_845' title='bbox 2962 4391 3097 4457; x_wconf 89' lang='lat' dir='ltr'><strong>sole,</strong></span> <span class='ocrx_word' id='word_1_846' title='bbox 3145 4389 3401 4447; x_wconf 87' lang='lat' dir='ltr'><strong>siccatur.</strong></span> <span class='ocrx_word' id='word_1_847' title='bbox 3453 4389 3572 4445; x_wconf 86' lang='lat' dir='ltr'><strong>Jam</strong></span> <span class='ocrx_word' id='word_1_848' title='bbox 3628 4390 3770 4445; x_wconf 90' lang='lat' dir='ltr'><strong>enim</strong></span> 
     </span>
    </p>
   </div>
   <div class='ocr_carea' id='block_1_105' title="bbox 2178 4482 3771 4556">
    <p class='ocr_par' dir='ltr' id='par_1_105' title="bbox 2178 4482 3771 4556">
     <span class='ocr_line' id='line_1_105' title="bbox 2178 4482 3771 4556; baseline -0.001 -17"><span class='ocrx_word' id='word_1_849' title='bbox 2178 4483 2467 4553; x_wconf 81' lang='lat' dir='ltr'><strong>captivitas</strong></span> <span class='ocrx_word' id='word_1_850' title='bbox 2500 4497 2672 4554; x_wconf 88' lang='lat' dir='ltr'><strong>prope</strong></span> <span class='ocrx_word' id='word_1_851' title='bbox 2701 4491 2805 4547; x_wconf 82' lang='lat' dir='ltr'><strong>est,</strong></span> <span class='ocrx_word' id='word_1_852' title='bbox 2825 4482 2939 4554; x_wconf 83' lang='lat' dir='ltr'><strong>jam</strong></span> <span class='ocrx_word' id='word_1_853' title='bbox 2962 4498 3058 4539; x_wconf 90' lang='lat' dir='ltr'><strong>vos</strong></span> <span class='ocrx_word' id='word_1_854' title='bbox 3081 4498 3251 4540; x_wconf 89' lang='lat' dir='ltr'><strong>cerno</strong></span> <span class='ocrx_word' id='word_1_855' title='bbox 3282 4484 3408 4539; x_wconf 91' lang='lat' dir='ltr'><strong>duci</strong></span> <span class='ocrx_word' id='word_1_856' title='bbox 3443 4485 3493 4539; x_wconf 91' lang='lat' dir='ltr'><strong>in</strong></span> <span class='ocrx_word' id='word_1_857' title='bbox 3514 4483 3771 4556; x_wconf 83' lang='lat' dir='ltr'><strong>Assyrios</strong></span> 
     </span>
    </p>
   </div>
   <div class='ocr_carea' id='block_1_106' title="bbox 2098 4555 3773 4650">
    <p class='ocr_par' dir='ltr' id='par_1_106' title="bbox 2098 4555 3773 4650">
     <span class='ocr_line' id='line_1_106' title="bbox 2098 4555 3773 4650; baseline -0.001 -16"><span class='ocrx_word' id='word_1_858' title='bbox 2098 4555 2153 4619; x_wconf 81' lang='lat' dir='ltr'><strong>D</strong></span> <span class='ocrx_word' id='word_1_859' title='bbox 2180 4588 2235 4634; x_wconf 90' lang='lat' dir='ltr'><strong>et</strong></span> <span class='ocrx_word' id='word_1_860' title='bbox 2268 4579 2321 4633; x_wconf 93' lang='lat' dir='ltr'><strong>in</strong></span> <span class='ocrx_word' id='word_1_861' title='bbox 2355 4577 2684 4650; x_wconf 88' lang='lat' dir='ltr'><strong>Babylonios</strong></span> <span class='ocrx_word' id='word_1_862' title='bbox 2731 4588 3015 4635; x_wconf 89' lang='lat' dir='ltr'><strong>catenatos</strong></span> <span class='ocrx_word' id='word_1_863' title='bbox 3051 4597 3063 4632; x_wconf 77' lang='grc' dir='ltr'><strong>ε</strong></span> <span class='ocrx_word' id='word_1_864' title='bbox 3107 4578 3289 4635; x_wconf 90' lang='lat' dir='ltr'><strong>dolavi</strong></span> <span class='ocrx_word' id='word_1_865' title='bbox 3324 4595 3423 4634; x_wconf 88' lang='lat' dir='ltr'><strong>vos</strong></span> <span class='ocrx_word' id='word_1_866' title='bbox 3455 4580 3507 4634; x_wconf 93' lang='lat' dir='ltr'><strong>in</strong></span> <span class='ocrx_word' id='word_1_867' title='bbox 3538 4555 3773 4649; x_wconf 88' lang='lat' dir='ltr'><strong>prophe-</strong></span> 
     </span>
    </p>
   </div>
   <div class='ocr_carea' id='block_1_107' title="bbox 2182 4669 3771 4742">
    <p class='ocr_par' dir='ltr' id='par_1_107' title="bbox 2182 4669 3771 4742">
     <span class='ocr_line' id='line_1_107' title="bbox 2182 4669 3771 4742; baseline 0.001 -17"><span class='ocrx_word' id='word_1_868' title='bbox 2182 4669 2271 4736; x_wconf 90' lang='lat' dir='ltr'><strong>tis,</strong></span> <span class='ocrx_word' id='word_1_869' title='bbox 2300 4678 2357 4726; x_wconf 92' lang='lat' dir='ltr'><strong>et</strong></span> <span class='ocrx_word' id='word_1_870' title='bbox 2387 4670 2571 4726; x_wconf 88' lang='lat' dir='ltr'><strong>verbis</strong></span> <span class='ocrx_word' id='word_1_871' title='bbox 2604 4670 2938 4727; x_wconf 86' lang='lat' dir='ltr'><strong>terribilibus</strong></span> <span class='ocrx_word' id='word_1_872' title='bbox 2980 4672 3345 4729; x_wconf 87' lang='lat' dir='ltr'><strong>comminatus</strong></span> <span class='ocrx_word' id='word_1_873' title='bbox 3370 4686 3512 4736; x_wconf 90' lang='lat' dir='ltr'><strong>sum,</strong></span> <span class='ocrx_word' id='word_1_874' title='bbox 3539 4669 3771 4742; x_wconf 84' lang='lat' dir='ltr'><strong>scalpel-</strong></span> 
     </span>
    </p>
   </div>
   <div class='ocr_carea' id='block_1_108' title="bbox 2178 4764 3767 4837">
    <p class='ocr_par' dir='ltr' id='par_1_108' title="bbox 2178 4764 3767 4837">
     <span class='ocr_line' id='line_1_108' title="bbox 2178 4764 3767 4837; baseline -0.001 -17"><span class='ocrx_word' id='word_1_875' title='bbox 2178 4766 2318 4835; x_wconf 90' lang='lat' dir='ltr'><strong>lum,</strong></span> <span class='ocrx_word' id='word_1_876' title='bbox 2355 4765 2507 4837; x_wconf 85' lang='lat' dir='ltr'><strong>ignes</strong></span> <span class='ocrx_word' id='word_1_877' title='bbox 2533 4774 2585 4821; x_wconf 88' lang='lat' dir='ltr'><strong>et</strong></span> <span class='ocrx_word' id='word_1_878' title='bbox 2616 4768 2854 4820; x_wconf 88' lang='lat' dir='ltr'><strong>cauteria</strong></span> <span class='ocrx_word' id='word_1_879' title='bbox 2910 4767 3130 4837; x_wconf 87' lang='lat' dir='ltr'><strong>protuli,</strong></span> <span class='ocrx_word' id='word_1_880' title='bbox 3187 4775 3245 4821; x_wconf 91' lang='lat' dir='ltr'><strong>ut</strong></span> <span class='ocrx_word' id='word_1_881' title='bbox 3294 4764 3389 4835; x_wconf 86' lang='lat' dir='ltr'><strong>qui</strong></span> <span class='ocrx_word' id='word_1_882' title='bbox 3439 4764 3767 4821; x_wconf 89' lang='lat' dir='ltr'><strong>clementem</strong></span> 
     </span>
    </p>
   </div>
   <div class='ocr_carea' id='block_1_109' title="bbox 2177 4857 3770 4929">
    <p class='ocr_par' dir='ltr' id='par_1_109' title="bbox 2177 4857 3770 4929">
     <span class='ocr_line' id='line_1_109' title="bbox 2177 4857 3770 4929; baseline 0.001 -15"><span class='ocrx_word' id='word_1_883' title='bbox 2177 4859 2637 4925; x_wconf 89' lang='lat' dir='ltr'><strong>contemnebatis,</strong></span> <span class='ocrx_word' id='word_1_884' title='bbox 2697 4858 2934 4914; x_wconf 89' lang='lat' dir='ltr'><strong>timeatis</strong></span> <span class='ocrx_word' id='word_1_885' title='bbox 2980 4857 3268 4924; x_wconf 82' lang='lat' dir='ltr'><strong>oil‘ensum,</strong></span> <span class='ocrx_word' id='word_1_886' title='bbox 3298 4869 3354 4915; x_wconf 91' lang='lat' dir='ltr'><strong>et</strong></span> <span class='ocrx_word' id='word_1_887' title='bbox 3376 4858 3549 4915; x_wconf 88' lang='lat' dir='ltr'><strong>occidi</strong></span> <span class='ocrx_word' id='word_1_888' title='bbox 3595 4858 3770 4929; x_wconf 86' lang='lat' dir='ltr'><strong>negli-</strong></span> 
     </span>
    </p>
   </div>
   <div class='ocr_carea' id='block_1_110' title="bbox 2172 4949 3765 5021">
    <p class='ocr_par' dir='ltr' id='par_1_110' title="bbox 2172 4949 3765 5021">
     <span class='ocr_line' id='line_1_110' title="bbox 2172 4949 3765 5021; baseline -0.001 -16"><span class='ocrx_word' id='word_1_889' title='bbox 2172 4960 2363 5021; x_wconf 87' lang='lat' dir='ltr'><strong>gentes</strong></span> <span class='ocrx_word' id='word_1_890' title='bbox 2387 4952 2440 5004; x_wconf 90' lang='lat' dir='ltr'><strong>in</strong></span> <span class='ocrx_word' id='word_1_891' title='bbox 2471 4950 2658 5006; x_wconf 83' lang='lat' dir='ltr'><strong>verbis</strong></span> <span class='ocrx_word' id='word_1_892' title='bbox 2681 4951 2794 5005; x_wconf 91' lang='lat' dir='ltr'><strong>oris</strong></span> <span class='ocrx_word' id='word_1_893' title='bbox 2820 4951 2945 5018; x_wconf 90' lang='lat' dir='ltr'><strong>mei,</strong></span> <span class='ocrx_word' id='word_1_894' title='bbox 2967 4960 3027 5007; x_wconf 90' lang='lat' dir='ltr'><strong>ut</strong></span> <span class='ocrx_word' id='word_1_895' title='bbox 3054 4961 3179 5006; x_wconf 86' lang='lat' dir='ltr'><strong>ante</strong></span> <span class='ocrx_word' id='word_1_896' title='bbox 3208 4960 3526 5021; x_wconf 87' lang='lat' dir='ltr'><strong>peccatores</strong></span> <span class='ocrx_word' id='word_1_897' title='bbox 3561 4949 3765 5005; x_wconf 90' lang='lat' dir='ltr'><strong>verbo-</strong></span> 
     </span>
    </p>
   </div>
   <div class='ocr_carea' id='block_1_111' title="bbox 2174 5041 3758 5115">
    <p class='ocr_par' dir='ltr' id='par_1_111' title="bbox 2174 5041 3758 5115">
     <span class='ocr_line' id='line_1_111' title="bbox 2174 5041 3758 5115; baseline -0.004 -15"><span class='ocrx_word' id='word_1_898' title='bbox 2174 5059 2295 5101; x_wconf 86' lang='lat' dir='ltr'><strong>rum</strong></span> <span class='ocrx_word' id='word_1_899' title='bbox 2319 5050 2530 5098; x_wconf 86' lang='lat' dir='ltr'><strong>terrore</strong></span> <span class='ocrx_word' id='word_1_900' title='bbox 2560 5043 2829 5113; x_wconf 85' lang='lat' dir='ltr'><strong>pnnirem,</strong></span> <span class='ocrx_word' id='word_1_901' title='bbox 2882 5058 3044 5115; x_wconf 89' lang='lat' dir='ltr'><strong>quam</strong></span> <span class='ocrx_word' id='word_1_902' title='bbox 3084 5041 3372 5114; x_wconf 85' lang='lat' dir='ltr'><strong>captivitas</strong></span> <span class='ocrx_word' id='word_1_903' title='bbox 3427 5041 3758 5096; x_wconf 88' lang='lat' dir='ltr'><strong>immineret.</strong></span> 
     </span>
    </p>
   </div>
   <div class='ocr_carea' id='block_1_112' title="bbox 2174 5133 3762 5208">
    <p class='ocr_par' dir='ltr' id='par_1_112' title="bbox 2174 5133 3762 5208">
     <span class='ocr_line' id='line_1_112' title="bbox 2174 5133 3762 5208; baseline -0.003 -14"><span class='ocrx_word' id='word_1_904' title='bbox 2174 5138 2243 5194; x_wconf 87' lang='lat' dir='ltr'><strong>Et</strong></span> <span class='ocrx_word' id='word_1_905' title='bbox 2275 5138 2393 5193; x_wconf 67' lang='lat' dir='ltr'><strong>haec</strong></span> <span class='ocrx_word' id='word_1_906' title='bbox 2424 5137 2674 5194; x_wconf 88' lang='lat' dir='ltr'><strong>universa</strong></span> <span class='ocrx_word' id='word_1_907' title='bbox 2706 5136 2834 5205; x_wconf 84' lang='lat' dir='ltr'><strong>feci,</strong></span> <span class='ocrx_word' id='word_1_908' title='bbox 2866 5146 2931 5193; x_wconf 90' lang='lat' dir='ltr'><strong>ut</strong></span> <span class='ocrx_word' id='word_1_909' title='bbox 2949 5135 3164 5208; x_wconf 89' lang='lat' dir='ltr'><strong>judicii,</strong></span> <span class='ocrx_word' id='word_1_910' title='bbox 3195 5151 3302 5206; x_wconf 90' lang='lat' dir='ltr'><strong>quo</strong></span> <span class='ocrx_word' id='word_1_911' title='bbox 3331 5144 3385 5195; x_wconf 90' lang='lat' dir='ltr'><strong>te</strong></span> <span class='ocrx_word' id='word_1_912' title='bbox 3421 5133 3762 5205; x_wconf 73' lang='lat' dir='ltr'><strong>iudicaturus</strong></span> 
     </span>
    </p>
   </div>
   <div class='ocr_carea' id='block_1_113' title="bbox 2166 5229 3762 5303">
    <p class='ocr_par' dir='ltr' id='par_1_113' title="bbox 2166 5229 3762 5303">
     <span class='ocr_line' id='line_1_113' title="bbox 2166 5229 3762 5303; baseline -0.001 -16"><span class='ocrx_word' id='word_1_913' title='bbox 2166 5245 2313 5299; x_wconf 91' lang='lat' dir='ltr'><strong>sum,</strong></span> <span class='ocrx_word' id='word_1_914' title='bbox 2365 5233 2566 5289; x_wconf 88' lang='lat' dir='ltr'><strong>veritas</strong></span> <span class='ocrx_word' id='word_1_915' title='bbox 2614 5239 2938 5303; x_wconf 86' lang='lat' dir='ltr'><strong>appareret,</strong></span> <span class='ocrx_word' id='word_1_916' title='bbox 2990 5230 3282 5300; x_wconf 87' lang='lat' dir='ltr'><strong>nullusque</strong></span> <span class='ocrx_word' id='word_1_917' title='bbox 3336 5229 3618 5285; x_wconf 87' lang='lat' dir='ltr'><strong>dubitaret</strong></span> <span class='ocrx_word' id='word_1_918' title='bbox 3659 5243 3762 5285; x_wconf 86' lang='lat' dir='ltr'><strong>vos</strong></span> 
     </span>
    </p>
   </div>
   <div class='ocr_carea' id='block_1_114' title="bbox 2160 5321 3758 5394">
    <p class='ocr_par' dir='ltr' id='par_1_114' title="bbox 2160 5321 3758 5394">
     <span class='ocr_line' id='line_1_114' title="bbox 2160 5321 3758 5394; baseline 0 -18"><span class='ocrx_word' id='word_1_919' title='bbox 2160 5324 2310 5393; x_wconf 85' lang='lat' dir='ltr'><strong>juste</strong></span> <span class='ocrx_word' id='word_1_920' title='bbox 2341 5341 2461 5393; x_wconf 71' lang='lat' dir='ltr'><strong>qua:</strong></span> <span class='ocrx_word' id='word_1_921' title='bbox 2491 5324 2731 5394; x_wconf 81' lang='lat' dir='ltr'><strong>patimini</strong></span> <span class='ocrx_word' id='word_1_922' title='bbox 2780 5324 2949 5379; x_wconf 84' lang='lat' dir='ltr'><strong>fuisse</strong></span> <span class='ocrx_word' id='word_1_923' title='bbox 3004 5336 3315 5394; x_wconf 88' lang='lat' dir='ltr'><strong>perpessos.</strong></span> <span class='ocrx_word' id='word_1_924' title='bbox 3349 5321 3455 5385; x_wconf 83' lang='lat' dir='ltr'><strong>Pro</strong></span> <span class='ocrx_word' id='word_1_925' title='bbox 3503 5335 3570 5378; x_wconf 91' lang='lat' dir='ltr'><strong>eo</strong></span> <span class='ocrx_word' id='word_1_926' title='bbox 3614 5321 3758 5392; x_wconf 91' lang='lat' dir='ltr'><strong>quod</strong></span> 
     </span>
    </p>
   </div>
   <div class='ocr_carea' id='block_1_115' title="bbox 2165 5414 3755 5491">
    <p class='ocr_par' dir='ltr' id='par_1_115' title="bbox 2165 5414 3755 5491">
     <span class='ocr_line' id='line_1_115' title="bbox 2165 5414 3755 5491; baseline -0.003 -18"><span class='ocrx_word' id='word_1_927' title='bbox 2165 5426 2271 5480; x_wconf 92' lang='lat' dir='ltr'><strong>est,</strong></span> <span class='ocrx_word' id='word_1_928' title='bbox 2332 5416 2506 5472; x_wconf 87' lang='lat' dir='ltr'><strong>dolavi</strong></span> <span class='ocrx_word' id='word_1_929' title='bbox 2533 5419 2584 5472; x_wconf 88' lang='lat' dir='ltr'><strong>in</strong></span> <span class='ocrx_word' id='word_1_930' title='bbox 2610 5416 2902 5491; x_wconf 80' lang='lat' dir='ltr'><strong>prophetis,</strong></span> <span class='ocrx_word' id='word_1_931' title='bbox 2933 5416 3285 5488; x_wconf 81' lang='lat' dir='ltr'><strong>Septuaginta</strong></span> <span class='ocrx_word' id='word_1_932' title='bbox 3340 5414 3755 5483; x_wconf 87' lang='lat' dir='ltr'><strong>transtulerunt,</strong></span> 
     </span>
    </p>
   </div>
   <div class='ocr_carea' id='block_1_116' title="bbox 2160 5509 3757 5587">
    <p class='ocr_par' dir='ltr' id='par_1_116' title="bbox 2160 5509 3757 5587">
     <span class='ocr_line' id='line_1_116' title="bbox 2160 5509 3757 5587; baseline -0.001 -20"><span class='ocrx_word' id='word_1_933' title='bbox 2160 5510 2360 5567; x_wconf 87' lang='lat' dir='ltr'><strong>succidi</strong></span> <span class='ocrx_word' id='word_1_934' title='bbox 2389 5510 2669 5585; x_wconf 86' lang='lat' dir='ltr'><strong>praphetas</strong></span> <span class='ocrx_word' id='word_1_935' title='bbox 2697 5520 2906 5579; x_wconf 80' lang='lat' dir='ltr'><strong>vestros,</strong></span> <span class='ocrx_word' id='word_1_936' title='bbox 2958 5509 3107 5580; x_wconf 88' lang='lat' dir='ltr'><strong>ipsos</strong></span> <span class='ocrx_word' id='word_1_937' title='bbox 3132 5509 3641 5587; x_wconf 84' lang='lat' dir='ltr'><strong>pseudopropbctas</strong></span> <span class='ocrx_word' id='word_1_938' title='bbox 3669 5523 3757 5565; x_wconf 88' lang='lat' dir='ltr'><strong>0c-</strong></span> 
     </span>
    </p>
   </div>
   <div class='ocr_carea' id='block_1_117' title="bbox 2155 5641 2900 5699">
    <p class='ocr_par' dir='ltr' id='par_1_117' title="bbox 2155 5641 2900 5699">
     <span class='ocr_line' id='line_1_117' title="bbox 2155 5641 2900 5699; baseline 0 -2"><span class='ocrx_word' id='word_1_939' title='bbox 2155 5642 2359 5699; x_wconf 88' lang='lat' dir='ltr'><strong>nostris</strong></span> <span class='ocrx_word' id='word_1_940' title='bbox 2385 5657 2517 5699; x_wconf 89' lang='lat' dir='ltr'><strong>mss.</strong></span> <span class='ocrx_word' id='word_1_941' title='bbox 2551 5652 2607 5698; x_wconf 89' lang='lat' dir='ltr'><strong>et</strong></span> <span class='ocrx_word' id='word_1_942' title='bbox 2640 5641 2900 5698; x_wconf 77' lang='lat' dir='ltr'><strong>Victorio.</strong></span> 
     </span>
    </p>
   </div>
   <div class='ocr_carea' id='block_1_118' title="bbox 2231 5713 3752 5779">
    <p class='ocr_par' dir='ltr' id='par_1_118' title="bbox 2231 5713 3752 5779">
     <span class='ocr_line' id='line_1_118' title="bbox 2231 5713 3752 5779; baseline 0 -9"><span class='ocrx_word' id='word_1_943' title='bbox 2231 5723 2253 5754; x_wconf 76' lang='grc' dir='ltr'><strong>ο</strong></span> <span class='ocrx_word' id='word_1_944' title='bbox 2294 5713 2412 5770; x_wconf 86' lang='lat' dir='ltr'><strong>Non</strong></span> <span class='ocrx_word' id='word_1_945' title='bbox 2470 5714 2633 5770; x_wconf 90' lang='lat' dir='ltr'><strong>estin</strong></span> <span class='ocrx_word' id='word_1_946' title='bbox 2662 5713 2895 5773; x_wconf 80' lang='lat' dir='ltr'><strong>Palatia.</strong></span> <span class='ocrx_word' id='word_1_947' title='bbox 2942 5728 3075 5771; x_wconf 89' lang='lat' dir='ltr'><strong>mss.</strong></span> <span class='ocrx_word' id='word_1_948' title='bbox 3127 5722 3275 5772; x_wconf 86' lang='lat' dir='ltr'><strong>tuum</strong></span> <span class='ocrx_word' id='word_1_949' title='bbox 3308 5733 3327 5772; x_wconf 90' lang='lat'><strong><em>:</em></strong></span> <span class='ocrx_word' id='word_1_950' title='bbox 3357 5714 3534 5775; x_wconf 67' lang='grc' dir='ltr'><strong>ϐταξεί</strong></span> <span class='ocrx_word' id='word_1_951' title='bbox 3571 5725 3752 5779; x_wconf 76' lang='lat' dir='ltr'><strong>autem</strong></span> 
     </span>
    </p>
   </div>
   <div class='ocr_carea' id='block_1_119' title="bbox 2159 5786 3399 5863">
    <p class='ocr_par' dir='ltr' id='par_1_119' title="bbox 2159 5786 3399 5863">
     <span class='ocr_line' id='line_1_119' title="bbox 2159 5786 3399 5863; baseline 0.002 -22"><span class='ocrx_word' id='word_1_952' title='bbox 2159 5786 2410 5858; x_wconf 90' lang='lat' dir='ltr'><strong>plerique</strong></span> <span class='ocrx_word' id='word_1_953' title='bbox 2440 5786 2599 5843; x_wconf 89' lang='lat' dir='ltr'><strong>codd.</strong></span> <span class='ocrx_word' id='word_1_954' title='bbox 2631 5806 2730 5859; x_wconf 83' lang='grc' dir='ltr'><strong>μου</strong></span> <span class='ocrx_word' id='word_1_955' title='bbox 2756 5786 2979 5863; x_wconf 82' lang='lat' dir='ltr'><strong>habent,</strong></span> <span class='ocrx_word' id='word_1_956' title='bbox 3002 5786 3174 5857; x_wconf 84' lang='lat' dir='ltr'><strong>idest,</strong></span> <span class='ocrx_word' id='word_1_957' title='bbox 3209 5803 3399 5849; x_wconf 83' lang='lat' dir='ltr'><strong>meum.</strong></span> 
     </span>
    </p>
   </div>
  </div>
