4150 6346
407 221 518 293 869

1278 221 1929 290 COMMENTARIORUH
1967 227 2034 298 IN
2071 230 2254 294 OSEE
2293 233 2424 298 LIB.
2469 235 2533 292 ll.
2575 235 2726 294 CAP.
2769 237 2860 296 Vl.

3590 237 3704 307 8‘70

399 345 549 402 cisos
571 357 602 400 a
631 340 866 399 Domino
911 341 1280 417 intelligentes
1302 365 1316 404 :
1341 356 1397 404 ut
1426 347 1521 418 qui
1570 361 1734 402 causa
1787 345 1996 401 erroris
2021 350 2076 412 Δ
2101 345 2364 406 facerent.
2401 350 2468 406 Et
2499 350 2595 420 ibi,
2623 353 2725 412 hoc
2756 366 2860 424 cm,
2895 357 2946 412 in
2970 357 3248 428 paradiso,
3273 372 3467 416 omnes
3493 375 3709 432 praua-

401 439 638 505 fuerant,
672 451 928 509 prospera
957 440 1360 508 promittentes,
1414 441 1687 498 interfecti
1714 447 2001 496 verteren-

401 539 489 588 tur
539 530 594 588 in
651 530 1003 588 occasionem
1063 533 1280 590 salutis.
1313 535 1382 590 Et
1410 544 1496 590 est
1523 549 1718 590 sensus
1747 553 1760 588 :
1791 533 1868 590 Ne
1893 531 2005 606 64

395 624 678 692 diceretis,
729 624 1010 695 prophetis
1059 627 1418 698 credidimus,
1453 630 1619 686 ctiam
1653 629 1802 698 ipsos
1828 628 2000 684 inter-

397 721 503 782 feci
536 739 551 776 :
588 732 644 784 ut
691 722 874 778 omnis
922 722 1078 782 vobis
1122 724 1386 792 peccandi
1444 725 1733 780 tolleretur
1757 723 1998 781 occasio.

402 815 660 886 Legimus
689 816 746 874 in
778 815 985 886 Regum
1011 817 1294 876 volumine
1321 829 1344 856 τι
1373 818 1805 889 quadringentos
1841 821 2003 887 quin-

400 912 656 982 quaginta
683 909 990 979 PrOpbetas
1013 912 1219 972 Baetim
1255 912 1576 970 interfectos
1605 913 1706 972 sub
1751 913 1870 968 Elia
1893 914 1909 984 (
1935 911 2002 967 lll

402 1002 530 1074 Reg.
557 1018 686 1060 xvru
715 1003 760 1074 ),
787 1011 847 1060 et
872 1004 1039 1062 aliam
1083 1006 1539 1062 innumerabilem
1591 1005 2000 1064 multitudinem

401 1097 503 1152 sub
528 1096 669 1154 Jebu
699 1095 793 1168 (IV
817 1096 951 1170 Reg.
982 1114 1014 1155 x
1044 1097 1087 1170 ),
1119 1100 1211 1171 qui
1241 1100 1508 1158 subvertit
1532 1100 1758 1158 domum
1787 1098 2000 1158 Achab.

401 1189 530 1246 llaec
591 1189 787 1247 eadem
832 1197 886 1250 et
943 1194 1012 1248 ad
1041 1193 1352 1261 haereticos,
1386 1202 1444 1250 et
1465 1195 1534 1256 ad
1561 1210 1752 1255 verum
1781 1193 1889 1266 [ΑΙ.
1924 1193 2007 1250 vi-

401 1280 543 1354 rum]
568 1284 790 1350 ludam,
824 1283 917 1355 qui
954 1284 1153 1340 similia
1180 1299 1541 1356 perpessurus
1563 1294 1667 1352 est,
1696 1285 1840 1341 dicta
1869 1299 2002 1340 sen-

403 1377 592 1443 timus,
642 1376 787 1444 quod
847 1386 1110 1448 provocet
1155 1393 1253 1436 eos
1297 1378 1564 1435 Dominus
1586 1379 1654 1434 ad
1679 1378 2003 1436 misericor-

401 1468 572 1538 diam,
597 1478 654 1528 et
683 1471 881 1528 reverti
899 1471 1086 1542 cupiat
1110 1469 1178 1527 ad
1207 1471 1462 1538 salutem.
1491 1470 1595 1528 Sed
1649 1470 1730 1526 illi
1778 1470 2004 1526 delicias

403 1560 570 1631 hujus
615 1563 802 1618 saeculi
837 1573 892 1618 et
931 1564 1214 1634 refrigeria
1264 1565 1417 1634 quasi
1475 1563 1672 1620 nubem
1701 1571 1758 1618 et
1793 1578 2000 1631 rorem,

401 1655 493 1726 qui
526 1659 638 1712 cito
671 1665 917 1712 transeat
940 1667 1351 1726 consectentur,
1407 1659 1606 1728 quibus
1630 1658 1680 1713 in
1707 1657 2006 1728 Evangelia

2099 450 2255 502 rieati
2298 451 2504 506 suntin
2538 469 2644 520 me,
2679 455 2730 508 in
2759 457 3172 516 similitudinem
3231 463 3701 532 praevaricationis

2099 548 2292 606 Adam.
2323 551 2437 606 Non
2471 553 2615 608 cuitu
2652 553 2852 611 mirum
2878 559 2924 612 si
2949 561 3092 630 quod
3123 564 3178 618 in
3206 575 3432 635 parente
3459 581 3700 636 princes-

2099 654 2192 721 sit,
2226 654 2388 710 etiam
2415 656 2469 714 in
2503 657 2631 712 llllis
2657 659 3344 733 condemnetur.Quotidie
3364 669 3503 725 Deus
3535 679 3588 724 ct
3609 685 3705 726 eos

2101 757 2193 826 qui
2221 766 2376 813 extra
2406 759 2706 815 Ecclesiatn
2735 771 2886 830 sunt,
2917 773 2974 819 et
3004 765 3093 834 qui
3127 777 3356 836 peccant
3377 768 3429 822 in
3464 767 3706 824 Ecclesia

2101 870 2530 928 commorantes,
2561 872 2820 932 provocat
2847 865 2912 918 ad
2945 866 3563 935 pmnitentiam,etdicit
3584 871 3666 925 eis
3691 887 3706 926 :

2105 959 2530 1016 Misericordicm
2582 964 2719 1031 volo,
2773 974 2943 1019 etnon
2985 967 3327 1038 sacriﬁcium,
3357 979 3402 1023 et
3432 971 3709 1025 scientiam

2103 1063 2204 1119 Dei
2235 1065 2350 1132 plus
2377 1081 2533 1133 quam
2554 1064 2883 1122 holocausta.
2936 1067 3018 1122 illi
3073 1084 3206 1124 vero
3237 1069 3484 1127 offerunt
3513 1088 3710 1144 panem

2103 1165 2456 1238 sacrilegum,
2491 1177 2546 1222 et
2572 1167 2696 1221 dant
2732 1168 3132 1238 cleemosynas,
3156 1182 3204 1228 et
3236 1175 3434 1230 sectari
3458 1175 3715 1232 videntur

2106 1267 2470 1324 humilitatem
2506 1284 2665 1342 :quze
2689 1285 2811 1341 ego,
2844 1272 2888 1326 si
2918 1288 3044 1326 vere
3077 1272 3230 1342 fiant,
3278 1275 3594 1331 holocausta
3620 1277 3704 1334 in-

2107 1369 2400 1432 terpretor.
2449 1360 2585 1418 Cum
2628 1370 2809 1419 autem
2865 1365 3148 1422 scientiam
3213 1367 3305 1424 Dei
3364 1369 3712 1442 reliquerint,

2107 1453 2329 1518 frustra,
2366 1463 2619 1510 truncato
2636 1456 2814 1526 capite
2847 1457 2994 1526 ﬁdei,
3018 1466 3218 1514 caetera
3239 1460 3484 1516 membra
3508 1460 3713 1518 habere

2109 1562 2168 1604 se
2216 1547 2454 1620 jactant,
2506 1553 2845 1620 pra-varicati
2910 1561 3037 1609 sunt
3080 1555 3226 1615 enim
3277 1565 3494 1626 pactum
3531 1555 3622 1612 Dei
3654 1555 3706 1610 in

2107 1641 2379 1706 Ecclesia,
2398 1641 2722 1697 sicutAdam
2748 1647 3135 1712 praevaricatus
3165 1647 3326 1702 estin
3359 1647 3631 1717 paradiso;
3659 1656 3715 1704 et

405 1750 610 1808 dicitur
645 1768 657 1804 :
691 1751 882 1818 Stulte,
936 1752 1035 1806 hac
1079 1763 1228 1808 nocte
1279 1763 1515 1826 repetunt
1545 1755 1776 1810 animam
1805 1763 1946 1808 luant
1975 1769 2008 1807 a

2117 1733 2413 1788 imitatores
2443 1749 2502 1788 se
2533 1737 2739 1806 antiqui
2772 1738 3013 1807 parentis
3038 1738 3360 1804 ostendunt,
3393 1749 3449 1794 ιιι
3473 1755 3710 1812 quomo-

406 1853 454 1900 te
481 1861 634 1916 :qua.’
655 1855 826 1902 autem
854 1847 1053 1918 parasti
1073 1848 1224 1920 cujus
1245 1855 1395 1902 erunt
1438 1847 1591 1922 (Luc.
1635 1863 1732 1912 xu,
1766 1846 1833 1902 ΞΟ
1854 1846 1908 1917 )?
1939 1846 2006 1900 Et

405 1941 558 1998 dives
587 1942 683 1998 ille
707 1953 1063 2014 purpuratus,
1093 1944 1334 2013 quiante
1357 1943 1551 2012 januas
1580 1959 1707 1998 suas
1727 1943 2004 2014 jacentem

404 2033 669 2090 Lazarum
691 2036 1079 2092 contemnebat
1107 2033 1257 2108 (an.
1291 2049 1428 2103 xvi),
1456 2052 1619 2094 omne
1647 2034 1789 2106 quod
1815 2035 2009 2090 fruitus

407 2136 508 2191 est,
544 2127 720 2182 instar
741 2127 898 2183 nubis
927 2143 991 2182 ac
1015 2128 1160 2184 roris
1183 2128 1444 2184 transisse
1473 2128 1750 2198 cognovit.
1778 2125 2009 2198 Semper

407 2227 590 2272 autem
622 2219 914 2290 prephetas
937 2218 1320 2276 haereticorum
1372 2218 1633 2275 interﬁcit
1662 2217 1805 2275 Deus
1831 2236 1842 2272 :
1879 2219 2006 2273 dum

407 2322 612 2368 asterna
639 2312 720 2368 eis
745 2313 1009 2384 supplicia
1062 2315 1447 2388 comminatur.
1479 2324 1532 2368 et
1563 2313 1741 2368 aufert
1779 2312 1846 2368 de
1878 2325 2007 2368 vera

408 2405 542 2471 vita,
573 2414 628 2460 et
657 2407 816 2462 morti
843 2407 1107 2462 scelerum
1133 2407 1481 2477 derelinquit.
1527 2405 1634 2461 Nos
1675 2415 1856 2460 autem
1910 2420 2007 2460 nu-

412 2497 535 2554 bem
591 2497 890 2572 diligamus
928 2499 1101 2567 illam,
1153 2514 1273 2570 quae
1299 2509 1560 2570 perpetua
1607 2509 1714 2565 est,
1745 2508 1946 2567 etquae
1979 2512 2011 2552 a

417 2589 601 2645 umndi
631 2589 792 2660 hujus
823 2591 1015 2646 ardore
1059 2607 1155 2648 nos
1179 2592 1430 2661 protegit,
1466 2592 1549 2646 cui
1594 2590 1792 2646 sedens
1818 2588 2007 2645 Domi-

417 2697 522 2740 nus
552 2683 699 2738 venit
718 2681 771 2737 in
796 2681 1110 2756 Egyptum,
1143 2693 1194 2738 ct
1228 2684 1408 2740 omnia
1437 2681 1821 2754 IEgyptiorum
1844 2683 2011 2736 simu-

416 2774 564 2830 lacra
591 2773 877 2846 confregit.
899 2779 1156 2834 Amemus
1182 2775 1331 2830 illum
1357 2774 1646 2840 roretn,de
1676 2790 1786 2844 quo
1801 2773 2012 2845 Moyses

412 2864 684 2936 loquitur:
711 2865 1031 2923 Descendunt
1051 2869 1181 2923 sicut
1211 2884 1296 2922 ros
1320 2868 1469 2922 verba
1500 2884 1612 2921 mea
1637 2865 1817 2939 (Deut.
1840 2881 2007 2933 xxxu,

409 2959 493 3030 2).
527 2959 593 3014 Ει
617 2959 687 3014 de
717 2975 822 3030 que
849 2960 1016 3016 Isaias
1041 2959 1215 3016 dicit:
1250 2960 1536 3032 Resurgent
1561 2961 1775 3026 mortui,
1829 2968 1876 3013 et
1926 2975 2010 3013 re-

411 3056 794 3110 suscitabuntur
819 3057 907 3124 qui
935 3057 988 3112 in
1031 3055 1286 3128 sepulcris
1308 3067 1427 3112 sunt
1458 3074 1583 3114 :ras
1615 3057 1750 3112 enim
1788 3059 1876 3128 qui
1895 3073 1925 3109 a
1959 3067 2007 3110 te

413 3156 512 3212 est,
536 3149 730 3202 sanitas
753 3164 932 3204 eorum
955 3157 1027 3204 est
1057 3149 1211 3219 (Isai.
1244 3166 1391 3216 tum,
1417 3151 1506 3217 19,
1540 3167 1641 3205 sec.
1667 3147 2010 3219 LXX).Sunt
2038 3132 2084 3204 Ο

413 3242 502 3310 qui
538 3242 835 3310 prolihetas
863 3242 1186 3297 interfectos
1215 3257 1345 3298 vere
1377 3240 1398 3314 [_
1427 3241 1515 3298 Al.
1569 3241 1758 3315 viros]
1786 3251 2010 3298 sanctos

413 3334 707 3400 :rstitnent,
751 3351 817 3389 eo
861 3335 1005 3407 quod
1057 3351 1219 3392 causa
1268 3337 1453 3408 populi
1507 3337 1818 3407 peccatoris
1844 3337 2008 3390 etiam

414 3429 702 3498 prephetze
732 3427 896 3482 occisi
930 3429 1057 3493 sint,
1086 3437 1139 3484 et
1162 3428 1410 3484 hostibus
1441 3428 1648 3483 traditi.

489 3517 668 3588 (Vers.
705 3521 759 3584 6,
793 3519 876 3591 7.)
919 3520 1056 3587 Quia
1077 3520 1492 3574 misericordiam
1516 3520 1676 3587 volui,
1711 3529 1757 3573 et
1791 3536 1894 3575 non
1928 3537 2016 3575 sa-

415 3611 667 3678 cri/icium
699 3627 718 3664 :
743 3622 790 3664 et
811 3612 1076 3668 scientiam
1106 3610 1206 3666 Dei
1235 3614 1355 3683 plus
1377 3630 1530 3682 quam
1554 3612 1896 3680 holocausta;
1920 3614 2018 3686 ipsi

419 3712 594 3757 autem
623 3704 752 3757 sicut
784 3703 950 3757 Adam
979 3707 1283 3777 transgressi
1305 3715 1420 3759 sunt
1449 3715 1654 3776 pactum
1677 3723 1695 3759 :
1727 3706 1797 3759 ibi
1821 3723 2020 3777 pnetra-

415 3795 566 3848 ricati
591 3805 710 3849 sunt
740 3797 791 3848 in
828 3813 926 3849 me.
957 3795 1101 3852 LXX
1133 3814 1145 3849 :
1183 3794 1319 3862 Quia
1349 3797 1765 3852 misericordiam
1793 3800 1926 3860 uolo,
1970 3805 2020 3851 et

417 3905 522 3942 non
543 3889 886 3962 sacriﬁcium,
917 3891 1182 3943 scientiam
1215 3887 1314 3944 Dei
1342 3891 1507 3960 magis
1520 3907 1671 3958 quant
1688 3889 2020 3944 holocausta:

415 3984 518 4054 ipsi
545 4000 659 4040 vero
713 3994 831 4036 sunt
881 3985 1013 4038 sicut
1067 3983 1220 4036 homo
1269 3985 1570 4054 pra‘teriens
1637 3993 2017 4038 testamentum.

419 4073 445 4112 1³
471 4074 624 4144 Quod
656 4075 909 4145 sequitur
948 4076 1000 4128 in
1053 4075 1412 4146 Septuaginta
1445 4092 1457 4128 :
1494 4072 1576 4128 lbi
1605 4076 1914 4146 contempsit
1944 4090 2025 4129 me

419 4164 626 4220 Galaad
649 4166 848 4235 civitas,
865 4182 980 4238 qua:
1003 4178 1248 4235 operatur
1273 4184 1424 4234 varia,
1453 4178 1505 4223 et
1523 4168 1752 4238 reliqua,
1771 4168 2025 4238 sequenti

418 4257 656 4327 capitulo
715 4259 1015 4328 coaptanda
1073 4270 1201 4314 sunt
1229 4259 1346 4333 [AL
1374 4261 1671 4332 aptandum
1707 4271 1788 4316 est
1817 4259 1836 4332 ]
1867 4278 1881 4314 :
1925 4275 2025 4316 nos

421 4351 563 4422 quod
599 4353 1008 4422 proposuimus,
1061 4354 1434 4410 disseramus:
1465 4355 1655 4410 Dolavi
1680 4370 1776 4410 eos
1813 4356 1865 4409 in
1900 4370 2027 4424 pro-

421 4445 623 4514 phetis,
660 4444 838 4498 occidi
863 4447 911 4498 in
939 4446 1120 4500 verbis
1147 4448 1260 4501 oris
1284 4447 1412 4512 mei,
1447 4449 1630 4517 gravia
1656 4449 2028 4503 comminatus

2109 1826 2178 1881 do
2207 1827 2298 1881 ille
2329 1827 2396 1882 de
2420 1829 2690 1900 paradiso,
2725 1829 2803 1885 sic
2822 1838 2878 1886 et
2915 1833 2999 1886 isti
3025 1833 3321 1904 ejiciautur
3343 1834 3411 1892 de
3434 1834 3711 1890 Ecclesia.

2183 1928 2362 2001 (Vers.
2392 1929 2471 2004 8.)
2508 1930 2712 1986 Galaad
2742 1934 2922 1988 civitas
2978 1937 3298 2004 operantium
3328 1935 3548 2002 idolum,
3583 1953 3711 2005 sup-

2109 2021 2344 2094 plantata
2367 2024 2651 2096 sanguine,
2690 2033 2736 2080 et
2773 2027 2920 2096 quasi
2955 2027 3130 2098 [ωηερε
3169 2029 3398 2084 virorum
3445 2029 3710 2084 latronum

2115 2118 2251 2188 (sive
2273 2120 2369 2175 viri
2381 2120 2625 2192 latronis)
2654 2131 2674 2159 ο
2703 2129 2995 2192 utrumque
3018 2123 3159 2178 cuitu
3191 2122 3292 2193 legi
3317 2129 3518 2194 potest.
3549 2121 3712 2178 LXX:

2111 2206 2194 2268 Ibi
2223 2211 2532 2282 contempsit
2564 2228 2641 2266 me
2661 2209 2891 2278 Galaad,
2921 2215 3102 2270 civitas
3137 2231 3251 2286 quw
3283 2224 3526 2287 operatur
3554 2231 3709 2282 vana,

2112 2316 2158 2360 et
2191 2310 2462 2362 conturbat
2483 2323 2696 2379 aquam,
2727 2319 2775 2362 et
2800 2308 3054 2378 fortitudo
3083 2319 3169 2364 tua
3191 2310 3282 2364 viri
3317 2311 3521 2378 piratae.
3554 2309 3712 2380 Legi-

2111 2412 2232 2453 mus
2263 2400 2312 2454 in
2348 2398 2578 2455 Ramoth
2611 2399 2813 2458 Galaad
2851 2411 3072 2456 unctum
3101 2417 3224 2457 esse
3257 2403 3310 2458 in
3342 2417 3524 2474 regem
3565 2401 3703 2458 Jehu

2115 2493 2204 2565 (IV
2221 2492 2354 2566 Reg.
2371 2494 2474 2568 tx'),
2490 2497 2578 2568 qni
2603 2497 2921 2566 sanguinem
2938 2494 3185 2568 sanguini
3201 2496 3436 2561 miscuit,
3456 2509 3508 2554 et
3524 2495 3711 2552 Achab

2123 2589 2391 2645 subvertit
2414 2590 2656 2658 domum,
2679 2599 2867 2646 etante
2891 2593 3022 2647 solis
3043 2600 3217 2648 ortum
3231 2606 3456 2648 acervos
3471 2593 3710 2662 capitum

2115 2679 2353 2736 ﬁliorum
2381 2682 2498 2752 ejus
2523 2683 2684 2754 jussit
2714 2684 2911 2751 statui;
2949 2685 2998 2738 in
3033 2683 3133 2739 hac
3173 2683 3305 2742 urbe
3339 2694 3492 2740 trans
3519 2684 3712 2740 Jorda-

2116 2791 2238 2830 nem
2265 2775 2320 2832 in
2350 2778 2700 2848 possessione
2731 2778 2907 2834 tribus
2930 2776 3068 2846 God,
3101 2777 3302 2834 idolum
3331 2788 3710 2838 consecratum

2114 2879 2200 2925 est
2229 2885 2244 2926 :
2277 2886 2398 2941 quae
2440 2869 2788 2926 habitabatur
2815 2886 2845 2925 a
2886 2870 3292 2938 sacerdotibus,
3331 2888 3455 2930 nant
3501 2881 3555 2928 et
3601 2871 3718 2943 ipsa

2118 2959 2466 3032 fugitivorum
2505 2963 2698 3017 civitas
2748 2963 2864 3018 fuit.
2908 2962 3129 3032 Quanto
3167 2963 3332 3036 igitur
3363 2963 3636 3020 celebrior
3668 2971 3725 3019 et

2117 3054 2341 3125 majoris
2366 3055 2730 3122 auctoritatis,
2762 3056 2887 3126 quia
2914 3058 2964 3110 in
2995 3065 3202 3128 partem
3233 3055 3582 3114 sacerdotum
3611 3056 3729 3112 fue-

2115 3159 2200 3204 rat
2231 3147 2477 3222 delegata
2498 3192 2512 3218 ,
2544 3158 2695 3206 tanto
2729 3159 2881 3204 trans
2910 3151 3207 3208 .lordanem
3240 3150 3510 3210 habitanti
3555 3151 3719 3210 lsrael

2115 3241 2441 3312 principium
2473 3243 2817 3312 idololatriae,
2849 3254 2904 3299 et
2935 3245 3201 3302 malorum
3231 3248 3473 3304 omnium
3504 3245 3631 3310 fuit,
3658 3255 3717 3300 ut

2113 3334 2205 3406 qui
2231 3333 2390 3404 primi
2419 3343 2798 3404 peccaverant,
2825 3335 2986 3408 primi
3012 3336 3080 3392 ab
3102 3336 3343 3408 Assyriis
3361 3346 3714 3406 caperentur.

2117 3425 2180 3480 Et
2210 3428 2468 3498 quoniam
2499 3427 2611 3500 66
2636 3426 2748 3496 ipsa
2780 3428 3056 3496 provincia
3088 3429 3246 3501 plena
3277 3437 3363 3485 est
3391 3430 3712 3485 latrocinio-

2116 3534 2262 3583 rum,
2295 3529 2576 3589 comparat
2605 3535 2698 3575 eos
2731 3520 3036 3575 latronibus
3057 3564 3071 3588 ,
3105 3533 3159 3578 ut
3191 3521 3468 3594 quomodo
3495 3522 3570 3577 illi
3605 3521 3720 3578 via-

2121 3611 2361 3678 toribus,
2411 3614 2489 3665 sic
2520 3611 2840 3667 sacerdotes
2880 3612 3218 3683 simplicitati
3254 3615 3436 3684 pepuli
3484 3613 3726 3670 insidiati

2121 3712 2268 3757 sunt.
2293 3701 2466 3756 Porro
2489 3703 2784 3756 secundum
2819 3704 3200 3774 tropologiatn,
3228 3701 3434 3760 Galaad
3456 3705 3728 3776 interpre-

2122 3802 2267 3850 tatur
2306 3795 2696 3870 transmigratio
2724 3797 3040 3862 testimonii;
3078 3806 3130 3852 et
3161 3797 3472 3853 contemnit
3510 3795 3718 3865 Deum,

2121 3887 2250 3942 dum
2283 3887 2595 3942 testimonia
2620 3886 3036 3955 Scripturarum
3070 3889 3135 3943 ad
3171 3904 3423 3958 perversa
3463 3889 3730 3962 depravat

2123 3981 2403 4051 dogmata,
2434 3989 2490 4035 et
2518 3980 2701 4035 omnia
2745 3997 2912 4050 opera
2944 3981 3092 4036 illius
3137 3997 3278 4037 vana
3313 3990 3470 4051 sunt,
3506 3991 3731 4037 contur-

2127 4072 2325 4143 batque
2375 4070 2642 4127 Ecclesia:
2694 4087 2886 4142 aquas,
2934 4083 2988 4127 et
3031 4072 3099 4128 de
3129 4073 3439 4144 purissimis
3487 4072 3731 4129 fontibus

2125 4180 2382 4222 caenosos
2410 4176 2465 4222 et
2494 4165 2754 4221 sordidos
2776 4165 2924 4221 rivos
2952 4165 3102 4232 facit,
3131 4168 3221 4237 qni
3245 4166 3520 4224 maculent
3549 4167 3733 4238 potius

2127 4274 2287 4330 quam
2320 4257 2587 4313 mundent
2633 4257 2960 4326 baptizatos.
2992 4257 3292 4330 Omnisque
3337 4257 3600 4314 fortitudo
3631 4258 3736 4314 hu-

2121 4350 2212 4421 jus
2241 4351 2410 4417 urbis,
2444 4351 2600 4420 quasi
2631 4349 2733 4404 viri
2769 4349 2958 4420 pirata:
2990 4362 3094 4418 est,
3126 4351 3252 4406 dum
3281 4351 3523 4405 imitatur
3545 4351 3738 4407 diabo-

2129 4445 2263 4511 lum,
2290 4445 2381 4515 qui
2403 4445 2455 4498 iu
2487 4443 2648 4512 hujus
2679 4441 2863 4498 saeculi
2891 4443 3052 4510 mari,
3080 4443 3131 4496 itt
3155 4459 3263 4512 quo
3292 4456 3460 4497 naves
3488 4453 3736 4511 pertran-

419 4550 564 4598 sttm,
599 4544 658 4588 ut
688 4535 984 4590 misererer
1004 4537 1412 4606 pteuiteutium,
1439 4553 1493 4593 ut
1523 4539 1690 4610 lapsis
1711 4552 1874 4611 atque
1907 4555 2030 4596 sur-
2054 4518 2106 4582 D
2134 4549 2294 4593 seunt
2319 4578 2334 4601 ,
2391 4536 2678 4592 insidiatur
2735 4534 2819 4589 his
2891 4535 2983 4607 qui
3049 4535 3116 4590 ad
3175 4544 3393 4607 portum
3445 4538 3736 4607 pervenire

419 4627 682 4699 gentibus
729 4628 1065 4698 porrigerem
1107 4646 1348 4686 manum.
1397 4633 1506 4704 65
1552 4633 1735 4702 Neque
1767 4634 1912 4688 enim
1944 4649 2031 4688 sa-

423 4721 649 4777 criliciis
687 4722 936 4777 delector
961 4733 1015 4778 et
1041 4724 1297 4792 victimis,
1323 4738 1376 4778 et
1409 4726 1852 4782 holocaustorum
1887 4729 2029 4782 mul-

424 4814 675 4870 titudine.
707 4815 950 4870 Victima:
973 4832 1106 4872 mea:
1135 4827 1189 4873 et
1221 4817 1560 4887 holocausta,
1611 4822 1758 4876 salus
1790 4822 2026 4877 creden-

422 4909 601 4975 tium,
651 4917 706 4964 et
752 4914 1041 4964 conversio
1117 4919 1464 4980 peccatorum
1523 4922 1628 4969 est.
1671 4911 1778 4983 Ipsi
1845 4923 2026 4969 autem

427 5001 622 5056 imitati
651 5011 777 5057 sunt
810 5001 1002 5072 Adam,
1036 5012 1094 5058 ut
1127 5003 1273 5074 quod
1307 5005 1401 5061 ille
1429 5007 1482 5060 in
1508 5007 1762 5078 paradiso
1802 5006 2029 5074 fecerat,

428 5101 646 5163 pactum
697 5109 876 5149 meum
925 5094 1212 5168 legemque
1263 5099 1614 5168 praeteriens,
1671 5099 1758 5155 isti
1791 5099 1848 5153 in
1882 5112 2028 5154 terra

503 5214 529 5281 ξι
567 5205 733 5281 Iidem
755 5222 937 5281 _mss.,_
958 5217 1207 5281 trecentos
1237 5211 1535 5281 prophetas,
1564 5211 1865 5268 dumtaxat.

504 5275 534 5314 ι)
577 5279 894 5358 A_rrtovitnus
926 5279 1052 5334 hinc
1073 5275 1259 5344 verba,
1293 5275 1377 5358 Ibi
1393 5283 1552 5358 enim
1568 5286 1875 5358 contempsit
1923 5301 2026 5355 me,

430 5362 552 5417 quae
603 5348 830 5423 frustra,
877 5360 931 5405 et
960 5363 1146 5406 contra
1177 5368 1308 5406 mss.
1341 5353 1498 5408 fidem
1541 5354 1621 5409 bis
1669 5348 2031 5423 ponebantur,

429 5433 576 5544 suntl
596 5418 783 5476 statim
811 5433 929 5490 post
950 5436 1052 5478 suo
1085 5423 1206 5480 loco
1237 5424 1602 5496 Hieronymus
1629 5418 1798 5486 semel
1830 5418 2026 5484 subdi;

474 5506 550 5544 ert
585 5529 597 5542 .

474 5506 597 5544 31⁸11..

513 5573 535 5599 ε
561 5560 894 5642 Coutextum
924 5562 1068 5622 lllltlc
1095 5581 1162 5624 ex
1193 5583 1325 5622 mss.
1359 5567 1637 5642 refixitnus
1675 5569 1739 5624 ad
1756 5571 2034 5642 _l-_lierony-

433 5633 515 5713 mi
569 5635 928 5713 proponenda
977 5647 1245 5713 mentem.
1285 5641 1465 5713 Antea
1515 5641 1704 5707 verba,
1751 5633 2038 5713 Utrumque

433 5706 574 5788 enim
601 5705 919 5788 legiyotest,
963 5711 1430 5788 ppstponebantur
1449 5710 1556 5788 ipsi
1584 5705 1840 5774 τῶνιΧΧ
1870 5705 2037 5788 inter-

437 5778 756 5844 pretationi,
783 5778 872 5832 cui
905 5778 1210 5840 et'deei'ant
1255 5783 1441 5853 verba,
1471 5778 1558 5840 Ibi
1605 5783 1912 5855 contempsit
1962 5800 2043 5842 me

2134 4629 2491 4686 contendunt.
2525 4629 2766 4696 Denique
2795 4626 3158 4698 Symmachus
3191 4627 3539 4684 manifestius
3567 4628 3740 4686 inter-

2135 4732 2382 4793 prolatus
2410 4732 2512 4786 est,
2543 4719 2734 4776 dicens
2764 4737 2778 4773 :
2805 4718 2870 4773 Et
2899 4720 3072 4791 fauces
3100 4730 3203 4775 tua:
3226 4721 3374 4792 quasi
3397 4721 3494 4776 viri
3519 4722 3743 4778 insidia-

2135 4817 2282 4870 toris.
2318 4815 2396 4870 De
2425 4812 2735 4868 istiusmodi
2780 4810 2972 4882 piratis
3003 4814 3056 4866 in
3097 4811 3200 4868 Job
3229 4813 3458 4882 legimus
3495 4831 3506 4868 :
3542 4810 3570 4850 ἀ
3612 4812 3737 4869 Νοη

2135 4918 2211 4965 est
2251 4907 2434 4963 dilatio
2479 4905 2661 4976 piratis
2697 4903 2819 4980 (Job
2846 4922 2982 4974 xxv,
3015 4907 3080 4976 5,
3123 4923 3226 4961 sec.
3259 4905 3451 4978 LXX).
3485 4907 3745 4974 Quamvis

2136 5004 2280 5058 enim
2327 5003 2381 5056 in
2421 5000 2678 5070 praesenti
2719 5000 2926 5055 saeculo
2970 5013 3030 5055 se
3076 4999 3282 5070 iactare
3327 4999 3637 5066 videantur,
3689 5013 3722 5054 e

2131 5095 2466 5154 conturbare
2491 5110 2680 5163 aquas,
2706 5103 2762 5149 et
2791 5093 3008 5164 operari
3031 5109 3192 5163 vana,
3220 5102 3277 5150 et
3306 5109 3567 5150 exercere
3600 5094 3747 5164 pira-

2140 5211 2371 5288 Galaad,
2405 5226 2524 5288 quae
2558 5210 2684 5266 huic
2704 5209 3008 5282 copulando
3031 5211 3274 5283 capitulo
3296 5211 3551 5288 superius
3578 5211 3638 5268 S.
3662 5214 3744 5286 ip-

2141 5299 2202 5340 se
2230 5284 2392 5339 Pater
2421 5285 2702 5338 docuerat.

2216 5353 2243 5392 ἀ
2276 5355 2527 5410 Notatum
2563 5353 2826 5418 Victorio,
2871 5355 3245 5409 testimonium
3304 5354 3445 5410 istud
3507 5355 3746 5412 inveniri

2132 5425 2452 5504 apud_l_.xx_
2473 5427 2524 5479 in
2539 5424 2670 5504 dub.
2697 5441 2819 5504 cap.
2843 5441 2976 5489 xxv,
3003 5427 3055 5482 in
3079 5426 3197 5482 haec
3226 5425 3411 5504 verba,
3441 5433 3512 5500 μή
3537 5429 3636 5504 γάρ
3660 5449 3742 5492 τις

2134 5499 2388 5582 ὐπρλάϐοι
2427 5495 2506 5556 ὅτι
2533 5499 2644 5579 εστὶ
2667 5499 2980 5623 «ﬂeamus:
3017 5505 3318 5576 πειραταῖς.
3373 5495 3494 5581 Quo
3527 5495 3580 5554 iit
3605 5495 3744 5556 'loco

2139 5570 2500 5623 edtttonostra
2518 5571 2679 5623 lenit:
2757 5571 2966 5623 umautd
2978 5579 3053 5623 est
3073 5587 3318 5623 numerus
3339 5571 3564 5623 militum
3584 5573 3699 5623 eius
3722 5573 3744 5623 ?

2139 5570 2500 5626 editiunostra
2518 5571 2648 5640 legit
2665 5586 2679 5624 ε
2696 5570 2966 5638 Numquid
2978 5579 3053 5628 est
3073 5570 3318 5630 numerus
3339 5571 3564 5626 militum
3584 5573 3699 5639 eius
3722 5573 3750 5626 ?

2139 5643 2463 5722 παρίλκυσις
2491 5652 2671 5698 autem
2699 5640 3023 5698 dilationem
3046 5642 3334 5728 significat,
3357 5643 3428 5700 ab
3447 5640 3610 5700 ne...
3633 5652 3747 5698 tra-

2145 5713 2306 5781 here;
2353 5712 2534 5774 Sutdte
2562 5726 2780 5784 quoque
2803 5713 3078 5790 ὑπερθσσις
3100 5725 3412 5788 exponitur.

2184 5729 2306 5781 ere;
2353 5729 2534 5774 sutore
2562 5729 2780 5781 quoque
2803 5729 3078 5781 arreptisque
3100 5729 3412 5781 exponitur.
