4150 6346
483 283 586 342 871

1729 276 1788 337 S.
1830 274 2099 338 EUSEBII
2139 270 2523 336 HIERONYMI

3677 270 3786 330 872

485 404 674 471 ticam,
720 410 900 457 tamen
929 413 1037 456 non
1064 407 1148 456 est
1179 409 1329 455 mura
1361 409 1678 470 poenarum,
1712 412 1832 468 quae
1864 411 1960 452 eos
1997 410 2084 451 ve-
2110 399 2155 457 Α
2189 396 2241 450 id
2308 406 2394 453 est
2421 437 2436 460 .
2500 392 2790 450 Jeroboam
2861 391 2930 447 de
3006 390 3148 447 tribu
3213 383 3511 461 Ephraim',
3569 395 3626 443 et
3690 387 3786 443 illo

484 494 681 551 Iociter
708 493 1195 565 comprehendent.

558 587 744 661 (Vcrs.
776 585 857 660 9.)
888 586 1160 658 Particeps
1201 587 1528 645 sacerdotum
1560 586 1615 641 in
1660 586 1741 640 ria
1766 584 2083 655 interﬁcien-

481 680 616 738 tium
648 692 914 754 pergentes
952 682 1015 737 de
1044 682 1251 737 Sichem
1290 698 1307 736 :
1338 683 1459 753 quia
1511 681 1676 735 scelus
1714 680 1912 752 aperati
1940 689 2080 734 sunt.

480 771 663 831 LXX:
696 773 1093 829 Absconderunt
1124 774 1417 829 sacerdotes
1451 782 1476 810 ει
1506 773 1638 826 viam
1667 769 1903 838 Domini,
1925 771 2083 826 inter—

482 868 715 940 fecerunt
745 869 947 927 Sicima
980 886 999 925 :
1025 870 1149 939 quia
1168 869 1491 941 iniquitatem
1524 868 1721 937 operati
1749 876 1892 920 sunt.
1920 865 2081 937 Sym-

482 963 709 1020 machus
747 967 892 1021 hunc
926 964 1105 1021 locum
1138 965 1210 1019 ita
1254 965 1646 1034 interpretatus
1685 971 1767 1017 est
1801 979 1813 1016 :
1845 960 2081 1017 Societas

483 1058 814 1113 sacerdotum
842 1058 896 1112 in
923 1059 1007 1113 via
1044 1058 1419 1128 interﬁciebant
1452 1055 1663 1112 Sic/tem
1690 1072 1709 1111 :
1738 1055 2079 1111 ’I‘heodotion

481 1148 588 1208 hoc
619 1152 811 1221 modo,
850 1151 1243 1208 Absconderunt
1282 1152 1576 1207 sacerdotes
1608 1150 1768 1215 uiam,
1804 1147 2083 1218 interﬁcie-

485 1244 609 1300 bant
642 1246 697 1300 in
720 1246 875 1301 dorso
907 1261 925 1300 :
957 1246 1172 1317 Aquila,
1204 1245 1546 1317 Participatio
1569 1242 1893 1299 sacerdotum
1921 1241 1975 1293 in
2002 1240 2083 1293 via

487 1339 787 1394 occidebant
838 1339 1080 1395 humeros
1136 1357 1155 1395 :
1208 1354 1439 1410 quorum
1490 1354 1613 1395 cum
1668 1333 2078 1406 intelligentiam

480 1429 637 1502 juxta
655 1431 942 1488 historiam
960 1446 1325 1504 quaereremus
1342 1432 1410 1486 ab
1430 1431 1679 1497 Hebraeo,
1700 1430 1775 1484 ita
1804 1428 1958 1484 nobis
1989 1442 2083 1483 er-

489 1524 724 1594 positum
755 1535 839 1581 est
882 1542 895 1577 :
932 1525 1259 1581 Sacerdotes
1290 1524 1502 1593 Bethel,
1536 1524 1699 1577 immo
1737 1520 1951 1576 fanatici
1981 1520 2081 1575 Be-

486 1620 711 1687 thaven,
748 1620 1083 1691 temporibus
1117 1620 1338 1677 Paschze
1372 1628 1427 1675 et
1465 1618 1837 1684 Pentecostes,
1870 1625 1926 1671 et
1952 1614 2082 1671 Sce-

484 1714 730 1785 n0pegia3
751 1756 766 1783 ,
796 1715 1017 1785 quando
1049 1730 1145 1785 per
1183 1714 1434 1781 Sichem,
1464 1729 1584 1783 qua:
1623 1712 1784 1768 hodie
1832 1710 2080 1781 Neapolis

2185 491 2534 557 Iornicante,
2581 487 2988 545 contaminatus
3038 485 3203 541 Israel
3240 493 3364 555 est,
3412 482 3646 556 populus
3701 482 3783 536 vi-

2190 582 2386 639 delicet
2440 582 2724 651 Samaricc,
2761 582 2854 653 qui
2911 595 3105 652 magna
3156 587 3245 635 est
3286 587 3442 648 parte
3489 591 3781 632 commune

2190 676 2410 733 Israelis
2450 693 2650 733 nomen
2693 677 2947 733 obtinuit.
2985 674 3144 731 Unde
3184 684 3239 729 et
3276 672 3346 728 ad
3370 672 3570 729 ludam
3603 684 3785 728 sermo

2189 770 2531 827 convertitur
2562 787 2580 826 :
2608 770 2688 826 Tu
2720 785 2940 843 quoque
2961 768 3125 839 Juda,
3151 781 3296 837 pone
3326 779 3558 822 messem
3589 764 3709 832 tibi,
3731 771 3787 820 et

2189 873 2275 920 est
2302 879 2495 921 sensus
2530 882 2543 919 :
2569 865 2686 921 Non
2717 874 2770 921 te
2798 875 2958 936 putes
2984 877 3107 921 esse
3135 877 3410 930 securum,
3437 858 3584 933 quod
3613 858 3782 915 Israel

2189 961 2438 1032 eaptivus
2461 960 2754 1033 abducitur
2784 977 2796 1014 :
2823 970 2879 1016 tu
2901 972 3121 1029 quoque
3149 971 3394 1029 praepara
3418 955 3516 1011 tibi
3540 963 3779 1025 segetes,

2190 1064 2243 1109 ut
2276 1063 2581 1122 metantur;
2612 1071 2721 1110 non
2761 1054 2931 1109 multo
2971 1054 3118 1110 enim
3159 1063 3283 1124 post
3316 1063 3565 1121 tempore
3607 1048 3779 1104 duce-

2188 1147 2264 1203 ris
2295 1148 2541 1217 captivus
2565 1148 2620 1202 in
2647 1147 3006 1220 Babylonem,
3038 1156 3090 1202 ct
3120 1146 3412 1202 messionis
3436 1154 3540 1198 tuae
3568 1151 3781 1211 tempus

2187 1240 2463 1297 adveniet.
2488 1240 2734 1311 Cumque
2768 1252 2822 1297 te
2849 1239 3093 1296 Chaldaei
3127 1240 3240 1312 68
3269 1236 3621 1303 messuerint,
3652 1250 3783 1291 con-

2189 1344 2397 1390 vertam
2423 1349 2639 1390 rursum
2663 1335 3035 1406 captivitatem
3068 1332 3250 1404 populi
3274 1333 3403 1400 mei,
3429 1340 3485 1387 et
3510 1331 3610 1387 sub
3637 1328 3781 1401 Cyro

2187 1445 2316 1499 rege
2375 1430 2687 1497 Persarum,
2732 1441 2787 1485 et
2841 1432 3151 1484 Artaxerxe
3206 1426 3464 1483 reducam
3526 1424 3780 1495 populum

2188 1537 2389 1578 meum.
2418 1524 2484 1577 Et
2517 1534 2645 1579 nota
2683 1539 2847 1594 quam
2879 1524 3255 1595 signiﬁcanter
3285 1520 3439 1576 Iuda:
3470 1520 3778 1591 captivitas,

2186 1627 2243 1671 et
2283 1617 2555 1687 regressio
2597 1617 2801 1687 pariter
2830 1618 3227 1687 prophetetur;
3258 1613 3327 1669 de
3370 1612 3534 1668 Israel
3566 1621 3778 1675 autem,

2186 1711 2293 1766 hoc
2326 1722 2429 1777 est,
2462 1712 2529 1767 de
2551 1712 2739 1767 decem
2775 1712 3042 1777 tribubus,
3077 1720 3132 1767 et
3161 1725 3306 1766 nunc
3341 1708 3567 1764 tacitum
3589 1715 3693 1774 est,
3728 1714 3784 1760 et

481 1806 808 1878 appellatur,
864 1808 1106 1864 eundum
1153 1817 1270 1865 erat
1305 1807 1726 1879 Jerosolymam,
1768 1807 1859 1861 ubi
1903 1806 2077 1861 solum
2111 1798 2158 1859 B
2186 1806 2230 1861 si
2254 1806 2469 1876 quando
2501 1821 2822 1877 prosperum
2842 1805 2971 1877 quid
2992 1805 3284 1872 dicitur,in
3300 1804 3509 1859 Christi
3534 1799 3784 1857 differtur

481 1898 683 1956 licebat
710 1900 959 1957 victimas
985 1902 1289 1971 immolare,
1322 1901 1597 1971 ponebant
1618 1900 1672 1955 in
1697 1900 1893 1954 itinere
1920 1898 2083 1954 latro-

484 2004 603 2058 nes,
637 1991 734 2061 qui
764 1992 1158 2049 insidiarentur
1189 1994 1569 2065 pergentibus,
1599 2001 1661 2048 ut
1687 1993 1858 2063 magis
1886 1992 2083 2047 vitulos

479 2098 680 2141 aureos
702 2086 756 2142 in
782 2087 897 2143 Dan
919 2097 973 2145 et
997 2088 1052 2143 in
1077 2088 1376 2159 Bethaven,
1400 2104 1564 2161 quam
1587 2089 1639 2144 in
1655 2088 2011 2159 Jerosolymis
2027 2096 2083 2144 et

480 2178 535 2235 in
550 2180 751 2252 templo
777 2182 1071 2240 adorarent
1085 2186 1273 2241 Deum.
1293 2184 1451 2251 Quod
1474 2193 1655 2239 autem
1670 2183 1807 2239 dicit
1828 2183 2085 2255 :jPartici-

482 2274 625 2346 patio
646 2283 695 2329 et
707 2277 930 2331 societas
942 2279 1272 2333 sacerdotum
1290 2324 1303 2349 ,
1328 2279 1756 2349 coniurationem
1771 2293 1958 2334 eorum
1974 2277 2081 2348 67

482 2366 780 2438 signiﬁcat,
803 2370 928 2426 etin
962 2371 1159 2427 malam
1181 2381 1389 2443 partem
1419 2386 1771 2429 consensum.
1791 2372 1885 2428 Sin
1901 2380 2082 2426 autem

482 2458 779 2532 legerimus
805 2505 819 2530 ,
891 2475 949 2521 ut
987 2481 1086 2522 nos
1130 2467 1469 2537 interpretati
1530 2481 1720 2522 sumus
1777 2482 1791 2521 :
1828 2464 2085 2537 particeps

480 2557 829 2628 sacerdotum,
862 2558 930 2615 ad
962 2559 1186 2627 Galaad,
1220 2561 1415 2633 inquit,
1440 2558 1789 2617 referendum
1818 2568 1934 2629 est,
1966 2574 2085 2629 qua:

476 2658 744 2721 operatur
801 2651 1014 2709 idolum
1067 2671 1080 2708 :
1139 2665 1222 2710 est
1273 2664 1328 2711 et
1381 2655 1732 2727 supplantata
1788 2653 2080 2724 sanguine,

478 2744 627 2815 quod
659 2745 1013 2802 sacerdotum
1046 2748 1380 2819 impietatem
1427 2757 1614 2805 secuta
1636 2750 1744 2815 sit,
1774 2758 1830 2804 et
1867 2746 2087 2804 latroci-

482 2838 591 2894 niis
619 2849 776 2896 vacet
804 2855 868 2897 ac
896 2842 1169 2913 sanguini.
1200 2843 1313 2899 Hoc
1342 2842 1422 2898 illi
1454 2843 1730 2899 dixerint:
1760 2841 1871 2898 Nos
1901 2853 2083 2897 autem

479 2929 726 2989 dicamus
754 2933 1121 2991 intercludere
1148 2936 1437 2993 hazreticos
1460 2938 1628 3005 viam,
1654 2951 1722 2992 ne
1744 2936 1812 2992 de
1839 2935 2083 3001 Sichem,

486 3023 540 3081 id
572 3034 677 3095 est,
707 3027 775 3083 de
817 3028 978 3084 bonis
1011 3029 1271 3101 operibus
1310 3045 1601 3102 pergamus
1641 3029 1695 3084 in
1738 3027 2081 3099 Jerusalem”,

482 3118 538 3177 id
567 3129 671 3188 est,
706 3122 759 3177 in
787 3122 1115 3180 Ecclesiam.
1147 3124 1241 3179 Isti
1274 3134 1398 3180 sunt
1427 3124 1581 3195 quasi
1622 3124 1808 3179 fauces
1842 3122 2083 3178 virorum

2186 1904 2503 1960 adventum.
2533 1903 2591 1957 In
2621 1903 2785 1959 domo
2819 1912 2997 1958 autem
3032 1901 3416 1958 haereticorum
3440 1897 3683 1971 quotidie
3706 1896 3786 1952 vi-

2187 1996 2379 2052 demus
2421 1997 2693 2053 horrenda
2725 2015 2736 2051 :
2773 1996 3172 2052 loruicautibus
3204 1995 3442 2067 primum
3474 1993 3783 2064 magistris,

2187 2100 2242 2145 et
2271 2091 2478 2162 populo
2505 2092 2595 2162 qui
2625 2090 2693 2146 ab
2724 2092 2805 2146 eis
2834 2090 3113 2146 inducitur
3133 2089 3435 2145 sordidato.
3469 2088 3624 2144 Iudae
3654 2103 3790 2158 quo-

2186 2200 2315 2257 que,
2353 2186 2458 2241 hoc
2485 2194 2591 2251 est,
2620 2185 2887 2241 Ecclesiae
2910 2186 3246 2255 praecipitur,
3284 2192 3345 2239 ut
3375 2191 3430 2238 et
3473 2182 3594 2254 ipse
3625 2196 3788 2252 pr0p-

2190 2288 2275 2334 ter
2297 2288 2522 2349 peccata
2545 2288 2703 2350 paret
2722 2279 2825 2334 sibi
2851 2294 3108 2346 messem,
3138 2278 3255 2334 sive
3281 2276 3641 2341 vindemiam,
3661 2289 3785 2329 cum

2182 2374 2373 2445 judicii
2424 2384 2636 2445 tempus
2685 2374 2997 2430 advenerit.
3050 2373 3155 2429 Sed
3209 2372 3337 2428 huic
3376 2370 3698 2442 ignoscitur,
3733 2378 3788 2425 et

2188 2470 2400 2527 veniam
2428 2471 2694 2533 Dominus
2724 2471 3043 2542 pollicetur,
3075 2469 3198 2540 quia
3215 2483 3376 2540 quem
3402 2465 3580 2535 diligit
3610 2464 3790 2521 corri-

2188 2566 2289 2635 pit,
2321 2575 2377 2621 et
2420 2565 2649 2636 castigat
2700 2579 2918 2620 omnem
2973 2564 3143 2617 lilium
3193 2576 3355 2632 quem
3397 2558 3593 2629 recipit
3624 2555 3783 2627 (IIeb.

2189 2659 2317 2730 xu),
2352 2669 2407 2714 ut
2439 2658 2727 2729 probatum
2761 2669 2816 2715 ct
2847 2666 3137 2728 purgatum
3168 2655 3369 2711 condat
3415 2653 3470 2708 in
3501 2650 3788 2707 thesauros

2186 2767 2336 2809 suos.
2372 2752 2601 2821 Quidam
2636 2752 2740 2808 hoc
2769 2751 2914 2823 quod
2948 2750 3173 2816 dicitur,
3201 2748 3366 2813 Iuda,
3396 2747 3566 2817 incipe
3612 2743 3791 2798 rinde-

2188 2848 2347 2900 miam
2375 2856 2537 2917 tuam,
2565 2846 2702 2912 sive,
2729 2862 2863 2917 pone
2914 2861 3127 2899 messem
3154 2843 3271 2911 tibi,
3298 2840 3365 2895 ad
3413 2839 3615 2895 bonam
3662 2851 3788 2907 par-

2188 2952 2295 2996 tem
2328 2939 2593 3007 referunt,
2627 2950 2685 2995 ut
2727 2940 2919 3010 punito
2951 2937 3146 3003 Israel,
3173 2938 3277 2992 iste
3302 2949 3530 3006 operum
3561 2946 3787 2987 suorum

2188 3033 2395 3089 fructus
2427 3032 2656 3103 recipiat
2682 3032 2842 3101 juxta
2866 3032 2999 3086 illud
3047 3030 3191 3102 quod
3233 3027 3498 3097 scriptum
3532 3034 3656 3082 est:
3688 3024 3789 3092 Qui

2188 3129 2444 3184 seminant
2463 3129 2515 3183 in
2543 3128 2809 3200 lacrymis,
2828 3126 2882 3181 in
2899 3126 3093 3200 gaudio
3114 3131 3307 3180 metent
3331 3120 3504 3195 (Psal.
3528 3135 3687 3187 cxxv,
3704 3118 3783 3189 (i).

478 3211 793 3285 latronum,
823 3227 879 3273 et
909 3217 1250 3274 interﬁciunt
1272 3231 1369 3275 eos
1394 3260 1410 3287 ,
1439 3219 1529 3289 qui
1564 3233 1662 3289 per
1706 3218 1868 3290 hujus
1899 3218 2084 3274 saeculi
2110 3199 2155 3261 Ο
2192 3222 2363 3278 Nobis
2386 3221 2640 3290 superior
2663 3199 2865 3277 sensus
2904 3199 3079 3290 magis
3111 3222 3314 3289 placet.

480 3310 625 3366 viam
658 3312 729 3368 ad
768 3313 1061 3372 veritatem
1108 3331 1341 3387 pergere
1372 3314 1620 3387 cupiunt.
1653 3314 1873 3372 Sichem
1912 3315 2087 3371 inter-
2264 3317 2417 3388 (Cap.
2452 3314 2562 3371 VII.
2599 3345 2667 3355 —
2698 3314 2853 3370 Vers.
2884 3311 2963 3383 1.)
2988 3311 3120 3367 Cum
3155 3326 3342 3365 sanare
3380 3309 3563 3364 vellem
3592 3304 3785 3373 Israel,

478 3412 729 3475 pretatur
747 3404 777 3445 ι)
803 3403 954 3481 ὦμοι,
983 3408 1038 3464 id
1061 3418 1167 3476 est,
1201 3409 1405 3464 humeri
1432 3424 1451 3463 :
1483 3409 1537 3463 in
1565 3408 1807 3465 humeris
1832 3423 1970 3479 Opus
2001 3409 2087 3463 in-
2196 3422 2217 3450 ο
2248 3412 2467 3466 ret-elata
2497 3420 2571 3466 est
2600 3409 2847 3479 iniquitas
2880 3406 3159 3478 Ephraim,
3186 3416 3230 3461 et
3248 3405 3451 3459 malitia
3479 3402 3736 3459 Samaria:
3766 3416 3785 3455 :

481 3501 805 3573 telligimus,
860 3514 915 3560 et
968 3521 1159 3562 omnes
1212 3505 1336 3562 falsi
1384 3506 1702 3562 sacerdotes
1741 3504 2089 3560 abscondunt
2189 3505 2311 3576 quia
2365 3505 2564 3576 operati
2611 3513 2733 3558 sunt
2782 3501 3133 3567 mendacium,
3166 3508 3213 3554 et
3257 3500 3345 3569 fur
3389 3499 3654 3570 ingressus
3690 3503 3785 3563 est,

481 3593 650 3665 viam,
679 3604 733 3651 et
759 3597 1019 3654 occidunt
1049 3598 1299 3657 homines
1345 3600 1503 3655 malis
1534 3600 1793 3670 operibus
1814 3640 1827 3666 ,
1859 3613 1928 3654 ne
1959 3614 2085 3669 per-
2188 3600 2419 3671 spolians
2471 3600 2801 3654 latrunculus
2841 3597 2990 3670 foris.
3026 3594 3052 3634 ά
3083 3595 3230 3652 LXX
3286 3594 3565 3651 similiter.
3617 3591 3786 3648 Multa

485 3688 713 3744 veniant
754 3689 1086 3749 Jerusalem.
1120 3692 1277 3761 Quod
1320 3703 1501 3749 autem
1550 3695 1811 3749 humerus
1847 3705 1983 3762 opus
2014 3690 2088 3745 si-
2188 3708 2334 3763 saepe
2361 3692 2529 3748 Israel
2558 3692 2887 3749 idololatria:
2917 3691 3128 3761 accepit
3180 3688 3427 3755 vulnera,
3461 3696 3516 3743 et
3552 3685 3789 3742 maxime

479 3780 702 3851 gniﬁcet
748 3783 885 3840 illud
928 3786 1175 3843 ostendit
1224 3805 1237 3842 :
1275 3785 1361 3840 Da
1400 3804 1488 3843 cor
1529 3796 1673 3841 tuum
1714 3788 1769 3841 in
1810 3786 2085 3839 humerum
2186 3786 2346 3854 illud,
2380 3788 2595 3857 quando
2641 3786 2694 3842 in
2739 3802 2928 3843 eremo
2976 3786 3133 3841 vituli
3181 3785 3557 3841 conﬂaverunt
3600 3790 3785 3853 caput,

482 3881 629 3928 tuum
651 3872 942 3947 (Genesar,
974 3878 1027 3948 9,
1055 3879 1170 3951 15),
1202 3879 1306 3935 hoc
1335 3889 1440 3945 est,
1471 3896 1591 3951 quae
1615 3879 1901 3949 intelligis,
1931 3889 2084 3933 verte
2187 3887 2349 3950 atque
2375 3880 2626 3937 dixerunt
2659 3880 2794 3936 :Isti
2816 3892 2935 3936 sunt
2964 3882 3039 3935 dii
3070 3881 3169 3947 tui,
3192 3879 3383 3949 Israel,
3409 3879 3567 3949 quite
3588 3877 3785 3932 eduxe-

481 3964 539 4022 in
571 3982 762 4037 opera.
792 3970 863 4026 Et
885 3972 954 4029 de
981 3973 1235 4030 Issachar
1258 3974 1523 4045 legimus,
1559 3974 1703 4044 quod
1734 3974 2084 4043 supposuerit
2184 3984 2305 4028 runt
2334 3975 2398 4028 de
2420 3985 2557 4029 terra
2591 3973 2817 4047 ngypti
2840 3973 3039 4045 (Exod.
3067 3988 3238 4038 χχχιι,
3270 3969 3349 4044 4).
3381 3970 3536 4026 Unde
3566 3984 3668 4039 ego
3693 3968 3785 4039 qui

483 4058 775 4119 humerum
805 4081 964 4123 suum
984 4068 1051 4122 ad
1080 4069 1465 4137 laborandum,
1492 4078 1544 4125 ct
1575 4070 1660 4124 vir
1685 4069 1923 4140 agricola
1950 4069 2042 4123 sit.
2184 4069 2326 4123 malo
2352 4070 2730 4139 pmnitentiam
2757 4069 3087 4139 peccatoris,
3113 4083 3279 4139 quam
3306 4073 3537 4121 mortem
3566 4062 3783 4136 (Ezech.

557 4155 740 4229 (Vers.
766 4158 854 4230 10,
891 4160 1007 4232 11.)
1037 4158 1105 4215 In
1130 4161 1284 4217 domo
1308 4162 1479 4217 Israel
1502 4162 1607 4217 vidi
1638 4161 1973 4230 horrendum,
2010 4161 2079 4216 ibi

2186 4177 2337 4229 xvm,
2373 4161 2587 4231 χχχιιι),
2622 4170 2678 4217 et
2708 4171 2901 4232 postea
2945 4162 3139 4233 loquor
3194 4160 3254 4215 in
3287 4157 3582 4229 Evangelio
3615 4153 3783 4209 :Non

482 4249 860 4322 fornicationes
901 4251 1182 4327 Ephraim,
1215 4256 1595 4311 contaminatus
1637 4265 1711 4310 est
1742 4253 1947 4323 Israel;
1989 4256 2080 4311 sed
2182 4254 2413 4327 indigent
2441 4256 2557 4309 sani
2580 4255 2803 4323 medico,
2828 4256 2921 4309 scd
2948 4257 3000 4309 hi
3026 4256 3115 4324 qui
3166 4256 3304 4309 male
3330 4253 3515 4307 habent
3544 4249 3699 4323 (Luc.
3727 4264 3780 4314 v,

480 4349 548 4411 et,
576 4340 743 4412 Iuda,
769 4362 902 4416 pone
929 4363 1142 4403 messem
1171 4346 1285 4416 tibi,
1328 4365 1446 4403 cum
1484 4357 1775 4403 convertero
1813 4350 2080 4420 captivita-

487 4444 590 4491 tem
617 4442 802 4510 populi
832 4444 949 4498 mei.
978 4442 1142 4499 LXX:
1177 4441 1246 4499 In
1276 4444 1427 4499 domo
1460 4442 1627 4499 Israel
1654 4444 1757 4499 ridi
1780 4443 2072 4512 horribilia,

478 4528 554 4585 ibi
577 4534 977 4603 fornicationem
1005 4535 1282 4609 Ephraim,
1308 4540 1689 4594 contaminatus
1717 4548 1791 4593 est
1831 4536 2001 4594 Israel
2028 4548 2075 4593 et

474 4622 620 4683 Iuda
649 4645 669 4684 :
696 4630 865 4705 incipe
892 4632 1207 4688 vindemiam
1233 4643 1373 4689 tuam
1394 4651 1513 4689 cum
1539 4641 1836 4689 convertero
1863 4633 2079 4705 captivi-

478 4726 639 4775 tatem
669 4723 853 4794 populi
883 4726 1003 4780 mei.
1038 4726 1112 4781 De
1135 4727 1239 4783 hoc
1267 4728 1475 4784 scelere
1501 4734 1558 4784 et
1586 4727 1814 4782 horrore
1848 4725 2078 4782 terribili

474 4819 563 4868 est
589 4811 699 4885 [ΑΙ.
728 4814 805 4887 et]
842 4815 1111 4874 Jeremias
1139 4818 1353 4875 locutus
1386 4818 1495 4892 [ΑΙ.
1535 4817 1798 4893 loquitur]
1836 4836 1850 4873 :
1886 4817 2074 4874 Obstu-

478 4904 593 4978 puit
632 4908 814 4963 caelum
840 4926 995 4984 super
1030 4911 1126 4967 hoc
1148 4952 1161 4979 ,
1201 4920 1249 4966 et
1278 4912 1548 4967 exhorruit
1580 4922 1717 4968 terra
1760 4912 2077 4967 vehementer

480 4999 699 5073 (Jerem.
730 5005 816 5073 ιι).
847 5004 988 5071 Quid
1021 5005 1165 5061 enim
1190 5004 1534 5073 horribilius,
1565 5020 1727 5076 quam
1760 5004 1949 5061 decem
1978 5005 2077 5061 tri-

474 5091 580 5152 bus
605 5095 674 5152 ad
701 5095 973 5153 idolorum
1006 5097 1213 5154 cultum
1238 5109 1466 5170 repente
1490 5098 1897 5170 transgressas?
1921 5097 2075 5154 Unde

477 5186 548 5244 ad
575 5191 926 5264 melropolim
949 5207 1139 5249 earum
1169 5191 1371 5250 dicitur
1401 5211 1413 5247 :
1443 5192 1614 5249 Aufer
1640 5193 1867 5249 vitulum
1900 5201 2076 5262 tuum,

480 5280 753 5356 Samaria,
802 5286 859 5343 in
905 5302 1010 5358 qua
1061 5287 1273 5360 primus
1327 5287 1629 5345 fornicatus
1665 5298 1751 5345 est
1799 5287 2083 5359 Ephraim,

527 5472 577 5548 ,ιι
604 5463 789 5548 Νοεμνί
819 5482 952 5524 mss.
980 5469 1039 5548 in
1060 5469 1162 5548 uia,
1194 5477 1404 5548 tantum
1433 5469 1641 5548 absque
1672 5468 1860 5548 additp
1889 5467 2073 5548 Domi-

483 5537 562 5618 ni,
587 5537 732 5605 quod
747 5554 958 5618 nomen
979 5542 1034 5596 in
1055 5540 1441 5618 Alexandrino
1457 5537 1762 5618 dumtaxat,
1788 5537 1955 5610 atque
1974 5541 2073 5618 ᾼΙ-

473 5605 617 5690 ἁίιιᾳ.
642 5612 1049 5690 exemplaribus
1097 5613 1320 5690 legitur,
1350 5613 1578 5690 Hebraeo
1616 5605 1916 5690 archetypo
1958 5612 2075 5669 dis-

474 5682 770 5757 sentiente.
799 5682 888 5757 Ad
934 5682 1250 5757 Symmachi
1280 5701 1497 5757 quoque
1538 5682 2074 5755 interpretationem,

479 5764 607 5821 qua:
633 5753 1006 5827 subsequitur,
1039 5756 1273 5813 reticent
1296 5753 1505 5816 nomen
1534 5753 1765 5813 Sichem.

545 5821 575 5863 δ
605 5822 776 5886 Iidem
803 5841 942 5888 mss.
971 5838 1233 5889 meum
1264 5829 1370 5889 hoc
1417 5830 1726 5890 litterarum
1763 5829 1930 5889 ductu
1956 5844 2054 5902 pre

2103 4590 2156 4652 D

2190 4349 2305 4420 51),
2330 4349 2562 4406 vulnera
2586 4348 2775 4421 populi
2801 4351 2907 4408 mei
2928 4364 3127 4407 sanare
3151 4360 3380 4405 conatus
3402 4362 3544 4403 sum.
3573 4347 3640 4400 Et
3659 4359 3779 4400 cum

2179 4440 2297 4498 haec
2325 4442 2473 4498 omni
2528 4452 2647 4499 arte
2699 4452 3018 4513 tractarem,
3052 4455 3111 4499 ut
3158 4442 3494 4500 miserabilis
3543 4439 3779 4512 populus

2180 4544 2486 4605 curaretur,
2504 4537 2685 4594 subito
2709 4538 2920 4594 exsutit
2935 4538 3228 4595 Jeroboam
3243 4537 3311 4594 de
3337 4537 3481 4593 tribu
3496 4534 3777 4607 prraim,

2182 4629 2271 4700 qui
2334 4628 2536 4686 vitulos
2601 4645 2799 4687 aureos
2864 4630 3101 4698 faceret,
3144 4640 3198 4687 et
3256 4630 3462 4709 malitia
3519 4627 3780 4685 Samaria:

2184 4724 2425 4781 revelata
2467 4733 2571 4791 est,
2596 4725 2875 4797 sequentis
2901 4741 3085 4798 regem
3113 4725 3335 4797 impium
3366 4741 3379 4778 :
3414 4722 3629 4795 operati
3656 4730 3783 4777 sunt

2184 4820 2328 4876 enim
2356 4828 2411 4875 et
2432 4835 2530 4875 rex
2551 4829 2605 4875 et
2630 4820 2861 4891 populus
2884 4820 3253 4888 mendacium,
3286 4820 3389 4874 hoc
3410 4825 3513 4884 est,
3548 4816 3774 4872 idolum.

2182 4911 2335 4969 Sicut
2364 4913 2509 4969 enim
2538 4914 2877 4968 contrarium
2906 4924 2990 4970 est
3012 4914 3369 4969 simulacrum
3395 4912 3532 4977 Deo,
3552 4910 3622 4965 ita
3638 4924 3781 4964 men-

2182 5004 2394 5061 dacium
2428 5003 2671 5061 veritati.
2707 5005 2827 5076 Ipse
2858 5015 3039 5062 autem
3084 5022 3181 5062 rex
3206 5005 3381 5060 instar
3406 5003 3539 5059 Iuris
3571 5001 3780 5073 ingres—

2179 5116 2274 5157 sus
2304 5109 2388 5156 est
2420 5098 2487 5154 ad
2518 5099 2778 5169 populum
2811 5101 3001 5167 Israel,
3033 5111 3088 5157 et
3117 5100 3272 5171 quasi
3312 5097 3655 5154 latrunculus
3697 5095 3780 5151 in—

2182 5191 2532 5265 felicem69
2561 5193 2774 5263 plebem
2818 5194 2917 5249 Dei
2967 5193 3265 5265 expoliavit
3317 5192 3541 5247 auxilio.
3573 5189 3642 5245 Et
3696 5196 3781 5245 est

2186 5302 2381 5344 sensus
2416 5306 2429 5341 :
2461 5285 2826 5361 Cum‘vellem
2856 5297 3040 5345 vetera
3070 5286 3259 5359 populi
3294 5285 3401 5342 mei
3433 5290 3656 5356 peccata
3685 5281 3781 5338 de-

2176 5467 2589 5609 gitanforro
2619 5473 2787 5545 Ωμίας
2823 5472 2916 5543 qui
2969 5470 3229 5543 repandis
3266 5478 3351 5527 est
3380 5467 3651 5537 humeris,
3684 5480 3777 5537 ap-

2350 5555 2383 5593 υ
2421 5581 2435 5596 .

2350 5555 2435 5596 lll'.

2257 5620 2277 5649 ο
2309 5611 2440 5667 Post
2467 5612 2767 5670 Victorium
2810 5616 3183 5686 expunximus
3214 5613 3466 5686 copulam
3511 5626 3777 5683 superva-

2180 5696 2407 5739 caneam
2437 5694 2505 5750 et,
2536 5687 2838 5743 editionum
2871 5685 3114 5744 Omnium
3143 5685 3480 5745 testimonio.

2254 5752 2280 5790 ά
2313 5753 2413 5810 Hic
2436 5758 2625 5832 verba,
2644 5757 2811 5832 (LXX
2835 5760 3099 5829 similiter,
3127 5776 3250 5832 quae
3274 5761 3330 5815 in
3360 5766 3520 5816 antea
3546 5754 3783 5829 vulgatis

2183 5825 2437 5898 deerant,
2468 5825 2784 5890 suﬂecimus
2811 5847 2879 5891 ex
2904 5825 3111 5892 nostris
3130 5825 3264 5890 mss.
