4150 6346
435 288 535 346 877

1262 294 1923 358 COMMENTARIOBUM
1963 300 2030 358 IN
2072 300 2251 359 USEE
2290 303 2417 361 LIB.
2463 303 2522 360 ll.
2569 305 2723 365 CAP.
2771 311 2878 366 VII.

3624 321 3731 376 878

436 408 503 458 tit
534 420 549 456 :
578 404 669 459 sed
700 413 748 459 et
777 406 896 460 cani
927 407 1081 476 e/Tusi
1109 420 1227 465 sunt
1256 413 1309 467 in
1336 430 1418 483 eo,
1450 424 1496 469 et
1520 416 1631 486 ipse
1669 416 1957 487 ignorauit;
1982 427 2028 472 et
2056 420 2100 480 Α
2131 418 2249 483 scit,
2283 434 2443 490 prope
2482 423 2844 477 exterminium
2867 436 2940 479 est
2966 426 3155 496 (Hebr.
3199 440 3313 492 vm,
3346 427 3459 503 15).
3496 431 3561 484 Et
3588 435 3630 485 si
3665 435 3729 487 ad

433 498 796 554 humiliabitur
822 502 1060 573 superbia
1089 503 1258 560 Israel
1295 508 1347 561 in
1374 510 1506 578 faeie
1534 513 1647 582 ejus
1674 527 1691 565 ε
1724 526 1814 566 nec
1842 514 2031 567 reversi

431 602 548 647 sunt
579 593 648 647 ad
681 592 958 649 Dominum
983 594 1149 652 Deum
1176 616 1349 666 suum,
1376 612 1423 655 et
1450 619 1552 656 non
1574 604 1884 673 quresierunt
1911 622 2028 659 eum

431 689 484 742 in
514 689 750 745 omnibus
783 688 885 745 his.
930 691 1072 747 LXX
1108 712 1121 747 :
1152 691 1407 764 Ephreim
1436 697 1646 768 papulis
1684 699 1792 751 suis
1820 702 2031 754 commi-

430 784 665 838 scebatur
714 801 731 841 :
774 786 1028 856 Ephraint
1066 789 1235 858 factus
1262 799 1335 845 est
1365 791 1763 859 subeinericius,
1794 795 1883 864 qui
1925 812 2030 850 non

430 890 719 934 reversatur
762 896 781 935 .'
819 884 1149 938 comederunt
1184 886 1343 941 alieni
1368 886 1728 957 fortitudinem
1758 892 1891 962 ejus,
1921 890 2029 960 ipse

430 988 547 1028 vero
584 976 816 1043 nescivit,
856 987 903 1031 et
946 978 1064 1033 cani
1101 980 1424 1050 efﬂoruerunt
1462 983 1530 1050 ei,
1577 991 1625 1037 et
1655 984 1767 1054 ipse
1792 986 2029 1058 ignovit:

429 1077 476 1122 et
523 1068 883 1124 huntiliabitur
932 1074 1245 1128 contumelia
1297 1074 1466 1130 Israel
1508 1078 1563 1130 in
1612 1079 1745 1146 facie
1784 1083 1927 1151 ejus,
1981 1089 2028 1135 et

429 1178 529 1217 non
577 1175 699 1218 sunt
746 1168 936 1222 reversi
976 1167 1045 1221 ad
1095 1167 1375 1224 Dominum
1412 1170 1581 1226 Deum
1619 1188 1792 1241 suum,
1834 1184 1883 1228 et
1927 1189 2029 1229 non

425 1258 739 1327 quasierunt
769 1276 883 1313 eum
927 1263 981 1315 in
1023 1262 1257 1317 omnibus
1295 1265 1395 1318 his.
1435 1264 1656 1320 Factum
1688 1276 1773 1321 est
1804 1280 2025 1337 regnum

426 1349 616 1406 decem
664 1353 926 1420 tribuum,
973 1355 1115 1409 sicut
1161 1359 1403 1411 omnium
1446 1358 1747 1421 nationum,
1779 1361 1901 1430 quia
1943 1377 2029 1417 re-

424 1455 715 1501 cesserunt
749 1461 781 1501 a
825 1447 1056 1503 Domino
1097 1465 1113 1504 :
1152 1459 1210 1505 et
1235 1449 1375 1505 sicut
1406 1451 1791 1507 subciuerititts
1836 1453 2024 1523 panis,

424 1541 515 1611 qui
556 1556 661 1595 non
690 1550 1029 1608 reversatur,
1061 1544 1163 1598 hoc
1203 1553 1308 1609 est,
1342 1552 1448 1600 non
1479 1547 1595 1617 agit
1624 1548 2022 1619 paenitentiam,

424 1634 781 1690 comederunt
802 1636 1009 1707 Assyrii
1031 1646 1196 1707 atque
1221 1638 1462 1693 Chaldu'i
1485 1638 1857 1696 fortitudinem
1883 1642 2020 1709 ejus,

426 1741 479 1783 et
519 1729 783 1801 quidquid
822 1730 1015 1785 virium
1058 1730 1263 1787 habere
1308 1740 1554 1802 poterat,
1594 1734 2021 1792 devoraverunt.

2129 510 2334 582 justum
2381 515 2593 579 virum,
2643 525 2699 571 et
2741 516 2806 572 ad
2846 520 3277 577 ecclesiasticum
3324 524 3526 579 dicitur
3556 542 3568 579 :
3601 525 3731 581 Cani

2134 606 2359 659 hominis
2386 609 2640 678 sapientia
2666 612 2780 681 ejus
2802 612 2963 681 (Sap.
2982 628 3055 677 tv,
3084 614 3165 683 8):
3191 629 3360 685 quare
3389 630 3495 672 non
3524 619 3733 674 dicatur

2132 699 2199 754 ad
2241 701 2508 770 iniquum,
2543 713 2595 757 et
2627 702 2695 758 ad
2728 703 3046 761 hatreticum
3076 724 3088 761 :
3115 708 3244 764 Cani
3265 710 3488 765 hominis
3509 713 3729 767 stultitia

2132 797 2282 867 ejus?
2308 796 2385 850 De
2423 796 2523 854 hac
2556 806 2838 855 senectute
2879 800 3067 857 Daniel
3109 804 3323 859 dicebat
3353 806 3420 861 ad
3454 808 3732 878 presbyte-

2133 901 2252 942 rum
2308 906 2318 941 :
2372 886 2664 944 Inveterate
2709 890 2912 945 dierum
2952 898 3209 947 malorum
3246 895 3423 965 (Dan.
3462 914 3553 965 ut,
3600 900 3725 969 52).

2134 979 2290 1037 Unde
2317 991 2371 1036 et
2394 982 2459 1054 lin
2493 983 2632 1041 labro
2672 984 2913 1041 Pastoris
2945 986 3011 1057 (si
3042 988 3126 1043 cui
3160 997 3340 1044 tamen
3372 991 3549 1059 placet
3583 991 3730 1047 illius

2132 1076 2377 1145 recipere
2403 1076 2719 1149 lectionem)
2744 1080 2956 1136 Hermae
2982 1082 3216 1152 primum
3246 1083 3463 1140 videtur
3486 1085 3730 1142 Ecclesia

2130 1185 2271 1225 cano
2305 1172 2505 1242 capite,
2543 1174 2739 1229 deinde
2769 1173 3212 1243 ’adolescentula,
3247 1177 3275 1217 ι»
3307 1188 3362 1234 et
3400 1195 3595 1250 sponsa
3629 1184 3735 1236 cri-

2133 1265 2295 1322 nibus
2323 1268 2606 1323 adornata.
2638 1269 2883 1340 Cumque
2923 1272 3239 1328 bumilietur
3273 1273 3524 1342 superbia
3559 1275 3733 1330 lia-re-

2133 1356 2386 1427 ticorum,
2419 1360 2537 1414 slve
2567 1363 2921 1431 contumelia,
2950 1380 3111 1434 quam
3139 1365 3381 1435 quotidie
3409 1366 3615 1420 faciunt
3645 1382 3735 1422 ec-

2129 1449 2449 1506 clesiasticis
2479 1452 2631 1519 viris,
2662 1470 2770 1509 non
2799 1465 3144 1511 revertuntur
3170 1457 3239 1511 ad
3273 1457 3595 1523 Dominum;
3629 1462 3724 1514 sed

2132 1544 2186 1598 in
2217 1547 2469 1601 munibus
2498 1547 2583 1603 his
2609 1563 2948 1620 nequaquam
2978 1551 3263 1621 requirunt
3292 1566 3414 1607 eum
3447 1569 3461 1605 :
3492 1552 3615 1622 quia
3646 1569 3736 1607 ea-

2132 1637 2308 1695 leiacti
2337 1650 2465 1696 sunt
2490 1644 2643 1713 quasi
2674 1644 2947 1711 clibanus,
2981 1654 3036 1701 et
3064 1662 3172 1701 non
3198 1647 3532 1717 quaesierunt
3558 1663 3681 1702 eum
3718 1664 3730 1702 :

2132 1733 2535 1793 devoraverunt
2575 1738 2789 1809 iudices
2827 1755 3051 1809 corum,
3086 1752 3140 1798 et
3175 1757 3334 1813 reges
3371 1745 3573 1812 pariter
3606 1760 3707 1800 con

423 1824 727 1896 Tantaque
764 1825 1037 1881 vecordia:
1062 1826 1184 1892 fuit,
1222 1835 1277 1882 ut
1314 1827 1629 1884 devoratum
1674 1845 1796 1886 esse
1827 1848 1889 1887 se
1930 1846 2024 1887 ne.
2056 1829 2102 1889 B
2129 1828 2402 1897 oideruut,
2435 1847 2534 1887 nec
2557 1833 2760 1904 estqui
2790 1835 2988 1892 clamet
3016 1836 3085 1890 ad
3114 1836 3423 1892 Dominum.
3453 1838 3587 1906 Qua:
3614 1842 3736 1894 uni-

426 1919 593 1974 sciret
643 1939 656 1975 :
698 1928 795 1974 aut
836 1929 987 1976 certe
1024 1922 1299 1991 ignoraret
1333 1937 1553 1978 causam
1593 1932 1819 1995 propter
1863 1936 2026 1995 quam

423 2014 616 2071 luisset
644 2015 1030 2072 devorantibus
1070 2018 1303 2073 traditus
1340 2038 1353 2073 :
1384 2019 1619 2091 denique
1645 2034 1816 2091 usque
1846 2021 1914 2077 ad
1946 2036 2032 2077 se-

430 2121 730 2178 nectutem,
764 2111 817 2167 id
846 2122 951 2180 est,
983 2129 1156 2183 usque
1181 2114 1245 2168 ad
1277 2114 1523 2170 ultimam
1550 2115 1945 2185 captivitatem,
1976 2115 2029 2171 in

423 2216 607 2276 empto
637 2221 827 2262 errore
852 2210 1177 2277 permansit.
1205 2208 1361 2264 Unde
1385 2209 1762 2266 ltumiliabitur
1778 2213 2030 2281 superbia

425 2297 593 2353 Israel
645 2315 753 2353 non
808 2301 981 2355 multo
1035 2310 1155 2369 post
1205 2311 1487 2372 tempore,
1539 2303 1634 2358 sed
1683 2319 1826 2358 nunc
1873 2314 1927 2360 et
1981 2304 2034 2358 in

428 2394 683 2460 praesenti
731 2410 742 2445 :
791 2393 893 2448 hoc
931 2404 1017 2449 est
1063 2395 1206 2449 enim
1247 2395 1390 2465 quod
1429 2396 1579 2459 dicit,
1626 2398 1677 2449 in
1715 2397 1847 2467 facie
1876 2397 2034 2465 ejus:

432 2481 803 2538 humiliabitur
854 2494 1035 2540 autem
1065 2518 1082 2553 ,
1133 2487 1256 2557 quia
1305 2499 1366 2542 se
1415 2499 1663 2544 erexerat
1718 2498 1775 2544 et
1817 2505 1931 2544 non
1981 2491 2032 2543 in

430 2575 585 2641 Deo,
637 2576 731 2631 sed
781 2577 835 2632 in
884 2577 1235 2633 multitudine
1281 2580 1588 2634 conﬁdebat
1631 2581 1926 2638 exercitus.
1969 2581 2038 2635 Et

431 2670 557 2739 quia
602 2671 852 2741 superbis
896 2672 1036 2726 Deus
1090 2673 1335 2736 resistit,
1380 2672 1676 2728 humilibus
1718 2686 1899 2730 autem
1947 2675 2038 2729 dat

431 2764 665 2831 gratiam
704 2761 921 2835 (Iacob.
968 2764 1096 2834 tv);
1146 2778 1244 2834 pro
1294 2767 1589 2833 superbia,
1641 2766 1693 2821 id
1737 2776 1859 2832 est,
1900 2784 2036 2824 GAON

433 2855 619 2940 (nisi),
647 2869 799 2908 more
827 2871 926 2909 suo
956 2856 1313 2928 Septuaginta
1342 2857 1509 2935 ὕϐριν,
1546 2858 1596 2911 id
1630 2866 1734 2925 est,
1766 2859 2035 2931 injuriam,

436 2949 853 3005 transtulerunt.
881 2950 948 3005 Et
971 2952 1095 3021 quia
1119 2964 1283 3023 supra
1308 2952 1521 3007 dixerat
1549 2971 1562 3006 :
1591 2952 1845 3023 Ephraim
1873 2957 2040 3023 factus

432 3052 507 3099 est
539 3044 912 3098 subcinerieius
944 3047 1094 3117 panis
1135 3049 1224 3116 qui
1266 3063 1367 3100 non
1397 3056 1706 3109 reuersatur,
1739 3059 1791 3102 et
1825 3047 2043 3103 videba-

434 3146 525 3194 tur
552 3139 883 3209 ambiguum,
926 3156 1027 3196 nec
1064 3141 1199 3197 satis
1231 3154 1425 3197 sonare
1466 3142 1595 3213 quid
1637 3142 1863 3210 diceret,
1896 3159 2039 3199 nunc

2134 1940 2288 1980 versa
2338 1927 2578 1997 perpessi
2622 1940 2773 1997 sunt,
2806 1942 2865 1985 ut
2894 1930 3181 1987 Dominum
3213 1942 3542 2002 quaererent,
3577 1948 3740 2004 quem.

2133 2030 2379 2087 quaerere
2409 2020 2723 2076 noluerunt.

2205 2110 2384 2182 (Vers.
2431 2113 2528 2180 ll,
2570 2114 2687 2185 Η.)
2728 2114 2798 2168 Et
2837 2114 3007 2185 factus
3045 2124 3126 2171 est
3170 2116 3427 2187 Ephraim
3467 2119 3615 2187 quasi
3656 2135 3743 2172 co-

2135 2203 2312 2260 lumba
2342 2206 2555 2261 seducta
2586 2224 2689 2262 non
2729 2207 2920 2263 habens
2951 2226 3060 2263 eor.
3094 2208 3385 2282 .Egyptunt
3413 2211 3738 2277 irwocabant,

2135 2300 2207 2352 ad
2249 2301 2489 2371 Assyrios
2530 2301 2762 2356 abierunt
2795 2316 2815 2357 :
2841 2312 2891 2356 et
2924 2314 3041 2357 cum
3072 2306 3288 2375 profecti
3320 2308 3534 2377 fuerint,
3568 2317 3743 2361 exten-

2141 2392 2263 2445 dam
2304 2392 2482 2463 [Vulg.
2528 2395 2842 2465 expendunt]
2884 2412 3037 2465 super
3078 2413 3163 2452 eos
3200 2408 3309 2452 rete
3350 2416 3517 2453 meum
3544 2442 3556 2459 .
3597 2403 3747 2470 quasi

2141 2483 2401 2538 volucrem
2434 2484 2538 2557 [AL
2572 2486 2823 2557 volucres]
2846 2489 2956 2542 caeli
2983 2488 3247 2543 detraham
3275 2507 3380 2556 cos,
3412 2492 3609 2544 cadam
3632 2492 3749 2548 illos

2138 2575 2423 2630 secundum
2469 2587 2488 2614 ε
2533 2577 2854 2632 auditionem
2890 2580 3002 2651 76
3039 2589 3196 2635 cretus
3223 2598 3422 2636 eorum.
3454 2582 3595 2637 LXX
3633 2602 3643 2637 :
3685 2586 3749 2639 Et

2141 2678 2249 2723 erat
2282 2666 2535 2741 Ephraint
2563 2673 2709 2741 quasi
2740 2673 2975 2726 columba
3006 2675 3254 2745 insipiens
3285 2692 3385 2730 non
3415 2674 3606 2732 habens
3638 2695 3745 2731 cor.

2144 2760 2434 2832 .lz'gyptum
2460 2762 2828 2835 invocavitlAl.
2858 2765 3163 2838 invocabit],
3189 2775 3233 2820 et
3262 2768 3312 2820 in
3342 2768 3579 2838 Assyrios
3608 2769 3750 2825 abic-

2144 2865 2261 2908 runt
2301 2855 2432 2910 sicut
2469 2856 2633 2911 ibunt.
2671 2858 2879 2912 Mittam
2908 2877 3066 2931 super
3095 2874 3180 2914 eos
3218 2872 3321 2915 rete
3348 2878 3539 2929 meum,
3573 2874 3627 2917 ut
3658 2881 3747 2918 ro—

2144 2949 2311 3003 latilia
2341 2950 2449 3022 [ἈΙ.
2486 2950 2713 3023 volatile]
2751 2954 2865 3007 ειειὶ
2895 2954 3161 3007 detraham
3193 2955 3333 3019 illos,
3363 2958 3640 3026 corripiunt
3668 2976 3752 3013 eos

2142 3042 2198 3096 in
2237 3043 2422 3097 auditu
2445 3043 2553 3116 [ΑΙ.
2592 3044 2836 3117 adventu]
2866 3048 3219 3102 tribulationis
3258 3066 3455 3104 eorum.
3488 3050 3753 3118 Praeclrpit

2148 3135 3029 3209 DominusinEvangelio(MaH/t.
3064 3143 3120 3210 χ)
3141 3187 3153 3209 ,
3187 3152 3242 3196 ut
3273 3142 3441 3196 simus
3469 3145 3748 3214 simplices

434 3234 587 3304 ponit
631 3234 1021 3292 manifestius:
1066 3234 1189 3291 Non
1239 3248 1362 3292 sunt
1412 3238 1600 3292 reversi
1643 3240 1711 3292 ad
1753 3237 2035 3293 Dominum

2142 3229 2299 3298 quasi
2328 3229 2615 3296 columbae,
2646 3241 2701 3286 et
2730 3233 2891 3287 astuti
2920 3234 3071 3302 quasi
3103 3244 3415 3304 serpentes,
3440 3247 3495 3290 ut
3528 3238 3749 3290 imitan-

434 3325 605 3382 Deum
637 3344 813 3394 suum,
860 3339 909 3383 et
938 3346 1043 3384 non
1086 3332 1403 3401 quieuerunt
1444 3347 1560 3386 eum
1588 3333 1641 3385 in
1667 3332 1909 3387 omnibus
1937 3334 2037 3387 his.

434 3422 590 3490 Quod
628 3423 674 3480 si
706 3422 935 3480 fuissent
970 3426 1181 3480 reversi
1208 3426 1276 3481 ad
1315 3425 1603 3481 Dominum
1649 3427 1817 3481 Deum
1856 3441 2034 3493 suum,

433 3516 714 3573 audissent
761 3519 945 3590 utique
992 3534 1085 3588 per
1129 3518 1424 3575 Jeremisni
1474 3520 1787 3588 loquentem
1832 3519 2035 3589 Deum,

441 3608 774 3666 Revertimini
813 3612 880 3666 ad
923 3628 1029 3680 me,
1071 3622 1123 3667 et
1166 3629 1258 3683 ego
1298 3623 1526 3669 revertar
1568 3614 1675 3685 75
1715 3615 1783 3667 ad
1830 3631 1938 3669 vos.
1976 3616 2041 3669 Et

437 3717 558 3758 eum
590 3714 736 3759 tanta
767 3704 1022 3771 fecerint,
1066 3722 1173 3760 non
1202 3710 1540 3777 qurcsierunt
1567 3718 1717 3773 eum,
1750 3722 1908 3777 quem
1940 3722 2039 3763 suo

438 3798 571 3852 vitio
621 3797 996 3868 perdiderunt.
1041 3799 1176 3854 Cum
1223 3808 1403 3855 autem
1442 3799 1643 3856 debeat
1685 3808 1711 3835 ⁸
1758 3800 2033 3870 Ephraim,

440 3899 499 3944 ut
524 3889 591 3944 ad
618 3905 839 3945 sensum
868 3891 1035 3946 alium
1067 3900 1430 3957 transeamus,
1473 3891 1672 3948 docere
1702 3894 1953 3963 pupulas,
1986 3902 2039 3950 et

440 3985 506 4038 ad
549 3984 962 4041 similitudinem
999 3966 1084 4041 sui
1132 3984 1371 4051 trahere,
1420 3986 1533 4055 ipse
1575 3986 1788 4056 populis
1815 3988 2039 4042 commi-

440 4087 645 4148 scetur,
673 4088 729 4135 et
766 4078 958 4134 similis
992 4094 1187 4133 eorum
1222 4078 1483 4143 ellicitur,
1512 4078 1662 4147 juxta
1702 4078 1844 4149 quod
1874 4093 2036 4149 supra

441 4173 646 4229 dictum
694 4180 779 4229 est
820 4190 833 4227 :
870 4172 987 4226 Erit
1026 4172 1160 4227 sicut
1198 4170 1428 4243 populus
1456 4212 1470 4236 ,
1510 4173 1585 4226 sic
1622 4172 1881 4226 sacerdos.
1912 4172 2038 4228 Sive

442 4267 698 4336 Ephraim
727 4268 941 4338 populis
964 4277 1021 4324 et
1046 4268 1302 4337 gentibus
1327 4269 1740 4333 eommiscetur,
1768 4279 1825 4323 ut
1846 4276 2037 4325 omnes

442 4359 689 4418 haeretici
736 4361 867 4417 nihil
915 4361 1168 4417 dill‘erant
1199 4360 1267 4416 ab
1296 4377 1485 4418 errore
1512 4362 1817 4433 gentilium.
1854 4363 1915 4417 Et
1946 4364 2035 4433 qui

440 4453 710 4522 quondam
756 4453 854 4507 fuit
896 4455 1143 4524 princeps
1187 4455 1238 4509 in
1283 4454 1548 4523 Ecclesia,
1586 4454 1760 4511 factus
1799 4464 1885 4511 est
1910 4456 2038 4511 sub-

440 4550 736 4605 cinericius
773 4552 948 4619 panis,
994 4567 1058 4605 ex
1093 4551 1245 4606 omni
1273 4560 1423 4622 parte
1456 4552 1741 4606 immundo
1771 4552 1953 4606 (littere
1982 4561 2037 4608 et

2147 3331 2226 3377 tes
2268 3323 2668 3391 simplicitatem
2717 3326 3135 3393 columbarmn,
3182 3336 3237 3383 et
3300 3333 3575 3398 serpentis
3602 3344 3750 3384 astu-

2144 3414 2297 3483 tiam,
2332 3431 2431 3469 ncc
2462 3416 2585 3470 aliis
2619 3432 2820 3474 nocere
2853 3420 3162 3487 possimus,
3192 3436 3291 3473 nec
3320 3422 3390 3474 ab
3420 3422 3542 3475 aliis
3573 3423 3745 3490 patia-

2142 3526 2264 3564 mur
2292 3509 2537 3574 insidias,
2570 3512 2665 3566 sed
2690 3513 3051 3581 simplicitate
3077 3524 3132 3568 ct
3165 3515 3453 3585 prudentia
3483 3518 3743 3572 exhibea-

2143 3617 2264 3657 mus
2317 3601 2595 3657 hominem
2629 3613 2992 3674 temperatum
3030 3623 3043 3659 :
3073 3606 3196 3675 quis
3228 3608 3518 3677 prudentia
3548 3611 3751 3679 absque

2141 3697 2404 3761 bonitate,
2436 3697 2639 3752 malitia
2669 3708 2752 3754 est
2788 3717 2797 3751 :
2833 3708 2890 3753 et
2917 3700 3243 3769 simplicitas
3268 3702 3473 3771 absque
3504 3706 3737 3771 ratione,

2140 3793 2367 3847 stultitia
2406 3794 2735 3849 nominatur.
2775 3793 2977 3850 Factus
3008 3804 3088 3850 est
3128 3806 3260 3867 ergo
3292 3797 3550 3866 Ephraim
3583 3802 3737 3869 quasi

2138 3888 2392 3943 columba
2423 3889 2671 3954 seducta,
2705 3888 2847 3959 quod
2883 3889 3147 3944 llebraice
3173 3900 3379 3946 PIOTIIA
3414 3892 3599 3961 (mia)
3630 3911 3642 3946 :
3675 3895 3742 3948 ab

2140 3982 2331 4052 Aquila
2359 3992 2411 4039 et
2441 3982 2791 4055 Symmacho,
2826 3985 3113 4058 θελγομένη,
3152 3985 3236 4039 vel
3265 3987 3579 4059 ἀπατωμένη
3606 3987 3742 4042 dici-

2141 4085 2249 4143 tur,
2290 4077 2340 4132 id
2392 4086 2496 4144 est,
2548 4079 2765 4144 laetata,
2809 4079 2923 4134 sive
2961 4080 3170 4151 decepta
3202 4097 3219 4134 ἰ
3248 4092 3350 4137 ets
3385 4082 3736 4154 Septuaginta

2138 4169 2410 4239 insipiens,
2442 4172 2556 4227 sive
2586 4172 2851 4227 insensata
2892 4190 2904 4226 :
2947 4170 3103 4235 ἄνους
3141 4174 3287 4229 enim
3323 4183 3609 4247 utrumque
3639 4192 3739 4230 ex-

2138 4265 2376 4335 primere
2415 4274 2613 4335 potest.
2662 4266 2726 4320 Et
2772 4265 2994 4334 pulchre
3031 4267 3288 4322 columba
3331 4268 3578 4337 seducta,
3625 4270 3743 4324 sive

2139 4357 2403 4428 insipiens
2444 4359 2783 4429 appellatur,
2828 4359 2949 4429 quia
2998 4368 3082 4413 est
3125 4360 3379 4415 columba
3413 4371 3465 4414 et
3497 4362 3737 4429 sapiens,

2137 4467 2260 4522 qua:
2294 4452 2427 4506 dicit
2466 4451 2520 4507 in
2551 4450 2778 4506 Psalmis
2824 4470 2834 4504 :
2883 4451 3008 4517 Quis
3045 4451 3189 4504 dabit
3220 4450 3345 4504 mihi
3385 4466 3578 4521 pennas
3606 4453 3739 4506 sicut

2140 4545 2410 4613 columbae,
2441 4554 2485 4598 et
2526 4545 2705 4599 volabo
2735 4552 2782 4597 et
2813 4545 3129 4613 requiescam
3162 4542 3282 4610 (Ps.
3313 4558 3422 4608 LIV,
3457 4533 3547 4611 7)?
3573 4544 3741 4611 Cujus

438 4642 643 4712 ίεηίυιιι
673 4642 870 4697 πάθη
898 4643 1285 4709 circumdatus,
1317 4652 1377 4697 ιιι
1410 4658 1516 4698 non
1560 4650 1927 4699 reverteretur
1965 4644 2031 4699 ad
2066 4624 2115 4683 Ι)
2142 4652 2332 4706 penna:
2358 4636 2725 4707 deargentatae
2754 4644 2901 4703 situt,
2933 4645 2987 4689 et
3020 4636 3318 4704 posteriora
3349 4634 3499 4689 dorsi
3535 4635 3653 4705 ejus
3685 4639 3735 4691 in

439 4735 748 4801 Dominum,
792 4734 885 4789 sed
920 4735 973 4788 in
1007 4744 1187 4804 capte
1224 4744 1567 4803 permaneret
1598 4750 1810 4791 errore.
1844 4736 2035 4791 Conie-

438 4830 638 4886 derunt
681 4828 960 4884 dastuenes
999 4828 1164 4883 robur
1200 4827 1319 4896 ejus
1364 4847 1377 4883 :
1422 4828 1509 4883 istl
1539 4835 1669 4883 sunt
1695 4829 1839 4882 enim
1873 4828 2033 4882 alieni

438 4935 490 4978 et
534 4922 722 4979 hostes
765 4924 1010 4978 eninium
1054 4920 1506 4987 Christianorum,
1539 4932 1594 4977 et
1634 4924 1749 4992 ipse
1779 4922 2028 4991 nescivit,

438 5019 782 5073 adversarios
821 5019 1028 5073 amicos
1066 5027 1282 5087 putans,
1329 5027 1385 5073 et
1412 5018 1763 5074 devoratores
1792 5034 1920 5074 suos
1949 5034 2039 5074 ar-

438 5110 647 5167 bitrans
677 5125 797 5166 esse
824 5111 1078 5166 convivas
1104 5128 1120 5175 ;
1150 5111 1246 5167 sed
1273 5120 1328 5167 et
1353 5112 1475 5166 cani
1502 5110 1656 5166 eﬂusi
1698 5119 1824 5166 sunt
1860 5114 1911 5167 in
1944 5126 2033 5180 eo,

439 5204 606 5259 immo
640 5201 1018 5269 eiﬂoruerdnt,
1061 5200 1115 5260 id
1157 5216 1264 5273 eat,
1310 5205 1477 5260 multo
1516 5204 1717 5260 erruVlt
1745 5214 2031 5275 tempore;

436 5304 492 5353 ut
535 5292 886 5353 nihilominus
928 5297 1201 5369 ignoravit
1249 5304 1585 5354 senectutem
1623 5307 1677 5355 et
1706 5302 2031 5355 Vetustateiu

436 5407 611 5457 suam,
654 5391 723 5448 de
757 5407 863 5463 qua
898 5392 1159 5463 scriptum
1185 5401 1271 5448 est
1303 5413 1314 5449 ;
1348 5390 1499 5458 Quod
1534 5401 1786 5447 ceteratur
1813 5402 1861 5446 et
1890 5409 2036 5445 seue-

511 5578 537 5610 α
582 5573 689 5627 Pro
729 5572 931 5639 debeat,
969 5580 1101 5629 mss.
1150 5572 1377 5628 Palatini
1418 5569 1650 5626 rideatur
1686 5569 1904 5641 legunt,
1936 5579 2032 5625 aut

434 5646 620 5699 rideat.
663 5645 832 5699 Porro
867 5660 963 5713 pro
1006 5654 1353 5712 transeamus,
1399 5642 1621 5713 etquod
1654 5641 2027 5713 subsequitur,

435 5718 658 5783 trahere,
696 5718 941 5771 Martiali.
973 5728 1095 5770 cum
1130 5719 1355 5771 Erasmo
1382 5716 1605 5772 retinuit
1633 5722 2028 5785 transferamus,

436 5800 491 5845 ct
518 5790 841 5856 subtrahere,
876 5804 995 5859 qua:
1029 5789 1302 5843 Victorius
1335 5790 1497 5842 verba
1540 5803 1606 5841 ex
1639 5784 1874 5857 quatuor
1907 5784 2031 5859 Fin.

436 5862 637 5917 rentin.
673 5857 990 5927 codicibus,
1026 5861 1307 5929 tribustjuc
1339 5861 1610 5916 Brixiauis
1643 5866 1746 5928 jam
1779 5857 2030 5913 t'lIICllda-

2137 4732 2317 4787 virore
2356 4731 2494 4784 auri.
2542 4729 2802 4799 Epliraim
2844 4737 3022 4783 autem
3056 4727 3308 4783 columba
3352 4728 3636 4798 insipiens,
3684 4739 3737 4785 et

2139 4838 2245 4878 non
2278 4823 2482 4878 habens
2523 4836 2639 4889 cor,
2670 4821 2938 4876 intentum
2971 4821 3144 4877 bruta:
3177 4821 3378 4877 montis
3406 4823 3738 4885 ostenditur,

2141 4928 2198 4973 ut
2238 4918 2527 4989 Egyptum
2574 4918 2854 4983 invocans,
2890 4919 2954 4972 ad
2993 4917 3247 4990 Assyrios
3282 4918 3602 4987 pert-exerit.
3636 4918 3737 4986 Qui

2138 5011 2284 5067 enim
2315 5011 2637 5081 deprecatus
2677 5009 3059 5081 [Egypliorum
3104 5012 3363 5066 auxilium
3396 5021 3500 5079 est,
3543 5012 3611 5068 ab
3640 5010 3741 5066 As-

2137 5106 2302 5176 syriis
2328 5105 2572 5174 captivus
2601 5100 2908 5160 abducitur.
2938 5103 3173 5161 Baculus
3199 5106 3537 5162 arundinetis
3568 5105 3738 5178 Egy-

2137 5210 2283 5270 plus,
2316 5201 2400 5253 eui
2434 5200 2520 5269 qui
2553 5198 2768 5254 innixus
2804 5197 2988 5263 fuerit,
3018 5194 3198 5254 statim
3230 5206 3478 5253 Conlcret
3505 5212 3653 5266 eum,
3688 5210 3743 5253 et

2139 5293 2343 5350 irai-tus
2390 5304 2550 5363 atque
2599 5294 2867 5349 contritus
2920 5308 3134 5348 manuni
3183 5294 3477 5348 transforat
3526 5294 3735 5347 incum-

2143 5388 2342 5445 bentis.
2377 5387 2443 5442 Et
2486 5397 2547 5441 ut
2585 5386 2901 5443 ostenderet
2946 5387 3106 5453 Deus,
3153 5386 3295 5456 quod
3339 5394 3741 5441 comminantes

2136 5578 2309 5625 verat.

2210 5639 2235 5678 δ
2282 5637 2588 5695 Cotclcrins
2639 5638 2847 5703 maluit,
2900 5647 2955 5691 ut
3007 5654 3215 5707 sponsa.
3274 5638 3452 5693 lunuit
3510 5656 3639 5696 vero
3684 5645 3741 5697 S.

2139 5714 2336 5768 Docmr
2366 5713 2483 5779 ejus
2515 5710 2635 5764 libri
2667 5711 2878 5765 Hermae
2911 5710 3173 5764 visionem
3206 5715 3224 5765 l
3253 5756 3265 5777 ,
3298 5722 3419 5781 cap.
3451 5713 3517 5769 Et.
3551 5723 3606 5766 et
3638 5715 3736 5769 \lS.

2137 5782 2192 5849 4,
2224 5799 2343 5849 rap.
2380 5787 2507 5836 item
2532 5784 2585 5835 2.

2218 5870 2236 5891 ο
2275 5852 2501 5911 Palatini
2529 5868 2685 5920 mss,
2708 5852 2989 5907 secundum
3005 5855 3417 5911 adluremionem
3436 5860 3612 5923 rudus,
3632 5870 3737 5911 «εις.
