4150 6346
460 281 565 340 879

1710 281 1771 336 S.
1812 268 2085 338 EUSEBII
2119 280 2508 341 lllERONYMl

3658 290 3761 347 880

457 399 597 464 loca,
640 394 836 452 oculos
872 393 994 465 ejus
1041 392 1215 449 vitare
1261 405 1371 448 non
1412 405 1721 464 possumus,
1756 405 1808 450 et
1844 410 2060 466 semper
2090 410 2266 470 Ason
2310 414 2456 454 LAEI
2497 380 2638 462 (εγὼ
2656 397 2805 471 τω),
2841 399 2895 455 id
2935 407 3057 468 est,
3107 403 3329 457 vastatio
3361 404 3433 459 eis
3463 420 3484 458 :
3513 404 3762 478 Symma-

458 491 553 545 Dei
580 490 818 560 regimur
842 496 1109 558 potestate
1141 506 1151 541 :
1182 484 1339 554 Cum,
1371 487 1568 557 inquit,
1598 488 1831 559 profeCIi
1856 488 2056 545 fuerint

460 585 513 638 in
542 581 800 654 Assyrios
838 622 852 648 ,
885 580 1051 636 etiam
1078 580 1149 636 ibi
1180 581 1471 636 extendam
1527 589 1643 637 rete
1676 599 1885 648 meum,
1918 593 1973 637 et
2011 583 2057 637 si

455 677 678 733 exaltati
706 675 901 731 fuerint
930 684 987 731 ut
1014 675 1285 743 volucres,
1315 676 1440 732 inde
1465 676 1751 732 detraham
1784 678 1928 733 illos.
1954 678 2059 734 De-

460 772 665 829 iraham
704 771 824 827 illos
860 779 1039 828 autem
1085 788 1193 827 non
1236 773 1289 827 in
1322 771 1709 842 perditionem,
1744 773 1839 829 sed
1868 780 1926 829 ut
1952 789 2058 830 ca:-

456 869 581 926 dam
609 870 763 942 quasi
795 868 936 925 ﬁlios
965 885 978 921 :
1009 878 1064 924 et
1088 868 1292 924 etedam
1322 883 1429 923 non
1459 868 1512 923 in
1540 883 1826 939 poenarum
1857 869 2060 941 magni-

458 962 668 1033 tudine,
703 961 799 1018 sed
834 962 884 1017 in
917 962 1133 1029 timore,
1165 970 1227 1017 ut
1251 961 1540 1019 audientes
1570 973 1798 1018 ventura
1825 962 1932 1036 [AL
1968 979 2061 1021 ve-

459 1056 595 1130 tera]
610 1040 897 1128 supplicia,
921 1057 1053 1113 solis
1069 1055 1373 1112 terroribus
1389 1056 1773 1113 emendentur.
1787 1058 2059 1124 Quaeritur

453 1167 553 1209 cur
584 1149 840 1223 Ephraim
873 1166 981 1206 non
1013 1150 1138 1206 aliis
1170 1151 1390 1217 avibus,
1420 1151 1514 1208 sed
1546 1150 1811 1208 columbae
1838 1166 2063 1224 compa-

458 1252 608 1301 ratus
652 1244 743 1301 sit.
789 1246 933 1299 Aves
962 1254 1175 1299 cauerat:
1208 1245 1386 1315 pullos
1425 1260 1555 1301 suos
1596 1246 1760 1301 etiam
1803 1262 1927 1303 cum
1960 1263 2057 1318 pe-

458 1338 630 1396 riculo
666 1338 793 1394 vita:
836 1353 949 1392 sua:
986 1348 1276 1410 protegere
1308 1339 1591 1405 festinant,
1624 1340 1728 1412 77
1757 1348 1959 1396 etcum
1991 1342 2058 1397 ad

458 1431 645 1489 nidum
688 1448 846 1489 suum
890 1431 1228 1502 accipitrem,
1270 1432 1591 1499 colubrum,
1633 1449 1895 1504 corvum,
1944 1438 2060 1493 sive

456 1529 734 1586 cornicem
774 1527 1038 1583 accedere
1079 1525 1341 1592 viderint,
1384 1528 1488 1582 huc
1531 1527 1772 1598 illucque
1801 1528 2055 1598 volitant,

458 1628 512 1677 et
538 1620 839 1676 immittunt
866 1633 927 1675 se
957 1633 1167 1687 morsu,
1203 1627 1257 1673 et
1283 1619 1553 1690 unguibus
1585 1619 1848 1688 lacerant,
1878 1630 1932 1677 et
1956 1623 2057 1679 do-

454 1726 629 1773 lorem
659 1715 901 1786 parentis
927 1715 1154 1785 querula
1186 1729 1317 1769 voce
1347 1722 1645 1780 testantur;
1673 1716 1785 1770 sola
1809 1715 2057 1772 columba

2163 493 2333 558 chus,
2383 493 2649 547 interitum
2684 493 2837 565 :78
2882 492 3187 550 Theodotio
3214 538 3228 562 ,
3283 497 3540 552 miseriam
3591 500 3763 556 inter-

2162 585 2359 655 pretati
2411 595 2560 643 sunt.
2616 585 2789 642 Porro
2819 588 2871 643 in
2903 587 3144 645 editione
3192 589 3419 663 Vulgata
3468 592 3761 664 dupliciter

2162 677 2420 749 legimus;
2447 679 2866 752 quidaml‘enim
2900 682 3385 754 codices'habent,
3416 684 3557 746 δῆλοί
3596 689 3757 756 εἰσιν,

2161 770 2264 826 hoc
2295 780 2408 838 est,
2457 772 2720 845 manifesti
2766 785 2884 829 sunt
2919 791 2938 831 :
2964 776 3053 831 alii
3088 775 3303 834 διιλαῐοί
3328 780 3485 847 εἰσιν,
3517 778 3623 836 hoc
3652 790 3757 848 est,

2160 864 2482 931 meticulosi,
2536 864 2650 921 sive
2700 866 2871 922 miseri
2908 878 3046 923 sunt.
3096 869 3465 927 Vastabuntur
3514 873 3677 943 igitur
3706 882 3763 931 et

2160 954 2348 1012 miseri
2381 964 2579 1023 erunt,
2612 967 2669 1014 et
2697 974 2917 1031 semper
2962 962 3222 1019 timentes
3263 978 3330 1020 ac
3378 964 3759 1037 formidantes,

2160 1048 2284 1120 quia
2319 1051 2669 1120 prazvaricati
2711 1062 2841 1110 sunt
2870 1055 2923 1110 in
2957 1054 3131 1112 Deum
3154 1097 3170 1124 ,
3221 1058 3519 1116 adorantes
3555 1060 3761 1119 vitulos

2161 1158 2395 1213 aureos,
2441 1154 2498 1200 et
2540 1146 2916 1217 relinquentes
2961 1165 3086 1205 eum
3134 1150 3227 1221 qui
3274 1152 3510 1208 redemit
3555 1169 3650 1209 eos
3690 1155 3761 1212 de

2162 1235 2420 1309 Egyptia
2473 1240 2771 1309 servitute,
2820 1251 2875 1297 et
2923 1243 3114 1300 eduxit
3163 1246 3215 1300 in
3262 1247 3482 1303 excelso
3509 1246 3757 1305 brachio.

2165 1328 2273 1400 Ipsi
2306 1345 2437 1386 vero
2470 1332 2635 1388 locuti
2680 1344 2807 1390 sunt
2854 1345 3046 1392 contra
3096 1337 3389 1395 Dominum
3436 1341 3753 1411 mendacia,

2160 1427 2403 1483 dicentes
2430 1426 2501 1483 de
2544 1428 2709 1485 idolis
2741 1447 2754 1485 :
2790 1429 2864 1485 lli
2900 1441 3021 1487 sunt
3057 1433 3131 1488 dii
3180 1436 3286 1501 tui,
3336 1432 3533 1504 Israel,
3579 1440 3668 1509 qui
3702 1450 3752 1493 te

2160 1522 2450 1577 eduxerunt
2486 1523 2550 1577 de
2578 1533 2714 1578 terra
2761 1523 2989 1597 zEgypti
3037 1525 3243 1599 (Exod.
3297 1528 3501 1602 χχχιι),
3553 1540 3608 1586 et
3647 1546 3756 1588 non

2161 1615 2538 1671 clamaverunt
2589 1616 2654 1671 ad
2712 1616 2999 1672 Dominum
3044 1620 3098 1674 in
3139 1618 3304 1675 corde
3358 1635 3494 1689 suo,
3554 1623 3649 1679 sed
3701 1624 3756 1679 iu

2161 1707 2488 1763 idololatriae
2537 1708 2990 1765 fornicationibus
3027 1711 3433 1769 volutabantur.
3468 1713 3597 1771 Sive
3624 1718 3750 1787 quia

455 1809 669 1865 ablatos
702 1807 881 1879 pullos
908 1821 1018 1862 nou
1049 1806 1220 1872 dolet,
1254 1821 1363 1861 non
1395 1806 1625 1875 requirit
1654 1825 1667 1860 :
1699 1818 1753 1862 et
1784 1808 1908 1864 ideo
1933 1809 2057 1865 huic
2088 1806 2133 1866 Β
2159 1801 2468 1857 daemonum
2515 1803 2722 1858 cultum
2770 1805 3023 1875 sequitur
3063 1806 3235 1862 libido
3281 1816 3339 1863 et
3388 1808 3635 1877 luxuria,
3666 1813 3760 1883 qui

455 1917 603 1964 recte
634 1913 982 1975 comparatur
1008 1902 1291 1974 Ephraim,
1322 1903 1466 1972 quod
1506 1913 1773 1960 vastatum
1808 1920 1903 1976 per
1934 1921 2058 1976 par-

459 2011 538 2058 tes
570 1999 827 2071 populum
871 2015 979 2054 non
1022 1998 1244 2065 sentiat,
1291 1997 1387 2053 sed
1438 1998 1715 2069 negligens
1756 1998 1829 2054 sit
1867 1999 2056 2054 salutis

454 2111 588 2153 suas.
627 2093 892 2166 Quodque
930 2092 1100 2161 dicit,
1149 2091 1347 2147 ccedam
1385 2109 1473 2145 eos
1504 2093 1791 2147 secundum
1825 2093 2057 2147 auditio-

452 2207 565 2245 nem
624 2200 783 2245 cattus
831 2204 1050 2254 eorum,
1100 2186 1202 2253 hoc
1256 2186 1568 2257 significare
1618 2196 1798 2258 potest
1850 2207 1863 2244 :
1915 2189 2057 2246 sicut

445 2285 638 2356 juncto
678 2282 914 2340 consilio
954 2297 1145 2338 omnes
1189 2281 1334 2337 idola
1367 2280 1614 2337 fabricati
1656 2291 1785 2337 sunt
1815 2299 1828 2336 :
1863 2283 1935 2337 ita
1967 2297 2054 2340 me

450 2379 613 2449 irato,
644 2391 839 2434 omnes
868 2376 1074 2448 pariter
1104 2376 1486 2430 vastabuntur.
1518 2375 1805 2446 Magistros
1833 2386 2053 2432 contra-

448 2472 657 2527 riorum
695 2470 1031 2542 dogmatum,
1072 2468 1163 2538 qui
1202 2466 1478 2523 Christum
1517 2469 1793 2539 reliquere
1835 2470 2053 2541 sapien-

445 2569 601 2633 tiam,
633 2572 689 2619 et
718 2562 788 2619 de
817 2562 1057 2618 Ecclesia
1086 2571 1213 2617 sunt
1246 2562 1480 2631 egressi,
1512 2571 1663 2619 recte
1700 2564 2049 2635 insipientem

447 2665 505 2712 et
545 2655 836 2714 excordem
881 2654 1192 2713 columbam
1240 2670 1533 2725 possumus
1562 2656 1774 2721 dicere,
1804 2657 1893 2727 qui
1938 2667 2051 2713 ter-

448 2764 582 2806 reua
606 2748 1009 2817 desiderantes,
1035 2747 1276 2820 Assyriis
1302 2747 1485 2803 traditi
1513 2758 1656 2803 sunt.
1683 2749 1753 2805 Et
1778 2765 1900 2806 cum
1927 2764 2054 2821 pro-

450 2845 579 2902 fecti
627 2845 827 2900 fuerint
870 2844 937 2899 de
985 2843 1251 2911 Ecclesia,
1292 2842 1553 2911 expandit
1590 2843 1853 2899 Dominus
1887 2862 2053 2914 super

449 2952 548 2993 eos
590 2945 705 2994 rete
743 2952 898 2992 suum
941 2980 955 3005 ,
1003 2936 1329 2991 testimoniis
1367 2935 1799 3006 Scripturarum,
1832 2947 1888 2995 et
1915 2940 2050 2994 arti-

448 3029 536 3084 fici
576 3027 861 3100 sapientia!
897 3043 1153 3084 sermone
1191 3035 1529 3089 contextum,
1574 3040 1633 3083 ut
1673 3029 1951 3086 elevantes
1992 3048 2051 3087 se

423 3102 638 3178 contra
687 3120 1014 3193 sapientiam
1070 3121 1195 3185 Dei,
1253 3128 1307 3176 et
1346 3121 1515 3176 instar
1558 3122 1677 3177 avis
1719 3123 1785 3177 ad
1833 3124 2050 3180 excelsa

2159 1893 2413 1950 colebant
2457 1894 2770 1965 dremones,
2822 1909 3226 1970 consequenter
3255 1899 3433 1957 instar
3463 1916 3758 1974 porcorum

2159 1989 2213 2043 in
2241 2004 2401 2045 emno
2427 1990 2715 2045 libidinum
2747 1992 3136 2049 versabantur.
3164 1992 3229 2049 Et
3273 1995 3499 2064 pulchre
3544 1998 3759 2056 cantica

2159 2083 2320 2138 idolis
2348 2082 2705 2141 servientium
2727 2126 2744 2152 ,
2779 2100 2887 2141 non
2916 2086 3162 2142 carmina
3194 2087 3247 2143 in
3281 2087 3448 2144 Deum
3468 2132 3482 2156 ,
3514 2090 3609 2146 sed
3637 2092 3762 2148 ulu-

2158 2178 2325 2233 latum
2355 2179 2615 2251 appellat.
2649 2179 2828 2251 Super
2867 2180 3143 2238 haireticis
3170 2183 3347 2240 facilis
3376 2185 3760 2258 interpretatio

2155 2282 2273 2343 est,
2301 2273 2447 2345 quod
2479 2290 2559 2329 vae
2602 2273 2837 2331 habeant
2865 2279 3262 2348 sempiternum
3284 2320 3301 2347 ,
3346 2281 3470 2353 quia
3516 2299 3759 2341 recesse-

2156 2376 2287 2422 sunt
2314 2385 2343 2420 a
2380 2368 2492 2424 Deo
2513 2412 2526 2434 ,
2558 2378 2612 2424 et
2635 2369 2821 2425 miseri
2849 2380 3012 2439 sunt,
3044 2372 3168 2444 quia
3201 2373 3545 2446 reliquerunt
3586 2376 3758 2435 Crea-

2158 2468 2327 2516 torem
2358 2476 2517 2516 suum
2546 2464 2637 2532 qui
2673 2462 2908 2519 redemit
2944 2479 3041 2521 eos
3084 2468 3349 2539 sanguine
3398 2484 3539 2527 suo:
3568 2479 3622 2528 et
3654 2472 3756 2543 ipsi

2154 2554 2455 2624 loquuntur
2495 2565 2686 2612 contra
2733 2573 2857 2614 eum
2906 2560 3223 2627 mendacia,
3285 2561 3449 2633 impia
3506 2563 3757 2622 falsitatis

2154 2648 2403 2720 dogmata
2432 2661 2857 2719 componentes,
2889 2660 2945 2707 et
2979 2667 3089 2707 non
3131 2653 3370 2709 clamant
3410 2654 3466 2710 in
3499 2655 3756 2714 cordibus

2154 2742 2298 2810 suis,
2328 2742 2426 2798 sed
2456 2742 2670 2799 ululant
2700 2759 2917 2814 semper
2948 2745 3002 2801 in
3036 2746 3425 2804 conciliabulis
3445 2790 3461 2815 ,
3492 2765 3615 2822 quae
3637 2750 3757 2820 pul-

2154 2834 2287 2892 chre
2324 2837 2522 2891 cubilia
2552 2836 2823 2906 appellat,
2857 2848 2915 2894 et
2946 2839 3183 2895 ferarum
3215 2840 3408 2897 lustra.
3438 2840 3754 2900 Istiusmodi

2155 2944 2261 2984 nou
2293 2940 2520 2999 possunt
2553 2929 2741 2987 dicere
2776 2949 2789 2985 :
2827 2930 3035 2989 Lavabo
3064 2952 3155 3007 per
3181 2936 3418 3010 singulas
3461 2947 3639 2994 noctes
3682 2939 3753 2993 le-

2154 3033 2293 3080 ctum
2350 3042 2559 3094 meum,
2616 3025 2861 3099 lacrgmis
2909 3029 3033 3084 meis
3088 3039 3307 3085 stratum
3353 3048 3521 3086 meum
3574 3032 3757 3107 rigabo

2155 3120 2177 3193 (
2204 3120 2349 3175 Psal.
2383 3137 2465 3186 vi,
2502 3120 2575 3194 7)
2608 3138 2621 3175 :
2655 3121 2751 3178 sed
2797 3122 3112 3179 volutantur
3165 3124 3219 3181 in
3270 3124 3526 3183 sordibus
3572 3125 3758 3182 libidi-

446 3215 778 3281 vulitantes,
829 3214 898 3270 ad
952 3214 1181 3270 humilia
1227 3214 1502 3281 detrahat,
1558 3226 1613 3269 et
1658 3218 1916 3287 corripiat
1958 3234 2053 3274 eos
2080 3206 2124 3268 C
2157 3232 2318 3285 num,
2348 3226 2547 3273 vat-ant
2572 3217 2813 3288 stupris,
2850 3229 2906 3275 et
2936 3217 3201 3290 quidquid
3236 3220 3537 3291 loquuntur
3564 3229 3621 3277 et
3660 3238 3758 3293 pu-

445 3310 913 3375 comminatione,
958 3318 1013 3365 et
1052 3308 1331 3365 auditione
1372 3323 1679 3380 pteuarum,
1720 3321 1776 3366 ut
1819 3313 2056 3370 correcti

448 3421 558 3460 non
600 3414 830 3476 pereant
861 3404 916 3459 in
945 3412 1232 3459 aaternum.

517 3496 681 3571 (Ve’rs
712 3496 828 3570 15.)
862 3495 956 3552 Va:
991 3497 1093 3562 eis,
1123 3498 1370 3567 quoniam
1400 3507 1716 3553 recesserunt
1742 3514 1773 3552 a
1810 3514 1891 3553 me
1922 3515 1941 3553 :
1969 3515 2057 3555 va-

446 3592 757 3657 stabuntur,
785 3591 908 3662 quia
952 3591 1279 3661 prmuaricati
1310 3602 1431 3646 sunt
1480 3592 1534 3646 in
1575 3608 1674 3646 me.
1725 3592 1839 3666 Ego
1868 3592 2052 3667 [Vulg.

448 3687 516 3743 Et
548 3687 667 3761 ego]
698 3686 888 3742 redemi
918 3702 1002 3741 eos
1021 3731 1035 3755 ,
1064 3694 1111 3740 et
1132 3686 1232 3758 ipsi
1264 3686 1422 3741 locuti
1451 3696 1573 3741 sunt
1599 3696 1779 3741 contra
1801 3704 1880 3742 me
1910 3705 2052 3743 men-

448 3780 633 3847 dacia,
680 3789 729 3834 et
779 3795 881 3833 non
930 3778 1281 3832 clamauerunt
1311 3779 1380 3832 ad
1406 3796 1484 3833 me
1510 3779 1567 3833 in
1594 3780 1751 3833 corde
1793 3796 1921 3845 suo,
1963 3781 2054 3836 sed

449 3872 725 3928 ululabtmt
754 3874 809 3928 in
835 3872 1088 3927 cubilibus
1121 3873 1251 3927 suis.
1286 3871 1429 3928 LXX
1461 3891 1475 3926 :
1516 3872 1609 3927 Va:
1644 3874 1719 3928 eis
1744 3914 1759 3941 ,
1807 3875 2054 3942 quoniam

448 3975 773 4022 recesserunt
798 3983 832 4019 a
853 3982 933 4020 me
963 3966 1268 4037 :manifesti
1298 3974 1449 4029 sunt,
1475 3966 1723 4033 quoniam
1751 3967 1910 4036 impie
1939 3984 2055 4039 ege-

450 4070 571 4114 runt
595 4062 651 4115 in
678 4076 759 4115 me
780 4076 798 4115 :
817 4077 908 4132 ego
936 4075 1054 4115 vero
1081 4059 1276 4115 redemi
1306 4076 1392 4114 eos
1420 4075 1438 4114 :
1466 4060 1567 4129 ipsi
1597 4077 1717 4115 cera
1741 4060 1902 4115 locuti
1927 4073 2048 4116 sunt

453 4162 636 4209 contra
682 4170 762 4208 me
813 4153 1180 4219 mendacium,
1222 4163 1268 4208 et
1324 4169 1427 4207 non
1473 4154 1825 4208 clamauerunt
1860 4155 1930 4208 ad
1974 4172 2052 4212 me

449 4248 610 4304 corda
637 4263 816 4301 eorum
840 4289 855 4314 ,
883 4247 976 4302 sed
1002 4246 1273 4301 ululabant
1319 4248 1373 4301 in
1408 4247 1659 4301 cubilibus
1685 4249 1813 4303 suis.
1850 4248 1933 4304 Me
1958 4265 2053 4305 ex-

450 4342 708 4400 tendente
751 4350 867 4398 rete
916 4357 1130 4408 meum,
1172 4350 1232 4395 ut
1259 4355 1356 4396 eos
1395 4340 1919 4411 comprehenderem
1944 4384 1959 4409 ,
1998 4351 2055 4398 et

450 4440 607 4509 quasi
631 4439 911 4495 volucrem
944 4436 1070 4494 eceli
1101 4437 1170 4492 de
1197 4437 1454 4505 superbia
1476 4436 1810 4507 deponerem
1832 4478 1847 4504 ,
1878 4445 1933 4493 et
1950 4452 2054 4493 cte-

450 4533 639 4588 derem
687 4533 740 4587 iu
787 4531 973 4586 auditu
1004 4530 1299 4599 angustia),
1334 4529 1414 4584 illi
1445 4539 1792 4585 recesserunt
1821 4538 1879 4585 et
1918 4530 2054 4586 resi-

2161 3309 2396 3364 taverint
2425 3323 2487 3364 se
2512 3310 2564 3364 in
2592 3309 2808 3367 laudem
2842 3311 2936 3366 Dei
2961 3311 3178 3377 dicere,
3229 3313 3470 3369 ululatus
3502 3314 3754 3387 luporum

2159 3413 2213 3459 ct
2244 3413 2269 3441 α
2301 3402 2629 3459 baccharum
2663 3402 3052 3460 insanientium
3083 3407 3295 3462 sonitus
3324 3415 3430 3462 est.
3463 3407 3609 3465 Raro
3639 3408 3757 3465 haec

2160 3496 2364 3552 reticus
2393 3497 2570 3568 diligit
2593 3498 2897 3553 castitatem
2919 3539 2932 3565 ,
2975 3506 3033 3555 et
3070 3500 3399 3572 quicumque
3444 3517 3631 3559 amare
3657 3519 3757 3575 pu-

2157 3588 2398 3645 dicitiam
2448 3606 2508 3647 se
2553 3591 2852 3658 simulant,
2886 3601 2945 3648 ut
2971 3592 3341 3664 Manichzeus,
3385 3604 3441 3654 et
3491 3596 3752 3666 Marcion,

2156 3691 2211 3738 et
2236 3681 2263 3720 δ
2298 3683 2484 3753 Arius,
2514 3693 2570 3739 et
2591 3684 2879 3753 Tatianus,
2906 3695 2963 3741 et
2991 3686 3385 3745 instauratores
3415 3690 3617 3747 veteris
3646 3690 3757 3747 lite-

2157 3792 2380 3846 reseos,
2414 3786 2687 3833 venenato
2736 3794 2833 3834 ore
2883 3779 3041 3836 mella
3087 3782 3438 3851 promittunt.
3484 3782 3752 3840 Caeterum

2151 3869 2303 3941 juxta
2353 3872 2715 3942 Apostolum,
2775 3888 2896 3945 quae
2956 3884 3172 3932 secrete
3214 3885 3420 3947 agunt,
3467 3886 3622 3949 turpe
3672 3887 3757 3935 est

2157 3962 2341 4019 dicere
2373 3962 2610 4036 (Ephes.
2636 3982 2668 4017 v
2691 3965 2733 4036 ).

2230 4056 2249 4129 (
2278 4057 2429 4113 Vers.
2479 4059 2545 4113 ll
2592 4058 2754 4133 seq.)
2786 4060 2958 4132 Super
2986 4061 3213 4116 triticum
3242 4070 3292 4117 et
3320 4063 3493 4118 vinum
3520 4064 3755 4121 rumina-

2154 4148 2274 4205 bant
2303 4167 2323 4205 :
2352 4162 2664 4206 recesserunt
2694 4168 2726 4206 a
2751 4169 2861 4221 me,
2892 4156 3059 4228 etlego
3087 4155 3285 4210 erudiri
3324 4166 3346 4194 ε
3385 4164 3435 4211 et
3473 4159 3760 4229 confortavi

2156 4243 2366 4297 brachia
2410 4254 2694 4299 eorum:et
2745 4246 2802 4300 in
2844 4264 2922 4302 me
2955 4249 3300 4319 cogitaverunt
3322 4250 3433 4322 79
3460 4251 3755 4309 malitiam:

2156 4337 2347 4391 reversi
2367 4346 2486 4390 sunt
2508 4380 2522 4403 ,
2557 4345 2613 4391 ut
2654 4348 2821 4393 essent
2849 4338 3039 4409 absque
3070 4341 3201 4412 jugo
3230 4357 3250 4397 :
3280 4343 3408 4413 facti
3442 4354 3564 4399 sunt
3604 4347 3757 4417 quasi

2156 4446 2307 4485 arcus
2333 4428 2586 4486 dolosas:
2615 4432 2801 4487 cadent
2843 4434 2898 4487 in
2945 4433 3125 4505 gladio
3174 4437 3436 4508 principes
3478 4456 3655 4494 eorum
3679 4482 3694 4508 ,
3727 4458 3761 4496 a

2158 4527 2333 4596 furore
2380 4521 2575 4596 lingua:
2620 4542 2731 4581 suta
2760 4543 2779 4582 :
2810 4527 2911 4581 ista
2931 4528 3271 4585 subsannatio
3300 4547 3480 4587 eorum
3523 4534 3577 4587 in
3621 4544 3761 4590 terra

453 4623 661 4678 tierunt
686 4638 717 4677 a
747 4636 863 4689 me,
902 4622 1003 4677 hoc
1031 4623 1177 4677 enim
1202 4620 1473 4693 significat
1503 4619 1838 4681 ἀπεπήδησαν
1862 4666 1875 4690 ,
1906 4622 2052 4693 quod
2081 4608 2129 4669 Ι)
2156 4617 2397 4692 [Egi/pd.
2428 4617 2574 4675 LXX
2604 4637 2617 4674 :
2654 4620 2823 4693 Super
2853 4623 3024 4678 tritico
3050 4634 3097 4679 et
3118 4625 3236 4680 vino
3262 4623 3288 4664 ά
3319 4627 3708 4684 dissecabantur
3744 4644 3759 4686 :

452 4714 811 4785 Septuaginta
860 4716 1387 4770 transtuleruntzet
1438 4722 1730 4784 propterea
1779 4713 2053 4767 vastabun-

450 4816 566 4873 tur,
598 4806 719 4875 quia
748 4805 1074 4876 prteruricati
1102 4815 1223 4861 sunt
1266 4809 1319 4860 in
1366 4822 1462 4860 me.
1513 4805 1622 4860 Pro
1661 4822 1728 4861 eo
1761 4805 1909 4876 quod
1952 4822 2054 4863 nos

450 4903 739 4971 diximus,
770 4902 1138 4969 vastabantur,
1185 4911 1241 4958 et
1283 4901 1338 4956 in
1381 4900 1610 4957 llebrzeo
1660 4902 1927 4972 scriptum
1971 4911 2056 4957 est

525 5102 552 5132 ει
581 5092 637 5147 lu
661 5089 897 5147 Palatio.
924 5102 1087 5153 mss.,
1111 5104 1411 5155 vaccarum,
1444 5087 1588 5159 quod
1614 5103 1717 5146 non
1742 5089 1944 5160 passim
1966 5088 2060 5145 nb-

449 5166 538 5222 via
571 5165 599 5218 b
640 5172 696 5219 et
736 5180 761 5215 v
795 5162 1100 5216 litterarqu
1132 5160 1184 5214 in
1218 5160 1629 5231 pronuntiando
1672 5161 2053 5227 similitudine,

449 5238 546 5294 sed
569 5233 823 5292 consulto
845 5233 1045 5287 factum
1076 5231 1142 5287 ad
1164 5232 1462 5303 superioris
1487 5242 1780 5288 contextus
1809 5248 2053 5288 normam

451 5309 720 5365 videatur.

524 5384 551 5420 ιι
574 5379 717 5433 Nihil
759 5377 937 5433 simile
967 5377 1033 5431 ad
1081 5377 1195 5431 Arii
1228 5391 1410 5432 mores
1444 5385 1500 5431 et
1532 5376 1784 5431 hmresim
1819 5375 2049 5431 referas.

447 5452 663 5518 Optime
705 5465 836 5505 vero
881 5449 950 5504 ad
995 5449 1238 5508 Aeriam.
1269 5450 1359 5518 qui
1412 5447 1816 5502 Eucratitarum
1863 5458 2049 5513 sectae,

448 5517 604 5594 cujus
652 5531 709 5579 et
744 5520 1030 5583 Tatianus,
1066 5517 1610 5595 paut_alum_nus,_au_t
1652 5520 1887 5595 ἐξάρχων
1925 5517 2043 5574 fuit.

449 5590 685 5649 timnino
713 5595 882 5663 igitur
907 5591 1135 5648 rescribi
1167 5590 1254 5647 hic
1280 5593 1438 5663 velim
1469 5591 1655 5663 Aerias
1681 5607 1698 5645 :
1724 5590 1867 5663 quod
1901 5605 2045 5663 prte-

447 5675 599 5723 tcrea
624 5681 691 5723 ex
718 5661 993 5721 Philastrii
1019 5661 1361 5731 probaverim
1386 5661 1718 5725 testimonio,
1749 5662 1861 5728 ubi,
1888 5679 1907 5713 t
1934 5661 2044 5719 Ae-

439 5741 510 5795 rii
533 5780 547 5805 ,
569 5738 775 5809 inquit,
808 5735 875 5790 ab
906 5734 1071 5791 Aerio
1094 5734 1327 5809 quodam
1356 5733 1436 5809 sic
1456 5733 1724 5809 appellati
1757 5744 1901 5809 sunt,
1952 5734 2044 5805 qui

442 5804 787 5871 abstinéntiis
813 5816 1030 5875 vacant,
1059 5804 1195 5863 et‘in
1221 5806 1501 5877 provincia
1533 5804 1858 5880 Pamphylia
1876 5821 2040 5878 quam

2162 4712 2356 4767 eruditi
2388 4723 2509 4767 sunt
2537 4712 2591 4767 in
2621 4730 2735 4782 me,
2768 4724 2816 4769 et
2845 4733 2941 4791 ego
2974 4721 3268 4791 confortavi
3306 4722 3522 4778 brae/tia
3545 4740 3757 4791 eorum,

2158 4816 2209 4861 et
2252 4814 2430 4862 contra
2457 4822 2539 4862 me
2575 4807 2926 4879 cogitaverunt
2974 4812 3159 4867 mala:
3187 4817 3423 4870 conversi
3451 4827 3570 4871 sunt
3595 4818 3647 4871 in
3680 4817 3760 4872 ni-

2158 4900 2323 4954 hilum
2342 4945 2355 4970 ,
2389 4900 2519 4970 facti
2548 4910 2669 4956 sunt
2689 4903 2840 4970 quasi
2864 4920 3020 4959 arcus
3052 4907 3280 4964 intentus
3302 4954 3317 4977 ,
3347 4910 3533 4965 cadent
3566 4911 3622 4966 in
3644 4911 3760 4983 gla-

2164 5088 2382 5164 plttrimi
2411 5101 2843 5159 commorantur,
2867 5094 2959 5164 qui
2994 5103 3050 5149 et
3075 5095 3366 5153 Encratitzc
3395 5098 3665 5164 dicuntur,
3703 5101 3756 5157 id

2161 5171 2265 5242 est,
2308 5160 2670 5242 abstinentes.
2728 5166 2794 5242 H_i
2836 5160 2943 5221 non
2986 5166 3542 5242 possidentualiquid.
3599 5160 3756 5228 escas

2160 5233 2568 5306 abominantur,
2597 5252 2733 5306 quas
2765 5239 2914 5294 Deus
2948 5253 3072 5295 cum
3107 5233 3488 5299 benedictione
3518 5242 3757 5301 humano

2158 5305 2347 5373 generi
2374 5307 2586 5359 tribuit.
2622 5325 2641 5359 ι

2234 5386 2255 5414 ο
2292 5375 2567 5456 Victorius
2595 5380 2843 5456 voculam
2873 5398 2956 5437 eos
2986 5382 3154 5450 addit,
3188 5400 3255 5440 ex
3290 5384 3519 5456 Vulgata
3559 5386 3757 5443 editio-

2158 5461 2246 5513 ne,
2286 5457 2341 5502 et
2373 5448 2661 5506 llebraico.
2716 5448 3148 5527 Hieronymiana
3196 5448 3596 5514 autem'editio
3640 5460 3752 5527 illa,

2156 5534 2315 5588 quam
2344 5530 2534 5576 auctor
2560 5525 2939 5581 commentarii
2966 5528 3017 5579 in
3041 5525 3238 5584 Oscam
3266 5529 3369 5585 sub
3399 5530 3623 5587 nomine
3643 5525 3756 5588 Ιίυέ

2156 5591 2251 5667 lini
2281 5592 2485 5667 laudat,
2519 5594 2744 5667 minime
2766 5598 3034 5667 agnoscit.

2226 5659 2250 5700 δ
2282 5664 2410 5749 hlss.
2444 5659 2695 5749 Palatini,
2728 5659 3129 5749 concidebantur
3158 5689 3177 5728 :
3207 5680 3262 5729 et
3292 5670 3456 5746 paulo
3484 5685 3628 5749 post,
3652 5676 3755 5732 ista

2151 5744 2228 5790 est
2250 5736 2606 5807 subsannatio,
2641 5753 2743 5807 pro
2771 5741 2846 5794 sic
2874 5752 2971 5812 est,
3004 5753 3110 5801 etc.
3292 5736 3310 5746 ’
3485 5736 3500 5749 ’
3724 5790 3752 5825 ,ι
