4150 6346
400 308 498 367 881

1218 307 1883 371 COMMENTARIORUM
1921 311 1985 369 ιιι
2025 311 2209 372 OSEE
2250 314 2381 373 LIB.
2427 317 2494 375 ll.
2535 317 2687 376 CAP.
2733 319 2871 376 Vlll.

3591 319 3698 377 883

397 427 483 481 dio
513 424 776 499 principes
798 441 975 479 eorum
1006 434 1216 495 propter
1238 425 1549 498 imperitiam
1570 424 1765 498 linguae
1781 442 1996 492 eorum;
2024 428 2074 489 Α
2102 427 2211 483 rint
2240 443 2390 496 esse,
2420 429 2515 485 sed
2538 430 2679 502 quod
2724 430 2789 485 ad
2821 431 3286 504 comparationem
3330 430 3471 504 ejus,
3500 433 3593 504 qui
3621 433 3702 489 lo-

395 522 469 574 sic
520 529 596 576 est
641 520 978 576 subsannatio
1016 536 1197 575 eorum
1226 521 1280 574 in
1320 529 1459 575 terra
1490 520 1734 593 Egypti.
1768 520 1997 592 Propter

395 614 820 680 abundantiam,
872 612 1072 684 inquit,
1130 628 1313 669 rerum
1361 614 1609 669 omnium
1641 622 1992 669 corruerunt.

394 706 549 779 Quod
584 707 745 763 etiam
780 706 1034 763 Ezechiel
1076 706 1128 762 in
1162 705 1419 762 Sodomis
1454 716 1506 762 et
1549 705 1877 762 Gomorrhis
1920 706 1997 760 fa-

394 810 539 856 ctum
582 816 705 856 esse
731 810 1131 858 commemorat
1159 798 1379 872 (Ezech.
1410 797 1552 872 xxx),
1600 809 1658 854 ut
1684 799 1820 856 nihil
1848 799 1994 855 aliud

393 897 499 952 nisi
532 897 687 953 cibos
731 906 786 951 et
832 895 1105 951 luxuriam
1141 896 1523 951 ruminarent:
1560 910 1658 965 pro
1704 911 1812 968 quo
1855 895 1992 965 Sep-

397 992 634 1062 tuaginta
664 990 1089 1059 transtulerunt,
1138 1007 1295 1061 super
1323 992 1581 1062 frumento
1612 1001 1659 1045 et
1690 992 1805 1046 vino
1834 992 1997 1046 disse-

394 1092 690 1154 cabantur,
748 1089 802 1143 in
860 1087 1170 1159 exemplum
1227 1086 1619 1158 prOpbetarum
1682 1086 1849 1153 Baal,
1905 1087 1993 1157 qui

393 1189 661 1250 praesente
685 1178 833 1245 Elia,
875 1178 1195 1236 concisione
1225 1179 1596 1236 membrorum
1631 1180 1841 1250 pluvias
1872 1194 1997 1249 prc-

393 1272 664 1328 cahantur
686 1272 777 1343 (lIl
805 1272 935 1345 Reg.
968 1273 1145 1343 xvnt).
1172 1271 1458 1342 Simulque
1481 1282 1539 1327 ut
1560 1271 1880 1328 ostenderet
1903 1285 1999 1328 eos

388 1367 758 1439 jumentorum
808 1365 1057 1434 similes,
1103 1381 1212 1422 non
1253 1366 1411 1435 dixit,
1462 1366 1848 1432 comedebant,
1899 1366 1993 1422 sed

391 1459 737 1516 rnminabant
766 1479 781 1516 :
811 1469 870 1516 et
913 1458 1038 1516 ideo
1082 1467 1432 1516 recesserunt
1458 1475 1487 1515 a
1521 1460 1755 1516 Domino
1783 1460 1876 1531 qui
1909 1460 1993 1515 di~

390 1554 464 1610 cit
493 1571 506 1609 :
535 1568 637 1624 ego
681 1568 777 1611 eos
827 1553 1061 1624 erudivi,
1094 1568 1198 1625 ego
1247 1552 1621 1609 fortitudinem
1665 1553 1897 1624 prmbui,
1941 1563 1995 1609 et

390 1654 580 1703 contra
603 1662 691 1701 me
723 1660 850 1702 suas
882 1660 1111 1703 erexere
1139 1646 1385 1702 cervices
1419 1661 1434 1712 ;
1468 1660 1576 1702 non
1609 1646 1754 1717 quod
1787 1644 1992 1717 aliquid

372 1724 603 1810 possint
651 1737 832 1795 facere
876 1746 933 1795 et
983 1753 1186 1795 nocere
1226 1736 1470 1795 Creatori
1501 1753 1602 1795 suo
1638 1756 1651 1792 :
1702 1737 1797 1793 sed
1844 1739 1989 1808 quod

2099 522 2282 593 quitur
2306 522 2372 578 ad
2419 522 2680 595 Moysen:
2720 523 2881 595 Vade,
2912 525 2997 580 dic
3026 527 3221 600 populo
3251 526 3423 583 Israel
3447 545 3467 584 :
3492 527 3596 595 Qui
3624 538 3701 584 est

2100 615 2237 669 misit
2261 632 2341 668 me
2371 614 2571 686 (Exod.
2603 633 2683 683 ιιι,
2715 617 2829 689 id),
2857 634 3050 675 omnes
3072 621 3163 691 qui
3188 630 3376 677 contra
3400 620 3694 678 Dominum

2098 709 2341 780 sapiunt,
2398 725 2504 766 non
2558 725 2679 766 esse
2720 710 2971 766 dicantur
3023 712 3131 784 [ΑΙ.
3175 713 3479 789 dicuntur].
3531 716 3699 772 Juxta

2098 801 2231 857 illud
2263 802 2409 873 quod
2441 803 2493 857 in
2521 803 2719 859 Esther
2750 804 2979 875 legimus
3008 805 3058 859 in
3092 806 3451 878 Septuaginta
3488 820 3509 845 ο
3542 809 3701 865 dum-

2100 900 2250 948 taxat
2292 912 2305 949 :
2339 893 2427 949 Ne
2473 896 2653 949 tradas
2682 904 2946 967 sceptrum
2975 906 3121 952 tuum
3159 896 3241 953 Itis
3285 900 3375 970 qui
3425 917 3529 955 non
3576 910 3700 956 sunt

2099 986 2311 1059 (Est/ter
2343 1004 2457 1055 xw,
2494 989 2579 1054 ll,
2619 1006 2722 1045 sec.
2754 988 2945 1057 LXX),
2976 990 3117 1046 haud
3142 989 3365 1048 dubium
3390 994 3521 1065 quin
3550 992 3697 1050 idola

2098 1081 2384 1153 signiticet.
2419 1081 2478 1137 Si
2503 1083 2648 1137 enim
2674 1082 2815 1138 Deus
2838 1091 2922 1138 est
2944 1085 3171 1151 veritas,
3196 1084 3462 1156 quidquid
3484 1096 3703 1143 contra-

2098 1176 2237 1231 rium
2266 1177 2482 1231 veritati
2513 1186 2617 1245 est,
2652 1178 2996 1234 mendacium
3045 1189 3153 1245 est,
3185 1188 3241 1235 et
3284 1178 3422 1236 nihil
3449 1182 3703 1237 nomina-

2097 1279 2204 1327 tur.
2239 1272 2352 1328 lloc
2384 1272 2655 1329 haereticis
2683 1274 2968 1341 convenit,
2998 1275 3091 1346 qui
3122 1274 3377 1330 instructi
3422 1275 3490 1330 de
3539 1276 3698 1331 Scri-

2098 1367 2270 1438 pturis
2292 1369 2521 1434 sanctis,
2542 1367 2832 1424 adversum
2854 1369 3144 1425 Dominum
3178 1370 3337 1441 Legis
3366 1377 3424 1427 et
3445 1369 3694 1442 Prophe-

2096 1470 2272 1516 tarum
2328 1470 2383 1516 et
2435 1462 2719 1534 Evangelii
2759 1463 2922 1518 verba
2970 1471 3235 1519 vertunt:
3270 1474 3324 1520 et
3364 1473 3490 1520 sunt
3540 1464 3696 1536 quasi

2096 1570 2255 1610 arcus
2281 1555 2507 1611 dolosus
2533 1557 2650 1613 sive
2680 1572 2990 1627 perversos.
3046 1558 3278 1614 Dolosus
3327 1572 3491 1615 arcus
3536 1566 3704 1630 atque

2097 1663 2387 1718 perversos
2411 1658 2518 1713 est,
2557 1648 2648 1720 qui
2698 1650 2931 1719 percutit
2976 1647 3329 1720 dirigentem,
3360 1658 3415 1706 et
3443 1650 3704 1706 vulnerat

2096 1740 2377 1796 dominum
2406 1756 2585 1796 suum.
2622 1741 2750 1798 Sive
2780 1740 2907 1797 facti
2938 1750 3068 1797 sunt
3100 1741 3259 1813 quasi
3304 1756 3470 1798 arcus
3511 1742 3700 1799 inteu~

391 1833 569 1889 solum
616 1832 801 1889 facere
841 1843 1158 1904 potuerunt,
1207 1834 1587 1905 cogitaverunt
1620 1833 1759 1889 mala
1795 1841 1986 1889 contra
2023 1841 2064 1900 Β
2096 1844 2201 1901 tus,
2232 1835 2403 1905 parati
2446 1849 2668 1906 semper
2713 1835 2778 1891 ad
2823 1850 3060 1907 pugnam
3105 1844 3159 1891 et
3204 1835 3614 1903 contentiones,
3642 1836 3697 1891 in

390 1941 498 1982 me.
529 1926 594 1981 Et
619 1925 893 1997 quomodo
913 1941 945 1981 a
973 1926 1245 1997 principio
1274 1926 1515 1995 fuerunt,
1552 1928 1869 1998 priusquam
1897 1942 1996 1982 vo-

388 2034 570 2076 carem
598 2033 694 2075 eos
740 2035 838 2091 per
884 2018 1181 2083 Abraham,
1228 2027 1283 2074 et
1330 2027 1517 2089 postea
1558 2035 1656 2090 per
1682 2019 1903 2090 Moysen
1941 2028 1997 2075 et

387 2116 601 2181 Aaron,
622 2122 678 2169 et
702 2123 864 2171 erant
882 2114 1087 2185 absque
1103 2114 1237 2186 jugo
1262 2114 1506 2185 legisque
1536 2115 1732 2170 notitia
1749 2156 1763 2181 ,
1786 2122 1842 2170 et
1861 2129 1995 2169 cun-

388 2206 488 2267 ciis
520 2209 834 2266 nationibus
872 2210 1244 2266 miscebantur
1272 2229 1284 2265 :
1316 2211 1389 2266 ita
1417 2211 1581 2267 etiam
1606 2226 1750 2266 nunc
1787 2209 1994 2266 reversi

388 2314 516 2359 sunt
558 2303 613 2358 in
660 2302 948 2375 pristinum
980 2312 1178 2358 statum
1214 2322 1226 2358 :
1258 2312 1315 2359 ut
1343 2304 1701 2374 absquejugo
1729 2313 1784 2359 et
1821 2302 1994 2357 frenis

388 2397 736 2454 deferrentur
769 2411 864 2469 per
895 2396 1218 2469 praecipitia,
1262 2407 1317 2453 et
1346 2405 1694 2453 mutarentur
1725 2397 1779 2452 in
1807 2410 1991 2453 arcum

389 2492 662 2563 dolosum,
690 2502 748 2549 ut
780 2501 807 2530 ἰ
833 2507 993 2564 quem
1022 2492 1169 2548 Deus
1193 2501 1382 2547 contra
1425 2491 1772 2548 adversarios
1814 2491 1994 2547 inten—

389 2586 565 2656 derat,
598 2588 698 2659 ipsi
730 2598 919 2644 contra
950 2603 1108 2643 suum
1138 2586 1423 2643 Dominum
1453 2594 1755 2649 verterent.
1787 2593 1843 2642 et
1872 2585 1994 2639 mit-

390 2689 570 2738 terent
602 2681 869 2738 adversus
895 2698 1018 2739 eum
1066 2682 1528 2752 blasphemiarum
1562 2683 1809 2752 sagittas.
1840 2681 1996 2738 Unde

390 2774 664 2845 principes
692 2790 908 2844 eorum,
932 2774 1028 2847 qui
1050 2774 1323 2833 infelicem
1354 2776 1612 2847 populum
1635 2776 1991 2846 deceperunt,
2044 2838 2049 2839 ί

389 2867 587 2921 cadent
612 2865 798 2937 gladio
829 2876 1050 2939 propter
1070 2867 1310 2924 furorem
1343 2869 1542 2939 linguae
1571 2885 1705 2933 suae,
1737 2868 1880 2939 quod
1909 2869 1994 2923 vi-

390 2960 533 3015 tulos
557 2974 752 3017 aureos
778 2959 912 3017 deos
953 2961 1228 3032 appellare
1260 2972 1390 3017 sunt
1417 2962 1567 3030 ausi,
1612 2970 1670 3016 ιιι
1712 2961 1815 3017 hoc
1848 2962 1994 3016 tace-

390 3065 515 3112 rent
557 3056 609 3111 in
649 3064 793 3112 terra
826 3057 1295 3128 repromissionis,
1326 3057 1470 3129 quod
1503 3057 1559 3113 in
1588 3057 1829 3130 Egypto
1853 3056 1995 3113 didi-

392 3157 588 3204 cerant
611 3166 624 3203 :
649 3149 894 3206 colentes
925 3150 1079 3221 Apim
1123 3151 1461 3222 Egyptium,
1494 3161 1549 3207 et
1589 3151 1771 3207 omnia
1806 3166 1993 3207 eorum

2097 1928 2510 1985 subversionetn
2560 1929 2919 1985 audientium.
2956 1929 3110 1986 Unde
3164 1929 3440 2001 principes
3485 1944 3700 1995 eorum.

2099 2022 2149 2078 id
2206 2032 2292 2078 est
2358 2024 2781 2092 haeresiarchac,
2836 2024 3053 2079 Domini
3113 2037 3375 2079 mucrone
3415 2022 3704 2090 feriuntur,

2098 2126 2321 2187 propter
2356 2117 2626 2172 insaniam
2660 2117 2858 2187 linguae
2888 2131 3031 2183 suae,
3077 2130 3183 2187 qua
3229 2114 3522 2172 Dominum
3552 2114 3701 2170 blas-

2097 2211 2666 2282 phemaverunuhoc
2714 2214 2856 2269 idem
2891 2214 3155 2271 facientes
3209 2213 3263 2269 in
3308 2211 3433 2268 falsi
3464 2211 3701 2268 nominis

2096 2306 2365 2375 Ecclesia,
2396 2308 2539 2378 quod
2559 2306 2835 2364 faciebant
2862 2322 2931 2363 eo
2963 2316 3214 2378 tempore
3244 2307 3430 2378 quoin
3459 2304 3699 2378 Egypto

2096 2401 2279 2457 stcculi
2308 2400 2683 2469 morabantur,
2714 2400 2819 2455 hoc
2849 2409 2956 2473 est,
2986 2399 3206 2470 quando
3242 2399 3476 2470 gentiles
3515 2408 3695 2456 erant.

2096 2494 2299 2551 Omnes
2352 2496 2500 2551 enim
2542 2496 2929 2551 hmreticorum
2959 2503 3017 2551 et
3050 2495 3335 2567 gentilium
3368 2494 3702 2567 quaestiones

2096 2590 2300 2646 emdem
2333 2598 2483 2657 sunt,
2517 2589 2645 2660 quia
2676 2605 2783 2644 non
2820 2588 3227 2659 Scripturarum
3262 2590 3371 2661 ει
3402 2589 3704 2645 auctorita~

2099 2695 2229 2749 tem,
2263 2685 2357 2740 sed
2388 2685 2641 2740 humanae
2667 2684 2896 2739 rationis
2922 2698 3143 2739 sensum
3166 2691 3486 2753 sequuntur.

2170 2780 2323 2854 (Cap.
2361 2780 2496 2836 Vlll.
2522 2778 2771 2837 ——Vers.
2805 2782 2828 2835 i
2864 2780 3008 2849 seq.)
3026 2777 3093 2833 In
3123 2788 3331 2854 gutture
3358 2764 3449 2833 tuo
3474 2780 3540 2834 sit
3562 2778 3708 2841 tuba,

2096 2875 2434 2948 quasi'aquila
2458 2892 2617 2947 super
2647 2874 2858 2929 domum
2891 2874 3129 2929 Domini:
3154 2891 3249 2945 pro
3276 2891 3337 2929 eo
3360 2874 3500 2945 quod
3531 2885 3707 2928 trans—

2096 2972 2260 3042 gressi
2289 2980 2409 3023 sunt
2439 2968 2609 3038 [cadus
2667 2984 2860 3037 meum,
2889 2976 2936 3021 et
2965 2967 3127 3038 legem
3160 2983 3325 3023 meam
3368 2968 3702 3040 prtcvaricati

2095 3073 2232 3120 sunt.
2283 3063 2369 3118 Me
2411 3060 2722 3117 invocabant
2763 3061 2875 3135 [AL
2923 3060 3260 3137 invocabant]
3286 3109 3299 3131 ,
3334 3060 3480 3117 Deus
3532 3078 3701 3130 meus,

2098 3161 2424 3232 cognovimus
2455 3169 2502 3214 te
2529 3158 2721 3214 Israel.
2757 3157 2987 3233 Projecit
3018 3157 3189 3213 Israel
3217 3159 3425 3225 bonum,
3456 3158 3701 3212 inimicus

396 3253 647 3314 portenta
704 3253 1029 3301 venerantes
1072 3262 1085 3299 :
1128 3246 1203 3301 ita
1264 3246 1410 3302 enim
1459 3257 1515 3302 ct
1567 3248 1619 3301 in
1678 3246 1994 3312 solitudine,
2023 3247 2068 3309 C
2103 3264 2435 3324 persequetur
2471 3258 2617 3309 eum.
2652 3251 2766 3326 Ipsi
2807 3263 3185 3325 regnaverunt,
3228 3261 3275 3307 et
3323 3268 3429 3307 non
3471 3268 3534 3306 ea:
3560 3268 3642 3306 me
3686 3267 3704 3304 :

393 3338 611 3410 quando
639 3339 846 3410 egressi
879 3348 1009 3395 sunt
1047 3340 1115 3397 de
1148 3339 1407 3413 Egypto,
1442 3341 1733 3397 Dominum
1763 3341 1993 3398 subsan-

395 3443 712 3501 naverunt,
779 3434 1027 3492 dicentes
1068 3439 1103 3491 ἐ
1149 3433 1253 3491 Isti
1320 3447 1440 3491 sunt
1520 3438 1594 3492 dii
1650 3438 1759 3505 tui,
1827 3436 1997 3492 Israel

401 3524 600 3597 (Exod.
628 3542 738 3595 xvr,
765 3527 841 3599 5).
864 3528 931 3583 Et
958 3530 1105 3601 :80
1131 3528 1347 3585 Utinam
1372 3546 1595 3585 essemus
1637 3532 1691 3585 in
1722 3542 1860 3585 terra
1894 3530 1996 3584 Λί-

395 3620 564 3691 gypti,
587 3620 671 3674 ubi
692 3620 995 3675 sedebamus
1015 3637 1169 3694 super
1190 3622 1322 3677 ollas
1342 3624 1576 3677 carnium
1599 3622 1796 3694 (Exod.
1821 3639 1993 3690 χχιιι,

397 3714 496 3785 4),
529 3723 585 3769 et
611 3726 829 3771 cmtera.
862 3716 1040 3787 Super
1070 3717 1254 3772 tritico
1281 3726 1337 3772 et
1368 3718 1529 3782 vino,
1560 3715 1588 3755 δ
1613 3728 1666 3773 et
1697 3717 1850 3773 falsis
1879 3733 1996 3789 my-

400 3809 582 3865 steriis
618 3812 866 3882 corporis
906 3821 963 3867 et
992 3812 1273 3883 sanguinis
1320 3812 1556 3878 Christi,
1607 3814 1696 3882 qui
1761 3812 1895 3867 dicit
1942 3812 1993 3866 in

399 3901 745 3970 Evangelia:
786 3902 901 3959 Nisi
930 3904 1170 3960 ceciderit
1214 3922 1437 3973 granum
1489 3906 1645 3960 tritici
1688 3907 1745 3960 in
1783 3916 1994 3972 terram,

398 4006 445 4051 et
472 4005 732 4052 mortuum
757 3999 937 4070 fuerit,
962 3999 1133 4071 ipsum
1154 4000 1317 4053 soluat
1341 4010 1511 4054 manet
1533 3999 1714 4073 (Joan.
1742 4016 1841 4067 xu,
1866 3999 1958 4070 24)
1981 4017 1994 4053 :

400 4089 466 4144 Et
496 4091 547 4145 in
579 4091 688 4145 alio
734 4092 855 4148 loco
886 4111 898 4146 :
928 4091 1042 4165 Ego
1071 4111 1184 4148 sum
1229 4094 1345 4147 vitis
1394 4111 1511 4148 vera
1556 4093 1741 4162 (Joau.
1772 4111 1862 4163 xv,
1899 4095 1949 4159 i)
1982 4111 1994 4147 :

399 4180 511 4237 Et:
546 4182 663 4237 Nisi
712 4184 937 4240 biberitis
986 4188 1290 4256 sanguinem
1322 4202 1486 4239 meum
1519 4184 1712 4258 (Ibid.,
1758 4202 1830 4253 vt,
1881 4184 1993 4256 54).

399 4274 573 4346 Super
601 4276 705 4334 hoc
730 4295 860 4350 ergo
889 4280 1073 4336 tritico
1100 4290 1156 4335 et
1177 4281 1303 4336 vino
1334 4281 1580 4337 haeretici
1608 4281 1997 4348 conciduntur,

398 4379 455 4427 et
484 4372 700 4429 diversa
730 4374 835 4430 sibi
867 4384 1195 4430 construunt
1228 4375 1583 4430 tabernacula
1617 4394 1627 4429 :
1661 4376 1777 4429 sive
1804 4374 1999 4444 praeci-

400 4466 607 4523 duntur
633 4467 703 4521 ab
734 4468 994 4524 Ecclesia:
1018 4484 1270 4538 corpore,
1305 4479 1357 4523 et
1388 4470 1564 4539 legem
1604 4470 1694 4524 Ι)θί
1722 4468 1997 4534 meditari,

397 4569 453 4616 et
477 4560 752 4614 rnminare
773 4575 832 4615 se
860 4561 1139 4616 simulant.
1173 4561 1280 4616 Sed
1314 4561 1419 4618 hoc
1446 4558 1711 4619 facientes
1740 4561 2003 4617 recedunt

398 4669 428 4710 a
460 4652 696 4708 Domino
725 4655 819 4725 qui
866 4654 1050 4711 docuit
1095 4670 1193 4711 eos
1234 4656 1287 4710 in
1328 4657 1591 4724 Ecclesia,
1636 4667 1691 4712 et
1742 4657 1890 4711 dedit
1920 4656 2001 4711 eis
2028 4644 2077 4703 υ

400 4744 810 4816 fortitudinem,
869 4764 971 4819 qua
1022 4758 1212 4805 contra
1267 4749 1609 4806 adversarios
1648 4750 1997 4806 dimicarent.

401 4841 481 4897 llli
537 4858 666 4898 vero
713 4844 1090 4914 cogitaverunt
1128 4844 1394 4900 malitiam
1440 4856 1631 4901 contra
1684 4844 1995 4911 Dominum,

401 4935 756 5005 impiissimas
805 4938 1043 4995 haereses
1069 4948 1434 5005 exstruentes,
1466 4948 1519 4994 et
1552 4938 1762 4994 reversi
1788 4948 1916 4993 sunt
1943 4937 1998 4993 in

402 5040 601 5087 statum
648 5034 957 5103 gentilium,
994 5042 1052 5088 ut
1082 5043 1267 5089 essent
1307 5034 1515 5104 absque
1565 5033 1662 5088 Dei
1711 5033 1901 5087 notitia
1946 5042 2001 5087 et

399 5122 529 5195 jugo
560 5144 571 5180 :
603 5126 720 5183 sive
758 5127 967 5184 reversi
994 5136 1122 5184 sunt
1147 5126 1201 5183 in
1234 5126 1485 5194 nihilum,
1516 5141 1625 5182 non
1658 5124 1804 5197 quod
1825 5125 2003 5183 desie-

475 5318 500 5347 ε
546 5308 639 5382 Sic
675 5309 743 5365 ad
789 5311 947 5365 fidem
979 5320 1213 5382 quatuor
1257 5309 1558 5366 Florentia:
1596 5308 1844 5366 codicum
1887 5325 2006 5365 cor-

404 5382 545 5437 rexit
574 5380 867 5447 Victorius,
893 5380 1039 5452 quem
1072 5381 1236 5450 Deus,
1283 5391 1343 5436 ut
1383 5382 1766 5452 subintelligas
1795 5396 2005 5439 arcum.

405 5453 658 5525 Martian.
689 5464 815 5523 post
848 5455 1130 5509 Erasmum
1163 5455 1412 5517 retinuit,
1445 5471 1593 5525 quos.

474 5523 502 5561 δ
532 5523 595 5597 lu
628 5541 737 5580 uno
781 5526 1061 5590 Palatino,
1102 5525 1225 5597 falsi
1266 5523 1518 5597 mysterii,
1548 5528 1598 5580 in
1643 5528 1841 5592 altero,
1894 5526 2009 5595 ipsa

413 5612 544 5659 Vox,
559 5596 695 5723 {nisi
725 5599 1071 5667 expungitur.

482 5679 504 5707 ο
539 5669 557 5723 l
587 5684 652 5723 oc
690 5685 907 5723 unouue
946 5679 1070 5723 nota

482 5679 504 5707 ε
539 5668 652 5724 lloc
690 5685 907 5740 quoque
946 5679 1190 5725 notatum
1238 5670 1487 5725 Victoria
1544 5678 1649 5735 est,
1706 5670 1828 5725 ideo
1882 5668 2010 5734 dici,

410 5742 694 5796 secundum
727 5740 874 5795 LXX
905 5743 1200 5809 dumtaxat,
1235 5746 1358 5812 quia
1392 5744 1442 5797 in
1493 5742 1759 5799 Hebraico
1789 5758 1895 5798 non
1933 5743 2016 5797 in-

410 5815 631 5869 venitur
659 5816 958 5884 capitulum
984 5824 1239 5885 quartum
1273 5815 1568 5875 decimum.
1599 5817 1692 5870 ubi
1740 5815 1792 5870 id
1827 5815 2015 5884 prodis

411 5893 521 5951 tur,
573 5888 710 5942 sient
746 5900 845 5941 nec
876 5887 976 5942 tria
1007 5887 1111 5941 alia
1160 5888 1464 5955 superiora.
1513 5888 1556 5941 A
1604 5887 1831 5941 dimidio
1873 5887 2016 5941 enim

2098 3346 2361 3418 principes
2383 3346 2722 3409 exstiterunt,
2754 3353 2800 3399 et
2820 3361 2923 3399 non
2954 3345 3193 3416 cognovi.
3225 3343 3513 3416 Argentum
3550 3358 3705 3398 suum

2096 3454 2145 3497 et
2172 3458 2358 3497 aurum
2378 3457 2529 3495 suum
2550 3444 2783 3509 fecerunt
2809 3441 2906 3494 sibi
2932 3440 3101 3507 idola,
3124 3450 3181 3495 ut
3204 3439 3493 3494 interirent.
3519 3436 3697 3493 LXX:

2098 3535 2166 3591 In
2192 3536 2311 3589 sinu
2352 3550 2529 3589 eorum
2569 3536 2721 3606 quasi
2746 3542 2885 3589 terra
2912 3533 3047 3588 sicut
3085 3533 3267 3605 aquila
3307 3549 3464 3605 super
3489 3532 3702 3587 domum

2098 3627 2311 3683 Domini
2343 3643 2361 3682 :
2395 3644 2490 3699 pro
2529 3643 2589 3682 eo
2635 3627 2776 3697 quod
2818 3628 3127 3700 transgressi
3173 3636 3296 3682 sunt
3334 3635 3701 3681 testamentum

2098 3739 2291 3789 meum,
2318 3732 2364 3777 et
2390 3731 2571 3777 contra
2604 3722 2765 3793 legent
2792 3738 2957 3775 meam
2992 3721 3151 3795 impie
3170 3728 3408 3793 egerunt.
3440 3718 3528 3775 Me
3556 3719 3704 3774 invo-

2098 3828 2341 3873 caverunt
2373 3817 2481 3891 [AL
2509 3816 2875 3889 invocabant],
2905 3817 3068 3884 Deus,
3103 3815 3434 3889 cognovimus
3462 3825 3510 3871 te
3534 3832 3554 3870 :
3580 3815 3707 3886 quia

2099 3908 2271 3965 Israel
2301 3905 2329 3945 ἀ
2361 3919 2627 3965 aversatus
2653 3918 2729 3964 est
2761 3910 2894 3962 bona
2924 3924 2938 3961 :
2973 3908 3245 3962 inimicum
3277 3906 3530 3978 persecuti
3561 3917 3705 3973 sunt,

2100 4022 2165 4060 ex
2202 4006 2493 4076 semetipsis
2524 4014 2910 4077 regnaverunt},
2939 4012 2987 4057 et
3015 4019 3120 4057 non
3156 4018 3249 4075 per
3288 4019 3368 4057 me
3396 4019 3414 4058 :
3448 4004 3709 4073 principes

2099 4096 2428 4162 exstiterunt,
2459 4105 2503 4150 et
2532 4112 2636 4150 non
2661 4095 3024 4151 indicaverunt
3045 4093 3174 4147 mihi
3196 4109 3216 4149 :
3246 4101 3521 4166 argentum
3550 4110 3707 4149 suum

2100 4196 2146 4241 et
2176 4204 2363 4241 aurum
2392 4204 2543 4265 suum
2572 4192 2804 4259 fecerunt
2844 4186 2941 4241 sibi
2970 4185 3136 4253 idola,
3159 4194 3215 4241 ut
3245 4186 3564 4257 dispereant.
3590 4183 3707 4241 Hoc

2102 4282 2244 4353 quod
2276 4281 2614 4353 interpretati
2644 4297 2853 4347 sumus,
2886 4282 2941 4335 in
2971 4288 3183 4355 gutture
3212 4289 3300 4334 tuo
3328 4281 3395 4335 sit
3426 4280 3572 4348 tuba,
3605 4295 3704 4349 pro

2102 4392 2212 4447 quo
2267 4378 2321 4432 in
2370 4378 2604 4433 Ilebrmo
2654 4378 2917 4448 scriptum
2972 4385 3088 4440 est,
3146 4390 3463 4432 sescucusc
3506 4389 3709 4431 sorua

2106 4470 2283 4531 (131w
2310 4453 2544 4554 jzn‘ns).
2593 4470 2790 4540 Aquila
2819 4480 2873 4526 et
2921 4467 3281 4541 Symmachus
3308 4479 3364 4523 et
3401 4466 3711 4524 Theodotio

2104 4564 2355 4619 similiter
2393 4565 2811 4619 transtulerunt.
2861 4563 2975 4619 Soli
3007 4563 3363 4633 Septuaginta
3400 4561 3660 4617 dixerunt
3695 4578 3712 4619 :

2106 4657 2159 4711 in
2186 4656 2308 4711 sinu
2328 4672 2507 4711 eorum
2534 4657 2684 4727 quasi
2714 4666 2851 4710 terra
2892 4672 2908 4708 :
2938 4655 3082 4726 quod
3112 4653 3240 4726 quid
3283 4653 3585 4726 signiﬁcet,
3618 4653 3704 4709 in-

2104 4761 2315 4808 certum
2344 4761 2446 4807 est.
2477 4750 2706 4817 Quidam
2727 4750 2871 4805 enim
2898 4750 3176 4805 aestimant
3206 4750 3390 4806 sinum
3414 4749 3709 4821 dupliciter

2105 4844 2298 4915 accipi,
2329 4854 2384 4900 et
2414 4842 2725 4900 inferiorem
2753 4856 2965 4914 partem
2988 4844 3305 4901 vestimenti
3326 4860 3356 4899 a
3380 4844 3710 4916 genitalibus

2108 4953 2282 5007 usque
2324 4936 2389 4991 ad
2423 4937 2587 5008 pedes
2620 4960 2634 5000 ε
2670 4945 2726 4992 et
2756 4937 2972 5007 colpum
3003 4936 3207 5005 maris,
3249 4936 3303 4993 id
3336 4947 3457 5007 est,
3483 4937 3663 4993 sinum
3688 4982 3705 5007 ,

2107 5030 2258 5086 verbi
2305 5030 2500 5101 gratia,
2552 5030 2870 5099 Hadriatici,
2924 5039 2979 5087 et
3026 5031 3183 5099 lonii,
3232 5041 3286 5089 et
3332 5029 3710 5101 Propontidis,

2109 5127 2382 5198 falsosque
2411 5127 2727 5199 magistros,
2757 5128 2850 5199 qui
2890 5125 3290 5200 blasphemiam
3331 5125 3557 5201 ἐξεγριί
3582 5132 3715 5183 sunt

2109 5309 2309 5385 decimi
2331 5309 2552 5385 capitis,
2578 5326 2642 5385 ea
2668 5327 2789 5385 qua:
2819 5322 3008 5382 postea
3035 5312 3291 5385 leguntur
3311 5313 3371 5385 in
3388 5310 3607 5380 Esther,
3638 5327 3712 5385 ex

2112 5381 2349 5455 Vulgata,
2368 5381 2515 5438 LXX
2559 5381 2830 5440 editione
2860 5381 3112 5455 accepta'
3129 5396 3260 5441 sunt
3298 5404 3311 5441 :
3344 5384 3540 5442 desunt
3565 5384 3713 5440 enim

2113 5469 2282 5526 penes
2314 5453 2592 5510 Hebraeos.

2183 5524 2211 5562 ά
2238 5527 2311 5580 Ita
2340 5536 2395 5580 et
2428 5526 2605 5582 nostri
2634 5542 2757 5582 cum
2787 5526 3034 5582 Victorio
3065 5542 3203 5582 mss.
3234 5536 3508 5584 aversatus
3532 5543 3551 5583 :
3572 5527 3718 5584 Mar-

2118 5599 2252 5652 tian.
2298 5611 2420 5651 cum
2464 5596 2717 5667 Erasmo,
2760 5598 3053 5653 adversata.
3102 5598 3335 5655 Bedolet
3387 5614 3519 5655 vero
3563 5600 3721 5656 scioli

2116 5668 2438 5738 glossatoris
2459 5684 2702 5738 manum,
2735 5673 2880 5740 quod
2905 5670 3087 5725 statim
3119 5671 3171 5725 in
3202 5670 3397 5727 iisdem
3427 5686 3561 5727 mss.
3590 5672 3718 5729 sub-

2118 5741 2287 5803 ditur,
2321 5742 2565 5817 iniquum
2604 5744 2766 5817 secuti
2816 5749 3108 5817 su‘nttpro
3142 5742 3413 5799 inimicum
3462 5743 3723 5817 persecuti

2120 5821 2240 5868 sunt
2265 5829 2283 5867 :
2310 5810 2492 5869 (ἔταξας
2526 5814 2715 5889 ἐχθρὸν
2744 5810 3075 5879 κατεδίωξαν.
