4100 6336
437 299 541 351 8ἦῦ

1674 301 1714 353 8
1774 298 2063 355 ευεεω
2085 297 2485 356 ΙΙΙιιιίυΝΥΜῑ

3636 301 3739 355 κκςι

438 414 609 469 :ecuti
633 460 646 484 ,
699 415 879 475 omnia
914 418 967 470 in
994 416 1119 470 sinu
1150 430 1250 477 suo
1280 415 1487 470 libidini
1518 416 1813 473 servientia
1842 425 1895 469 et
1931 426 2039 470 ter-
2067 424 2115 483 Α
2147 425 2397 485 oporteat
2422 414 2641 483 quidem
2672 417 2815 469 tmli
2848 415 3046 470 Filium
3081 416 3349 482 hominis,
3379 418 3473 474 sed
3507 436 3588 472 ra:
3635 422 3739 487 illi,

438 526 566 564 rcna
598 510 836 571 retinere
872 528 885 564 :
923 511 1003 565 vel
1028 524 1182 566 certe
1212 511 1265 564 in
1300 519 1458 579 portu
1490 519 1546 564 et
1570 509 1780 579 refugio
1814 510 2037 577 naviga-

437 607 600 659 tionis
628 618 764 671 suat,
800 604 932 659 nihil
984 605 1344 674 pretiosarum
1378 604 1663 670 mercium,
1697 602 1790 657 sed
1816 612 2036 657 terrena

435 698 784 768 conquirere.
819 697 932 752 Nos
957 706 1134 753 autem
1166 711 1459 767 sequentes
1486 698 1771 751 veritatem
1806 695 2036 750 IIebrai-

433 809 574 859 cam,
600 804 795 862 empta;
823 793 1227 863 explanationis
1256 802 1506 849 texamus
1528 790 1800 846 ordinem.
1837 790 2036 845 Praeci-

436 888 577 955 pitttr
600 887 901 957 propheta,
930 896 988 941 et
1014 885 1213 941 dicitur
1234 886 1299 939 ad
1330 901 1453 939 eum
1488 903 1501 937 :
1534 883 1597 937 In
1626 893 1834 955 gutture
1856 892 1946 936 tuo
1968 883 2037 935 sit

435 980 576 1043 tuba,
609 980 710 1033 hoc
736 991 844 1044 est,
872 979 953 1033 sic
975 979 1154 1033 exalia
1184 994 1369 1033 vocem
1399 986 1564 1043 tuam,
1592 985 1649 1029 ut
1680 976 1820 1029 tuba:
1842 974 2037 1028 similis

433 1075 507 1127 sit
538 1092 548 1125 :
587 1081 642 1126 ut
683 1072 901 1142 plurimi
931 1071 1196 1139 audiant,
1226 1074 1351 1142 quia
1384 1071 1599 1141 plurimi
1645 1078 2029 1138 peccaverunt.

432 1167 680 1236 Cumque
734 1166 1064 1221 exaltztveris
1103 1180 1292 1219 vocem
1340 1175 1508 1227 tuam,
1557 1162 1661 1217 hoc
1701 1162 1880 1216 dicito
1909 1176 2033 1216 cum

432 1270 695 1325 rtamorc,
724 1262 879 1331 quasi
923 1261 1103 1331 aquila
1132 1274 1298 1329 super
1322 1261 1547 1313 domum
1576 1257 1829 1321 Domini,
1860 1266 1918 1311 et
1949 1266 2036 1311 est

435 1375 668 1415 sensus:
704 1358 895 1411 Veniet
928 1356 1438 1411 Nabuchodonosor
1461 1370 1583 1410 cum
1610 1354 1759 1408 omni
1789 1353 2034 1407 exercitu

436 1467 537 1506 suo
577 1462 684 1505 tam
715 1452 945 1521 raptim.
1002 1459 1111 1504 tam
1166 1449 1451 1512 velociter,
1484 1457 1543 1502 ut
1564 1447 1760 1517 aquila:
1795 1447 2037 1500 imitetur

438 1547 684 1600 Volatum
727 1544 1037 1598 testinantis
1085 1543 1150 1597 ad
1183 1542 1420 1612 prtedam
1467 1560 1480 1599 :
1527 1552 1582 1596 et
1611 1541 1793 1594 veniet
1828 1555 1936 1593 non
1967 1538 2035 1592 ad

434 1640 599 1693 alium
632 1638 837 1702 locum,
868 1638 963 1691 sed
987 1638 1052 1690 ad
1080 1636 1407 1701 Jerusalem,
1437 1636 1490 1689 in
1514 1651 1616 1704 qua
1643 1634 1910 1704 templum
1938 1633 2034 1688 Dei

435 1735 597 1785 situm
626 1740 742 1793 est,
771 1732 880 1802 92
908 1739 968 1784 ut
1006 1746 1124 1787 eam
1155 1730 1401 1784 destruat
1428 1740 1591 1798 atque
1622 1728 1926 1782 subvertet.
1959 1728 2037 1782 De

2144 525 2241 579 per
2268 524 2433 578 quem
2466 508 2763 564 tradendus
2791 509 2860 566 sit
2896 509 3067 578 (Mat.
3102 512 3294 581 xxvi).
3330 510 3614 567 Diabolum
3648 512 3743 583 qui

2143 617 2348 673 ponere
2374 604 2525 671 cupit
2550 617 2721 671 supra
2752 612 2898 656 astra
2922 602 3049 657 (ξωΙί
3074 601 3262 657 nidum
3288 618 3469 669 suum,
3503 605 3740 672 aquilam

2141 695 2442 765 saepissime
2489 694 2717 765 legimus
2772 713 2783 746 :
2827 694 2887 750 Si
2925 694 3183 749 excitatus
3224 696 3390 765 fueris
3427 705 3484 749 ut
3523 697 3738 761 aquila,

2140 788 2262 841 inde
2287 788 2560 841 detraham
2590 798 2656 854 te,
2688 788 2810 841 dicit
2842 785 3102 842 Dominus
3131 787 3336 856 (Abdita
3360 806 3397 855 t,
3420 788 3502 859 4).
3532 789 3744 844 Oculus

2140 897 2360 950 qucque
2394 883 2489 952 qui
2531 881 2733 937 irridet
2760 892 2995 951 patrem,
3029 892 3085 937 et
3122 881 3357 953 despicit
3400 892 3744 938 senectutem

2144 977 2357 1043 matris,
2384 976 2679 1031 eﬂudietur
2702 993 2733 1029 ο
2766 976 2972 1037 corvis.
3002 988 3055 1030 et
3080 976 3427 1031 devorabunt
3454 991 3580 1031 eum
3606 976 3749 1047 pulli

2142 1071 2453 1140 aquilarum
2487 1070 2669 1143 (Prov.
2701 1070 2834 1142 xxx)
2865 1089 2879 1125 :
2914 1087 3014 1141 per
3034 1071 3316 1127 diabolum
3342 1086 3408 1126 ac
3434 1072 3743 1140 dtemones,

2141 1161 2353 1217 clarum
2388 1162 2616 1218 visionis
2642 1180 2760 1217 sua:
2792 1164 2974 1218 lumen
3020 1164 3300 1219 amittens.
3328 1163 3482 1220 Unde
3514 1166 3566 1219 in
3600 1164 3748 1235 Lege

2144 1257 2481 1327 pracipitur,
2512 1268 2567 1311 ttt
2599 1273 2703 1311 non
2730 1258 3087 1313 comedantus
3114 1258 3350 1328 aquilam
3381 1256 3586 1328 (urit.
3616 1275 3671 1313 ιι
3701 1259 3745 1329 ).

2144 1346 2271 1401 Haec
2305 1349 2468 1418 igitur
2496 1349 2676 1419 aquila
2705 1350 2855 1405 venit
2885 1364 3050 1418 super
3074 1350 3458 1405 haereticorum
3482 1351 3749 1405 concilia-

2145 1440 2268 1493 bula
2302 1480 2319 1506 ,
2365 1456 2490 1510 qum
2536 1443 2813 1512 quondam
2866 1441 3083 1497 fuerant
3126 1444 3327 1498 domus
3376 1445 3639 1499 Domini:
3690 1453 3752 1499 et

2143 1536 2354 1592 idcirco
2383 1537 2554 1601 venit,
2587 1538 2713 1607 quia
2756 1539 3103 1607 praevaricati
3130 1547 3263 1594 sunt
3292 1538 3470 1595 {tedas
3499 1539 3617 1609 ejus
3641 1580 3657 1605 ,
3691 1547 3751 1593 et

2144 1629 2319 1697 legent
2366 1631 2462 1684 Dei
2508 1630 2970 1700 dereliquerunt:
3012 1642 3071 1687 et
3113 1632 3235 1687 sine
3270 1646 3435 1688 causa
3486 1632 3751 1687 invocant

2143 1739 2291 1789 eum,
2320 1734 2371 1780 et
2397 1723 2587 1779 dicunt
2623 1742 2634 1777 :
2670 1724 2815 1779 Deus
2859 1739 3015 1779 meus
3042 1740 3105 1779 es
3130 1768 3142 1787 .
3174 1734 3230 1780 et
3268 1725 3627 1794 cognovimus
3658 1734 3747 1789 te,

435 1824 731 1892 haCaquila
753 1834 805 1879 et
832 1822 1083 1877 Ezechiel
1108 1823 1322 1892 plenius
1345 1820 1824 1893 loquitur(Ezecit.
1854 1819 2031 1891 xvtt):
2069 1824 2119 1883 B
2145 1834 2245 1872 nos
2266 1817 2362 1887 qui
2396 1833 2657 1873 vocamur
2698 1819 2891 1885 Israel,
2936 1830 3230 1873 cernentes
3267 1820 3455 1883 Deum,
3486 1828 3541 1873 et
3587 1833 3753 1871 voca-

437 1930 752 1983 ntagnarntn
804 1915 1013 1975 alarum
1046 1914 1464 1983 plumarumquo
1492 1923 1549 1969 et
1579 1916 1876 1983 unguium,
1908 1930 2034 1983 quae

438 2009 603 2063 habet
651 2010 870 2063 ductum
935 2009 1172 2063 intrandi
1226 2009 1278 2063 in
1334 2008 1625 2075 Libanum,
1674 2007 1777 2063 hoc
1817 2017 1925 2074 est,
1980 2008 2033 2061 in

437 2104 701 2173 templum
745 2104 859 2159 Dei.
906 2102 1070 2158 quta
1104 2102 1420 2159 Zachariam
1452 2102 1799 2173 prophetam,
1844 2104 1896 2156 in
1926 2117 2037 2173 quo

436 2197 700 2267 scriptum
726 2207 809 2250 est
840 2214 853 2249 ι
889 2196 1066 2264 Aperi,
1102 2195 1319 2261 Libane,
1358 2206 1536 2268 portas
1562 2206 1698 2265 tuas,
1731 2206 1778 2250 et
1799 2195 2036 2249 comedat

436 2292 571 2361 ignis
609 2292 788 2343 cedrus
830 2301 947 2343 tuas
984 2289 1171 2361 (Zaclt.
1205 2306 1279 2354 XI,
1317 2288 1395 2359 I).
1444 2289 1557 2343 Hoc
1598 2298 1805 2356 autem,
1836 2306 1870 2341 υ
1910 2301 2039 2355 pro-

438 2388 624 2457 pheta,
656 2388 796 2456 quotl
829 2387 922 2441 tibi
952 2387 1074 2441 dico
1106 2397 1271 2456 atque
1300 2384 1596 2456 praecipio:
1627 2384 1691 2437 In
1717 2393 1922 2453 gutture
1948 2390 2039 2435 tuo

438 2481 503 2534 sit
529 2480 681 2544 tuba,
712 2488 771 2541 ut
812 2479 1122 2535 vocifet'cris
1157 2489 1209 2533 et
1236 2479 1420 2543 dicas,
1455 2478 1612 2548 quasi
1653 2476 1832 2546 aquila
1870 2490 2038 2544 super

437 2576 662 2628 domum
698 2576 945 2639 Domini,
1000 2590 1183 2644 regem
1227 2573 1417 2628 venire
1459 2569 1876 2636 Chaldmnrum,
1929 2586 2036 2623 non

438 2668 599 2721 a'iam
634 2667 702 2722 ob
729 2682 946 2720 causam
972 2666 1162 2735 jttheo,
1198 2666 1302 2720 nisi
1353 2664 1497 2734 quod
1532 2662 1859 2733 trans-gressi
1906 2658 2038 2716 sunt

440 2761 616 2815 foedus
667 2777 866 2829 meum,
921 2768 976 2814 et
1042 2775 1193 2814 meas
1251 2759 1611 2813 creretuonias
1670 2757 2035 2826 reliquerunt.

445 2852 602 2907 Unde
660 2861 906 2923 tempore
962 2852 1306 2907 necessitatis
1353 2860 1412 2905 et
1462 2852 1759 2919 angustias,
1822 2846 2040 2917 quando

443 2946 731 3015 captivitas
762 2947 1010 3010 venerit,
1044 2961 1129 3001 me
1177 2944 1507 2999 invocabant
1548 2952 1603 2998 et
1630 2943 1815 2998 dicent
1851 2959 1864 2996 :
1898 2939 2041 2998 Deus

442 3056 605 3106 metu,
656 3041 985 3110 cognorimus
1023 3048 1090 3105 te,
1154 3036 1322 3092 Israel
1338 3055 1357 3103 ί
1416 3054 1513 3092 nos
1559 3038 1651 3107 qui
1699 3037 2041 3107 appellamur

444 3133 641 3195 Israel.
697 3134 901 3192 scimus
954 3141 1005 3187 te
1066 3142 1229 3202 atque
1278 3132 1681 3202 cognoscimus,
1734 3140 1790 3187 et
1840 3146 2039 3189 nomen

2142 1929 2266 1967 tnur
2312 1912 2537 1969 nomine
2573 1911 2913 1967 Christiano.
2949 1911 3198 1979 Frustra,
3248 1913 3449 1982 inquit,
3498 1912 3617 1967 haec
3664 1911 3751 1964 [ι-

2142 2008 2315 2071 ciunt,
2345 2022 2473 2060 cum
2517 2007 2616 2075 ipsi
2646 2008 2751 2061 sibi
2794 2022 2955 2077 reges
2998 2008 3413 2072 constituerint,
3459 2018 3512 2061 et
3548 2018 3751 2061 contra

2145 2118 2321 2158 meam
2356 2103 2583 2158 fecerint
2612 2103 2967 2165 voluntatem,
2998 2112 3053 2157 et
3079 2104 3358 2173 print-ipes
3388 2103 3623 2158 habeant
3654 2104 3755 2157 ad-

2145 2199 2420 2254 versat-ins
2452 2213 2627 2263 meos,
2656 2213 2795 2269 quos
2825 2214 2929 2267 ego
2956 2201 3167 2260 nescio.
3204 2200 3328 2268 quia
3360 2199 3470 2253 mei
3492 2176 3752 2254 notitia";

2148 2310 2254 2347 non
2295 2302 2600 2349 merentur.
2634 2295 2934 2363 Argentum
2968 2309 3189 2365 quoque
3220 2310 3415 2362 suum,
3448 2304 3501 2349 et
3528 2308 3747 2355 aurum,

2146 2396 2193 2441 ct
2227 2386 2496 2457 quidquid
2546 2386 2748 2441 habere
2790 2394 3045 2455 poterant
3081 2388 3431 2455 naturaliter,
3460 2402 3754 2442 sermones

2146 2500 2207 2535 ac
2232 2496 2426 2537 sensus
2450 2490 2728 2536 verterunt
2755 2483 2805 2535 itt
2833 2481 2998 2545 idola,
3025 2499 3147 2552 qua!
3173 2482 3241 2537 de
3262 2498 3365 2536 suo
3385 2484 3555 2537 c0rde
3576 2482 3750 2538 tinxe-

2148 2586 2302 2631 rttul:
2332 2585 2389 2629 et
2418 2585 2718 2641 verterunt,
2744 2584 2927 2630 nonut
2947 2574 3265 2639 interirent;
3302 2578 3394 2631 sed
3408 2577 3540 2647 quia
3567 2586 3752 2631 verte-

2144 2679 2294 2731 runt,
2325 2669 2448 2723 ideo
2472 2670 2825 2723 interierunt.
2854 2668 3199 2736 Nequeenitn
3224 2671 3325 2725 hac
3348 2672 3563 2725 ratione
3595 2669 3747 2725 fece—

2145 2773 2293 2825 runt,
2317 2771 2372 2814 ut
2389 2761 2659 2829 perirent;
2688 2760 2779 2814 sed
2795 2761 2919 2830 quia
2934 2761 3173 2814 fecerunt
3188 2804 3202 2824 ,
3218 2762 3421 2815 idcirco
3441 2762 3747 2829 perierunt.

2217 2853 2399 2926 (Vers.
2434 2855 2489 2917 5,
2521 2853 2613 2922 6.)
2650 2852 2923 2925 Projectus
2962 2865 3035 2907 est
3064 2854 3254 2907 vitulus
3286 2863 3402 2907 tuus
3430 2896 3441 2908 .
3474 2854 3747 2909 Samaria.

2148 2947 2327 3001 Iratus
2351 2958 2424 3001 est
2454 2948 2604 3016 [uror
2634 2964 2777 3002 uirus
2800 2948 2854 3001 in
2878 2956 2902 2984 "
2934 2951 3007 3000 eis
3040 2963 3057 2998 :
3089 2964 3353 3015 urqnequo
3374 2964 3477 3001 non
3500 2957 3750 3018 poterunt

2145 3043 2455 3100 emundari?
2495 3044 2619 3111 quia
2666 3059 2730 3097 ea:
2776 3042 2950 3097 Israel
2995 3052 3042 3096 et
3071 3044 3182 3110 ipse
3222 3054 3299 3097 est
3340 3060 3358 3098 :
3394 3045 3588 3115 artifex
3628 3047 3750 3117 {erit

2146 3135 2301 3203 illud,
2338 3145 2385 3189 et
2428 3152 2531 3189 non
2574 3145 2649 3190 est
2687 3135 2863 3189 Deus:
2899 3137 3146 3206 quoniam
3184 3138 3241 3190 in
3272 3153 3581 3191 aranearum
3619 3141 3753 3193 telas

441 3228 634 3294 lit-oh,
669 3231 759 3295 qui
789 3229 885 3283 tibi
931 3227 1151 3296 placuit,
1196 3240 1478 3284 servamus
1498 3226 1805 3295 antiquum,
1860 3235 1918 3281 ut
1954 3225 2039 3281 di-
2070 3223 2117 3286 C
2148 3230 2243 3283 erit
2285 3228 2475 3282 vitulus
2524 3228 2802 3281 Samariw.
2850 3227 3029 3282 LXX:
3064 3226 3280 3300 Projice
3312 3230 3535 3284 titulum
3578 3241 3750 3301 tuum,

444 3338 633 3377 cantur
668 3322 853 3377 Israel.
884 3321 1095 3389 Quibus
1124 3320 1413 3390 respondit
1443 3320 1733 3375 Dominus:
1756 3319 2047 3387 Quomodo

448 3416 720 3473 \(lcalllilli
766 3415 967 3480 Israel.
1002 3430 1125 3473 cum
1160 3414 1323 3472 Israel
1379 3415 1674 3483 projeccrit
1707 3414 1908 3470 bonum
1934 3457 1949 3481 ,
1992 3414 2045 3472 id

446 3522 565 3578 est,
607 3511 901 3569 Dominum
956 3511 1125 3566 Deum
1168 3524 1349 3576 suun),
1399 3525 1427 3563 a
1458 3525 1567 3580 quo
1617 3511 1926 3579 appellatus
1963 3519 2051 3566 est

446 3605 653 3661 Israel?
687 3604 895 3661 Idcirco
916 3603 1041 3674 quia
1067 3602 1236 3659 Israel
1262 3602 1498 3673 projecit
1518 3603 1743 3668 bonum,
1771 3603 2048 3666 inimicus.

450 3704 550 3754 hoc
578 3709 681 3763 est,
724 3698 980 3769 Assyrius
1011 3707 1371 3768 peraequetur
1409 3710 1556 3761 eum,
1613 3705 1773 3765 atque
1801 3708 2054 3763 compre-

453 3794 655 3850 hendet
686 3810 698 3848 :
722 3791 838 3863 qui,
864 3807 948 3848 me
980 3807 1108 3862 rege
1132 3791 1379 3856 deserto,
1410 3792 1683 3860 petierunt
1711 3789 1813 3845 sibi
1842 3804 2052 3859 regem,

453 3887 593 3941 sicut
629 3896 683 3939 et
711 3895 904 3955 gentes
934 3884 1180 3954 reliqua,
1211 3893 1266 3939 et
1298 3884 1549 3939 fecerunt
1586 3892 1774 3939 contra
1807 3884 2055 3937 voluntas

457 3988 564 4031 tem
598 3976 691 4033 Dei
722 3974 831 4047 [ΑΙ.
869 3973 1092 4047 meam].
1120 3975 1370 4046 Denique
1398 3975 1616 4035 Samuel
1657 3974 1781 4031 ideo
1810 3973 1890 4031 cis
1915 3974 2054 4031 dura

455 4070 601 4140 regis
630 4070 854 4137 exponit
892 4069 1143 4139 imperia,
1177 4079 1233 4125 et
1257 4068 1403 4125 ﬁlios
1430 4084 1622 4124 eorum
1656 4084 1717 4123 ac
1744 4068 1882 4125 tilias
1920 4068 2057 4124 dicit

452 4164 672 4233 regibus
692 4162 1014 4229 servitura,
1041 4171 1099 4216 ut
1122 4161 1191 4216 ad
1220 4161 1507 4216 Dominum
1535 4175 1719 4230 regem
1740 4160 2058 4216 clementis-

456 4257 656 4311 simum
696 4263 1090 4311 convertantur
1114 4253 1161 4324 (l
1211 4252 1343 4324 Reg.
1376 4253 1526 4322 sint)
1554 4268 1569 4319 ;
1598 4252 1694 4309 sed
1733 4252 1811 4309 illi
1851 4253 2060 4323 absque

459 4348 739 4409 voluntate
767 4348 860 4407 Dei
894 4345 1170 4417 principes
1195 4348 1548 4402 exstiterunt.
1579 4346 1646 4402 Et
1666 4361 1774 4404 non
1796 4346 1878 4405 eis
1898 4345 2063 4403 suile-

457 4445 529 4502 cit
565 4445 673 4501 hoc
704 4445 907 4510 scelus,
955 4443 1058 4502 nisi
1099 4443 1292 4516 majori
1337 4442 1615 4512 impietate
1642 4442 1853 4501 [acinus
1881 4442 2062 4514 dupli~

459 4550 671 4606 carent,
696 4550 755 4597 ut
777 4549 1063 4612 argentum
1090 4555 1246 4596 suum
1266 4547 1323 4596 et
1342 4553 1534 4594 aurum
1563 4538 1706 4609 quod
1736 4547 2062 4609 acceperant

2154 3322 2399 3378 Samaria
2429 3336 2447 3375 :
2477 3324 2765 3375 concitatus
2786 3331 2861 3375 est
2890 3323 3039 3392 {uror
3060 3339 3203 3376 metis
3226 3340 3381 3394 super
3410 3340 3495 3378 eos
3522 3343 3538 3378 ς
3564 3343 3756 3397 ttsque~

2150 3431 2251 3486 quo
2294 3431 2397 3467 non
2435 3424 2679 3485 poterunt
2709 3414 2981 3468 eumndari
3014 3416 3065 3469 in
3113 3414 3325 3471 Israel?
3353 3430 3398 3472 et
3431 3419 3529 3472 hoc
3558 3423 3759 3490 artifex

2153 3509 2298 3578 fecit,
2326 3517 2376 3561 et
2402 3524 2506 3560 non
2535 3516 2609 3561 est
2631 3505 2773 3560 Deus
2804 3525 2822 3561 :
2842 3509 2964 3579 quia
2982 3508 3229 3569 “ducens
3258 3520 3366 3564 erat
3386 3512 3580 3565 vitulus
3616 3525 3755 3581 tuna,

2156 3602 2423 3657 Samaria.
2468 3601 2522 3655 In
2557 3616 2623 3653 eo
2652 3601 2774 3654 loco
2798 3641 2812 3665 ,
2855 3601 2909 3655 in
2936 3615 3048 3671 quo
3077 3618 3179 3657 nos
3208 3605 3488 3672 posuimus
3530 3623 3763 3660 aranea-

2153 3714 2269 3752 rum
2291 3699 2439 3762 telas,
2472 3698 2523 3751 in
2557 3697 2827 3751 IIebraico
2854 3698 3118 3768 scriptum
3140 3706 3227 3753 est
3247 3714 3469 3755 BABABII
3489 3702 3755 3771 (tamur),

2157 3806 2253 3860 per
2285 3805 2373 3845 IOD
2412 3788 2655 3844 litteram
2690 3789 3046 3860 penultimatn
3085 3807 3098 3841 :
3131 3806 3238 3845 non
3268 3800 3326 3845 ut
3354 3792 3571 3861 quidam
3611 3791 3759 3847 falso

2160 3893 2369 3952 putant,
2405 3898 2642 3938 SABABUI
2683 3882 2948 3953 (manta),
2984 3882 3034 3938 id
3064 3892 3167 3947 est,
3204 3899 3301 3951 per
3327 3900 3452 3949 van,
3479 3884 3624 3954 quod
3654 3883 3765 3939 Se...

2161 3979 2445 4049 ptuaginta
2471 3987 2527 4033 et
2550 3976 2898 4033 Theodotion
2926 4018 2940 4041 ,
2977 3980 3178 4034 πλανῶν
3206 3978 3555 4046 interpretati
3587 3989 3715 4034 sunt
3746 4022 3762 4045 ,

2162 4072 2211 4127 id
2245 4082 2348 4139 est,
2380 4071 2655 4137 reducens,
2686 4081 2848 4141 atque
2871 4072 3133 4143 decipiens
3164 4086 3180 4124 :
3208 4072 3404 4142 Aquila
3438 4074 3760 4141 errantibus,

2161 4167 2275 4222 sive
2291 4168 2549 4222 conversis
2572 4182 2590 4219 :
2614 4166 2995 4238 Symmachus,
3024 4167 3348 4231 inconstans,
3374 4165 3456 4221 vel
3482 4166 3725 4221 instabile
3743 4208 3760 4234 ,

2164 4261 2215 4317 id
2259 4271 2362 4327 est,
2403 4264 2776 4318 ἁκαταστατῶν
2821 4259 2979 4333 εει.
3019 4260 3216 4327 Quinta
3244 4261 3437 4327 editio,
3473 4263 3761 4337 ῥεμϐεύων,

2162 4373 2323 4431 vagus
2345 4367 2399 4413 et
2421 4359 2705 4427 ﬂuctuans.
2730 4356 2840 4411 Nos
2863 4357 2933 4411 ab
2962 4355 3193 4411 Hebraeo
3220 4355 3513 4410 didicimus
3537 4371 3764 4411 suam!

2164 4450 2385 4521 proprie
2412 4450 2679 4504 nominari
2709 4465 3019 4504 aranearum
3044 4448 3135 4517 (ita
3163 4463 3259 4518 per
3292 4463 3473 4504 aerem
3497 4448 3762 4517 volantia,

2167 4559 2287 4613 quae
2319 4544 2447 4599 dum
2489 4544 2742 4599 videntur
2767 4545 3065 4611 intereunt,
3096 4552 3152 4597 et
3185 4544 3235 4597 in
3264 4552 3476 4597 atomos
3517 4553 3680 4613 atque
3711 4542 3765 4599 in

460 4633 528 4689 ad
581 4633 799 4689 divitias
847 4643 903 4689 ot
937 4644 1215 4696 ornatum,
1268 4631 1325 4687 in
1373 4630 1519 4686 idola
1565 4639 1860 4688 verterent.
1912 4631 2061 4704 Ergo
2090 4618 2140 4679 Π
2168 4635 2394 4691 nihilum
2427 4636 2827 4691 dissolvuntur.
2862 4634 2927 4690 Et
2956 4643 3102 4690 recte
3150 4633 3234 4689 his
3278 4634 3543 4691 Samarite
3564 4636 3769 4691 vitulus

461 4727 595 4785 Saul
627 4744 732 4783 non
762 4743 828 4784 ex
853 4729 1133 4784 voluntate
1161 4727 1277 4791 Dei,
1308 4725 1405 4783 sed
1432 4741 1499 4781 ex
1530 4726 1711 4797 populi
1745 4740 1935 4782 errore
1966 4740 2062 4782 rex

460 4820 638 4876 iactus
669 4833 773 4877 est.
825 4820 893 4877 Et
943 4820 1070 4892 quia
1117 4819 1362 4876 radicem
1408 4819 1628 4891 pietatis
1678 4835 1785 4875 non
1835 4819 2061 4888 habuit,

463 4919 646 4973 statim
690 4926 750 4973 ut
773 4930 1007 4987 regnare
1039 4914 1229 4986 cmpit,
1279 4914 1562 4985 impietate
1609 4929 1907 4970 succensus
1955 4926 2062 4970 est.

465 5012 655 5067 Potest
699 5013 803 5066 hoc
828 5009 974 5081 quod
1023 5009 1159 5065 dicit
1193 5027 1205 5063 :
1239 5008 1355 5081 Ipsi
1401 5018 1765 5081 regnaverunt,
1794 5021 1839 5063 et
1872 5025 1973 5063 non
2004 5025 2067 5065 ea:

466 5123 546 5161 utr
577 5123 593 5161 :
624 5107 884 5178 principes
924 5105 1255 5171 exstiterunt,
1289 5113 1337 5159 et
1367 5120 1470 5159 non
1517 5104 1767 5175 cognovit.
1798 5103 1963 5158 etiam
1994 5102 2064 5158 de

463 5201 756 5256 Jerohoam
782 5199 953 5269 accipi
987 5197 1098 5253 lilio
1123 5196 1359 5261 Nahath,
1385 5206 1438 5252 et
1467 5198 1535 5253 de
1559 5197 1774 5253 caeteris
1804 5196 2065 5267 principi-

468 5293 591 5358 bus,
614 5293 707 5362 qui
732 5292 782 5347 cl
811 5289 865 5346 in
890 5291 1119 5360 imperio
1140 5301 1545 5345 successerunt.
1568 5288 1681 5345 Nec
1706 5288 1911 5357 statim,
1937 5289 2064 5359 quia

472 5386 614 5439 Deus
663 5381 947 5440 Salomoni
998 5382 1199 5449 Iratus,
1234 5396 1463 5453 regnum
1493 5381 1612 5452 ejus
1641 5380 1807 5436 dividi
1853 5382 2065 5447 voluit,

470 5475 674 5531 idcirco
706 5474 872 5529 Israel
911 5475 1051 5530 bene
1096 5473 1339 5547 suscepit
1379 5489 1585 5546 regem.
1621 5473 1894 5529 Debuerat
1922 5475 2069 5530 cnim

465 5568 616 5637 juxta
649 5568 783 5637 legis
811 5577 1084 5639 praecepta
1111 5567 1452 5638 interrogare
1478 5566 1783 5632 Dominum,
1813 5585 1878 5623 nn
1906 5568 2073 5625 vellet

474 5662 575 5716 hoc
626 5660 764 5717 lleri.
818 5662 950 5716 Nam
1002 5661 1071 5717 de
1124 5661 1413 5719 Salvatore
1457 5661 1565 5735 83
1611 5661 1811 5717 dicitur
1864 5680 1875 5715 :
1924 5663 2069 5733 quod

2168 4741 2536 4803 comparatur,
2582 4746 2743 4802 quem
2773 4744 2841 4786 eo
2874 4742 3123 4799 tempore
3151 4745 3252 4799 pro
3300 4731 3461 4800 pretii
3495 4731 3771 4800 magnitu-

2167 4828 2317 4895 dine,
2349 4828 2475 4897 quia
2506 4840 2703 4881 aureus
2726 4834 2872 4890 erat,
2898 4826 3134 4896 p0pulus
3155 4825 3441 4881 adorabat.
3475 4826 3588 4881 Hoc
3619 4826 3769 4896 quod

2168 4935 2333 4990 supra
2362 4920 2580 4975 dixerat
2611 4937 2625 4973 :
2661 4920 2944 4989 Argentum
2971 4935 3127 4973 suum
3160 4928 3207 4973 et
3235 4935 3426 4973 aurum
3445 4934 3597 4973 suum
3629 4919 3773 4988 fece-

2170 5020 2295 5065 runt
2324 5012 2421 5066 sibi
2449 5012 2614 5079 idola,
2655 5020 2711 5064 ut
2753 5011 3024 5065 interirent
3047 5054 3060 5079 ,
3094 5025 3239 5065 nunc
3277 5011 3505 5081 exponit
3541 5010 3773 5067 manife-

2171 5106 2309 5161 stius
2341 5124 2354 5159 :
2388 5104 2661 5179 Projectus
2688 5116 2763 5159 est
2794 5106 2986 5158 vitulus
3018 5115 3160 5173 tuus,
3196 5104 3465 5173 Samaria,
3501 5106 3671 5161 iratus
3697 5113 3772 5161 eat

2172 5198 2322 5266 furor
2352 5212 2494 5251 meus
2517 5197 2568 5249 in
2596 5213 2681 5251 eos
2705 5213 2722 5249 :
2744 5196 2829 5251 vel
2852 5196 2902 5249 in
2931 5195 3155 5264 vitulos,
3177 5196 3299 5266 quia
3323 5196 3460 5252 duos
3489 5196 3771 5254 fecerant:

2172 5294 2261 5347 vel
2319 5293 2371 5347 iu
2419 5292 2683 5347 Samariae
2734 5290 3097 5356 habitatores,
3150 5292 3240 5360 qui
3296 5305 3391 5345 eos
3441 5291 3770 5348 adorabunt.

2176 5386 2345 5441 Porro
2368 5387 2510 5455 quod
2543 5387 2595 5440 in
2619 5383 2969 5456 Septuaginta
2994 5383 3226 5456 legimus
3258 5402 3272 5438 :
3312 5383 3524 5459 Projice
3550 5387 3776 5443 vitulum

2175 5490 2342 5547 tuum,
2394 5480 2661 5543 Samaria,
2712 5480 3035 5535 Cohortatur
3090 5479 3423 5536 habitatores
3471 5481 3611 5549 ejus,
3664 5497 3775 5536 non

2177 5574 2336 5628 unius
2362 5574 2511 5628 urbis
2528 5616 2542 5637 ,
2560 5573 2651 5629 sed
2678 5573 2919 5627 omnium
2942 5572 3132 5628 decent
3158 5573 3420 5637 tribuum,
3437 5590 3561 5643 qua;
3586 5576 3779 5644 appelc

2178 5668 2358 5723 lantur
2382 5668 2626 5724 Samaria
2652 5668 2917 5741 (alioquin
2962 5668 3013 5723 in
3046 5669 3183 5723 urbe
3208 5667 3454 5724 Samaria
3487 5669 3640 5723 vituli
3669 5687 3778 5727 non

543 5790 566 5815 η
600 5774 873 5852 Victorius
922 5794 987 5834 ex
1017 5776 1354 5852 Vulg._Edit.
1374 5778 1563 5849 juncta
1590 5777 1877 5852 IIebraico,
1930 5779 1983 5833 in
2009 5795 2119 5837 eos.
2155 5780 2312 5850 Item,
2354 5783 2543 5851 artifex
2570 5782 2689 5852 fecit
2728 5781 2913 5851 illum,
2944 5781 2995 5838 id
3037 5792 3144 5848 est,
3185 5780 3437 5851 vitulum,
3472 5781 3540 5837 de
3572 5797 3687 5852 quo
3720 5784 3779 5841 in

471 5848 797 5921 praecedenti
835 5848 1299 5905 mrmonefNulli
1334 5866 1463 5907 vero
1507 5865 1635 5906 mss.
1674 5849 2056 5921 sutiragantur.
