4150 6346
407 292 513 353 889

1253 292 1906 355 COMMENTARIORUM
1947 295 2017 351 IN
2054 291 2232 352 OSEE
2269 294 2405 352 LIB.
2450 296 2515 352 ll.
2557 294 2707 353 CAP.
2749 295 2843 355 IX.

3593 303 3700 361 890

405 413 589 470 dinem
623 412 895 486 ritumque
922 414 1262 483 simulantes,
1310 416 1428 472 sive
1477 416 1729 474 dederint
1753 417 1994 474 eleemo-
2024 426 2079 486 Α
2104 415 2362 484 munitas,
2396 432 2505 472 non
2531 416 2738 473 auxilio
2772 418 2890 486 Dei,
2923 418 3020 475 sed
3066 418 3263 477 artiﬁci
3314 420 3423 495 (Al.
3466 420 3708 493 artiﬁcis]

405 522 619 581 synam,
653 509 769 565 sive
794 507 1111 580 pudicitiam
1170 511 1579 580 repromittant,
1611 512 1728 567 sive
1772 512 1996 566 humili-

406 611 572 657 tatem
618 601 895 669 simulent,
928 601 1178 673 ﬁctisque
1206 603 1501 671 (blanditiis
1532 604 1813 675 simplices
1835 620 2000 675 quos-

403 710 510 768 que
539 694 832 767 decipiant,
888 695 1023 751 nihil
1053 696 1121 751 de
1151 696 1526 767 hujuscemodi
1553 697 1838 754 sacriﬁciis
1888 698 1966 752 Do

406 792 588 849 minus
614 793 898 866 suscipiet.

477 895 651 969 (Vers.
688 897 777 963 15,
807 897 920 968 14.)
944 896 1097 953 Nunc
1118 896 1473 952 recordabitur
1490 896 1783 969 iniquitates
1814 895 1997 970 [ναις.

403 1004 716 1076 iniquitatis]
747 1019 946 1071 eorum,
976 1012 1022 1057 et
1054 1002 1276 1058 visitabit
1321 1012 1530 1073 peccata
1563 1017 1781 1057 eorum:
1807 1002 1911 1073 ipsi
1944 1002 1999 1055 in

404 1104 584 1178 [Vulg.
618 1102 710 1175 ad]
742 1102 1035 1175 [Egyptum
1062 1115 1444 1173 convertentur,
1487 1116 1534 1160 et
1574 1104 1761 1158 oblitus
1802 1116 1878 1158 est
1915 1100 1999 1157 Is-

404 1208 514 1261 rael
539 1207 749 1277 factoris
770 1207 871 1272 sui,
906 1216 955 1262 et
982 1207 1262 1277 wdiﬁcavit
1291 1207 1528 1277 delubra,
1562 1219 1608 1263 et
1642 1206 1813 1263 Judas
1857 1209 1994 1262 mul-

404 1310 658 1381 tiplicavit
686 1308 836 1363 urbes
876 1312 1127 1377 munitas,
1155 1319 1204 1364 et
1244 1312 1446 1364 mittam
1484 1312 1659 1383 ignem
1704 1312 1759 1365 in
1790 1311 2000 1365 civitate

401 1412 533 1484 ejus,
567 1419 615 1464 et
644 1409 905 1464 devoravit
933 1411 1066 1464 (edes
1094 1411 1257 1466 illius.
1293 1409 1470 1466 LXX:
1506 1409 1558 1464 Ν
1568 1428 1665 1465 unc
1706 1411 1998 1465 recordatu-

399 1522 483 1567 tur
510 1514 802 1583 iniquitates
835 1530 1033 1579 eorum,
1066 1523 1113 1567 et
1148 1514 1422 1568 ulciscetur
1462 1515 1747 1587 injustitias
1780 1532 1959 1570 eorum
1977 1532 1997 1571 :

396 1617 497 1687 ipsi
524 1616 891 1688 in.-Egyptum
917 1616 1146 1671 conversi
1193 1628 1335 1685 sunt,
1380 1626 1424 1670 et
1471 1616 1659 1673 oblitus
1705 1627 1777 1673 est
1826 1617 1998 1673 Israel

396 1734 511 1773 eum
537 1719 624 1788 qui
652 1718 771 1789 fecit
798 1718 968 1786 illum,
997 1726 1042 1773 et
1066 1718 1457 1789 wdiﬁcaveruut
1483 1719 1719 1788 delubra,
1748 1732 1794 1776 et
1824 1719 1994 1776 ludas

2103 510 2388 566 mendacio
2420 528 2433 565 :
2462 526 2600 583 quas
2630 512 2891 569 Dominus
2919 514 3047 584 igne
3090 516 3172 570 sui
3217 516 3441 587 Spiritus
3481 530 3711 573 succen-

2099 617 2290 657 surum
2321 618 2443 658 esse
2472 619 2531 659 se
2562 603 2710 669 dicit,
2748 616 2802 660 ct
2843 605 3233 663 devoraturum
3274 606 3303 647 δ
3345 610 3521 686 βάρεις
3566 608 3708 680 ejus,

2100 695 2151 751 id
2183 704 2283 760 est,
2321 712 2543 767 magnas
2573 707 2625 753 et
2657 697 2709 752 in
2745 699 2965 754 modum
3018 701 3246 757 turrium
3285 702 3581 759 adiﬁcatas
3610 702 3711 760 do-

2101 807 2256 846 mos:
2292 800 2348 847 et
2372 792 2722 850 fundamenta
2755 794 2899 850 male
2944 796 3120 866 posita
3162 798 3583 868 subversurnm,
3640 814 3708 855 ne

2101 886 2312 955 possint
2343 886 2606 959 sacrirega
2634 897 2824 943 contra
2862 888 3034 944 Deum
3088 889 3314 948 delubra
3362 902 3706 950 construere.

2099 978 2326 1045 Quidam
2358 982 2521 1036 urbes
2552 998 2578 1035 a
2609 981 2744 1037 Judu
2771 983 3011 1038 munitas
3034 984 3086 1038 in
3109 984 3306 1042 bonam
3332 997 3540 1057 partem
3562 987 3712 1044 acci-

2100 1074 2274 1143 piunt,
2310 1085 2362 1130 et
2388 1075 2520 1131 illud
2550 1078 2695 1148 quod
2726 1079 2853 1133 buic
2878 1079 3062 1134 sensui
3095 1082 3434 1137 contrarium
3481 1081 3706 1138 videba-

2102 1181 2187 1225 tur
2217 1188 2231 1224 :
2263 1171 2532 1226 immittam
2564 1174 2736 1243 ignem
2793 1174 2845 1228 in
2891 1176 3125 1230 civitates
3176 1177 3311 1243 eius,
3353 1186 3400 1231 et
3449 1177 3710 1233 devorabit

2099 1267 2234 1322 mdes
2264 1267 2431 1335 illius,
2466 1267 2537 1322 ita
2571 1277 2880 1339 temperare
2911 1270 3181 1337 nituntur,
3207 1282 3265 1325 ut
3293 1280 3581 1342 postquam
3608 1286 3706 1327 ve-

2101 1363 2243 1441 nerit
2270 1362 2413 1433 quod
2448 1362 2745 1432 perfectum
2773 1375 2880 1427 est,
2911 1365 2961 1419 id
3006 1366 3147 1435 quod
3177 1381 3247 1422 ex
3273 1375 3428 1436 parte
3455 1377 3561 1434 est,
3602 1365 3699 1421 de—

2103 1438 2364 1511 struatur.
2394 1456 2548 1523 Quod
2573 1457 2725 1527 juxta
2755 1456 2897 1512 LXX
2922 1458 3252 1528 interpretes
3280 1458 3534 1529 legimus,
3558 1464 3612 1524 έ-
3650 1468 3697 1511 et

2099 1550 2153 1604 in
2196 1550 2423 1621 Assyriis
2468 1551 2737 1605 immunda
2783 1551 3141 1618 comederunt,
3189 1551 3246 1607 iu
3286 1551 3553 1608 Hebraico
3595 1566 3703 1607 non

2101 1647 2352 1717 habetur,
2388 1658 2440 1703 ct
2469 1648 2675 1704 ideirco
2704 1649 2864 1705 obelo
2894 1650 3305 1719 praanotandnm
3353 1659 3456 1706 est.
3501 1650 3707 1705 Possu-

2101 1758 2220 1797 mus
2249 1752 2428 1797 autem
2457 1743 2563 1815 91
2595 1743 2802 1810 dicere,
2835 1743 2977 1814 quod
3006 1742 3381 1800 desiderantes
3406 1742 3700 1815 IEgyptum

399 1824 765 1895 multiplicavit
794 1824 945 1879 urbes
977 1826 1203 1881 munitas
1232 1825 1341 1898 [AL
1368 1827 1645 1900 muratae],
1680 1839 1728 1882 et
1765 1830 1997 1885 emittam
2028 1831 2076 1891 B
2104 1837 2385 1907 Israelita},
2420 1836 2564 1908 capti
2591 1837 2660 1893 ab
2692 1838 2954 1910 Assyriis,
2987 1837 3069 1893 ibi
3119 1837 3395 1893 immunda
3445 1837 3702 1894 comede-

397 1917 564 1988 ignem
596 1920 648 1973 in
677 1920 911 1975 civitates
941 1922 1075 1992 ejus,
1108 1931 1153 1976 et
1181 1921 1443 1977 devoravit
1474 1924 1817 1995 fundamenta
1854 1928 1990 1997 ejus.

394 2007 541 2067 Inter
567 2014 796 2087 ἀνομίαν,
828 2012 881 2068 id
920 2024 1026 2081 est,
1068 2015 1416 2086 iniquitatem,
1461 2025 1509 2070 et
1549 2026 1839 2087 peccatum,
1886 2016 1993 2073 hoc

394 2104 641 2173 interest,
674 2107 818 2178 quod
848 2106 1110 2179 iniquitas
1136 2120 1262 2163 ante
1289 2109 1487 2181 legem,
1538 2121 1822 2183 peccatum
1870 2123 1994 2184 post

391 2197 570 2270 legem
599 2211 702 2269 est,
735 2210 790 2257 et
815 2202 908 2273 qui
940 2212 1265 2274 permanent
1295 2205 1347 2260 in
1395 2204 1636 2270 delictis,
1678 2207 1994 2279 iniquitates

392 2310 580 2351 eorum
615 2295 877 2351 Dominus
905 2296 1304 2365 recordabitur,
1332 2316 1465 2370 quas
1488 2311 1617 2357 ante
1642 2301 1815 2373 legem
1846 2319 1994 2359 com-

393 2387 694 2444 miserant:
733 2400 1080 2459 peccatorum
1111 2405 1292 2448 autem
1326 2409 1431 2450 non
1464 2396 1865 2465 recordabitur,
1893 2398 1991 2453 sed

392 2484 553 2541 faciet
580 2487 864 2543 ultionem.
899 2486 1027 2544 Ideo
1054 2500 1233 2546 autem
1269 2500 1323 2546 et
1355 2500 1601 2547 veterum
1645 2492 1988 2565 iniquitatem

392 2580 793 2647 recordabitur,
826 2592 882 2637 et
908 2594 1128 2653 peccata
1160 2584 1387 2655 pristina
1439 2585 1712 2642 visitabit:
1768 2588 1891 2658 quia
1937 2588 1988 2642 in

394 2675 693 2748 Egyptum
721 2687 848 2733 sunt
879 2679 1110 2742 reversi,
1145 2678 1227 2735 vel
1259 2680 1458 2735 auxilia
1490 2680 1854 2751 postulantes,
1907 2682 1990 2736 vel

392 2770 615 2825 eosdem
644 2771 890 2827 colentes
924 2770 1077 2840 deos,
1112 2771 1166 2826 in
1210 2771 1403 2842 quibus
1444 2774 1596 2844 prius
1642 2784 1991 2841 erraverunt,

395 2861 514 2921 ἅπιν
537 2872 595 2921 et
619 2874 813 2939 μνεῡιν.
842 2867 1057 2923 Oblitus
1084 2876 1168 2924 est
1196 2867 1341 2923 enim
1368 2868 1533 2925 Israel
1558 2869 1782 2925 factoris
1802 2871 1909 2937 sui,
1937 2879 1993 2926 et

394 2958 677 3014 mdtﬁcavit
708 2959 938 3015 delubra
970 2961 1022 3016 in
1054 2963 1308 3030 excelsis,
1343 2972 1485 3019 totos
1512 2963 1683 3020 colles
1727 2975 1781 3020 et
1836 2980 1990 3020 mon-

396 3062 497 3118 tes,
530 3066 583 3109 et
612 3053 899 3109 umbrosas
928 3055 1174 3123 arbores,
1208 3056 1334 3111 Baal
1364 3066 1419 3113 et
1448 3058 1731 3127 Astaroth,
1778 3069 1833 3115 et
1881 3060 1993 3132 90

395 3145 515 3200 aliis
549 3145 713 3201 idolis
739 3160 1092 3204 censecrans.
1122 3148 1291 3205 .lndas
1317 3165 1533 3221 quoque
1562 3151 1873 3223 intelligens
1909 3153 1987 3208 ls-

2099 1932 2231 1999 rint,
2258 1932 2410 2002 juxta
2453 1930 2826 1998 Ezechielem,
2858 1935 2946 2003 qui
2978 1947 3077 1988 eos
3124 1931 3175 1987 in
3225 1929 3483 1987 Chaldaeo
3530 1929 3705 1987 idolo-

2099 2023 2248 2097 tltyta
2281 2025 2589 2081 comedisse
2627 2024 2888 2082 describit
2939 2024 3156 2096 (Ezech.
3216 2025 3341 2096 tv):
3387 2034 3438 2081 et
3489 2024 3541 2079 in
3589 2033 3706 2080 tan-

2098 2126 2208 2173 tum
2244 2118 2507 2175 idolorum
2536 2120 2745 2192 polluta
2773 2117 3047 2188 sordibus,
3088 2128 3148 2174 ut
3192 2118 3433 2175 humano
3473 2119 3705 2176 stercori

2096 2223 2500 2283 comparentur.
2553 2213 2800 2268 lla-retici
2849 2227 3087 2284 quoque,
3146 2228 3396 2291 quorum.
3429 2213 3707 2284 principes

2094 2317 2220 2363 sunt
2235 2307 2539 2382 Assyrii(de
2553 2307 2747 2378 quibus
2762 2308 2953 2363 crebro
2967 2306 3546 2378 diximus),comedunt
3560 2306 3703 2375 apud

2096 2416 2191 2456 eos
2243 2400 2539 2465 immunda,
2592 2401 2720 2456 dum
2771 2401 2986 2456 illorum
3029 2401 3284 2457 sordibus
3326 2401 3699 2467 tnquinantur.

2168 2494 2321 2565 (Cap.
2346 2494 2678 2550 lX.—Vers.
2702 2496 2753 2557 i,
2774 2493 2858 2566 2.)
2881 2492 3008 2549 Noli
3036 2494 3223 2563 lwtari,
3248 2492 3452 2548 Israel:
3477 2493 3585 2547 noli
3612 2509 3700 2547 ex-

2094 2590 2288 2643 sultare
2307 2588 2441 2642 sicut
2465 2588 2680 2657 populi:
2706 2589 2824 2660 quia
2847 2589 3138 2660 fornicatus
3164 2605 3217 2642 es
3240 2604 3271 2641 a
3292 2586 3406 2641 Deo
3429 2595 3551 2641 tuo:
3572 2584 3704 2639 dile-

2092 2684 2215 2739 xisti
2232 2683 2515 2738 mercedem
2531 2700 2686 2752 super
2699 2700 2723 2736 ο
2733 2698 2872 2736 mnes
2888 2698 3037 2736 areas
3050 2682 3230 2736 tritici.
3248 2683 3382 2736 Area
3396 2689 3443 2735 et
3470 2680 3704 2734 torcular

2092 2798 2196 2836 non
2213 2789 2381 2850 pascet
2404 2796 2510 2844 eos,
2533 2789 2581 2834 et
2604 2779 2775 2832 rinnm
2798 2778 3075 2832 mentietur
3091 2778 3183 2831 eis.
3206 2775 3386 2831 LXX:
3413 2774 3541 2831 Noli
3572 2791 3701 2847 gauo

2093 2876 2236 2945 dere,
2270 2876 2460 2943 Israel,
2493 2884 2539 2929 et
2569 2875 2678 2929 noli
2712 2874 2879 2929 ltetari
2903 2875 3034 2927 sicut
3062 2872 3245 2946 pepuli
3273 2888 3292 2927 :
3322 2874 3446 2943 quia
3470 2872 3701 2943 fornica-

2094 2980 2174 3025 tus
2202 2986 2256 3023 es
2295 2988 2327 3023 a
2349 2966 2461 3022 Deo
2484 2978 2569 3022 tuo
2594 2985 2612 3022 :
2640 2966 2871 3022 dilexisti
2897 2981 3113 3019 munera
3134 2982 3289 3037 super
3306 2981 3509 3019 omnem
3525 2980 3702 3018 aream

2093 3065 2267 3121 tritici.
2294 3066 2429 3121 Area
2449 3075 2497 3119 et
2520 3062 2749 3119 torcular
2768 3079 2869 3117 non
2892 3062 3129 3132 cognovit
3153 3078 3259 3131 eos,
3279 3070 3327 3117 et
3352 3064 3527 3116 vinum
3556 3076 3701 3115 men-

2094 3159 2245 3212 titum
2281 3142 2358 3213 ait
2398 3156 2523 3213 illis.
2559 3156 2663 3225 Qui
2693 3172 2721 3211 a
2756 3157 2863 3211 Deo
2894 3163 3261 3221 recesserunt,
3293 3170 3417 3210 cum
3468 3155 3521 3209 in
3574 3169 3700 3225 pro-

391 3238 594 3295 raelem
627 3239 694 3295 de
721 3240 814 3295 Dei
846 3257 1031 3296 amore
1064 3244 1379 3309 recessisse,
1415 3256 1467 3300 et
1528 3245 1743 3301 visitata
1795 3262 1984 3301 eorum
2013 3229 2057 3291 (ἶ
2092 3249 2321 3306 fundum
2353 3251 2603 3307 venerint
2634 3259 3000 3319 peccatorum,
3031 3256 3086 3302 et
3110 3248 3525 3317 desperaverim
3554 3247 3697 3303 salu-

394 3340 610 3402 peccata
642 3348 784 3402 esse,
814 3350 921 3389 non
952 3344 1035 3392 est
1072 3351 1371 3392 conversus
1416 3338 1481 3392 ad
1534 3339 1845 3408 Dominum,
1889 3341 1985 3395 sed

393 3425 445 3483 in
474 3428 686 3483 urbium
710 3429 1012 3486 munitione
1043 3434 1284 3487 conlisus
1307 3440 1389 3488 est
1407 3476 1421 3500 ,
1444 3448 1580 3504 quas
1609 3434 1872 3490 Dominus
1890 3434 1988 3490 de-

391 3529 860 3578 structurumesse
889 3539 948 3578 se
976 3524 1139 3589 dicit,
1165 3534 1259 3579 "et
1291 3540 1462 3595 usque
1484 3526 1551 3581 ad
1576 3525 1985 3582 fundamentum

391 3613 534 3670 illius
564 3627 907 3673 voraturum.
936 3615 1120 3685 Illius,
1157 3619 1298 3674 haud
1332 3620 1582 3687 dubium,
1633 3622 1765 3692 quin
1790 3621 1984 3677 ludam

394 3705 505 3780 [ΑΙ.
536 3707 698 3781 Iuda}
729 3710 999 3781 significet
1028 3732 1041 3766 :
1077 3713 1199 3768 licet
1230 3713 1447 3782 quidam
1497 3715 1847 3770 fundamenta
1897 3733 1986 3769 ea-

390 3816 527 3870 rum,
560 3803 611 3859 id
642 3812 743 3872 est,
779 3806 994 3860 urbium
1029 3821 1126 3877 pro
1152 3805 1297 3861 illius
1328 3808 1527 3878 legant.
1553 3807 1866 3863 Secundum
1893 3825 1989 3863 au-

391 3901 502 3950 tem
528 3911 808 3967 anagogen
836 3897 1175 3967 iniquitates,
1212 3899 1263 3953 id
1296 3911 1400 3969 est,
1451 3902 1658 3973 ἀνομίαι
1705 3909 1759 3956 et
1800 3900 1988 3959 ἀδικίαι

392 3999 677 4060 vocantur,
726 4006 860 4062 quas
906 4004 1033 4049 ante
1082 3993 1415 4063 baptismum
1466 3996 1864 4061 commisimus,
1934 4004 1991 4051 et

391 4102 511 4157 quae
544 4087 705 4144 nobis
733 4089 791 4144 in
822 4089 1142 4160 baptismate
1169 4099 1296 4144 sunt
1323 4089 1563 4145 dimissa:
1590 4108 1603 4144 :
1652 4092 1988 4162 peccataZau—

393 4189 498 4236 tem
525 4198 647 4253 qute
677 4193 797 4253 post
827 4184 1152 4254 baptismum
1184 4186 1418 4255 egimus,
1460 4186 1529 4241 de
1573 4184 1771 4256 quibus
1822 4197 1877 4241 et
1933 4186 1985 4239 in

392 4275 601 4343 psalmo
648 4277 910 4347 scriptum
958 4288 1081 4333 est:
1134 4277 1279 4333 Beati
1326 4294 1548 4350 quorum
1597 4280 1827 4334 remissw
1867 4289 1989 4332 sunt

390 4367 712 4438 iniquitates,
742 4379 788 4424 et
814 4387 1034 4442 quorum
1064 4380 1195 4426 tecta
1235 4381 1355 4426 sunt
1396 4383 1604 4442 peccata
1645 4371 1766 4445 (Ps.
1807 4372 1985 4442 χχχι).

388 4462 523 4530 Qum
567 4465 749 4520 omnia
795 4465 1210 4537 imputabuntnr
1252 4467 1523 4523 hareticis
1575 4477 1631 4522 ut
1672 4477 1726 4522 ct
1777 4480 1990 4523 veteres

389 4556 727 4625 iniquitates,
761 4566 816 4613 et
846 4574 985 4612 nova
1009 4560 1089 4613 eis
1117 4568 1343 4629 peccata
1366 4560 1682 4615 reddantur.
1710 4560 1810 4629 Qui
1839 4560 1986 4616 enim

389 4649 459 4705 de
490 4648 728 4721 Egypto
755 4651 1002 4707 exierant
1028 4668 1125 4723 per
1156 4653 1559 4708 confessionem
1588 4654 1813 4713 Christi.
1864 4669 1987 4722 per-
2016 4632 2063 4690 D

390 4745 515 4801 ﬁdit
551 4746 603 4801 in
634 4746 930 4817 Egyptutu
974 4757 1099 4804 sunt
1145 4750 1375 4804 reversi.
1424 4747 1637 4803 Oblitus
1688 4756 1771 4801 est
1824 4748 1987 4802 Israel

391 4838 612 4895 factoris
643 4839 750 4907 sui,
783 4848 839 4895 et
863 4838 1127 4895 Creatore
1153 4850 1494 4911 contempto,
1526 4840 1692 4895 alium
1739 4841 1842 4894 sibi
1891 4839 1991 4893 ﬁu-

390 4932 472 4989 xit
503 4933 806 4989 dominum.
836 4933 1005 4989 Judas
1036 4949 1274 5007 quoque,
1308 4932 1361 4988 id
1393 4943 1498 5002 est,
1530 4932 1614 4989 vir
1645 4934 1991 4989 EcclesiaSti-

344 5086 347 5089 ,
390 5043 509 5096 cus,
545 5030 597 5084 iu
630 5029 787 5085 malis
817 5030 1102 5100 operibus,
1134 5028 1222 5084 vel
1252 5029 1307 5083 in
1336 5039 1650 5084 sanctarum
1682 5027 1994 5098 Scriptura-

393 5140 509 5180 rum
542 5126 1000 5198 interpretatione
1032 5139 1312 5195 perversa,
1345 5121 1639 5178 aediﬁcavit
1682 5121 1786 5177 sibi
1832 5120 1993 5177 urbes

466 5253 491 5280 α
518 5243 573 5298 ltt
616 5259 725 5297 uno
768 5244 963 5309 Palat.,
1008 5244 1391 5297 destructurum
1431 5256 1541 5296 esse
1576 5257 1629 5294 se
1662 5240 1797 5311 dicit
1835 5257 1996 5311 usque

391 5317 458 5370 ad
500 5318 891 5386 fundamentum
940 5316 1081 5370 illius
1120 5323 1423 5387 voralurnm
1452 5311 1607 5387 (vdes.
1645 5310 1804 5387 Illius
1848 5310 1995 5365 haud

390 5388 628 5456 dubiant,
658 5398 761 5442 etc.
796 5388 848 5441 In
874 5389 1070 5456 altero,
1097 5396 1143 5440 et
1171 5401 1330 5457 usque
1355 5386 1425 5439 ad
1464 5385 1799 5457 fundamenta
1840 5400 1993 5437 vora—

392 5470 582 5522 turttiu,
616 5470 722 5514 etc.

463 5530 491 5569 ι)
521 5530 803 5606 Ουηύιηα
822 5531 1091 5606 hactenus
1114 5530 1243 5586 editi
1270 5530 1514 5606 scribunt
1541 5531 1726 5606 βαρεῖς
1754 5546 1766 5582 :
1801 5539 1853 5583 et
1876 5528 1988 5606 jant

390 5618 498 5659 non
531 5620 745 5673 magnas
772 5604 973 5677 domas,
1000 5604 1091 5659 sed
1118 5619 1270 5677 grave
1300 5602 1426 5673 quid
1457 5602 1642 5677 notant
1665 5620 1678 5668 ;
1702 5618 1812 5677 _no_n
1844 5602 1988 5677 enim

390 5690 435 5751 ἒ
464 5676 650 5751 βαρὺς,
680 5676 794 5751 sed
846 5692 876 5730 a
924 5678 1073 5751 βάρς
1119 5674 1467 5751 vocabulum
1495 5675 1636 5730 istud
1683 5674 1987 5751 deducitur.

391 5745 653 5802 Erro'rem
680 5746 823 5803 hunc
852 5745 952 5802 nos
975 5745 1105 5803 alibi
1133 5748 1400 5816 cavimus,
1436 5746 1667 5802 docente
1709 5748 1826 5817 ipso
1868 5745 1992 5799 Ilie-

392 5833 627 5891 rpnymo
653 5823 813 5889 epist.
843 5821 911 5875 65
939 5821 1004 5872 ad
1033 5819 1361 5890 Principiam
1388 5835 1539 5873 num.
1568 5820 1631 5873 14
1656 5819 1721 5873 de
1742 5832 1820 5887 ps.
1841 5833 1990 5883 xuv,

393 5882 518 5949 tibi:
564 5882 779 5954 Pro-eo,
814 5892 1004 5961 inquit.
1031 5892 1167 5959 quod
1196 5882 1287 5943 nos
1316 5892 1691 5945 transtulimus,
1742 5882 1767 5940 ᾖ
1818 5882 1993 5943 domi!

2092 3356 2403 3409 temttant,
2436 3345 2689 3400 universa
2715 3353 3066 3398 contemnent
3094 3342 3281 3415 (Prov.
3315 3340 3496 3414 svnt).
3534 3341 3695 3397 Deni-

2091 3454 2197 3510 que
2227 3449 2280 3494 et
2306 3438 2474 3493 Israel
2503 3436 2766 3493 recedens
2794 3456 2821 3490 a
2870 3438 2988 3508 lege
3028 3437 3145 3505 Dei,
3198 3445 3253 3491 et
3296 3436 3486 3491 colens
3528 3435 3695 3501 idola,

2090 3547 2157 3588 ex
2193 3531 2378 3587 multis
2402 3532 2655 3602 gentibus
2682 3546 2842 3586 uuam
2874 3540 3087 3601 gentem
3117 3545 3241 3586 esse
3264 3546 3325 3586 se
3350 3529 3483 3586 dicit
3508 3548 3523 3584 :
3559 3544 3695 3601 gau-

2091 3624 2227 3679 dens
2255 3634 2309 3679 e:
2335 3623 2641 3694 gratulanS‘
2661 3622 2804 3693 quod
2833 3639 2863 3678 a
2892 3622 2990 3678 Dei
3032 3622 3224 3676 notitia
3273 3622 3595 3687 recesserit,
3644 3630 3698 3675 ct

2090 3719 2163 3773 sit
2188 3734 2322 3790 gens
2355 3719 2519 3773 mixta
2576 3733 2698 3773 cum
2731 3719 2969 3782 tta-teris,
3003 3727 3057 3773 et
3087 3727 3374 3787 propterea
3400 3730 3545 3772 nunc
3574 3730 3697 3771 cor-

2092 3812 2216 3883 ripit
2245 3828 2359 3879 eos,
2393 3823 2447 3869 et
2475 3813 2606 3867 dicit
2634 3830 2646 3866 :
2678 3811 2755 3867 Ne
2778 3811 3037 3882 gaudeas,
3069 3826 3137 3866 ne
3185 3810 3405 3875 laeteris,
3454 3824 3557 3865 nec
3600 3824 3700 3878 pu-

2093 3917 2174 3961 tes
2210 3916 2261 3961 te
2290 3906 2451 3961 talem
2484 3921 2628 3973 esse,
2663 3916 2719 3960 ut
2757 3916 2884 3960 sunt
2933 3913 3147 3959 caetera:
3197 3904 3467 3958 nationes.
3522 3902 3700 3957 Aliter

2092 3998 2236 4053 enim
2270 3999 2522 4054 nesciens
2555 3998 2747 4064 Deum,
2783 3997 2940 4053 aliter
2964 3996 3185 4066 punitur
3213 3995 3478 4050 recedens
3506 4008 3536 4048 a
3564 3993 3697 4060 Deo,

2093 4094 2216 4162 quia
2235 4108 2430 4148 servus
2444 4095 2533 4163 qui
2556 4094 2661 4147 scit
2680 4093 3014 4148 voluntatem
3032 4090 3237 4145 domini
3253 4089 3360 4157 sui,
3380 4098 3433 4144 et
3447 4104 3554 4143 non
3568 4086 3700 4143 facit

2093 4200 2236 4248 eam,
2253 4185 2528 4255 vapulabit
2544 4196 2563 4224 ε
2582 4185 2808 4239 multum
2826 4183 2975 4256 (Luc.
2994 4182 3114 4254 xu).
3136 4180 3442 4237 Mercedem
3456 4180 3698 4238 fornica-

2096 4276 2261 4331 tionis
2290 4286 2397 4330 tua:
2419 4292 2576 4332 arcas
2593 4276 2793 4331 multas
2814 4284 2866 4329 cl
2889 4285 2959 4330 to:
2977 4276 3186 4329 Cttltll‘ia
3212 4275 3494 4345 reputasti,
3528 4280 3589 4327 ut
3608 4287 3699 4327 re-

2093 4385 2210 4424 rum
2263 4371 2502 4424 omnium
2555 4368 2892 4424 abundantia
2941 4368 3239 4423 fruereris:
3296 4354 3423 4421 ideo
3471 4380 3601 4421 area
3648 4374 3705 4420 ct

2092 4462 2351 4526 torcular,
2384 4462 2623 4516 triticum
2654 4460 2952 4530 vinumque
2977 4474 3083 4512 non
3120 4457 3348 4522 facient,
3380 4466 3435 4512 et
3483 4456 3705 4512 mentie-

2096 4566 2181 4611 tur
2211 4559 2290 4611 eis
2319 4558 2583 4622 torcular,
2617 4555 2729 4611 sive
2761 4554 2984 4623 negabit
3030 4554 3214 4606 vinum
3256 4568 3441 4618 suum,
3487 4565 3597 4620 quo
3643 4568 3704 4606 se

2096 4650 2449 4706 inebriandos
2479 4649 2758 4719 putabant.
2804 4646 3060 4715 Legimus
3102 4644 3206 4700 sud
3251 4645 3403 4700 Acab
3448 4658 3579 4715 rege
3625 4643 3702 4698 Is-

2096 4746 2228 4810 rael,
2254 4752 2311 4799 et
2340 4743 2463 4798 Elia
2490 4742 2778 4814 propheta,
2806 4742 3001 4795 inritent
3036 4738 3411 4809 gravissimam
3446 4737 3614 4794 fuisse
3646 4736 3701 4792 in

2097 4837 2379 4896 Samaria:
2412 4838 2487 4891 ita
2521 4846 2578 4890 ut
2610 4846 2812 4891 matres
2865 4835 3104 4889 filiorum
3151 4847 3373 4887 suorum
3419 4831 3704 4888 cadaveri-

2098 4935 2198 4988 bus
2227 4942 2582 4988 vescerentur
2638 4930 2727 5002 (lll
2777 4930 2905 4999 Reg.
2949 4928 3048 4999 Vi).
3104 4928 3181 4983 Eo
3234 4938 3501 4997 tempore,
3551 4926 3703 4997 juxta

2098 5028 2353 5091 litteram,
2388 5041 2512 5081 area
2544 5033 2599 5080 et
2630 5023 2872 5080 torcular
2903 5038 3011 5078 non
3056 5021 3204 5091 pavit
3241 5036 3359 5087 eos,
3414 5029 3471 5076 et
3518 5018 3702 5074 vinum

2098 5121 2383 5177 tuentitum
2413 5130 2497 5175 est
2527 5119 2628 5185 eis,
2663 5126 2718 5173 et
2753 5118 2804 5172 itt
2836 5128 3083 5186 egestate
3135 5114 3446 5170 tabuernnt.
3499 5112 3708 5168 Dicitur

2102 5240 2204 5296 bus
2229 5238 2488 5293 eburneis
2506 5284 2519 5305 ,
2546 5241 2665 5299 quia
2697 5237 2750 5309 in
2778 5234 2959 5309 Graeco
2982 5233 3235 5309 scriptum
3254 5240 3351 5309 est,
3374 5232 3478 5309 ᾀῖτὸ
3501 5231 3701 5309 βαρέων

2101 5314 2441 5389 Elegantia-ium»,
2473 5304 2684 5389 quidam
2711 5306 3016 5389 Latinorum
3046 5308 3108 5387 ob
3130 5304 3268 5389 verabi
3294 5304 3700 5389 antbigqita'tem,

2102 5398 2132 5436 a
2181 5374 2436 5454 gravibus
2467 5380 2787 5453 interpretati
2833 5388 2986 5443 sunt;
3035 5386 3168 5454 cunt
3197 5376 3347 5454 βᾲρις
3386 5374 3589 5427 verbum
3638 5377 3705 5454 sit

2100 5447 2385 5532 ἐπιξεὼριον
2432 5447 2740 5532 Ραιεδιῖιζίω
2782 5447 3199 5532 et‘usquenlt‘odie
3235 5447 3419 5528 domus
3452 5462 3516 5500 ea:
3559 5449 3699 5500 omni

2099 5520 2245 5600 par-Te
2262 5520 2537 5592 éonclusre,
2570 5537 2613 5579 et
2642 5526 2694 5600 in
2725 5521 2934 5577 modum
2957 5520 3231 5600 a'diﬁcataz
3254 5520 3477 5600 turrium
3500 5535 3560 5571 ac
3582 5534 3704 5600 nue-

2100 5589 2246 5676 ru‘um
2276 5589 2616 5676 publicorum,
2668 5599 2847 5674 βάρεις
2898 5594 3248 5676 appellentur.
3302 5589 3435 5645 Vide
3486 5605 3606 5661 qua.-
3652 5593 3701 5646 itt

2102 5672 2247 5729 hunc
2278 5678 2450 5729 locum
2486 5672 2655 5726 fusius
2690 5672 3093 5722 annotavintus.

2179 5757 2199 5783 ο
2236 5746 2443 5801 Victor.
2472 5760 2542 5800 ex
2570 5752 2801 5813 quatuor
2832 5737 3124 5813 Florentia:
3156 5736 3459 5803 codicibus,
3491 5745 3543 5792 et
3574 5735 3703 5793 Vul-

2101 5827 2219 5889 gata
2249 5818 2507 5882 editionc,
2540 5808 2798 5885 vapulabit
2824 5808 3019 5865 multis.
