4100 6336
399 292 431 343 8
482 292 497 345 l

1634 294 1699 350 8.
1742 291 2012 351 EDSBBH
2052 294 2309 353 HIERON
2322 297 2434 353 Hii

3594 298 3705 361 8'92

396 418 451 465 et
476 409 540 464 ad
571 412 603 464 h
625 412 877 479 aretieos,
911 428 977 469 ne
1007 414 1280 469 exsultent
1310 425 1471 485 atque
1502 413 1777 479 iretentur,
1803 425 1857 469 et
1905 428 2003 485 pu-
2031 424 2085 485 Α
2108 416 2214 473 erit
2237 417 2430 472 animat
2460 426 2672 475 eorum.
2708 416 2777 474 Et
2807 427 2891 475 est
2919 435 3137 492 sensus,
3171 438 3285 479 sua:
3310 421 3473 499 gulae,
3507 432 3563 479 et
3589 438 3705 478 sua:

398 514 515 561 tent
544 523 601 561 se
631 517 953 564 eteterarum
983 510 1192 564 similes
1227 510 1524 566 nationum.
1562 511 1675 565 illa:
1706 510 1850 567 enim
1894 510 2004 583 92

400 614 505 653 non
537 599 886 659 crediderunt
918 603 968 657 in
1002 602 1208 669 Deum;
1244 604 1330 658 isti
1364 619 1494 657 vero
1524 603 1624 659 sub
1656 605 1875 659 nomine
1911 604 2006 659 Dei

397 692 536 747 idola
566 696 772 761 colunt,
808 709 861 751 et
900 696 1248 751 lornieantur
1292 714 1320 750 a
1362 696 1475 753 Deo
1523 714 1665 753 suo:
1720 708 1774 754 et
1820 699 2004 769 plures

401 788 505 843 sibi
541 805 719 856 areas,
748 799 803 846 et
834 793 1127 846 toreularia
1156 791 1361 846 infinita
1396 792 1779 862 multiplicant,
1810 802 1867 848 et
1910 808 2004 848 co-

404 880 633 937 medunt
662 883 931 951 triticum,
962 884 1029 939 de
1060 900 1167 955 quo
1219 884 1454 940 efﬁcitur
1501 886 1657 956 panis
1705 885 1900 949 luctus,
1953 894 2009 940 et

404 974 598 1029 bibunt
624 977 812 1031 vinum
844 977 1235 1043 Sodomorum,
1267 979 1411 1049 quod
1445 994 1568 1033 cum
1602 978 1847 1049 aspidum
1882 978 2008 1036 felle

403 1069 667 1124 calcatur.
703 1071 769 1125 Et
817 1072 941 1141 quia
992 1072 1093 1126 sibi
1146 1073 1295 1142 plura
1344 1073 1656 1139 toreularia,
1707 1085 1759 1128 et
1810 1073 2008 1128 multas

404 1176 562 1216 arcas
597 1174 1014 1233 pra'parat‘ttnl:
1049 1165 1254 1221 idcirco
1280 1166 1348 1221 de
1372 1183 1494 1221 vera
1523 1176 1577 1222 et
1612 1167 1679 1223 de
1710 1182 1817 1222 una
1857 1183 2008 1233 area,

405 1256 552 1311 etde
585 1258 840 1313 torculari
889 1261 1031 1328 quod
1083 1260 1313 1315 calcavit
1362 1261 1627 1316 Dominus
1674 1262 1853 1330 Jesus,
1900 1277 2005 1318 non

406 1359 719 1415 vescantur,
754 1362 942 1405 etnon
973 1351 1200 1417 bibent;
1235 1353 1329 1408 sed
1380 1353 1764 1423 quodcumque
1808 1368 1867 1409 se
1913 1354 2011 1410 ha-

411 1441 541 1497 bere
574 1446 904 1512 putaverint,
937 1446 1223 1500 mendacio
1255 1446 1665 1515 depravabitur.

473 1540 655 1610 (Vers.
691 1544 724 1597 5
750 1552 807 1597 et
832 1542 913 1613 4.)
978 1541 1097 1596 Non
1122 1542 1427 1596 habitabant
1471 1544 1523 1596 in
1576 1553 1714 1597 terra
1760 1541 2003 1598 Domini.

404 1651 638 1690 reversus
669 1648 743 1691 est
774 1636 1027 1708 lfphraim
1055 1641 1108 1691 in
1144 1637 1455 1709 .Jt'gyptum,
1486 1647 1531 1691 et
1559 1638 1611 1691 in
1643 1638 1872 1708 Assyriis
1900 1637 2011 1707 pol-

406 1726 577 1780 lutum
609 1730 878 1783 comedit:
913 1729 1034 1784 Non
1063 1731 1297 1784 libabant
1331 1729 1556 1784 Domino
1587 1729 1783 1797 vinum,
1815 1741 1862 1785 et
1912 1746 2013 1786 non

2109 509 2398 578 provident
2431 510 2727 581 voluptati:
2758 521 3021 568 caeterum
3054 514 3186 569 mihi
3218 531 3323 570 non
3349 514 3569 588 placent
3589 514 3709 587 pol—

2106 602 2241 659 luta.
2276 602 2392 659 Non
2429 604 2749 661 habitabnnt
2780 606 2832 661 in
2866 614 3009 662 terra
3040 606 3271 677 domini,
3301 609 3387 683 qui
3419 607 3487 664 ab
3515 606 3709 663 Eccle-

2107 697 2185 751 sia
2216 709 2586 768 recesserunt,
2618 706 2673 755 et
2703 701 2908 756 reversi
2940 709 3065 756 sunt
3094 706 3273 757 mente
3304 701 3355 757 in
3386 699 3709 777 Egyptum,

2108 797 2162 844 et
2208 791 2579 861 Assyriorum,
2629 792 2681 848 id
2728 801 2835 862 est,
2879 792 3191 849 daetuonum
3244 795 3537 853 eomedunt
3594 798 3705 872 [ΑΙ.

2108 884 2481 957 comederunt]
2527 884 2833 940 sacrificia:
2886 901 2986 942 nec
3034 886 3207 942 libant
3246 887 3477 944 Domino
3516 889 3711 948 vinum

2108 991 2215 1047 quo
2246 977 2497 1035 incbriati
2534 987 2663 1033 sunt
2709 978 2760 1033 lu
2806 979 3099 1045 luxuriam,
3145 988 3203 1035 et
3253 994 3361 1035 non
3406 981 3619 1051 placent
3657 983 3715 1039 ei

2113 1085 2213 1126 nec
2245 1070 2332 1125 illa
2365 1087 2484 1141 qua:
2512 1071 2774 1140 oderunt,
2805 1087 2911 1127 nec
2939 1072 3046 1143 ipsi
3074 1074 3164 1143 qui
3195 1072 3454 1133 offerunt.
3481 1074 3714 1135 Sacrilia

2110 1162 2493 1224 haereticorum
2526 1168 2684 1237 panis
2718 1166 2898 1224 luctus
2924 1175 3011 1222 est
3038 1176 3096 1223 et
3140 1166 3547 1239 lacrymarunt:
3593 1182 3717 1223 om-

2109 1259 2195 1312 nia
2222 1259 2365 1315 enim
2395 1274 2513 1329 qua:
2544 1259 2753 1316 faciunt
2785 1268 3069 1321 vertentur
3104 1260 3156 1315 in
3199 1257 3413 1317 ﬂetum.
3461 1258 3576 1319 Nec
3617 1274 3719 1319 au-

2110 1350 2226 1406 dire
2257 1361 2552 1423 poterunt:
2583 1351 2731 1413 Beati
2755 1352 3007 1427 lugentes,
3048 1352 3295 1424 quoniam
3333 1353 3436 1424 ipsi
3475 1352 3717 1411 consola-

2112 1445 2301 1499 buntur
2331 1446 2510 1518 (Matt.
2546 1462 2597 1510 v,
2630 1446 2719 1515 5);
2753 1446 2846 1505 sed
2876 1445 3188 1503 eeontrario
3223 1445 3486 1502 audient:
3519 1445 3614 1501 νω
3641 1446 3718 1501 ri-

2112 1534 2368 1607 dentibus,
2401 1539 2525 1611 quia
2552 1539 2652 1612 ipsi
2684 1538 2930 1614 lugebant
2981 1538 3136 1612 (Luc.
3190 1554 3265 1606 Vl,
3295 1537 3413 1613 25).
3439 1536 3718 1608 Quidquid

2109 1629 2347 1684 oli'eruut
2373 1648 2479 1685 non
2512 1629 2645 1698 Deo,
2680 1630 2775 1686 sed
2804 1630 3034 1687 mortuis
3062 1627 3339 1689 oderunt:
3392 1627 3478 1685 bis
3523 1626 3724 1684 videli-

2114 1732 2202 1781 cet
2230 1724 2325 1795 qui
2350 1725 2652 1781 seeleratas
2675 1724 2918 1781 haereses
2945 1726 3363 1792 conﬁnxerunt;
3394 1734 3449 1781 et
3472 1724 3725 1797 quicum-

404 1821 677 1890 placebunt
706 1824 751 1877 ei
789 1824 1049 1893 sacriﬁcia
1077 1841 1279 1891 eorum,
1318 1826 1469 1896 quasi
1512 1827 1666 1897 pani;
1703 1826 2013 1899 lugentium,
2048 1811 2093 1871 Β
2119 1833 2225 1888 que
2253 1818 2321 1872 de
2348 1834 2539 1875 eorum
2574 1818 2876 1875 comederit
2919 1819 3181 1887 victimis,
3230 1820 3725 1886 eontamlnabltur,

409 1928 583 1966 omnes
614 1916 702 1983 qui
730 1916 1008 1969 comedunt
1049 1916 1235 1987 [Vulg.
1294 1918 1582 1990 comedent]
1619 1918 1793 1984 illum,
1840 1928 2019 1973 conta-

414 2006 770 2074 minabuntur,
800 2010 923 2078 quia
952 2011 1103 2079 panis
1140 2026 1343 2077 eorum,
1389 2012 1583 2066 animus
1624 2012 1879 2083 ipsorum,
1916 2028 2017 2067 non

406 2109 431 2135 ⁸
458 2101 725 2155 intrabunt
751 2102 804 2155 in
830 2103 1043 2156 domum
1074 2101 1307 2158 Domini.
1352 2104 1495 2159 LXX
1523 2122 1535 2159 :
1582 2102 1707 2159 Non
1756 2104 2019 2160 habitave-

408 2206 525 2251 runt
554 2197 607 2250 in
634 2206 775 2267 terra
808 2195 1042 2265 Domini,
1075 2196 1325 2251 habitavit
1356 2195 1611 2269 Ephraim
1653 2199 1706 2252 in
1758 2197 2012 2272 Egypto,

404 2300 453 2346 et
496 2292 553 2345 in
597 2291 824 2361 Assyriis
878 2292 1205 2346 immundum
1256 2293 1526 2346 comedit:
1574 2309 1675 2346 non
1728 2293 2018 2347 libaverant

409 2382 633 2437 Domino
671 2385 875 2449 vinum,
919 2396 1011 2440 nec
1047 2386 1351 2455 placuerunt
1389 2386 1434 2439 ei
1482 2385 1741 2456 sacriﬁcia
1789 2402 1967 2441 eorum
1998 2400 2017 2441 :

412 2472 440 2511 ιι
454 2475 602 2544 quasi
632 2476 781 2543 panis
807 2476 977 2530 luctus
1004 2479 1115 2548 ejus
1141 2494 1159 2532 :
1182 2493 1355 2532 omnes
1376 2478 1462 2547 qui
1492 2478 1914 2531 ntauducaverint
1932 2494 2012 2547 ea,

411 2568 933 2635 rontaminabuntur;
988 2570 1110 2638 quia
1156 2587 1314 2641 panes
1364 2570 1654 2624 animarum
1698 2586 1872 2625 eorum
1913 2587 2018 2626 non

412 2659 679 2714 intrabunt
708 2664 762 2715 in
790 2663 1002 2717 domum
1029 2662 1265 2718 Domini.
1290 2664 1405 2719 Non
1439 2666 1615 2719 solum
1644 2679 1793 2732 area,
1819 2674 1875 2721 et
1908 2676 2021 2721 tor-

411 2754 564 2810 cular
596 2772 702 2811 non
737 2757 884 2825 pavit
914 2772 1029 2825 eos,
1063 2767 1118 2813 et
1145 2760 1329 2814 vinum
1361 2758 1649 2814 mentitum
1681 2769 1763 2815 est
1796 2761 1849 2814 in
1876 2770 2019 2816 terra

418 2845 607 2912 Israel,
636 2848 854 2919 quando
888 2866 982 2918 per
1014 2852 1333 2915 triennium,
1367 2861 1422 2906 et
1452 2866 1664 2907 menses
1690 2867 1789 2908 ses
1821 2863 2019 2910 cuncta

417 2953 440 2980 ε
475 2945 776 3011 perierunt,
808 2945 901 3000 sed
933 2956 989 3001 et
1011 2946 1111 3019 ipsi
1137 2948 1471 3005 habitatores
1498 2952 1759 3009 recedent
1780 2952 1849 3006 de
1874 2962 2018 3007 terra

422 3034 661 3103 Domini,
692 3046 749 3090 et
773 3036 1046 3094 ducentur
1075 3040 1130 3095 in
1166 3049 1369 3096 terram
1394 3040 1647 3111 alienam,
1678 3060 1745 3098 ne
1777 3043 2023 3099 habitent

418 3132 470 3185 in
526 3141 671 3187 terra
718 3144 906 3189 saneta
949 3150 1110 3206 quam
1157 3138 1273 3190 suis
1314 3136 1768 3195 fornicationlbus
1810 3140 2021 3210 pollue-

2116 1910 2259 1967 Caeci
2285 1913 2338 1966 in
2369 1912 2584 1966 foveam
2614 1911 2882 1968 ducentur
2904 1927 2931 1967 a
2958 1912 3143 1968 caecis.
3166 1910 3442 1984 Quidquid
3468 1911 3727 1980 fecerint,

2116 2005 2438 2061 deliciarum
2466 2021 2630 2061 causa
2659 2005 2884 2072 faciunt,
2917 2015 2977 2061 ut
3015 2006 3274 2077 pOpulum
3315 2005 3619 2077 decipiant,
3664 2012 3732 2061 ut

2115 2100 2308 2155 dotnos
2339 2101 2605 2157 devorent
2638 2100 2944 2158 viduarum.
2980 2102 3181 2158 Panem
3215 2101 3393 2158 luetus
3432 2114 3733 2173 possumus

2117 2196 2324 2263 dicere,
2360 2198 2525 2252 verba
2556 2196 2860 2265 mortifera,
2896 2196 3096 2267 quibus
3120 2196 3464 2267 iniquitatem
3489 2194 3733 2266 loquun-

2119 2303 2205 2345 tur
2234 2302 2428 2346 contra
2464 2292 2789 2346 Dominum:
2821 2292 2909 2362 qui
2963 2291 3119 2362 panis
3162 2305 3269 2345 non
3317 2289 3625 2361 ingreditur
3674 2290 3734 2347 in

2118 2386 2339 2440 domum
2376 2385 2508 2440 Dei:
2552 2385 2941 2441 barreticorum
2990 2386 3131 2441 enim
3182 2384 3571 2453 conciliabula,
3620 2401 3734 2442 non

2118 2476 2312 2532 domus
2347 2477 2439 2533 Dei
2473 2477 2844 2546 appellantur,
2878 2477 2975 2534 sed
3004 2479 3279 2548 spelunca:
3318 2477 3619 2534 latronum.

2189 2569 2364 2642 (Vera
2395 2569 2449 2625 5.
2480 2582 2533 2626 et
2560 2571 2650 2640 6.)
2686 2570 2824 2636 Quid
2849 2572 3047 2639 facietis
3082 2572 3137 2627 in
3159 2571 3244 2626 die
3279 2571 3527 2639 solemni,
3572 2571 3624 2624 in
3647 2571 3737 2626 die

2119 2664 2412 2734 festivitatis
2436 2663 2691 2718 Domini?
2716 2662 2846 2719 Ecce
2871 2666 3004 2719 enim
3030 2666 3253 2737 profecti
3274 2674 3397 2720 sunt
3414 2682 3447 2718 a
3468 2666 3741 2720 vastitate:
3794 2662 3811 2681 '

2122 2755 2385 2826 .zia'gyptus
2419 2756 2744 2826 congregabit
2774 2771 2881 2819 eos,
2918 2755 3179 2826 Memphis
3211 2756 3420 2826 sepeliet
3446 2770 3531 2810 eos
3550 2797 3564 2821 ,
3595 2756 3740 2811 desi-

2120 2849 2345 2903 derabile
2371 2857 2642 2919 argentum
2670 2865 2845 2903 eorum
2872 2851 3042 2902 urtica
3067 2848 3426 2917 lucreditabit,
3472 2848 3635 2920 lappa
3674 2850 3733 2905 in

2119 2943 2463 2997 tabernaculis
2488 2958 2684 2997 eorum.
2716 2941 2894 2997 LXX:
2927 2943 3064 3007 Quid
3097 2944 3296 3013 facietis
3320 2943 3375 2997 in
3398 2943 3483 2997 die
3504 2956 3733 2999 conven-

2121 3048 2224 3101 tus,
2248 3047 2295 3090 et
2318 3039 2371 3091 in
2395 3037 2475 3090 die
2499 3036 2843 3091 solemnitatis
2868 3035 2982 3109 95
3008 3035 3257 3091 Domini?
3286 3034 3416 3092 Ideo
3438 3052 3556 3092 cccc
3581 3038 3738 3094 ibunt

2122 3130 2183 3183 de
2205 3130 2411 3183 miseria
2437 3128 2677 3200 zlt‘gypti,
2704 3144 2750 3183 ei
2778 3130 3022 3199 suscipiet
3044 3145 3129 3185 eos
3147 3126 3425 3198 Memphis,
3452 3138 3499 3182 et
3518 3130 3740 3199 sepeliet

415 3235 562 3281 ιιυιιι,
596 3224 852 3283 Reuersus
880 3239 969 3294 est,
1004 3230 1198 3298 inquit,
1233 3230 1486 3302 Ephraim
1516 3232 1571 3286 ξη
1614 3207 1928 3305 ,Egypium,
1970 3243 2018 3288 ει
2046 3207 2092 3269 C
2124 3240 2206 3277 eos
2249 3222 2551 3288 Machmas,
2594 3234 2861 3297 argentum
2902 3240 3079 3277 eorum
3128 3224 3363 3279 interitus
3410 3224 3737 3296 possidebit,

421 3318 473 3370 in
504 3316 727 3387 Assyriis
774 3320 1029 3385 pollutum
1077 3324 1318 3377 comedit.
1358 3323 1438 3378 De
1485 3323 1586 3378 hoc
1633 3325 1755 3380 loco
1800 3325 2018 3395 quidam

417 3426 579 3480 supra
615 3411 976 3467 addiderunt:
1010 3415 1158 3468 et‘in
1200 3414 1433 3486 Assyriis
1480 3418 1736 3489 pollutum
1776 3419 2018 3487 comedit,

419 3506 562 3575 quod
593 3509 643 3561 in
675 3507 942 3562 llebraico
972 3524 1077 3562 non
1108 3508 1360 3574 habetur,
1394 3511 1461 3565 do
1487 3525 1597 3582 quo
1619 3511 1730 3581 jam
1760 3511 2017 3567 diximus.

416 3600 551 3655 Cum
571 3610 750 3656 autem
771 3603 971 3657 fuerint
998 3604 1050 3657 in
1082 3604 1554 3674 Chaldmaabsque
1587 3608 1795 3678 templo
1815 3618 1870 3663 et
1897 3608 2022 3663 abs-

418 3711 523 3765 que
554 3696 741 3763 altari,
773 3712 878 3751 non
915 3697 1165 3753 libabant
1194 3700 1423 3755 Domino
1454 3702 1663 3767 vinum,
1692 3704 1791 3759 sed
1821 3703 2026 3759 dieme-

421 3787 601 3855 nibus,
628 3801 681 3844 et
714 3804 819 3844 non
853 3792 1147 3860 placebunt
1177 3794 1246 3859 ei,
1283 3793 1376 3863 qui
1410 3792 1706 3850 libaotdiis
1729 3796 1947 3863 alienis,
1971 3804 2026 3852 et

421 3881 512 3949 qui
545 3880 596 3934 in
631 3883 947 3951 captivitate
976 3886 1284 3940 retinentur
1313 3896 1478 3957 atque
1522 3888 1574 3944 in
1626 3888 1867 3960 Assyriis
1908 3888 2027 3942 ido-

423 3975 633 4043 lothyta
662 3977 978 4044 comedunt,
1010 3989 1063 4033 et
1105 3981 1258 4047 quasi
1311 3997 1479 4051 panes
1525 3983 1823 4053 lugentium
1874 3992 2023 4038 sunt.

426 4063 542 4119 Non
569 4075 655 4120 est
679 4068 825 4123 enim
857 4068 1065 4123 licitum
1098 4071 1167 4124 de
1195 4071 1480 4127 sacriﬁciis
1505 4074 1799 4131 comedere
1830 4074 2022 4144 lugen-

427 4157 587 4222 tium,
619 4160 746 4213 etsi
777 4162 1102 4227 comederit,
1155 4163 1493 4220 immundum
1546 4166 1639 4221 lict
1689 4167 1832 4237 quod
1882 4167 2029 4224 licite

425 4251 666 4308 oblatum
680 4262 781 4308 est.
799 4253 1121 4324 Logentium
1136 4256 1244 4327 93
1269 4259 1640 4316 ccenasGrteei
1658 4257 1682 4297 ά
1703 4261 2030 4341 νεκρὸδειπνα

429 4358 649 4413 vocant,
682 4366 779 4402 nos
812 4352 1107 4420 parentalia
1140 4368 1431 4421 possumus
1458 4354 1665 4423 dicere,
1697 4355 1766 4411 ab
1788 4372 1857 4412 eo
1883 4357 2028 4427 quod

428 4444 749 4508 parentibus
784 4446 1013 4502 mortuis
1046 4448 1418 4511 immolentur.
1454 4449 1519 4505 Et
1558 4464 1668 4506 non
1716 4452 1891 4506 solum
1935 4452 2029 4524 qui

429 4538 707 4615 obtulerit,
725 4541 818 4595 sed
833 4543 996 4597 etiam
1013 4544 1103 4613 qui
1117 4543 1498 4601 comederitde
1512 4545 1880 4615 hujuscemodi
1893 4548 2028 4604 cibis

427 4633 738 4690 immundus
752 4637 830 4691 eri
844 4646 879 4691 t:
899 4636 1054 4706 panis
1070 4638 1216 4692 enim
1231 4653 1447 4705 eorum,
1465 4638 1570 4694 hoc
1591 4646 1677 4695 est
1694 4640 1847 4695 cibus
1864 4656 2026 4712 quem

428 4724 697 4795 oderunt,
743 4744 851 4784 non
884 4728 1110 4785 intrabit
1150 4733 1202 4784 in
1241 4730 1460 4787 domum
1494 4731 1732 4799 Domini,
1775 4746 1896 4804 qum
1930 4732 2028 4790 de-

430 4828 633 4877 structa
663 4835 777 4891 est,
812 4838 935 4891 quae
980 4822 1285 4895 Babylonio
1317 4828 1444 4895 igne
1478 4840 1737 4882 succensa
1774 4834 1895 4891 est;
1930 4826 2027 4882 sed

503 4989 528 5017 α
558 4980 761 5037 Victor.
812 4982 1098 5038 substituit
1138 4984 1334 5038 minori
1385 4998 1641 5050 numero,
1689 4983 1925 5045 intrabit,
1967 4998 2033 5043 ex

434 5050 661 5122 Vulgata
693 5054 933 5126 editione
955 5097 969 5116 ,
1004 5065 1055 5110 et
1096 5054 1365 5109 llebraico
1391 5056 1623 5115 suis“):
1660 5056 1901 5126 intellige
1930 5072 2029 5110 au-

432 5133 560 5190 tem,
592 5127 791 5199 inquit,
823 5125 891 5180 de
918 5140 1079 5195 pane.
1107 5126 1261 5182 Unde
1296 5127 1656 5199 llieronymns
1685 5146 1696 5180 :
1731 5125 1893 5182 Panis
1935 5142 2030 5182 eo-

430 5212 571 5262 rum,
604 5198 707 5253 hoe
741 5208 826 5255 est
851 5200 1025 5266 cibus,
1058 5214 1216 5266 quem
1246 5198 1511 5265 oil‘erunt,
1562 5215 1669 5253 non
1715 5198 1941 5254 intrabit
1981 5199 2035 5253 in

430 5268 649 5341 domum
679 5270 909 5335 Domini,
937 5288 1056 5341 qua!
1079 5271 1359 5327 destructa
1383 5280 1487 5326 est.
1523 5270 1676 5339 Apud
1720 5270 1859 5329 LXX
1884 5271 2032 5329 eoim

434 5340 651 5411 legitur,
702 5360 805 5397 non
860 5340 1147 5408 intrabunt,
1198 5355 1251 5398 et
1302 5344 1424 5408 hoc,
1473 5344 1595 5413 quia
1643 5343 2038 5400 transtulerunt

450 5430 610 5467 mnes.

450 5431 610 5467 mnes.

432 5431 449 5483 1
505 5482 530 5522 ι)
562 5485 789 5541 Palatini
817 5501 948 5541 mss.
978 5489 1102 5557 quia
1127 5492 1279 5557 panis
1312 5488 1479 5541 luctus
1507 5488 1599 5542 eis.
1650 5488 1714 5542 Et
1756 5498 1890 5542 vero
1934 5485 2030 5551 eis,

435 5570 533 5624 pro
564 5560 710 5629 ejus,
742 5558 809 5613 ad
842 5558 1093 5613 Griecum
1125 5563 1325 5623 αὐτοῖς,
1362 5559 1537 5623 placet
1570 5561 1762 5629 magis.

507 5637 529 5665 ε
563 5628 634 5682 Ita
681 5630 879 5684 Victor.
925 5649 987 5684 ek
1033 5642 1267 5698 quatuor
1310 5630 1600 5687 Florentia:
1642 5628 1774 5685 mss.
1822 5630 2030 5697 Antea,

436 5701 576 5768 qtltttl
603 5710 653 5753 et
684 5701 936 5755 Martiali.
968 5703 1214 5767 re:inuil,
1244 5704 1509 5768 perierint.

506 5765 532 5804 ά
562 5769 674 5824 Non
709 5774 957 5829 immuto,
992 5775 1137 5842 quod
1181 5765 1376 5843 vulgati
1424 5789 1615 5830 ontries
1668 5773 1792 5829 libri
1843 5773 2039 5842 praefe-

439 5853 600 5898 t'tlnl:
637 5844 814 5899 verius
846 5851 1021 5900 tamen
1053 5846 1101 5901 id
1131 5855 1259 5917 puto
1292 5862 1431 5915 esse,
1463 5846 1609 5919 quod
1643 5847 1810 5904 nostri
1840 5847 2039 5903 habent

2123 3319 2286 3389 spina:
2325 3319 2378 3371 in
2424 3317 2767 3372 tabernaculis
2817 3334 3011 3373 eorum.
3061 3319 3198 3373 Cum
3250 3322 3490 3381 venerit.
3527 3320 3733 3389 inquit,

2124 3412 2243 3467 dies
2270 3412 2599 3484 captivitatis
2624 3424 2678 3468 et
2699 3414 3035 3469 saevissimus
3066 3413 3237 3469 hostis
3266 3412 3563 3484 ingruerit,
3613 3427 3742 3484 qua:

2127 3524 2243 3563 tuca
2292 3509 2607 3564 solemnitas
2655 3509 2785 3564 est?
2828 3518 2987 3579 quam
3030 3524 3132 3579 ego
3182 3509 3501 3583 placabilem
3558 3507 3743 3563 habeo

2128 3601 2398 3656 hostium?
2442 3603 2567 3671 quia
2597 3619 2682 3656 uie
2712 3602 2781 3657 de
2806 3601 2942 3657 meis
2978 3602 3222 3658 hostibus
3259 3600 3531 3666 vindieat,
3561 3609 3616 3655 et
3654 3603 3747 3656 ln-

2117 3696 2277 3765 jurise
2310 3697 2459 3766 ponit
2489 3698 2727 3762 modum,
2756 3708 2809 3751 et
2848 3696 3084 3769 ﬂagellat
3131 3697 3324 3767 impios
3369 3696 3529 3753 filios.
3581 3695 3730 3765 Quid

2125 3791 2286 3859 igitur
2318 3791 2525 3846 facietis
2552 3793 2604 3845 in
2632 3791 2722 3847 die
2745 3790 3054 3846 festivitatis
3078 3790 3330 3846 Domini?
3357 3788 3735 3861 Respondete.

2128 3882 2346 3954 llltsque
2375 3883 2697 3951 tacentibus,
2739 3883 2840 3940 sibi
2882 3884 2999 3955 ipse
3042 3882 3361 3955 respondet,
3395 3882 3564 3938 immo
3606 3892 3736 3952 qute

2129 3980 2316 4035 tacturi
2363 3981 2503 4046 sint,
2553 3979 2753 4035 divinis
2803 3978 2971 4034 oculis
3015 3978 3286 4034 intuetur:
3335 3976 3494 4043 Ecce,
3527 3975 3736 4045 inquit,

2130 4075 2344 4128 miseria
2371 4081 2427 4128 et
2465 4073 2713 4127 vastitate
2755 4070 3157 4141 prementibus,
3203 4080 3259 4125 et
3302 4068 3523 4140 Assyrio
3568 4075 3746 4137 atque

2128 4166 2385 4221 Chaldaeo
2429 4174 2621 4235 captos
2668 4166 2838 4233 ligare
2885 4164 3268 4236 cupientibus,
3316 4162 3384 4218 ad
3437 4161 3742 4234 Egyptum

2128 4263 2511 4333 confugerunt.
2540 4260 2615 4316 lbi
2642 4259 2911 4331 Memphis
2942 4259 3171 4331 sepeliet
3201 4273 3325 4324 eos,
3357 4269 3571 4328 quaee
3596 4262 3747 4310 tem-

2130 4370 2262 4426 pore
2290 4364 2409 4410 erat
2437 4354 2751 4425 metropolis
2776 4352 3017 4423 [Ευριῇ
3052 4359 3341 4423 antequam
3371 4346 3703 4404 Alexandria
3724 4390 3743 4415 ,

2129 4464 2252 4521 quae
2280 4452 2429 4520 prius
2449 4448 2823 4521 appellabatur
2846 4460 2913 4502 uo
2941 4447 3043 4517 (na
3059 4444 3103 4517 ),
3131 4444 3201 4498 ab
3223 4442 3535 4499 Alexandro
3562 4440 3749 4496 Mace-

2133 4546 2273 4601 done
2310 4558 2365 4601 et
2403 4543 2829 4615 magnitudinem
2875 4541 3029 4596 urbis
3076 4544 3133 4594 et
3183 4546 3381 4593 nomen
3436 4535 3737 4605 acciperet».

2134 4639 2286 4709 Quod
2320 4649 2497 4693 autem
2528 4639 2584 4693 in
2612 4637 2963 4708 Septuaginta
2994 4634 3159 4697 dicit,
3201 4631 3413 4704 sepeliet
3439 4646 3524 4686 eos
3556 4627 3745 4684 Much»-

2136 4748 2267 4795 mas,
2294 4731 2349 4785 in
2378 4730 2607 4785 Hebraeo
2636 4742 2743 4784 non
2773 4729 3003 4785 habetur
3028 4744 3042 4793 ;
3077 4726 3171 4783 sed
3209 4735 3233 4763 ο
3258 4734 3443 4781 usus!)
3468 4719 3743 4795 (mm).

2136 4825 2276 4897 quod
2302 4824 2607 4894 appellatur
2629 4820 2988 4877 desiderabile.
3021 4820 3096 4876 Ex
3123 4826 3233 4890 quo
3256 4818 3608 4890 perspicuum
3629 4821 3742 4883 est,

2137 4997 2295 5045 mss.,
2325 4979 2651 5054 περίδειπνα.
2699 4995 2809 5054 quo
2840 4974 3389 5054 nominesiticernia,
3434 4986 3531 5054 seu
3556 4985 3749 5054 genus

2137 5034 2939 5125 funebres,CVrmCiqappellant;
2974 5034 3176 5125 Dauni,
3207 5034 3518 5125 parentalia.
3556 5034 3744 5125 Econ-

2140 5114 2312 5181 irario
2341 5114 2675 5190 νέκρόδειπνοί
2702 5114 2777 5177 ἐιη
2828 5114 2935 5176 hoc
2979 5114 3252 5197 intellectu
3298 5130 3327 5172 a
3368 5116 3510 5171 bono
3546 5114 3744 5197 aliquo

2139 5198 2419 5265 Scriptore
2453 5211 2717 5268 umquam
2745 5192 3184 5268 usurpatumsit,
3210 5200 3371 5268 atque
3400 5192 3637 5268 omnino
3671 5200 3740 5239 an

2139 5259 2387 5325 Glaucum
2418 5267 2488 5323 sit
2520 5259 2765 5331 verbum,
2800 5259 3014 5323 dubito.
3037 5259 3369 5338 _Certe_alib_i
3400 5259 3547 5314 llier.
3590 5277 3743 5338 περε-

2140 5340 2342 5397 δείπνου
2370 5339 2631 5396 voeabqu
2666 5339 2928 5397 continuo
2976 5336 3165 5393 utitur.
3214 5332 3269 5393 In
3320 5332 3746 5386 Commentariis

2140 5412 2192 5465 in
2226 5412 2336 5467 Jer.
2372 5428 2490 5479 cap.
2526 5427 2645 5466 tm:
2679 5409 2841 5464 Moris
2876 5420 2983 5472 est,
3027 5408 3230 5476 inquit,
3266 5400 3747 5479 lugentibus/crte

2135 5485 2303 5549 cibos,
2345 5494 2392 5539 et
2432 5469 2727 5554 praeparare
2756 5469 3064 5554 conuiuium,
3098 5469 3223 5554 ilith
3254 5469 3419 5554 (ἐνὶ-ιῖεὲ
3442 5469 3745 5554 aspidem

2136 5542 2346 5619 vorant,
2397 5542 2445 5611 et
2484 5574 2516 5609 a
2542 5542 2747 5610 nostris
2791 5553 2942 5624 vulgo
2969 5542 3298 5623 appellantur
3327 5542 3658 5607 Parcuiulia,
3683 5557 3746 5597 co

2136 5630 2274 5700 quod
2302 5628 2596 5700 parentibus
2616 5631 2763 5700 justo
2792 5625 3129 5700 celebrentur.
3153 5693 3164 5700 _
3391 5691 3400 5699 ν
3473 5688 3486 5700 ⁸
3522 5688 3532 5699 ,

2215 5647 2272 5683 0a
2337 5647 2596 5682 ατεηιιωιδ
2616 5647 2763 5699 Just“
2792 5647 3129 5680 t'CtetIreutur.
3391 5691 3400 5699 ν
3473 5688 3486 5700 ο
3522 5688 3532 5699 ⁸

2215 5712 2237 5739 ο
2269 5647 2478 5755 Pitanen
2514 5696 2757 5753 Mamarh
2788 5699 2904 5752 sive
2936 5693 3237 5767 Mamarhas
3268 5700 3490 5767 resumi
3523 5703 3576 5740 III
3605 5698 3739 5767 eon-

2141 5782 2291 5828 textn
2326 5772 2682 5845 Septuaginta
2711 5770 3095 5845 Interpretum,
3121 5780 3184 5819 ae
3226 5763 3297 5845 in.
3329 5762 3748 5845 Cotntnentari‘o

2141 5846 2201 5901 S.
2237 5836 2575 5915 Hieronymi,
2610 5841 2752 5914 apud
2790 5836 2955 5912 quem
3000 5837 3244 5895 vitiatum
3271 5836 3467 5908 ,inveni
3516 5836 3751 5903 propter
