4150 6346
392 352 502 408 ἱυὸ

1223 343 1887 404 COMMENTMHORUM
1927 339 1994 397 IN
2031 337 2211 395 OSEE
2249 334 2383 394 LIB.
2423 336 2490 393 ll.
2543 336 2696 392 CAP.
2743 333 2834 389 IX.

3599 333 3703 392 8M

390 465 557 520 falsos
588 475 686 518 eos
713 473 835 515 esse
861 457 1216 516 similitudine
1245 457 1548 510 litterarum
1575 469 1787 510 unum
1815 451 1917 526 (τ)
1949 460 2003 506 et
2028 451 2079 511 Α
2107 448 2484 504 multitudinem
2531 446 2865 518 iniquitatttm
2919 455 3128 499 tuarum
3149 486 3165 512 ,
3225 441 3573 512 multiplicata
3631 450 3706 498 est

389 572 563 614 cnam
589 553 698 636 (η)
718 570 732 619 ;
751 563 801 610 et
823 569 921 624 pro
947 551 1186 615 Mamad,
1219 548 1362 617 quod
1387 557 1414 586 ι
1437 563 1625 603 omnes
1657 546 1993 602 desiderabile

391 649 809 716 transtulerunt,
865 656 1082 716 putasse
1135 643 1402 698 Machmas
1450 642 1669 712 Egyptl
1715 641 1992 695 civitatem

389 757 532 798 esse.
565 741 863 796 Possumus
891 737 995 793 hoc
1017 736 1161 807 quod
1190 734 1421 791 dicitur:
1456 733 1593 788 Eeee
1619 735 1749 787 enim
1779 732 2000 802 profecti

388 844 510 891 sunt
529 852 560 889 α
579 834 832 899 vastitate,
858 831 1121 903 .Egyptus
1139 828 1471 900 congregabit
1489 843 1598 894 eos,
1629 823 1884 895 Memphis
1916 841 1995 879 se-

390 930 546 1001 peliet
576 944 681 994 eos,
716 937 772 983 et
797 926 869 981 de
901 925 1040 980 tribu
1070 924 1205 980 Iuda
1235 924 1516 992 accipere:
1550 919 1786 991 quando,
1821 920 1991 972 inter-

388 1020 848 1080 iectoGodoliaab
866 1018 1109 1083 lsmaelc,
1131 1032 1291 1087 quem
1315 1013 1810 1071 Nabuchodonosor
1835 1021 1994 1068 terrae

387 1123 778 1186 praeposuerat,
803 1112 1047 1182 reliquiae
1069 1109 1252 1182 pepuli
1275 1123 1398 1163 eum
1445 1107 1680 1162 ieremia
1729 1105 1991 1175 propheta

390 1210 457 1265 ad
507 1209 800 1280 Egyptqu
849 1206 1287 1276 transfugerunt,
1321 1213 1376 1260 et
1417 1203 1488 1257 ibi
1539 1199 1994 1272 persequentibus

391 1313 578 1373 postea
603 1299 894 1368 Cbaldmis,
923 1298 1009 1355 vel
1028 1307 1201 1367 captas
1218 1303 1364 1358 sunt,
1395 1294 1479 1350 vel
1499 1293 1724 1364 sepultm
1747 1291 1832 1362 (IV
1861 1291 1991 1360 Reg.

391 1395 560 1468 xxv).
606 1393 977 1450 Desiderabile
1017 1401 1197 1446 autem
1240 1399 1525 1460 argentum
1573 1401 1762 1442 eorum
1792 1426 1806 1451 ,
1847 1383 1991 1455 quod

388 1488 560 1544 urtica
593 1486 854 1557 possedit,
890 1486 1046 1541 villas
1072 1494 1126 1538 et
1156 1481 1335 1538 omnia
1367 1490 1685 1535 ornamenta
1735 1478 1991 1533 villarum

389 1581 776 1652 intelligemus,
807 1595 928 1650 qua!
960 1578 1137 1648 pretio
1163 1584 1416 1632 emuntur
1455 1573 1686 1643 argenti.
1728 1571 1994 1641 Quodque

388 1675 652 1746 sequitur,
680 1676 841 1744 lappa
869 1674 923 1726 in
952 1668 1298 1727 tabernaculis
1327 1685 1526 1735 eorum,
1556 1668 1772 1738 longam
1821 1665 1991 1734 signi-

391 1770 516 1824 iicat
535 1768 865 1831 vastitatem,
891 1776 950 1820 ut
971 1764 1062 1820 ubi
1082 1762 1356 1833 quondam
1381 1762 1576 1816 domus
1597 1775 1784 1814 eorum
1814 1767 1989 1821 erant,

2098 544 2323 598 amentia
2365 551 2472 597 tua.
2520 542 2585 595 Et
2614 541 2667 596 in
2715 540 2821 596 hoc
2866 540 2988 595 loco
3035 551 3192 594 error
3239 537 3580 594 estsolitus:
3609 536 3701 592 ubi

2097 639 2241 694 enim
2270 651 2368 692 nos
2393 634 2735 705 interpretati
2764 646 2976 698 sumus,
3007 633 3208 699 scitote,
3244 629 3431 697 Israel,
3467 631 3570 686 hoc
3598 640 3702 697 est,

2099 731 2355 788 lsraelitm
2376 775 2390 799 ,
2436 741 2490 787 et
2539 731 2592 785 in
2640 729 2866 784 llebraao
2899 728 3096 797 legitur
3121 743 3285 784 ,ιλιιΑο
3318 727 3540 798 (erit),
3567 728 3702 797 Sep—

2099 830 2334 898 tuaginta
2364 823 2763 881 transtulerunt
2794 835 2840 876 et
2867 822 3159 895 aﬂiigetur:
3189 835 3282 876 που
3314 820 3550 876 litteram
3596 835 3699 875 van

2097 930 2375 995 putantes,
2407 931 2462 976 et
2496 935 2592 990 pro
2619 934 2831 976 nsLe'rn
2855 918 3098 987 legentes
3121 929 3261 971 nes:
3293 930 3527 987 quorum
3559 914 3700 968 alte-

2095 1034 2214 1073 rum
2259 1016 2572 1083 scientiam,
2625 1014 2857 1068 alterum
2909 1010 3278 1074 aiﬂictionem,
3319 1011 3407 1066 vel
3439 1009 3702 1064 malitiam

2095 1117 2270 1165 Sonat.
2307 1109 2582 1163 Venerunt
2609 1106 2770 1177 igitur
2808 1104 2926 1159 dies
2975 1101 3303 1157 visitationis
3330 1143 3345 1168 ,
3392 1101 3460 1157 de
3505 1101 3701 1172 quibus

2094 1220 2254 1274 supra
2289 1202 2476 1275 (νει-ε.
2512 1199 2578 1271 ii)
2602 1203 2844 1255 dixerat:
2881 1198 3021 1266 Quid
3045 1197 3248 1266 facietis
3271 1198 3323 1251 in
3355 1196 3440 1250 die
3459 1195 3700 1267 solemni,

2096 1299 2222 1352 etin
2251 1298 2336 1351 die
2371 1295 2661 1366 festivitatis
2710 1291 2962 1348 Domini?
3016 1291 3277 1345 Venerunt
3319 1289 3432 1344 dies
3477 1289 3703 1342 retribu-

2097 1393 2336 1448 tionis.0
2361 1391 2549 1456 lsrael,
2571 1403 2717 1444 nunc
2739 1398 2831 1443 tua
2860 1386 3023 1442 verba
3046 1397 3343 1455 cognosce,
3359 1383 3450 1454 qui
3470 1381 3709 1454 prophe-

2095 1497 2203 1542 tam
2251 1487 2343 1542 tibi
2391 1501 2518 1539 vero
2567 1484 2881 1550 dicentem,
2922 1491 2975 1535 et
3026 1477 3440 1549 prophetantem
3491 1475 3702 1546 Spiritu

2095 1589 2307 1643 sancto,
2338 1578 2560 1634 multum
2588 1585 2645 1632 et
2673 1577 2924 1632 insanum
2949 1573 3208 1640 vocabas,
3229 1572 3382 1642 juxta
3405 1571 3533 1625 illud
3557 1570 3700 1640 quod

2095 1672 2147 1726 in
2179 1670 2410 1724 Rantoth
2434 1668 2634 1726 Galaad
2659 1667 2932 1739 principes
2947 1663 3112 1720 locuti
3140 1673 3267 1720 sunt
3287 1662 3352 1717 ad
3372 1661 3540 1718 Jebu:
3565 1660 3704 1728 Quid

2095 1767 2228 1819 renit
2259 1764 2328 1818 ad
2359 1772 2406 1819 te
2431 1764 2525 1817 iste
2553 1777 2769 1817 vesanus
2796 1758 2901 1833 (IV
2928 1758 3056 1828 Reg.
3090 1774 3167 1824 tx,
3205 1758 3335 1827 il)?
3367 1757 3535 1826 igitur
3573 1771 3702 1826 pro.

388 1861 460 1916 ibi
493 1862 669 1931 lappa
691 1869 746 1915 et
773 1859 962 1913 urticae
992 1863 1287 1914 nascantur
1313 1853 1421 1925 95
1447 1869 1509 1908 ac
1546 1853 1733 1921 spinze.
1789 1849 1989 1904 Dicitur
2018 1908 2021 1916 η

2109 1872 2218 1933 pter
2249 1861 2650 1916 multitudinem
2678 1859 2790 1931 96
2816 1858 3159 1929 iniquitatum
3211 1867 3422 1910 tuarum
3447 1901 3461 1923 ,
3503 1855 3702 1924 quibus

386 1964 438 2012 et
459 1954 528 2010 ad
563 1954 886 2010 hereticos:
923 1953 1056 2006 Cum
1085 1951 1202 2006 dies
1231 1948 1493 2004 solemnis
1515 1941 1830 2008 advtrttet‘it,
1859 1940 1988 2011 quid

384 2046 576 2104 facturi
603 2045 770 2104 estis?
802 2045 907 2102 Pro
935 2043 1020 2100 die
1060 2042 1315 2104 solemni.
1361 2039 1556 2110 Aquila
1605 2039 1992 2105 interpretatus

385 2153 487 2210 est,
513 2151 730 2211 tempus.
759 2141 835 2197 Ex
858 2153 964 2208 quo
987 2137 1332 2194 manifestum
1359 2144 1461 2202 est,
1496 2149 1599 2188 non
1627 2132 1821 2188 festum
1845 2129 1988 2186 diem

385 2249 604 2302 sonare,
633 2234 729 2292 sed
755 2243 966 2303 tempus
988 2229 1364 2288 retributionis
1388 2246 1400 2281 :
1426 2225 1608 2284 statim
1639 2227 1785 2281 enim
1810 2223 1992 2293 sequi.

385 2336 503 2382 tur:
543 2325 804 2384 Venerunt
827 2326 938 2380 dies
968 2324 1201 2387 ultionis,
1234 2331 1472 2378 venetum
1498 2321 1610 2376 dies
1638 2319 1992 2376 retributionis

387 2427 507 2476 tute.
538 2418 679 2476 Ecce
705 2418 898 2478 vastati
932 2418 1063 2473 estis
1088 2432 1116 2472 a
1141 2416 1325 2472 multis
1357 2414 1602 2470 hostibus
1628 2432 1637 2466 :
1663 2411 1876 2484 Assyrii
1899 2426 1995 2466 vos

389 2512 740 2583 Chaldaeique
779 2515 1115 2584 jngularunt,
1153 2512 1364 2580 fugistis
1395 2510 1460 2566 ad
1490 2511 1777 2572 saeculum,
1809 2518 1860 2563 et
1891 2523 1996 2562 cm-

391 2606 522 2662 teris
561 2608 692 2664 estis
731 2605 1039 2664 nationibus
1072 2604 1412 2674 comparati:
1470 2603 1544 2656 ibi
1597 2617 1690 2656 vos
1738 2601 1995 2668 Memphis

388 2698 615 2768 sepeliet
639 2740 655 2768 ,
704 2697 849 2770 quod
891 2699 1282 2768 interpretatur
1323 2714 1385 2752 ea:
1423 2713 1542 2762 ore;
1567 2707 1619 2751 et
1649 2705 1732 2752 est
1763 2712 1993 2750 sensus:

383 2791 534 2861 juxta
579 2802 787 2848 ve8tras
840 2792 1203 2861 blasphemia;
1246 2790 1544 2859 recipietis,
1580 2801 1633 2846 et
1659 2789 1802 2856 quod
1833 2790 1996 2846 lotnti

389 2885 543 2954 estis,
572 2883 625 2938 in
657 2885 936 2954 suppliciis
962 2884 1249 2944 sentietis:
1283 2883 1688 2949 desiderabilia,
1727 2883 1828 2938 hoc
1870 2893 1954 2938 est
1979 2925 1994 2951 ,

393 2975 644 3046 dogmata
692 2993 811 3048 qua:
854 2975 1008 3032 vobis
1037 2975 1231 3032 attiiici
1259 2978 1693 3046 composueratis
1729 2977 1949 3047 eloquio
1980 3017 1995 3042 ,

394 3070 536 3141 quod
567 3071 955 3138 interpretatur
978 3077 1283 3142 argentum,
1319 3070 1618 3134 poSsidebit
1650 3073 1846 3135 urtica,
1879 3086 1998 3138 quae

395 3179 492 3220 vos
519 3174 726 3222 aeterno
757 3166 952 3224 ardore
979 3175 1295 3224 consumet:
1329 3178 1382 3220 et
1411 3166 1514 3222 erit
1543 3167 1699 3236 lappa
1733 3167 1816 3226 vel
1842 3169 1995 3236 spina

2096 1957 2146 2011 in
2172 1957 2380 2013 scelere
2401 1955 2494 2010 diu
2520 1955 2885 2010 debacchatus
2906 1967 2988 2018 es,
3017 1967 3125 2006 non
3152 1948 3469 2020 prophetam
3492 1963 3698 2014 meum,

2095 2050 2187 2104 sed
2221 2058 2272 2103 te
2303 2048 2550 2101 insanum
2585 2061 2707 2102 esse
2738 2059 3032 2116 cognosce,
3062 2043 3153 2112 qui
3186 2041 3252 2096 ad
3278 2044 3380 2096 hoc
3409 2041 3694 2107 laborasti,

2094 2153 2152 2198 ut
2181 2158 2300 2198 mea
2339 2142 2504 2197 verba
2547 2143 2812 2197 calcares.
2861 2139 2966 2194 Pro
3006 2137 3251 2205 amentia,
3296 2135 3488 2208 Aquila
3537 2135 3704 2191 vertit

2096 2234 2360 2312 ἐγκότησιν
2381 2277 2397 2305 ,
2443 2251 2604 2306 quam
2651 2249 2752 2290 nos
2786 2234 2870 2290 vel
2899 2233 3248 2298 iracundiam,
3277 2232 3360 2286 vel
3403 2231 3705 2286 "tentorium

2097 2329 2314 2395 doloris,
2345 2334 2396 2384 in
2429 2330 2624 2384 Latino
2655 2343 2944 2398 possumus
2971 2325 3179 2381 dicere.
3208 2325 3362 2380 Diem
3388 2325 3618 2379 ultionis
3647 2329 3704 2379 et

2099 2423 2496 2486 retributionis,
2538 2421 2756 2491 quidam
2801 2422 3234 2489 interpretantur
3278 2417 3424 2473 diem
3472 2415 3658 2488 iudicii
3686 2459 3700 2480 ,

2098 2515 2314 2584 quando
2358 2514 2628 2582 aiiligetur
2677 2513 2840 2568 Israel
2867 2554 2881 2579 ,
2926 2513 3016 2582 qui
3059 2525 3205 2565 nunc
3233 2510 3402 2566 Deum
3429 2523 3489 2565 se
3515 2509 3704 2564 videre

2095 2611 2282 2681 jactat,
2315 2620 2368 2664 et
2401 2624 2506 2664 non
2535 2616 2725 2662 sancto
2753 2604 2952 2674 Spiritu
2980 2603 3207 2674 regitur,
3241 2601 3336 2657 sed
3367 2601 3706 2657 daamoniaco

2102 2709 2152 2762 in
2188 2716 2374 2778 partes
2404 2704 2582 2758 varias
2608 2700 3021 2766 circumfertur,
3053 2699 3309 2756 nesciens
3337 2695 3469 2768 quid
3519 2696 3705 2764 loqua-

2101 2809 2220 2854 tur:
2249 2799 2437 2853 diCeus
2463 2797 2556 2850 Dei
2583 2796 2780 2850 Filium
2807 2802 3141 2856 creaturam,
3165 2799 3410 2844 sanctum
3436 2787 3702 2860 Spiritum

2102 2894 2271 2948 Deum
2297 2906 2520 2961 negans.
2561 2889 2625 2944 Et
2647 2904 2862 2944 rursum
2888 2887 3050 2941 alium
3082 2885 3254 2939 Deum
3286 2886 3510 2952 bonum,
3535 2884 3702 2937 alitnn

2105 2985 2286 3040 mundi
2319 2999 2575 3039 asserens
2603 2992 2942 3037 creatorem:
2975 2993 3206 3046 qucrutn
3249 2977 3469 3032 vesania
3521 2976 3705 3030 multi-

2104 3081 2230 3150 plex
2275 3088 2359 3134 est
2388 3119 2402 3144 ,
2447 3079 2573 3148 quia
2623 3086 2675 3133 et
2728 3076 3040 3146 iniquitates
3084 3071 3234 3127 luere
3266 3071 3703 3143 quamplurimm.

2103 3176 2272 3241 Quem
2307 3187 2406 3228 nos
2436 3171 2660 3226 stultum
2691 3168 3010 3238 prophetam
3041 3166 3279 3222 diximus
3303 3209 3317 3231 ,
3365 3163 3706 3234 septuaginta

397 3257 451 3314 in
485 3259 848 3314 tabernaculis
874 3260 1091 3326 vestris,
1122 3260 1292 3328 spime
1317 3260 1515 3329 quippe
1535 3260 1781 3314 orientur
1805 3259 1857 3316 in
1886 3275 1998 3314 ma-
2025 3255 2070 3317 C
2107 3267 2639 3338 pseudoprophetam
2691 3262 3027 3331 interpretati
3085 3268 3232 3313 sunt.
3286 3259 3353 3313 Et
3397 3274 3470 3313 ne
3515 3257 3705 3312 eadem

401 3355 558 3410 nibus
606 3369 818 3420 eorum,
867 3355 957 3422 qui
1007 3353 1261 3410 incbriati
1308 3365 1434 3408 sunt
1483 3353 1656 3408 calice
1699 3353 2000 3425 Babylonio

403 3449 549 3523 (Jer.
579 3466 629 3506 LI
650 3450 690 3520 ).
721 3449 787 3505 Et
817 3449 871 3504 in
909 3447 1196 3519 Evangelio
1220 3449 1468 3519 legimus,
1506 3456 1689 3520 turpes
1711 3450 1994 3519 cogitatio-

406 3564 501 3606 nes
531 3557 585 3605 et
612 3563 768 3604 curas
791 3547 955 3618 hujus
978 3545 1189 3612 mundi,
1210 3557 1265 3602 et
1295 3546 1615 3602 iub-.erentia
1640 3547 1787 3610 vitia,
1815 3545 2002 3617 spinas

405 3643 686 3712 appellari,
715 3657 834 3712 quae
857 3639 885 3677 δ
915 3641 1192 3710 surgentia
1223 3639 1274 3694 in
1304 3638 1488 3696 herbis
1520 3641 1786 3696 frumenta
1827 3641 1999 3696 sull'o-

407 3742 531 3788 cent
561 3733 790 3808 (Matth.
827 3732 948 3804 xv).

481 3825 662 3895 (Vers.
687 3823 1040 3894 7.)Venerunt
1062 3826 1171 3881 dies
1190 3825 1520 3890 uisitationis,
1543 3835 1786 3880 venerunt
1803 3827 1913 3882 dies
1925 3843 2010 3882 re-

410 3917 752 3974 triimtionis:c
767 3919 966 3984 scitote,
986 3916 1174 3982 Israel,
1191 3916 1407 3974 stultum
1427 3921 1747 3989 prophetam,
1771 3921 2008 3978 insanum

412 4011 576 4065 virum
599 4011 923 4082 spiritualem
943 4021 1156 4082 propter
1175 4011 1557 4066 multitudinem
1577 4013 1865 4080 iniquitatis
1888 4024 2011 4081 luat,

415 4114 460 4157 et
490 4101 874 4158 multitudinem
895 4103 1332 4162 antetttiw.LXX:
1370 4103 1624 4160 Venerunt
1647 4106 1758 4160 dies
1779 4107 2012 4175 ultionis,

416 4205 655 4250 venerunt
684 4195 795 4252 dies
823 4197 1172 4252 retributionis
1197 4207 1320 4266 tute,
1343 4209 1388 4252 et
1414 4199 1668 4271 amigt’ltlf
1693 4199 1862 4255 Israel
1882 4203 2016 4258 sicut

414 4287 664 4360 prapheta
693 4289 973 4356 insaniens,
997 4288 1152 4346 homo
1173 4292 1258 4364 qui
1279 4289 1492 4348 habebat
1514 4293 1776 4365 spiritum,
1806 4306 2019 4366 prapter

419 4495 817 4566 ignorationem
843 4494 1037 4564 linguae
1065 4494 1382 4561 Hebraicte;
1414 4497 1516 4552 nisi
1541 4499 1687 4554 enim
1722 4500 1825 4555 hoc
1857 4499 2020 4554 modo

422 4567 735 4638 legerimus,
770 4574 950 4632 inepta
977 4568 1081 4624 erit
1107 4578 1270 4638 atque
1297 4569 1509 4623 veritati
1532 4573 1803 4626 centraria
1831 4573 2020 4628 obser-

421 4639 568 4692 vatio
596 4637 666 4711 8ἒ
694 4638 1104 4711 ψωριογῑεηᾳιιῃ
1144 4637 1243 4692 nos
1287 4640 1471 4694 docuit
1519 4641 1870 4711 Septuaginta
1920 4645 2020 4699 de-

425 4720 617 4785 ceptos
643 4707 810 4764 fuisse
824 4707 1185 4785 _s_iiilliil:lldine
1209 4711 1508 4785 litterarum
1528 4707 1700 4785 daieth
1717 4707 1764 4768 et
1787 4715 1937 4785 caph,
1959 4725 2013 4782 τ,

2105 3378 2250 3432 saepe
2295 3369 2634 3430 repetentes,
2662 3359 2946 3413 videamur
2974 3355 3200 3411 lectoris
3233 3355 3536 3424 prudentia:
3568 3353 3711 3407 ditii-

2105 3459 2255 3522 dere,
2284 3457 2528 3514 breviter
2557 3455 2938 3519 admonemus,
2973 3450 3234 3521 quidquid
3264 3449 3333 3504 de
3365 3449 3528 3506 lsrael
3559 3456 3615 3504 et
3643 3448 3712 3503 de

2109 3550 2364 3619 Epitraim
2395 3549 2448 3603 in
2482 3548 2588 3604 hoc
2611 3548 2875 3616 propheta
2901 3544 3120 3610 dicitur,
3149 3543 3213 3596 ad
3257 3541 3544 3598 ltmreticos
3585 3555 3711 3595 esse

2107 3647 2449 3704 referendum
2471 3685 2485 3710 ,
2528 3645 2620 3714 qui
2659 3659 2786 3699 vere
2820 3641 3171 3700 insanientes.
3205 3647 3394 3693 contra
3427 3637 3596 3692 Deum
3632 3636 3713 3691 lo-

2104 3753 2341 3812 quontur
2372 3739 2654 3794 tuendacia

2177 3833 2359 3902 (Vers.
2383 3833 2433 3886 8.
2460 3841 2509 3886 et
2537 3829 2638 3901 9.).
2675 3827 2985 3901 Speculator
3009 3825 3264 3891 Ephraim
3292 3840 3409 3877 cum
3435 3823 3540 3877 Deo
3562 3839 3672 3876 meo
3697 3837 3718 3878 :

2114 3923 2368 3995 prapheta
2389 3923 2599 3992 laqueus
2625 3917 2827 3976 ruina:d
2849 3937 3002 3990 super
3019 3935 3199 3973 omnes
3222 3920 3329 3972 vias
3349 3919 3485 3988 ejus:
3511 3917 3721 3970 insania

2114 4021 2168 4074 in
2195 4020 2348 4076 domo
2369 4016 2466 4072 Dei
2484 4019 2620 4086 ejus,
2645 4014 2904 4086 profunde
2925 4020 3292 4082 peccauerunt:
3311 4013 3442 4064 sicut
3465 4011 3518 4063 in
3541 4008 3720 4063 diebus

2114 4113 2317 4181 Gabaa,
2342 4112 2695 4168 recordabitur
2718 4110 3008 4180 iniquitates
3038 4123 3236 4168 eorum,
3267 4116 3317 4160 et
3339 4104 3561 4159 visitabit
3603 4120 3720 4172 pec-

2115 4216 2231 4262 cata
2271 4223 2470 4262 eorum.
2505 4204 2682 4263 LXX:
2723 4202 3032 4274 Speculator
3055 4200 3310 4273 Epitraim
3327 4216 3446 4254 eum
3471 4197 3577 4253 Deo
3599 4213 3722 4271 pro-

2120 4303 2273 4373 pheta
2288 4318 2307 4358 :
2320 4303 2532 4374 laqueus
2547 4309 2812 4356 tortuosus
2829 4295 3172 4369 superiomnes
3182 4295 3292 4350 vias
3307 4296 3444 4366 ejus,
3460 4293 3721 4349 insaniant

2133 4501 2362 4584 legerint
2380 4510 2564 4584 ’τα-ηε)
2585 4499 2849 4584 fumauit.
2875 4496 3202 4584 scripsisset
3224 4494 3388 4578 igitur
3411 4494 3529 4584 ipse
3553 4495 3720 4549 etiam

2131 4565 2544 4638 Hamae/afluat
2572 4569 2894 4626 Heniochus.
2927 4566 3179 4624 Proiecto
3206 4567 3252 4623 si
3282 4565 3449 4621 semei
3479 4581 3544 4620 ex
3577 4581 3717 4638 prae-

2128 4654 2393 4712 concepta
2443 4645 2698 4706 Opinione
2750 4643 2906 4712 liceat
2938 4639 3240 4712 Scriptoris
3262 4639 3344 4691 sui
3377 4643 3582 4712 textum
3618 4637 3720 4712 im-

2130 4707 2363 4781 mutare,
2411 4713 2546 4768 nihil
2596 4727 2698 4768 non
2751 4727 2847 4781 pro
2897 4707 3172 4765 hominum
3212 4717 3379 4782 captu
3429 4707 3720 4775 religendis

421 4793 482 4862 π,
512 4782 654 4869 Ergo
685 4796 785 4869 p'ro
806 4780 1524 4869 liliuma‘djgjn,{legorupt‘
1541 4784 1781 4869 a'ntafh
1803 4780 2018 4869 manu;

2127 4780 2447 4869 auctoribus
2477 4785 2658 4840 liceat.
2693 4780 2800 4840 Nos
2829 4793 3072 4866 veterem
3101 4780 3415 4863 lectionem,
3448 4795 3566 4848 quae
3601 4793 3720 4862 om-

425 4851 477 4908 'c't
526 4868 634 4908 non
676 4851 947 4907 Machmas
981 4862 1206 4920 tamn.
1254 4851 1379 4909 cum
1431 4857 1593 4916 Scitin
1626 4859 1678 4912 in
1711 4851 1843 4923 line:
1874 4859 2021 4922 quod

426 4927 750 4980 elementum
785 4925 988 4978 nullam
1020 4925 1181 4980 habet
1213 4925 1626 4982 similitudinem
1657 4944 1778 4982 cum
1807 4927 2021 4988 Daletlt.

431 4998 602 5052 Porro
631 4996 684 5051 in
710 4997 850 5052 libro
876 4997 1144 5051 Locorum
1176 4997 1588 5064 Hebraicornm,
1636 5000 1778 5055 idem
1825 5017 2020 5056 nomen

429 5071 689 5125 scribitur
711 5069 900 5125 Graece
926 5071 1107 5141 Μαχὸ,
1139 5077 1196 5123 et
1223 5069 1414 5126 Latine
1444 5071 1714 5127 Maeliana.
1748 5071 1902 5128 Unde
1931 5089 2026 5127 ex-

433 5142 699 5211 ploratum
732 5141 890 5212 nobis
919 5151 1003 5195 est
1026 5156 1215 5196 vocem
1259 5143 1398 5197 hanc
1447 5143 1642 5210 ubique
1689 5145 1828 5212 apud
1879 5145 2025 5204 LXX

431 5213 777 5282 depravatum
811 5211 1006 5279 fuisse;
1032 5230 1154 5267 cum
1181 5229 1312 5284 pure
1333 5216 1538 5284 legatur
1561 5215 1612 5271 in
1641 5211 1779 5271 libro
1805 5215 2027 5272 liebrai-

432 5301 618 5338 eorum
641 5284 923 5356 Nominum
948 5285 1004 5340 S.
1033 5284 1350 5356 Hieronymi
1376 5287 1530 5341 ethic
1553 5287 1606 5341 in
1633 5304 1751 5356 cap.
1781 5305 1830 5343 Ix
1865 5291 2022 5343 Osee.

431 5357 607 5410 Mturr.
640 5355 1004 5424 Martianteus,
1038 5358 1189 5412 nullo
1221 5355 1439 5427 quidem
1467 5355 1801 5428 suffragante
1839 5378 1939 5414 tns.
1969 5363 2032 5414 li-

435 5429 556 5495 bro,
573 5428 726 5502 c_t
739 5430 991 5498 superius
1004 5429 1368 5502 cotttinenter.
1396 5429 1701 5486 illumne/tas
1715 5433 1999 5502 supposuit
2014 5475 2030 5496 ,

436 5514 534 5569 pro
567 5497 869 5582 plac/smus,
903 5511 994 5582 aut
1023 5501 1307 5582 Magmas._
1336 5502 1447 5582 Utta
1499 5504 1737 5582 lt_tec__illi
1788 5497 2033 5561 mutandi

442 5571 675 5625 nominis
713 5587 886 5647 causa
914 5571 1030 5647 fuit.
1065 5589 1224 5647 quam
1257 5573 1503 5647 pluribus
1529 5576 1581 5630 in
1614 5575 1767 5630 Notis
1800 5592 2030 5647 exagge-

442 5652 559 5726 rat:
595 5643 889 5726 quodnisi
937 5645 1040 5726 hoc
1088 5645 1248 5726 modo
1292 5646 1586 5726 legerimus
1610 5694 1644 5726 ,_
1671 5650 1854 5716 inepta
1897 5643 2036 5716 erit,

439 5724 601 5798 imi"?
640 5718 1156 5798 "efll§l_i'£0l}trari:t
1191 5718 1501 5798 observatit)
1629 5721 1895 5783 ilucloris,
1931 5736 2036 5789 qua

442 5802 536 5839 nos
565 5786 749 5858 docuit
780 5785 921 5858 LXX
953 5787 1214 5858 deceptos
1241 5790 1408 5845 fuisse
1441 5790 1798 5846 similitudine
1831 5785 2038 5846 littera-

442 5873 586 5923 rum,
618 5857 826 5927 Daleth,
859 5868 904 5912 et
937 5857 1106 5931 Caplt,
1135 5869 1176 5942 η
1197 5871 1259 5920 ’τε
1293 5864 1434 5918 unde
1460 5879 1554 5935 pro
1578 5874 1776 5935 1mm,
1804 5863 2039 5937 Mamud,

2129 4862 2276 4915 nium
2308 4871 2524 4926 quoque
2557 4871 2690 4912 mss.
2721 4865 2828 4924 est,
2863 4855 3220 4918 restituimus,
3253 4853 3489 4906 muime
3510 4868 3630 4907 cum
3664 4851 3719 4905 in

2130 4931 2248 5000 ipso
2272 4925 2778 5004 arcitetypoﬁraeco
2807 4935 3124 5004 constanter
3151 4927 3226 4982 sit
3246 4925 3475 5004 Μαχειάς
3495 4942 3507 4977 :
3528 4937 3720 5004 neque

2128 4993 2291 5071 porro
2322 4993 2519 5055 dist-rit
2551 4999 2936 5072 Hieronymus,
2972 4997 3017 5052 si
3050 5014 3212 5067 quam
3240 4993 3549 5072 pt'oDttietlt
3582 4993 3717 5072 Sep-

2128 5065 2367 5201 itugginta
2390 5087 2674 5142 accepere,
2706 5065 2958 5142 in'prima
2989 5065 3292 5143 posuerint,
3321 5085 3387 5124 an
3411 5067 3580 5123 altera
3611 5065 3723 5139 syl-

2149 5161 2176 5200 a
2220 5163 2270 5200 a.

2149 5161 2270 5200 ana.

2204 5227 2228 5254 ει
2265 5217 2489 5278 Vocem,
2515 5234 2712 5282 omnes,
2746 5232 2908 5284 quam
2939 5226 3144 5271 temere
3167 5214 3416 5270 Martian.
3441 5211 3724 5282 expunxit,

2134 5305 2265 5344 mss.
2313 5289 2484 5344 nostri
2539 5301 2656 5356 post
2709 5288 3007 5344 Victoriam
3053 5289 3368 5341 restituunt.
3419 5285 3470 5339 in
3531 5285 3722 5339 iisdem

2135 5363 2293 5432 paulo
2326 5372 2467 5431 post,
2498 5359 2840 5416 desiderabile
2868 5369 3037 5414 autem
3058 5359 3278 5432 argenti.

2207 5432 2233 5471 δ
2264 5428 2496 5506 Palatini
2530 5449 2656 5506 mss.
2689 5450 2805 5506 qum
2827 5432 3084 5506 turgentia
3110 5442 3158 5484 et
3183 5433 3232 5484 in
3253 5428 3452 5506 herbis,
3487 5438 3595 5483 etc.

2210 5516 2231 5542 ο
2263 5505 2430 5562 Iidem
2462 5521 2589 5559 mss.
2619 5498 2786 5570 Scito,
2821 5498 3018 5570 Israel,
3069 5513 3116 5558 te
3161 5500 3422 5558 stultum:
3467 5512 3524 5556 et
3568 5498 3731 5570 paulo

2139 5589 2280 5644 post,
2313 5578 2588 5632 multitudo
2619 5578 2877 5632 amentiw.

2209 5645 2234 5686 δ
2261 5649 2620 5712 intersernnt,
2651 5649 2805 5720 juxta
2837 5647 3144 5720 Vulgatam,
3179 5645 3354 5700 Palat.
3380 5647 3738 5720 mss.,gfactus

2143 5730 2235 5776 est.
2275 5723 2444 5776 Porro
2473 5736 2574 5792 pro
2605 5712 2924 5792 iniquitates,
2944 5712 3221 5792 Victorius
3245 5712 3522 5792 rescribit,
3549 5712 3746 5784 iniqui—

2148 5795 2288 5861 tatis,
2321 5795 2372 5849 in
2405 5787 2660 5864 gignendi
2696 5787 2863 5858 casu,
2912 5808 2976 5847 ex
3024 5789 3218 5864 cadent
3266 5787 3494 5864 Vulgata
3523 5796 3755 5864 ,_atque

2147 5861 2440 5923 liebraico'.
2465 5861 2721 5923 leviora
2767 5864 3016 5935 quaidam
3067 5878 3168 5920 nos
3209 5861 3348 5919 intra
3375 5862 3760 5919 emendantes.
