4150 6346
361 240 468 298 895

1612 239 1673 297 S.
1714 239 1990 300 EUSEBII
2028 241 2412 300 HIERONYMI

3562 252 3674 312 896

356 337 412 393 in
434 337 587 393 domo
612 336 713 394 Dei
736 335 1383 408 conﬁnxeruntnorrupti
1405 336 1820 392 suntsecundum
1846 337 1955 392 dies
1982 346 2038 407 Α
2062 341 2116 396 in
2147 340 2366 397 Christo
2390 342 2605 399 calcare
2635 358 2694 400 se
2724 343 2917 412 credit,
2950 346 3020 403 de
3062 362 3170 419 quo
3217 347 3445 420 legimus
3464 393 3479 419 ,
3526 350 3673 422 quod

358 431 507 486 collis
524 447 544 488 :
563 432 916 487 recordabitur
943 432 1238 503 iniquitates
1266 447 1466 496 eorum,
1503 432 1782 487 ulciscelur
1812 448 1964 503 super

360 536 568 599 peccata
581 525 995 583 eorum.Idcirco
1011 526 1153 582 Deus
1169 527 1442 599 principes
1452 526 1689 593 dedit,ut
1705 529 1961 599 populum

355 621 698 691 corriperent
721 621 1151 694 delinquentem,
1176 631 1231 678 et
1258 621 1324 677 ad
1355 632 1566 678 rectum
1590 622 1692 678 iter
1717 623 1964 679 retrahe-

357 726 519 771 rent:
551 716 694 771 unde
721 724 778 772 et
804 716 869 771 ad
892 716 1143 773 Ezechiel
1168 718 1440 788 loquitur:
1477 718 1872 790 Speculatorem
1918 729 1965 774 te

358 810 479 864 dedi
498 811 673 865 domui
692 809 860 867 Israel
876 811 1095 877 (Ezeclt.
1122 830 1175 880 v,
1203 813 1316 886 l7).
1342 816 1479 885 Ergo
1495 813 1788 870 .Ieroboam
1808 816 1964 886 quasi

360 904 675 973 speculator
698 904 858 960 datus
883 907 936 962 in
962 907 1161 976 populo
1182 919 1356 973 est,et
1376 907 1532 979 quasi
1558 908 1820 978 propheta
1842 924 1963 964 cum

361 997 475 1054 Deo
497 1015 640 1070 meo,
659 1000 760 1057 hoc
780 1009 884 1069 est,
901 1016 1022 1057 cum
1045 1002 1179 1069 Deo,
1203 1004 1293 1075 qui
1314 1002 1432 1058 hazc
1451 1000 1591 1058 Osee
1611 1002 1876 1072 Ιοιιυίιιιτ.
1895 1003 1967 1060 At

356 1093 448 1151 ille
472 1095 631 1165 justa
661 1096 715 1153 id
742 1098 885 1169 quod
916 1113 1079 1169 supra
1107 1099 1366 1170 scriptum
1403 1108 1519 1155 est:
1553 1098 1794 1171 Laqueus
1836 1100 1966 1172 facti

356 1189 478 1244 estis
499 1191 858 1263 speculationi,
876 1201 922 1245 et
941 1202 1045 1247 rete
1063 1210 1347 1265 expansum
1365 1212 1519 1267 super
1540 1194 1768 1262 Tltabor,
1792 1205 1840 1251 et
1862 1198 1967 1251 vic-

360 1286 514 1342 timas
536 1285 832 1343 declinastis
859 1290 909 1342 in
938 1290 1273 1361 profundum,
1307 1292 1471 1346 etiam
1504 1308 1647 1348 nunc
1673 1294 1856 1363 populi
1887 1293 1965 1349 Is-

358 1381 473 1437 rael
497 1380 719 1453 laqueus
736 1384 1066 1453 appellatur,
1088 1400 1153 1440 eo
1172 1384 1315 1456 quod
1333 1400 1524 1442 omnes
1546 1386 1601 1442 in
1628 1387 1827 1457 laqueo
1847 1387 1965 1459 ejus

357 1484 637 1541 corruant,
665 1478 897 1533 maxime
925 1494 1047 1534 cum
1080 1478 1347 1535 insaniam
1374 1480 1432 1535 in
1458 1480 1619 1535 domo
1651 1482 1742 1538 Dei
1772 1498 1966 1552 posue-

359 1568 455 1633 rit,
480 1570 596 1624 sive
621 1571 969 1636 continuerit,
996 1571 1049 1627 id
1072 1580 1178 1639 est,
1202 1571 1256 1627 in
1280 1571 1464 1628 Bethel
1485 1575 1714 1629 vitulum
1740 1592 1963 1631 aureum

362 1660 473 1734 97
503 1660 731 1732 fecerit,
772 1663 877 1720 hoc
915 1664 1061 1720 enim
1098 1665 1487 1736 interpretatur
1517 1667 1712 1723 domus
1743 1669 1840 1726 Dei
1869 1686 1882 1724 :
1911 1679 1967 1725 et

2067 433 2184 505 ipse
2212 435 2277 490 sit
2310 435 2415 501 via,
2449 435 2624 493 calcet
2648 444 2703 493 et
2732 436 2785 493 in
2817 452 3004 495 eorum
3026 439 3257 513 laqueis,
3287 442 3379 513 qui
3404 442 3673 501 insaniam

2066 528 2120 583 in
2152 528 2314 583 domo
2351 528 2444 586 Dei
2485 530 2887 589 confinxerunt.

2140 622 2320 695 (Vers.
2356 623 2442 688 10,
2477 624 2591 697 11.)
2626 626 2791 692 Quasi
2813 644 2937 684 uvas
2965 630 3019 685 in
3045 631 3245 686 deserto
3281 632 3451 687 inueni
3476 630 3673 703 Israel,

2064 715 2176 787 98
2198 717 2348 786 quasi
2373 717 2542 789 prima
2574 735 2727 789 poma
2750 720 2990 790 ﬁculnea:
3013 724 3067 777 in
3095 724 3362 779 cacumine
3384 729 3533 798 ejus,
3566 726 3676 781 vidi

2064 821 2235 881 patres
2257 828 2457 880 eorum,
2484 815 2585 884 ipsi
2606 826 2778 870 autem
2804 818 3126 874 intraverunt
3156 821 3225 873 ad
3250 819 3596 892 Beelpltegor,
3626 832 3675 876 et

2064 903 2278 959 alienati
2298 917 2416 960 sunt
2432 906 2491 971 in
2512 909 2890 979 confusionem,
2922 922 2966 966 et
2990 913 3115 982 [acti
3136 923 3255 967 sunt
3276 912 3671 984 abominabiles,

2064 996 2196 1051 sicut
2225 1015 2285 1052 ea
2316 1014 2432 1064 qua:
2460 1000 2770 1057 dilexerunt.
2805 1001 2952 1058 LXX
2980 1022 2995 1061 :
3032 1004 3179 1061 Sicut
3202 1022 3355 1061 uram
3389 1008 3444 1061 in
3470 1006 3674 1062 deserto

2065 1092 2234 1148 inveni
2265 1093 2454 1158 Israel,
2480 1106 2528 1150 et
2556 1097 2690 1151 sicut
2716 1098 2873 1168 ﬁcum
2896 1099 2949 1154 in
2979 1099 3165 1155 arbore
3184 1101 3315 1170 ﬁcus
3344 1111 3676 1169 temporanea

2064 1188 2169 1242 vidi
2199 1199 2369 1261 patres
2396 1207 2593 1259 eorum,
2621 1194 2723 1266 ipsi
2750 1202 2921 1248 autent
2951 1196 3169 1266 ingressi
3191 1193 3672 1266 suntBeelpItegor,

2066 1291 2110 1336 et
2143 1282 2426 1338 abalienati
2455 1297 2574 1339 sunt
2616 1287 2668 1339 in
2700 1287 3086 1358 confusionem,
3119 1296 3165 1342 et
3189 1289 3315 1360 facti
3343 1298 3461 1343 sunt
3486 1287 3678 1342 abomi-

2066 1377 2265 1432 nabiles
2299 1380 2430 1433 sicut
2459 1380 2656 1435 dilecti.
2695 1381 2801 1437 Pro
2844 1398 2953 1453 quo
2999 1382 3052 1438 in
3101 1382 3229 1438 aliis
3271 1382 3677 1453 exemplaribus

2066 1470 2295 1540 legimus
2322 1489 2334 1525 :
2358 1482 2405 1526 et
2427 1473 2556 1544 facti
2580 1482 2701 1527 sunt
2727 1472 2922 1541 dilecti,
2938 1474 3088 1545 quasi
3111 1474 3505 1539 abominabiles,
3529 1472 3677 1545 quod

2065 1568 2237 1638 magis
2281 1569 2534 1639 congruit
2561 1570 2797 1625 veritati.
2828 1570 2965 1625 Cutn
2999 1570 3178 1625 omnis
3224 1569 3377 1626 orbis
3406 1576 3551 1625 esset
3580 1568 3678 1624 de-

2067 1671 2264 1729 sertus,
2291 1672 2347 1718 et
2370 1663 2467 1719 Dei
2496 1664 2741 1720 notitiam
2788 1679 2895 1719 non
2928 1663 3173 1730 haberet,
3224 1664 3425 1731 inveni,
3459 1662 3557 1728 ait,
3583 1675 3681 1734 po—

360 1762 473 1809 tam
504 1755 768 1825 profunde
801 1757 855 1812 in
885 1758 1095 1815 scelere
1116 1759 1444 1829 peccaverit,
1477 1760 1743 1829 sicquein
1770 1761 1966 1832 impie-

2078 1756 2256 1826 pulum
2289 1755 2449 1811 Israel
2479 1757 2630 1827 quasi
2663 1772 2818 1812 uvam
2862 1757 2917 1812 in
2945 1756 3275 1824 solitudine,
3315 1766 3371 1812 et
3408 1754 3681 1827 quomodo

360 1846 488 1902 tatis
517 1847 835 1904 barathrum
866 1850 936 1905 sit
960 1849 1271 1920 demersus,
1307 1861 1364 1909 ut
1392 1853 1573 1908 vincat
1602 1854 1801 1921 scelus,
1825 1855 1969 1927 quod

358 1942 635 2013 quondam
667 1954 880 2015 gestum
926 1954 1009 2003 est
1039 1947 1093 2002 in
1138 1947 1351 2018 Gabaa,
1385 1948 1603 2019 quando
1634 1965 1861 2006 uxorem
1892 1952 1973 2007 Ie-

360 2036 486 2093 vita:
516 2040 848 2095 revertentis
877 2040 946 2096 de
978 2041 1257 2098 Bethleem
1299 2042 1491 2098 illicito
1537 2059 1802 2099 necavere
1843 2059 1973 2100 eon-

362 2131 548 2189 cubitu
592 2132 798 2206 (ludio.
845 2134 981 2207 xu).
1016 2136 1315 2193 Possumus
1360 2137 1481 2193 dies
1525 2135 1711 2195 Gabaa
1761 2137 1971 2193 etillud

363 2236 578 2298 tempus
604 2230 875 2299 accipere,
908 2230 1125 2301 quando
1155 2247 1252 2304 pro
1284 2233 1393 2288 Deo
1434 2232 1722 2305 elegerunt
1752 2232 1855 2288 sibi
1886 2248 1972 2289 re-

362 2335 487 2391 gem
514 2321 583 2377 de
608 2322 740 2393 urbe
773 2322 977 2391 Gabaa,
1011 2326 1062 2381 id
1091 2336 1195 2393 est,
1229 2327 1376 2383 Saul.
1411 2328 1474 2382 Et
1508 2328 1680 2383 multo
1704 2342 1850 2383 nunc
1878 2342 1973 2383 eos

365 2413 499 2470 dicit
544 2416 749 2487 majora
798 2432 1077 2487 peccasse,
1121 2419 1375 2489 eligendo
1421 2420 1709 2477 Jeroboam
1760 2431 1815 2477 et
1845 2422 1975 2477 ado-

364 2510 539 2566 raudo
572 2512 741 2578 idola,
771 2530 931 2582 quam
960 2530 1024 2571 eo
1048 2522 1317 2587 tempore,
1348 2532 1456 2588 quo
1486 2517 1774 2589 elegerunt
1801 2517 1927 2572 Saul
1958 2535 1970 2571 :

365 2604 453 2661 hie
499 2605 645 2663 enim
694 2609 976 2665 schismati
1010 2610 1173 2667 etiam
1222 2611 1530 2666 idololatria
1554 2612 1808 2683 copulata
1836 2623 1921 2667 est
1956 2628 1971 2669 :

366 2697 440 2757 ibi
466 2716 597 2756 vero
630 2702 722 2758 Dei
752 2705 930 2759 cultus
959 2707 1257 2775 permansit
1286 2708 1338 2761 in
1374 2707 1593 2777 populo.
1630 2706 1758 2763 Ideo
1786 2723 1973 2763 recor-

368 2796 587 2852 dabitur
610 2798 926 2871 iniquitates
954 2817 1168 2868 eorum,
1199 2804 1290 2873 qui
1334 2818 1477 2858 nunc
1511 2819 1607 2871 per
1652 2803 1973 2872 patientiam

378 2902 599 2963 putatur
628 2895 857 2961 oblitus,
888 2906 943 2953 et
965 2897 1208 2953 visitabit
1237 2898 1345 2970 [Αι.
1380 2897 1585 2971 visitet]
1619 2909 1836 2968 peccata
1880 2915 1977 2954 eo-

372 3000 514 3052 rum,
543 2996 598 3041 et
616 2991 863 3057 vulnera,
891 3006 1012 3060 quin
1037 2991 1202 3061 longo
1229 3000 1473 3062 tempore
1499 3002 1973 3062 computruerunt.

371 3076 601 3135 Veteres
624 3093 875 3138 scrutaris
902 3082 1180 3147 historias,
1206 3085 1453 3140 invenire
1481 3100 1589 3139 non
1615 3100 1836 3157 possum
1865 3088 1974 3142 sci-

2076 1865 2196 1903 eum
2229 1850 2517 1918 invenerit,
2548 1850 2677 1906 dicit
2712 1869 2726 1906 :
2760 1850 2912 1908 Sicut
2959 1853 3131 1922 prima
3184 1866 3345 1923 poma
3395 1850 3641 1906 ticuluete
3663 1889 3680 1918 ,

2077 1945 2131 2001 in
2161 1946 2443 2001 cacumine
2470 1946 2589 2017 ejus
2628 1945 2738 2002 vidi
2772 1957 2954 2017 patres
2991 1962 3203 2005 eorum.
3234 1946 3380 2018 Ergo
3408 1945 3463 2001 in
3507 1945 3683 2001 Abra-

2076 2038 2224 2106 ham,
2257 2041 2307 2095 in
2339 2040 2507 2107 Isaac,
2538 2052 2594 2097 et
2622 2039 3056 2097 Jacobinveutus
3070 2050 3154 2096 est
3175 2039 3429 2111 populus.
3460 2039 3528 2095 Et
3554 2050 3682 2095 nota

2077 2135 2485 2205 proprietatem,
2518 2144 2772 2205 parentes
2796 2136 3073 2204 videntur,
3106 2137 3335 2207 p0pnlus
3381 2137 3656 2193 invenitur

2074 2238 2130 2285 et
2158 2230 2208 2284 in
2242 2238 2470 2300 utroque
2512 2232 2666 2286 vinea
2709 2240 2815 2297 est,
2850 2242 2904 2287 et
2936 2232 3188 2299 ﬁculnea,
3239 2233 3340 2289 sub
3367 2233 3566 2301 quibus
3594 2249 3663 2290 re

2075 2326 2361 2394 quiescere
2390 2323 2588 2379 dicitur
2615 2326 2708 2395 qui
2740 2323 2968 2380 conlidit
2997 2325 3049 2380 in
3085 2324 3340 2383 Domino.
3372 2325 3479 2398 Ipsi
3501 2336 3682 2382 autem

2075 2416 2260 2472 educti
2304 2415 2372 2472 de
2417 2416 2677 2487 Egypto,
2730 2416 2980 2473 fornicati
3025 2426 3154 2474 sunt
3199 2434 3323 2474 cum
3378 2418 3685 2475 Madianitis

2076 2512 2266 2584 (Num.
2300 2512 2449 2586 xxv),
2493 2521 2549 2569 et
2592 2513 2827 2583 ingressi
2875 2524 3000 2569 sunt
3023 2512 3130 2586 [AL
3163 2512 3395 2587 egressi]
3423 2513 3492 2569 ad
3521 2513 3682 2569 Beel-

2076 2611 2283 2683 phegor
2310 2611 2514 2667 idolum
2547 2610 2929 2677 Moabitarum,
2957 2625 3120 2682 quem
3151 2625 3251 2666 nos
3278 2610 3537 2681 Priapum
3565 2624 3685 2681 pos-

2076 2721 2264 2762 sumus
2309 2706 2609 2777 appellare.
2646 2715 2672 2743 ει
2701 2706 2951 2776 Denique
2994 2708 3390 2778 interpretatur
3438 2705 3691 2775 Beelphe-

2076 2819 2192 2876 gor,
2219 2802 2419 2857 idolum
2455 2801 2752 2872 tentiginis,
2782 2800 2975 2856 habens
3005 2802 3059 2856 in
3086 2819 3195 2867 ore,
3232 2802 3285 2857 id
3311 2810 3426 2869 est,
3458 2803 3510 2857 in
3541 2817 3690 2857 sum-

2078 2897 2295 2963 mitate,
2330 2897 2549 2968 pellem;
2588 2907 2646 2952 ut
2687 2895 3078 2966 turpitudinem
3127 2896 3357 2953 membri
3382 2896 3556 2952 virilis
3598 2911 3689 2952 os-

2080 2989 2349 3045 tenderet.
2384 2989 2452 3044 Et
2482 2989 2605 3059 quia
2634 2989 2975 3044 intraverunt
3003 2990 3069 3044 ad
3096 2989 3458 3062 Beelphegor,
3487 2990 3691 3047 idcirco

2082 3083 2377 3138 abalienati
2408 3091 2535 3137 sunt
2559 3099 2589 3138 a
2619 3083 2754 3150 Deo,
2783 3082 3090 3138 confusioni
3129 3098 3264 3149 suae,
3314 3084 3364 3137 id
3394 3092 3509 3152 est,
3546 3083 3692 3140 idolo

375 3175 524 3231 disse
555 3178 878 3245 Ecclesiam,
929 3190 979 3235 et
1035 3182 1102 3238 de
1146 3182 1309 3237 domo
1359 3184 1576 3240 Domini
1616 3151 1859 3257 populus
1895 3202 1982 3243 se-
2006 3151 2052 3214 Ο
2088 3178 2406 3248 mancipati,
2441 3186 2500 3232 ut
2534 3188 2758 3248 propter
2797 3177 2940 3247 quod
2970 3186 3315 3234 recesserant
3337 3195 3365 3233 a
3390 3180 3526 3245 Deo,
3560 3179 3693 3235 illud

374 3270 619 3335 duxisse,
651 3283 855 3343 praeter
883 3289 979 3329 eos
1007 3277 1097 3347 qui
1127 3277 1444 3333 sacerdotes
1468 3296 1496 3333 a
1530 3279 1642 3335 Deo
1672 3281 1835 3350 positi
1872 3280 1986 3337 fuc-

374 3375 496 3418 rant
517 3368 571 3420 e't
596 3366 901 3436 pr0phetae,
933 3367 985 3423 id
1016 3380 1122 3438 est,
1152 3371 1550 3441 speculatores.
1586 3374 1678 3429 Isti
1706 3389 1837 3446 ergo
1866 3391 1988 3430 ver-

375 3464 563 3512 tuntur
594 3457 647 3512 in
681 3459 932 3529 laqueum
964 3469 1291 3530 tortuosum,
1328 3464 1379 3519 in
1421 3465 1679 3521 omnibus
1709 3466 1849 3522 locis
1899 3483 1986 3536 po-

373 3561 567 3606 nentes
596 3552 912 3609 scandalum
936 3599 950 3623 ,
1001 3564 1060 3609 ut
1105 3556 1435 3629 quicumque
1482 3574 1577 3629 per
1609 3560 1727 3615 vias
1766 3560 1981 3614 illorum

373 3642 654 3713 ingressus
685 3646 866 3715 fuerit,
894 3659 1133 3717 corruat,
1158 3660 1213 3705 et
1246 3651 1295 3705 iu
1326 3649 1543 3707 Christo
1565 3660 1713 3709 stare
1739 3669 1844 3709 non
1858 3669 1987 3725 pos-

373 3738 465 3804 sit,
494 3740 768 3809 variisque
800 3741 1101 3799 abducatur
1126 3745 1428 3809 erroribus,
1454 3756 1509 3802 et
1538 3749 1753 3803 semitis
1782 3758 1983 3803 tortuo-

374 3831 448 3887 sis
500 3833 565 3885 ad
615 3837 909 3906 praecipitia
963 3838 1260 3895 deferatur.
1320 3841 1381 3895 lli
1433 3851 1560 3896 sunt
1609 3842 1986 3914 speculatores

376 3924 660 3994 Ephraim,
710 3930 800 3999 qui
849 3930 1115 3988 insaniam
1166 3935 1217 3989 in
1271 3937 1434 3991 domo
1465 3937 1676 3993 Domini
1705 3939 1985 3994 confinxe-

370 4028 520 4085 runt,
553 4021 657 4075 hoc
682 4035 787 4085 est,
822 4024 874 4078 in
909 4024 1182 4095 Ecclesia,
1206 4030 1319 4086 sive
1345 4031 1395 4085 in
1426 4031 1723 4102 Scripturis
1752 4035 1979 4101 sanctis,

372 4126 633 4181 perverse
658 4130 751 4171 eas
784 4117 1233 4188 interpretantes,
1266 4123 1352 4178 vel
1383 4135 1537 4179 certe
1561 4124 1615 4179 in
1653 4140 1984 4196 unoquoque

375 4207 742 4273 credentium,
792 4211 884 4281 qui
928 4210 1124 4268 domus
1165 4214 1261 4270 Dei
1304 4217 1609 4273 rectissime
1649 4218 1983 4275 nominatur.

375 4303 673 4373 Propterea
704 4306 949 4376 corrupti
994 4316 1162 4375 sunt,
1215 4318 1270 4363 et
1314 4309 1645 4386 interierunt
1669 4311 1822 4381 juxta
1864 4312 1981 4369 dies

375 4398 553 4465 collis,
584 4400 800 4470 quando
827 4399 1169 4472 iniquitatem
1200 4404 1250 4457 in
1280 4404 1531 4459 excelsos
1556 4404 1724 4459 locuti
1750 4413 1899 4470 sunt,
1930 4420 1983 4460 et

371 4493 735 4550 ascenderunt
781 4496 834 4550 in
877 4506 1017 4552 tecta
1065 4511 1222 4552 vana.
1271 4496 1671 4554 Recordabitur
1711 4499 1853 4554 Deus
1878 4500 2015 4556 ini-.

371 4586 594 4654 quitatis
620 4604 829 4659 eorum,
864 4606 959 4660 per
989 4608 1147 4663 qttam
1180 4592 1359 4662 inique
1389 4602 1674 4662 gesserunt
1708 4595 1761 4650 in
1802 4598 1981 4666 proxio

375 4697 545 4746 mtuu,
578 4681 873 4739 cducentes
899 4700 1021 4741 eum
1067 4686 1133 4740 de
1162 4686 1402 4742 Ecclesia
1431 4728 1445 4753 ,
1492 4697 1547 4743 et
1589 4689 1829 4745 vi~itabit
1855 4706 1983 4760 pec-

372 4784 491 4828 cata
523 4789 735 4843 eorum,
764 4777 962 4847 quibus
986 4778 1040 4833 in
1062 4793 1189 4833 suas
1217 4780 1424 4834 animas
1452 4791 1839 4847 peccaverunt.
1869 4783 1980 4837 Hoc

372 4876 456 4923 est
484 4869 626 4938 quod
658 4868 709 4923 in
745 4870 951 4940 psalmo
981 4872 1214 4942 legimus
1249 4892 1259 4926 :
1293 4871 1459 4929 Juxta
1502 4878 1737 4931 semitam
1766 4878 1984 4932 scanda-

369 4963 479 5017 lum
508 4974 795 5036 posuerunt
836 4965 963 5019 mihi
1010 4964 1130 5039 (Ps.
1171 4983 1394 5034 cxxnx,
1427 4968 1506 5039 6).
1540 4969 1658 5026 Nisi
1685 4972 1827 5027 enim
1858 4973 1979 5041 quis

376 5060 469 5115 Dei
503 5060 703 5117 viderit
730 5061 1001 5127 semitam,
1034 5060 1087 5117 id
1116 5071 1229 5130 est,
1261 5060 1467 5119 Christi
1500 5079 1691 5119 nomen
1724 5065 1977 5133 audierit,

374 5171 480 5209 non
512 5155 848 5223 ingredietur
876 5172 972 5228 per
998 5173 1145 5214 eum.
1174 5157 1381 5215 Idcirco
1411 5168 1465 5214 et
1493 5158 1732 5215 bmretiei
1759 5160 1860 5216 sub
1887 5178 1980 5215 no-

376 5248 521 5304 mine
549 5250 753 5306 Christi
778 5252 929 5321 juxta
960 5253 1208 5307 semitam
1259 5263 1467 5323 ponunt
1496 5253 1720 5324 laqueos
1747 5297 1760 5321 ,
1795 5262 1852 5309 ut
1888 5254 1981 5325 qui

450 5379 475 5407 ἰ
514 5369 706 5423 Omnia
738 5379 1094 5441 corrumpunt
1119 5378 1335 5426 veteres
1358 5370 1767 5443 editiones,fubi
1792 5387 1983 5427 oecur-

373 5443 446 5499 rit
469 5446 725 5500 nonnulla
756 5444 1007 5501 lectionis
1027 5443 1348 5498 difficultas.
1371 5443 1469 5499 Hic
1491 5444 1653 5511 igitur
1676 5446 1975 5499 reclaman-

376 5515 523 5571 tibus
575 5532 709 5572 mss.
738 5517 1021 5573 codicibus
1056 5526 1269 5584 turpem
1325 5516 1697 5586 hujuscemodi
1750 5532 1811 5571 ac
1845 5516 1977 5570 falsa

374 5590 615 5663 retinent
643 5589 951 5653 lectionem,
978 5588 1211 5663 Denique
1227 5585 1611 5663 interpretatur
1635 5585 1975 5663 Βρειρὴρίῃον,

376 5660 600 5733 idolum,
634 5662 904 5733 tentigines
928 5660 1129 5715 habens
1170 5662 1221 5714 in
1257 5660 1373 5729 ore,
1388 5662 1443 5715 id
1463 5672 1557 5725 est,
1598 5662 1651 5715 in
1680 5662 1975 5715 summitate

375 5729 581 5804 pellem.
616 5729 941 5801 Quod'quam
974 5736 1044 5786 sit
1067 5733 1305 5804 absurde
1338 5737 1570 5804 positum
1598 5747 1719 5787 cum
1761 5748 1823 5787 ex
1856 5740 1971 5803 ety-

379 5803 612 5871 mologia
668 5806 901 5858 nominis
958 5802 1315 5876 Beelphegor,
1340 5802 1351 5804 ’
1380 5814 1489 5858 tum
1524 5806 1587 5857 cr;
1618 5802 1969 5872 consequenti

2086 3275 2352 3342 colerent,
2392 3274 2690 3329 secundum
2720 3273 2866 3344 quod
2896 3275 3161 3342 scriptum
3195 3284 3279 3330 est
3305 3293 3315 3329 :
3351 3274 3396 3328 Α
3424 3292 3527 3346 quo
3558 3275 3692 3330 enim

2083 3369 2199 3437 quis
2224 3376 2519 3439 superatur,
2552 3367 2709 3438 hujus
2730 3375 2775 3420 et
2808 3383 2983 3421 servus
3014 3375 3089 3421 est
3116 3365 3351 3440 (ILPetr.
3382 3383 3419 3421 ιι
3442 3413 3456 3437 ,
3493 3368 3609 3437 l9),
3639 3377 3694 3423 et

2085 3462 2225 3517 sicut
2251 3461 2395 3532 gula:
2420 3462 2746 3525 servientes,
2772 3459 2973 3516 habent
2995 3469 3241 3516 ventrem
3270 3461 3437 3517 Deum
3466 3459 3692 3534 (Philip.

2086 3552 2165 3625 ιιι)
2194 3573 2204 3607 :
2236 3555 2307 3609 ita
2332 3555 2420 3624 qui
2450 3554 2656 3609 libidini
2683 3553 3019 3623 deserviunt,
3048 3553 3212 3609 habet
3236 3555 3402 3610 Deum
3428 3554 3695 3625 Beelpbe-

2083 3668 2202 3722 gor.
2237 3649 2305 3705 Et
2332 3652 2455 3723 facti
2490 3661 2631 3718 sunt,
2664 3650 2861 3721 inquit,
2890 3652 3282 3721 abominabiles,
3326 3653 3463 3708 sicut
3491 3669 3552 3707 ea
3578 3670 3694 3725 quae

2085 3745 2406 3810 dilexerunt,
2432 3744 2585 3813 juxta
2619 3742 2750 3797 illud
2775 3741 2919 3813 quod
2944 3744 3211 3813 scriptum
3240 3753 3317 3799 est
3346 3745 3397 3798 in
3427 3743 3653 3799 Psalmis
3678 3764 3689 3799 :

2088 3840 2296 3897 Similes
2326 3840 2430 3893 illis
2455 3839 2580 3906 [iant
2600 3839 2687 3909 qui
2713 3838 2910 3909 faciunt
2936 3854 3017 3905 ea,
3048 3848 3096 3892 et
3112 3854 3285 3892 omnes
3306 3838 3399 3908 qui
3422 3838 3692 3909 conﬁdunt

2085 3938 2137 3988 in
2167 3936 2241 3988 eis
2269 3934 2391 4005 (Ps.
2417 3949 2634 3996 cxxxtv,
2665 3932 2779 4004 18).
2812 3941 2868 3986 ιιι
2892 3948 2997 3986 non
3022 3932 3199 3986 solum
3230 3931 3563 3997 idololatrae,
3595 3931 3692 3989 sed

2085 4029 2227 4085 idola
2280 4037 2678 4096 nuncupentur.
2727 4027 2951 4083 Dicente
2998 4037 3180 4082 autem
3224 4025 3456 4081 Domino
3484 4026 3537 4081 in
3569 4041 3695 4097 pas-

2084 4128 2239 4181 sione
2264 4141 2360 4182 sua
2392 4144 2403 4179 :
2441 4122 2699 4177 Torcular
2735 4122 2933 4177 calcari
2964 4121 3129 4188 solus,
3161 4131 3209 4175 et
3235 4122 3300 4175 de
3327 4121 3561 4193 gentibus
3589 4139 3692 4177 non

2084 4230 2159 4275 est
2185 4220 2264 4274 uir
2295 4235 2489 4273 mecum
2514 4215 2823 4285 (Isa.thIt,
2857 4217 2939 4285 '5).
2976 4216 3043 4271 Et
3072 4217 3125 4271 in
3164 4215 3377 4287 psalmo
3410 4234 3425 4270 :
3477 4214 3692 4273 Salvum

2085 4329 2165 4367 me
2194 4316 2299 4383 fac,
2328 4309 2570 4373 Domine,
2604 4311 2851 4381 quoniam
2896 4308 3087 4381 defecit
3126 4318 3338 4363 sanctus
3364 4306 3485 4378 (Ps.
3520 4323 3579 4376 II,
3616 4304 3693 4379 Ι).

2084 4405 2220 4459 Cum
2252 4404 2429 4458 omnis
2460 4402 2695 4457 mundus
2728 4410 3004 4457 teneretur
3034 4402 3088 4455 in
3134 4410 3377 4471 peccato,
3409 4410 3466 4457 et
3501 4409 3694 4471 gentes

2088 4498 2404 4566 ignorarent
2436 4496 2625 4562 Deum,
2660 4506 2713 4551 et
2743 4494 2909 4551 Israel
2942 4494 3234 4566 repulisset
3262 4510 3423 4565 quem
3448 4503 3576 4550 ante
3604 4509 3698 4549 co-
3726 4558 3731 4561 ν

2086 4601 2379 4664 gnoverat,
2414 4592 2646 4662 primum
2680 4591 2736 4645 in
2762 4589 3047 4659 apostolis,
3077 4599 3131 4645 et
3173 4589 3226 4643 in
3257 4588 3573 4657 apostolicis
3614 4588 3701 4642 vi-

2087 4684 2196 4753 ris,
2240 4685 2448 4740 invenit
2494 4683 2756 4739 Dominus
2796 4683 3103 4754 Israe199
3145 4680 3401 4752 populant
3430 4678 3700 4736 Christia-

2086 4795 2239 4845 num,
2261 4787 2317 4834 et
2345 4793 2509 4833 sensu
2532 4777 2810 4833 videntem
2838 4776 3007 4831 Deum
3035 4795 3048 4831 :
3073 4786 3127 4831 et
3151 4774 3484 4833 dulcissimis
3504 4789 3696 4830 eorum

2082 4874 2314 4929 satiatus
2340 4881 2423 4927 est
2449 4872 2743 4936 fructibus,
2778 4885 2883 4925 uva
2916 4879 2976 4927 et
3005 4870 3135 4938 ficu,
3170 4885 3292 4942 qua:
3320 4869 3365 4925 si
3396 4869 3448 4923 in
3478 4867 3696 4923 deserto

2081 4967 2461 5036 inveniantur,
2494 4976 2548 5023 et
2593 4965 2823 5023 necdum
2856 4974 3069 5021 maturo
3106 4975 3373 5033 tempore,
3407 4962 3477 5017 ob
3502 4959 3697 5016 rarita-

2084 5073 2193 5119 tem
2223 5063 2449 5133 majoris
2472 5069 2599 5117 sunt
2622 5060 2833 5130 gratiae.
2863 5058 2969 5127 Ipsi
2997 5067 3205 5123 autem,
3238 5055 3340 5110 hoc
3368 5063 3475 5122 est,
3502 5052 3697 5121 Israel,

2086 5158 2176 5228 qui
2206 5158 2307 5212 sibi
2352 5155 2738 5212 Christianum.
2757 5168 2955 5209 nomen
2998 5158 3283 5208 assumunt
3312 5147 3521 5222 (neque
3549 5147 3697 5202 enim

2088 5253 2156 5309 de
2186 5252 2428 5323 patribus
2448 5248 2857 5321 intelligendum
2882 5245 3009 5317 est),
3036 5247 3377 5301 intraverunt
3404 5241 3471 5297 ad
3495 5240 3698 5297 idolum

2086 5370 2521 5434 commentario,
2575 5368 2666 5424 ubi
2712 5367 2950 5428 dicitur,
3007 5366 3335 5419 intraverunt
3391 5361 3462 5434 ad
3499 5360 3701 5434 idolum

2087 5442 2438 5519 Deelpltegor,
2480 5431 2621 5519 qugd
2649 5438 2799 5519 liabet
2829 5440 2881 5491 in
2915 5452 3003 5490 ore
3028 5436 3236 5519 pellem,
3286 5433 3574 5519 manifeste
3603 5431 3699 5519 de-

2085 5510 2346 5571 claratur:
2376 5510 2517 5583 Ergo
2545 5510 2886 5579 Beelphegor
2915 5524 3038 5583 non
3073 5510 3495 5583 interpretatur,
3548 5510 3701 5583 tenti:

2081 5589 2228 5661 gines
2244 5585 2436 5642 habens
2450 5575 2519 5639 in
2541 5600 2629 5639 ore
2650 5575 2809 5661 {sed
2836 5590 2953 5661 erat
2983 5580 3187 5661 idolum
3226 5575 3509 5661 tentignis,
3555 5575 3699 5661 quod

2080 5650 2308 5730 propter
2335 5673 2530 5714 nomen
2551 5650 2870 5730 11W,
2889 5650 3255 5730 Beelpheqor,
3300 5650 3699 5730 interpretatur

2080 5721 2269 5785 habens
2315 5733 2367 5783 in
2420 5745 2506 5782 ore
2551 5725 2763 5799 pellent.
2823 5721 3318 5783 ΜΑιιτί--ιΝοὲιιὶ
3343 5728 3505 5789 m58.,
3538 5721 3693 5776 idest

2083 5802 2282 5857 idaltid:
2327 5801 2617 5867 tentiginis.
