4150 6346
398 240 501 300 897

1224 231 1882 297 COMMENTARIORUM
1921 234 1988 295 IN
2029 236 2209 298 OSEE
2250 234 2379 295 LIB.
2421 238 2485 297 ll.
2529 239 2681 297 CAP.
2722 238 2816 298 IX.

3600 241 3706 301 898

396 354 758 428 Beelpbegor,
810 354 951 423 quod
1002 353 1168 413 habet
1215 357 1269 413 in
1318 374 1414 415 ore
1463 358 1680 428 pellem.
1730 358 1997 427 Quidquid
2025 370 2076 425 Α
2104 374 2320 413 onmem
2352 357 2580 428 gloriam
2620 358 2787 414 Israel
2830 355 3019 414 habui:
3047 358 3099 414 in
3132 359 3504 426 multitudine,
3548 370 3605 418 et
3653 362 3706 417 in

292 453 296 457 ’
396 454 542 508 enim
568 450 808 522 loquitur
836 450 1147 520 hmreticus,
1172 452 1512 509 mortiferum
1538 461 1641 522 est,
1663 463 1716 509 et
1738 470 1766 507 a
1792 454 2005 509 vivente

397 547 493 603 Dei
525 561 778 603 sermone
826 545 1155 616 sejunctum.
1190 548 1315 604 Sive
1346 548 1692 604 intraverunt
1729 548 1795 604 ad
1826 548 2007 605 libidi-

397 657 521 697 nem
557 658 571 696 :
603 639 833 697 difﬁcile
865 649 949 697 est
973 640 1119 697 enim
1146 640 1462 697 baereticum
1489 642 1757 713 reperire,
1788 643 1877 713 qui
1915 640 2002 697 di-

399 735 532 808 ligat
551 735 879 803 castitatem,
910 751 1018 792 non
1047 737 1191 809 quod
1235 752 1353 794 eam
1399 737 1659 810 praeferre
1690 736 1918 794 desistat
1946 736 2002 794 in

397 831 582 901 labiis,
611 830 706 888 sed
735 830 880 903 quod
910 846 1016 887 non
1046 839 1227 888 servet
1256 832 1307 888 in
1335 831 1667 889 conscientia
1687 872 1702 898 ,
1752 829 1891 885 aliud
1921 829 2006 887 lo-

396 939 590 997 quens,
610 922 825 980 etaliud
847 922 1050 980 faciens
1069 941 1083 989 ;
1107 924 1252 981 unde
1277 933 1332 981 et
1348 923 1640 980 abalienati
1663 928 1790 978 sunt
1811 937 1838 977 a
1862 921 1997 991 Deo,

398 1027 454 1074 et
471 1017 673 1074 habent
697 1017 930 1087 gloriam
953 1017 1007 1071 in
1031 1016 1410 1073 confusionem
1440 1031 1616 1085 suam,
1643 1024 1698 1071 et
1722 1014 1848 1071 facti
1875 1022 2002 1071 sunt

397 1110 815 1176 abominabiles.
859 1114 950 1182 qui
983 1111 1133 1182 prius
1162 1112 1530 1183 diligebantur
1556 1111 1608 1166 in
1640 1110 1905 1182 patribus.
1940 1108 1999 1167 Si

396 1215 577 1261 autem
600 1204 938 1261 voluerimus
960 1205 1161 1277 legere,
1182 1208 1307 1277 [acti
1330 1217 1451 1263 sunt
1475 1205 1868 1270 abominabiles,
1891 1204 1997 1259 sic—

397 1308 452 1354 ut
479 1298 689 1365 dilecti,
730 1299 874 1369 quod
906 1309 1082 1357 tamen
1109 1302 1160 1356 in
1193 1302 1461 1358 Hebraieo
1483 1318 1590 1357 non
1615 1300 1846 1356 habetur
1876 1318 1888 1354 :
1917 1301 1999 1354 di-

396 1407 581 1449 cemus
603 1392 676 1448 ita
704 1391 876 1449 factos
902 1408 1023 1450 esse
1047 1393 1305 1465 gentiles,
1324 1396 1412 1464 qui
1436 1402 1560 1449 sunt
1582 1392 1995 1460 abominabiles,

394 1487 668 1559 quomodo
711 1497 768 1545 et
810 1489 1097 1545 haereticos
1127 1489 1219 1561 qui
1251 1490 1398 1561 prius
1425 1488 1790 1560 diligebantur
1819 1490 1869 1543 in
1900 1503 1995 1559 pa-

393 1581 590 1648 tribus,
633 1581 736 1638 hoc
763 1592 869 1651 est,
904 1592 960 1637 ut
988 1591 1043 1639 et
1072 1584 1147 1649 hi,
1181 1590 1235 1638 et
1260 1582 1337 1637 illi
1368 1584 1572 1654 pariter
1602 1580 1993 1637 abominabiles

392 1672 501 1729 sint
527 1684 582 1730 et
608 1674 785 1745 culpa:
812 1675 912 1730 rei.

2109 467 2176 508 eo
2203 468 2263 508 se
2302 451 2564 523 majorem
2596 451 2898 508 arbitratus
2928 462 3010 509 est
3044 452 3179 509 Jnda
3211 453 3378 511 fratre
3410 469 3547 523 suo,
3579 455 3709 525 quia

2107 544 2225 617 ipse
2253 547 2441 602 decem
2471 545 2741 613 tribubus,
2776 547 2870 602 ille
2901 546 3112 603 duabus
3146 548 3380 619 prmfuit.
3415 547 3570 605 Unde
3599 549 3707 604 Do-

2106 640 2285 697 minus
2315 640 2572 713 loquitur,
2619 640 2766 711 quod
2794 642 2958 697 etiam
3001 641 3048 697 si
3083 641 3420 698 enutrierint
3458 641 3623 709 filios,
3655 652 3712 699 et

2105 735 2404 794 liberorum
2448 736 2847 793 multitudinem
2879 738 3377 808 congregaverint,
3427 738 3709 794 tradentur

2105 831 2225 888 neci
2270 851 2281 887 :
2315 840 2368 888 et
2412 846 2557 888 nunc
2586 831 2670 887 eis
2697 845 2887 887 verum
2935 829 3216 887 incumbat
3243 847 3354 899 γε),
3383 846 3507 887 cum
3538 831 3608 887 ab
3631 832 3711 889 eis

2105 925 2395 981 recesserit
2444 926 2606 981 Deus.
2658 924 2727 980 Et
2776 931 3181 996 consequenter
3227 925 3472 996 exponit,
3529 926 3711 997 qualis

2102 1021 2371 1092 quondam
2401 1021 2566 1077 fuerit
2592 1019 2880 1091 Ephraim,
2905 1020 2996 1088 qui
3026 1027 3151 1075 tunc
3175 1018 3427 1076 desertus
3450 1028 3535 1076 est
3559 1037 3571 1074 :
3598 1028 3705 1076 tam

2102 1115 2354 1185 pulcher,
2402 1113 2601 1185 inquit,
2634 1123 2769 1181 erat,
2803 1122 2861 1169 et
2891 1113 2970 1169 sic
2996 1112 3094 1169 Dei
3139 1112 3453 1169 vallabatur
3483 1114 3711 1182 auxilio;

2102 1219 2161 1266 ut
2199 1209 2374 1283 Tyrus
2406 1225 2528 1281 qum
2572 1209 2707 1264 mari
2749 1207 3002 1279 cingitur,
3044 1206 3131 1262 vel
3152 1218 3327 1275 certe,
3364 1216 3421 1262 ut
3454 1211 3710 1279 scopulus

2100 1306 2450 1373 durissimus,
2478 1305 2567 1375 qui
2596 1303 2733 1360 fixus
2758 1305 2808 1360 in
2839 1312 3008 1371 terra,
3035 1317 3227 1359 omnes
3251 1303 3556 1359 contemnit
3583 1319 3711 1376 pro-

2099 1401 2294 1469 cellas,
2337 1409 2393 1454 et
2432 1400 2498 1454 de
2539 1398 2855 1455 turbinibus
2898 1399 3187 1469 ventisque
3230 1412 3337 1453 non
3382 1407 3557 1454 curat.
3591 1399 3712 1470 Ipse

2098 1502 2302 1561 autem,
2341 1493 2391 1548 id
2422 1502 2526 1558 est,
2560 1492 2847 1563 Ephraim,
2887 1491 3001 1547 sive
3026 1492 3235 1561 Tyrus,
3285 1507 3407 1562 quae
3434 1499 3553 1547 erat
3594 1491 3717 1548 luno

2095 1586 2217 1643 data
2251 1588 2303 1641 in
2336 1587 2501 1642 maris
2533 1584 2939 1654 pulchritudine
2971 1582 3079 1658 [AL
3110 1582 3494 1657 plenitudine],
3518 1586 3716 1646 educet

2096 1680 2163 1735 ad
2199 1681 2566 1750 captivitatem
2609 1677 2749 1732 filios
2786 1693 2938 1733 suos.
2976 1676 3128 1733 Multi
3161 1677 3265 1733 hoc
3312 1678 3609 1749 capitulum
3641 1678 3711 1737 ad

464 1769 644 1842 (Vers.
678 1769 792 1842 12.)
826 1769 1080 1839 Ephraim
1108 1769 1258 1841 quasi
1284 1771 1392 1825 uvis
1422 1770 1641 1825 avolavit
1676 1786 1695 1824 :
1721 1769 1890 1843 gloria
1914 1785 1999 1823 ρο-
2026 1771 2075 1833 Β
2102 1774 2316 1829 Azaelis
2347 1781 2595 1842 tempora
2624 1771 2894 1837 referunt,
2922 1771 3013 1843 qui
3056 1771 3271 1827 obsedit
3297 1771 3624 1840 Samariam,
3657 1780 3713 1829 et

388 1880 557 1919 ruma
580 1874 755 1936 partu,
778 1873 825 1919 et
848 1863 910 1919 ab
938 1873 1108 1932 utero,
1138 1874 1184 1919 et
1205 1883 1235 1919 a
1265 1874 1512 1936 conceptu
1541 1880 1560 1919 :
1582 1864 1721 1936 quod
1742 1874 1788 1918 et
1807 1864 1852 1918 si
1874 1880 1999 1917 emt--

390 1960 592 2014 trierint
622 1958 763 2030 ﬁlios
790 1976 934 2027 suos,
956 1960 1143 2029 absque
1170 1960 1344 2014 liberis
1371 1975 1459 2013 eos
1483 1960 1673 2029 faciam
1702 1960 1753 2012 in
1776 1957 1995 2013 homini-

389 2050 501 2105 bus.
533 2051 638 2107 Sed
672 2060 719 2106 et
756 2067 833 2106 va:
862 2051 933 2105 eis
963 2067 1078 2105 cum
1105 2067 1362 2106 recessero
1401 2050 1465 2105 ab
1502 2051 1596 2106 eis.
1626 2049 1907 2123 Ephraim,
1943 2058 1998 2102 ut

385 2145 513 2213 vidi,
547 2144 713 2218 Tyrus
736 2156 848 2201 erat
878 2146 1100 2219 fundata
1127 2147 1179 2200 in
1211 2145 1640 2217 pulchritudine:
1671 2154 1718 2199 et
1743 2144 1998 2217 Ephraim

387 2240 567 2296 educet
617 2241 685 2295 ad
733 2241 1112 2312 interfectorem
1148 2239 1289 2311 ﬁlios
1328 2258 1469 2296 suos.
1521 2239 1665 2295 LXX
1696 2258 1708 2295 :
1742 2239 1998 2311 Ephraim

386 2335 537 2406 quasi
565 2335 673 2389 avis
711 2332 935 2390 avolavit
979 2350 996 2387 :
1026 2333 1195 2405 gloria
1223 2350 1404 2390 eorum
1431 2335 1485 2388 in
1517 2344 1691 2404 partu,
1719 2342 1763 2387 et
1794 2333 1847 2386 in
1879 2348 1999 2401 par-

388 2427 720 2483 turitionibus
743 2435 789 2484 et
820 2437 1108 2499 conceptu:
1131 2429 1254 2499 quia
1284 2428 1439 2482 etiam
1455 2428 1502 2481 si
1529 2426 1833 2481 enati-ierint
1863 2426 1998 2494 ﬁlios

386 2542 528 2593 suos,
562 2524 673 2579 sine
699 2523 825 2596 ﬁliis
853 2533 1008 2578 erunt
1036 2524 1088 2577 in
1114 2524 1409 2578 hominibus
1434 2539 1451 2577 :
1472 2523 1593 2595 quia
1616 2530 1662 2577 et
1689 2538 1766 2577 va:
1788 2522 1859 2575 eis
1880 2531 1954 2576 est
1979 2536 1999 2576 .'

390 2636 517 2674 caro
555 2635 669 2675 mea
697 2636 761 2674 ex
790 2619 888 2674 eis.
932 2617 1223 2691 Ephraim,
1271 2620 1403 2673 sicut
1434 2618 1574 2685 vidi,
1621 2617 1676 2671 in
1707 2617 1999 2689 captionem

391 2714 609 2787 prwbuit
641 2713 780 2782 ﬁlios
808 2729 929 2771 suos
956 2729 975 2769 :
1000 2722 1046 2768 et
1081 2711 1359 2785 Ephraim,
1390 2720 1446 2768 ut
1477 2712 1719 2768 educeret
1743 2712 1811 2766 ad
1840 2712 2001 2766 inter-

392 2808 665 2880 fectionem
686 2808 825 2879 ﬁlios
848 2823 997 2862 suos.
1025 2807 1251 2863 Multum
1277 2807 1330 2862 in
1362 2806 1464 2862 hoc
1486 2807 1609 2862 loco
1638 2807 1778 2863 inter
1802 2821 1863 2864 se
1890 2806 2000 2863 dis-

392 2901 624 2958 cordant
672 2903 1021 2973 interpretes.
1053 2901 1111 2958 In
1144 2918 1211 2959 eo
1253 2904 1399 2959 enim
1441 2903 1597 2970 loco,
1653 2904 1705 2959 in
1760 2920 1868 2974 quo
1900 2920 1999 2960 nos

394 2996 630 3054 diximus
649 3038 665 3064 ,
690 3014 765 3052 va:
790 2997 865 3053 eis
895 3015 1012 3052 cum
1040 3014 1298 3054 recessero
1326 3001 1392 3054 ab
1425 3001 1527 3065 eis,
1560 3001 1915 3071 Septuaginta
1946 3011 1998 3055 et

396 3090 737 3148 Theodotion
779 3092 1198 3159 transtulerunt,
1238 3108 1315 3149 vce
1355 3095 1450 3162 eis,
1500 3111 1621 3149 caro
1650 3110 1762 3149 mea
1790 3112 1851 3149 ea:
1878 3096 1948 3149 eis
1981 3111 2000 3149 :

2100 1868 2262 1939 longo
2291 1877 2541 1936 tempore
2578 1864 2768 1921 afﬂixit
2820 1864 2982 1932 fame,
3018 1875 3075 1921 ut
3115 1865 3293 1922 levius
3321 1865 3713 1923 arbitrarentur

2100 1961 2308 2018 obsessi
2340 1960 2530 2032 gladio
2563 1959 2739 2029 perire
2760 2001 2773 2026 ,
2808 1975 2972 2029 quam
3008 1959 3187 2015 inedia
3213 1959 3306 2031 (IV
3334 1960 3467 2032 Reg.
3500 1975 3580 2025 vt,
3611 1976 3706 2028 vn,

2099 2065 2146 2110 et
2193 2055 2338 2125 vm).
2382 2054 2493 2109 Nos
2559 2062 2741 2109 autem
2810 2052 3056 2110 dicamus
3101 2053 3258 2124 juxta
3302 2055 3708 2126 tropologiam,

2101 2146 2388 2216 Ephraim,
2426 2147 2476 2203 id
2507 2156 2610 2213 est,
2643 2146 2951 2217 haereticos,
2986 2148 3137 2220 quasi
3166 2164 3321 2205 avem
3360 2150 3431 2205 de
3465 2150 3711 2209 Ecclesia

2099 2243 2422 2309 recessisse,
2455 2242 2511 2298 et
2553 2256 2774 2298 omnem
2822 2242 3028 2299 habere
3071 2244 3299 2314 gloriam
3358 2244 3409 2300 in
3444 2256 3623 2317 partu.
3657 2254 3715 2304 et

2099 2335 2155 2390 in
2188 2343 2368 2403 utero,
2405 2346 2460 2391 et
2492 2335 2543 2389 in
2574 2346 2867 2406 conceptu,
2900 2335 2944 2390 si
2977 2336 3179 2391 multos
3215 2339 3506 2408 genuerint
3538 2339 3707 2409 filios,

2100 2444 2240 2499 quos
2272 2428 2529 2484 Dominus
2555 2428 2944 2492 comminatur,
2977 2427 3196 2484 etiamsi
3228 2430 3452 2484 enutriti
3484 2429 3707 2499 fuerint,

2100 2530 2158 2578 et
2214 2522 2369 2595 101
2427 2520 2750 2591 puniendos,
2803 2535 2909 2577 non
2942 2521 3010 2576 ab
3049 2521 3158 2577 alio
3204 2522 3481 2593 quolibet,
3516 2522 3613 2579 sed
3641 2523 3711 2578 ah

2102 2616 2221 2687 ipso
2242 2614 2497 2682 Domino,
2528 2614 2784 2686 quoniam
2810 2614 2949 2670 tilios
2972 2614 3351 2672 fornicationis
3373 2616 3713 2686 generarint,

2100 2716 2158 2764 et.
2180 2723 2369 2764 verum
2403 2708 2510 2763 illis
2539 2708 2609 2763 sit
2639 2723 2747 2768 vae.
2770 2723 2894 2763 cum
2924 2707 3071 2763 Deus
3099 2710 3390 2764 recesserit
3410 2702 3479 2764 ab
3504 2709 3603 2765 eis.
3630 2709 3717 2767 Si-

2104 2801 2329 2873 mulque
2361 2800 2586 2872 replicat
2614 2800 2790 2871 qualis
2816 2800 2981 2857 fuerit
3011 2801 3270 2873 Ephraim
3302 2821 3316 2855 :
3351 2804 3592 2876 quando,
3626 2804 3716 2861 in-

2103 2896 2240 2967 quit,
2275 2896 2327 2951 iu
2356 2894 2599 2952 Ecclesia
2625 2906 2762 2963 erat,
2791 2896 2866 2951 ita
2889 2895 3083 2951 sa‘culi
3111 2895 3270 2968 hujus
3295 2899 3712 2970 tentationibus,

2101 2992 2257 3063 quasi
2304 2990 2482 3063 Tyrus
2526 2988 2692 3045 maris
2740 2988 2996 3045 fluctibus
3026 2989 3380 3059 tundebatur,
3428 3002 3484 3049 et
3529 3002 3713 3050 tamen

2106 3085 2239 3141 nihil
2266 3084 2487 3141 adversi
2519 3093 2733 3155 poterat
2762 3085 3058 3152 sustinere,
3092 3084 3219 3156 quia
3250 3084 3487 3142 habebat
3518 3086 3715 3142 funda-

395 3201 750 3258 quterensque
775 3202 997 3243 causam
1021 3202 1120 3243 cur
1145 3187 1215 3242 sit
1244 3195 1391 3243 tanta
1415 3188 1668 3252 varietas,
1701 3188 1839 3243 hanc
1866 3186 1998 3242 mihi
2028 3169 2075 3235 C
2105 3187 2349 3233 mentum
2371 3175 2594 3243 Christi,
2639 3191 2804 3246 super
2836 3191 2945 3246 quo
2977 3175 3244 3232 aedificata
3274 3177 3500 3245 domus,
3542 3179 3717 3237 everti

398 3280 592 3337 videor
621 3281 887 3351 reperisse
912 3299 926 3335 :
951 3280 1088 3335 Caro
1116 3296 1229 3336 mea
1252 3321 1268 3348 ,
1316 3281 1493 3352 lingua
1542 3280 1769 3336 Hebrtca
1804 3279 2004 3336 dicitur

398 3386 587 3430 assam
620 3374 823 3447 (tm)
857 3392 870 3428 :
900 3390 1118 3429 rursum
1148 3372 1198 3428 si
1225 3374 1490 3441 dicamus,
1525 3374 1744 3429 recessio
1771 3390 1905 3441 mea,
1931 3373 2006 3427 si-

398 3486 489 3538 ve,
536 3470 814 3525 declinatio
844 3486 979 3535 mea,
1026 3468 1227 3524 dicitur
1271 3483 1456 3524 BASORI
1499 3468 1742 3543 (tam).
1776 3468 2006 3538 Septua-

399 3564 548 3636 ginta
576 3563 736 3634 igitur
773 3571 828 3619 et
848 3562 1197 3619 Theodotion
1228 3577 1327 3633 pro
1358 3578 1447 3630 eo,
1477 3562 1622 3635 quod
1665 3571 1750 3619 est
1786 3564 2007 3618 recessio

402 3674 536 3725 mea,
564 3666 617 3713 et
641 3658 924 3712 declinatio
951 3674 1086 3725 mea,
1114 3664 1419 3723 verterunt,
1446 3672 1568 3711 caro
1610 3672 1742 3710 mea.
1768 3655 2004 3710 Rursum

402 3750 493 3809 ubi
512 3767 611 3807 nos
635 3751 910 3820 posuimus
937 3769 950 3807 :
978 3748 1253 3823 Ephraim,
1278 3760 1335 3806 ut
1352 3750 1478 3815 vidi,
1500 3748 1670 3822 Tyrus
1692 3759 1821 3818 erat,
1852 3748 2010 3820 100

406 3846 760 3917 Septuaginta
794 3845 1137 3915 interpretati
1184 3852 1341 3909 sunt,
1372 3848 1527 3923 θήραν
1551 3886 1566 3910 ,
1600 3843 1651 3898 id
1692 3853 1779 3898 est
1802 3884 1817 3910 ,
1849 3858 2006 3898 vena-

408 3941 619 4011 tionem,
672 3939 789 3995 sive
844 3949 1116 4012 capturam
1155 3954 1174 3993 :
1220 3938 1416 4010 Aquila
1463 3946 1521 3994 et
1563 3936 1923 4009 Symmachus
1956 3942 2013 3992 et

406 4031 779 4099 Theodotion,
806 4044 1006 4105 petram
1032 4032 1383 4098 clarissimam,
1414 4031 1467 4086 id
1497 4041 1601 4096 est,
1632 4030 1861 4101 silicem,
1891 4045 2011 4102 qute

408 4127 592 4198 lingua
616 4127 877 4185 l‘lebraica
894 4128 1311 4199 appellatur‘sun
1332 4126 1512 4201 (113);
1532 4125 1678 4199 quod
1701 4126 1745 4182 si
1767 4127 2012 4198 legamus

405 4233 528 4291 son,
550 4222 715 4294 Tyrus
735 4222 958 4278 dicitur.
977 4222 1240 4278 Putantes
1265 4232 1443 4277 autem
1468 4219 1820 4291 Septuaginta
1844 4220 2013 4275 inter-

409 4326 593 4390 pretes
620 4318 689 4372 ob
724 4316 1026 4372 litterarum
1075 4314 1492 4372 similitudinem
1534 4328 1632 4369 nes
1677 4323 1733 4371 et
1774 4329 2007 4383 onera,

410 4424 520 4465 non
543 4424 668 4465 esse
696 4425 813 4477 nes,
838 4408 932 4464 sed
955 4424 1193 4477 pacem,
1220 4408 1470 4479 legerunt
1496 4424 1617 4476 suo,
1648 4407 1701 4463 id
1728 4416 1833 4473 est,
1860 4424 2014 4461 vena-

411 4502 635 4570 tionem,
670 4501 783 4556 sive
821 4510 1113 4573 capturam,
1142 4501 1290 4558 unde
1316 4510 1371 4558 et
1396 4516 1696 4558 narusama
1726 4500 2012 4574 (mima)

2109 3285 2217 3325 non
2246 3278 2425 3342 potest
2448 3268 2671 3339 (Matth.
2704 3264 2824 3340 vn).
2860 3266 3013 3323 Nunc
3040 3279 3223 3325 autem
3255 3268 3396 3325 ﬁlios
3426 3285 3554 3326 suos
3582 3272 3718 3329 edu-

2108 3364 2181 3420 cit
2206 3362 2278 3418 ad
2304 3360 2710 3418 interfectorem
2741 3379 2755 3417 :
2790 3361 2892 3416 hoc
2918 3369 3022 3429 est,
3059 3362 3127 3417 ad
3160 3362 3458 3418 diabolum.
3493 3362 3719 3437 Et'pul-

2108 3456 2241 3513 chre
2264 3456 2425 3525 dixit,
2458 3454 2663 3520 educit,
2698 3454 2753 3510 id
2783 3463 2891 3522 est,
2918 3454 2987 3510 de
3018 3455 3261 3513 Ecclesia
3293 3457 3420 3514 facit
3445 3457 3598 3517 exire
3630 3460 3717 3515 fo-

2107 3565 2219 3606 ras.
2253 3553 2549 3605 Possumus
2576 3547 2716 3604 filios
2744 3546 3028 3619 Ephraim,
3062 3548 3428 3620 cogitationes
3452 3551 3719 3622 pessimas

2109 3643 2316 3712 dicere,
2348 3653 2401 3699 et
2427 3643 2706 3699 contraria
2737 3642 2994 3714 dogmata
3024 3643 3276 3710 veritati,
3309 3660 3430 3717 qua:
3461 3646 3722 3704 interficit

2112 3739 2374 3796 Dominus
2403 3740 2597 3811 spiritu
2638 3737 2750 3794 oris
2775 3739 2878 3807 sui,
2922 3747 2980 3795 et
3008 3754 3103 3795 eos
3128 3740 3262 3797 tales
3292 3740 3497 3797 liberos
3517 3740 3722 3801 habere

2111 3850 2218 3890 non
2266 3836 2490 3905 patitur,
2532 3841 2587 3889 et
2616 3841 2825 3889 aeterno
2872 3832 3115 3888 interimi
3162 3833 3512 3906 derelinquit.
3564 3836 3719 3906 Quod

2111 3938 2291 3984 autem
2346 3929 2403 3983 in
2456 3927 2813 3999 Septuaginta
2855 3926 3116 3999 legimus,
3170 3927 3305 3984 Caro
3349 3946 3461 3984 mea
3493 3947 3557 3985 ea:
3595 3932 3716 3985 cis:

2114 4023 2392 4096 Ephraim,
2424 4022 2682 4094 quomodo
2712 4023 2849 4092 vidi,
2891 4023 2946 4077 in
2974 4025 3296 4079 venationem
3325 4026 3549 4099 prazbuit
3580 4026 3720 4097 ﬁlios

2112 4133 2255 4186 suos,
2291 4118 2362 4172 ita
2397 4116 2747 4189 intelligimus
2799 4134 2811 4170 :
2863 4116 2920 4171 Si
2951 4116 3206 4175 Christus
3236 4129 3724 4193 caputestcorpo~

2114 4212 2215 4281 ris,
2244 4212 2294 4267 id
2325 4221 2428 4282 est,
2464 4212 2746 4280 Ecclesiae,
2777 4227 2971 4269 omnes
3000 4228 3099 4269 nos
3131 4213 3338 4269 Christi
3373 4224 3426 4271 et
3457 4214 3719 4272 Ecclesia.-

2113 4307 2356 4362 membra
2403 4321 2615 4361 sumus.
2664 4306 2766 4375 Qui
2809 4322 2941 4378 ergo
2988 4308 3056 4365 de
3105 4307 3354 4365 Ecclesia
3408 4310 3722 4380 recesserit,

2112 4398 2317 4456 Christi
2346 4416 2549 4472 corpus
2574 4401 2779 4456 lacerat
2808 4418 2819 4453 :
2868 4402 3031 4473 igitur
3073 4411 3127 4458 et
3172 4403 3429 4473 Ephraim
3462 4420 3591 4461 caro
3623 4407 3728 4464 fuit

2116 4502 2173 4550 et
2198 4496 2501 4551 membrum
2535 4494 2750 4550 Domini
2794 4494 3114 4552 Salvatoris.
3149 4496 3254 4553 Sed
3288 4498 3342 4553 in
3373 4501 3721 4558 venationem

413 4593 600 4648 domus
642 4591 842 4647 dicitur
864 4571 1192 4647 venatorum.
1224 4592 1610 4651 Diversitatem
1651 4571 2010 4665 interpretum
2037 4571 2092 4633 Ῑ)
2117 4590 2348 4662 prmbuit
2376 4590 2516 4644 lllios
2546 4602 2696 4657 suos,
2734 4586 2786 4643 in
2817 4589 3161 4645 venationem
3186 4601 3370 4648 autem
3410 4609 3625 4663 eorum,
3657 4597 3725 4652 de

413 4686 695 4745 diximus:
729 4695 1071 4743 revertamur
1107 4688 1173 4743 ad
1225 4702 1467 4745 sensum.
1507 4687 1791 4759 Ephraim,
1826 4687 1880 4743 id
1907 4696 2014 4756 est,

415 4781 608 4838 decem
638 4781 836 4850 tribus,
868 4781 1022 4852 quasi
1051 4780 1168 4837 avis
1196 4780 1438 4837 avolavit
1457 4781 1509 4837 in
1536 4780 1936 4852 captivitatem,
1961 4790 2019 4838 et

415 4874 484 4931 de
509 4890 612 4931 suo
644 4874 872 4931 recessit
901 4873 1045 4931 loco.
1076 4876 1246 4931 Avem
1276 4884 1456 4931 autem
1485 4874 1799 4947 appellavit,
1834 4884 1897 4931 ut
1923 4891 2017 4931 ve-

415 4967 590 5025 locem
629 4968 687 5025 in
734 4968 1069 5041 Babylonem
1113 4970 1401 5025 transitum
1445 4969 1871 5026 demonstraret.
1920 4968 2015 5026 Sin

416 5072 598 5118 autem
631 5062 948 5136 legerimus,
981 5065 1133 5137 quasi
1175 5065 1285 5120 avis
1336 5064 1557 5121 avolavit
1598 5066 1767 5137 gloria
1817 5082 2016 5133 eorum,

417 5152 523 5210 hoc
542 5154 797 5223 dicimus,
820 5156 963 5229 quod
996 5157 1087 5214 Dei
1117 5159 1184 5213 ab
1214 5159 1292 5214 eis
1323 5159 1616 5216 recesserit
1641 5170 1695 5214 et
1719 5161 2025 5215 avolaverit

2117 4685 2313 4757 quibus
2336 4686 2599 4756 scriptum
2623 4691 2709 4739 est
2737 4701 2751 4738 :
2780 4684 2967 4739 Anima
2990 4695 3170 4741 nostra
3196 4687 3329 4742 sicut
3349 4705 3530 4761 passer
3551 4700 3724 4762 erepta

2119 4790 2193 4836 est
2223 4781 2287 4835 de
2315 4781 2498 4852 laqueo
2527 4779 2822 4835 venantium
2851 4778 3025 4853 (Psal.
3065 4796 3269 4852 cum,
3303 4782 3381 4855 7).
3426 4784 3496 4841 Et
3540 4784 3728 4842 eduxit

2119 4874 2187 4931 de
2208 4873 2454 4931 Ecclesia
2483 4874 2687 4930 liberos
2712 4889 2863 4941 suos,
2890 4872 2957 4928 ad
2981 4876 3337 4945 occisionem,
3371 4878 3487 4935 sive
3514 4879 3581 4935 ad
3603 4879 3728 4935 vul-

2121 4967 2425 5025 nerandum
2460 4986 2473 5022 :
2502 4978 2561 5024 ut
2581 4967 2939 5025 vulnerentur
2963 4969 3034 5026 ab
3058 4969 3143 5025 his
3167 4972 3256 5042 qui
3281 4971 3507 5029 mittunt
3532 4973 3729 5030 ardcnc

2123 5071 2205 5121 tes
2232 5065 2477 5136 sagittas,
2508 5074 2567 5119 ut
2596 5064 2899 5134 percutiant
2927 5065 3130 5136 pariter
3156 5075 3212 5122 et
3236 5076 3491 5124 exurant.

2197 5157 2383 5230 (Vers.
2428 5158 2541 5227 Η.)
2584 5155 2669 5212 Da
2716 5158 2811 5225 eis,
2846 5157 3073 5215 Domine
3099 5177 3118 5215 :
3149 5161 3276 5233 quid
3321 5160 3470 5216 dabis
3506 5160 3616 5217 eis?
3660 5161 3730 5218 da
3830 5216 3845 5225 ρ

420 5247 701 5304 auxilium.
727 5250 993 5322 Quodque
1037 5254 1308 5325 sequitur,
1335 5270 1366 5307 a
1394 5263 1573 5325 partu,
1604 5262 1653 5309 et
1680 5254 1744 5308 ab
1773 5264 1942 5322 utero,
1976 5263 2023 5308 et
2124 5252 2197 5307 eis
2218 5252 2421 5307 vulvam
2448 5252 2558 5307 sine
2579 5250 2704 5321 ﬁliis
2721 5250 2907 5325 [Vulg.
2960 5251 3183 5327 liberis],
3222 5265 3271 5309 et
3326 5254 3489 5310 ubera
3524 5259 3730 5313 arentia

420 5356 450 5396 α
479 5352 727 5415 conceptu
748 5388 764 5413 ,
800 5345 1093 5418 dupliciter
1121 5349 1354 5421 intelligi
1385 5358 1587 5421 potest,
1622 5358 1682 5405 ut
1705 5350 1873 5422 gloria
1905 5368 2025 5421 quae

420 5439 656 5496 avolavit
682 5440 751 5495 ab
779 5441 1068 5514 Ephraim,
1103 5444 1265 5501 etiam
1295 5460 1325 5501 a
1359 5453 1547 5516 partu,
1581 5453 1636 5501 et
1663 5445 1734 5500 ab
1760 5454 1941 5509 utero.
1971 5454 2027 5501 et

422 5546 453 5586 a
502 5546 774 5604 conceptu
820 5550 1009 5591 eorum
1057 5537 1311 5606 recedat,
1345 5538 1450 5595 hoc
1485 5548 1602 5608 est,
1631 5538 1857 5595 deserat
1884 5538 2026 5595 filios

422 5641 612 5684 eorum
633 5669 650 5696 ,
682 5638 737 5685 et
781 5638 1034 5701 posteros
1059 5630 1423 5705 derelinquat.
1453 5631 1564 5690 Aut
1593 5644 1745 5691 certe
1768 5631 2024 5701 dicimus,

2131 5356 2156 5384 τι
2178 5345 2324 5403 LXX
2374 5345 2726 5403 similiter.Si
2757 5346 2843 5404 his
2882 5363 3009 5419 qum
3038 5346 3186 5403 Deus
3216 5364 3311 5419 pro
3341 5349 3731 5410 benedictione

2130 5443 2376 5511 donavit,
2406 5442 2551 5499 male
2591 5442 2905 5512 abutamur,
2933 5451 2988 5500 et
3014 5440 3068 5497 in
3100 5444 3436 5499 contrarium
3468 5460 3630 5517 quam
3663 5446 3733 5503 ab

2132 5554 2200 5595 eo
2233 5537 2357 5594 data
2381 5547 2506 5594 sunt
2540 5545 2965 5603 convertantur,
3003 5536 3233 5609 expedit
3263 5546 3325 5593 ut
3356 5538 3673 5596 auferantur
3699 5554 3731 5597 a

2135 5632 2311 5689 nobis.
2345 5632 2591 5705 Denique
2619 5632 2801 5705 lingua
2832 5631 2956 5689 data
2988 5642 3072 5691 est
3101 5631 3169 5689 ad
3199 5631 3525 5691 laudandum
3549 5634 3734 5696 Domi-

500 5816 526 5848 ι
557 5808 735 5867 Verba
776 5806 929 5865 LXX
972 5810 1230 5883 similiter,
1264 5828 1387 5885 quae
1415 5813 1667 5878 deerant,
1716 5828 1781 5870 ex
1826 5812 2029 5871 nostris
2055 5825 2191 5871 mss.
2223 5814 2551 5872 sutl‘ecimus.
