4100 6336
438 261 545 320 899

1687 250 1769 322 ξε.
1811 243 2082 308 unseen
2119 247 2502 307 lllERONYMl

3645 260 3752 320 900

437 393 569 435 num
602 375 794 439 Deum,
826 380 878 428 et
906 385 1025 442 qum
1056 370 1197 425 bona
1227 374 1354 423 sunt
1380 366 1684 437 eloquendo
1717 384 1730 423 :
1757 367 1812 423 Si
1837 367 1961 438 quis
1987 382 2048 422 ea
2079 373 2132 435 Α
2155 376 2211 422 et
2242 384 2349 422 non
2382 369 2548 425 addat
2581 367 2846 439 utdiligat
2875 383 2974 424 eos
2995 408 3010 436 ,
3042 371 3300 441 quamdiu
3333 373 3385 430 in
3413 389 3606 433 errore
3633 393 3759 448 pet--

439 471 696 526 abutatur
715 467 769 522 iu
795 465 1217 536 blasphemiam,
1245 469 1434 516 contra
1462 459 1607 516 bune
1627 461 1910 516 Psalmista
1941 461 2046 515 Do-

337 599 348 610 -
438 563 647 619 mitium
674 562 1001 631 deprecatur
1031 576 1044 611 :
1077 555 1230 610 Muta
1258 555 1390 626 ﬁant
1419 553 1557 608 labia
1581 553 1797 621 dolosa,
1827 569 1942 625 qua;
1967 552 2043 608 lo-

434 666 669 730 quuntur
695 654 941 710 adversus
959 657 1168 727 justum
1206 641 1535 722 iniquitatem
1564 649 1620 702 in
1646 647 1892 720 superbia
1915 657 1964 702 et
1990 651 2045 700 iu

433 751 686 805 abusione
719 748 839 822 (Ps.
887 763 994 803 xxx
1020 783 1036 815 ,
1069 743 1184 818 19).
1218 745 1282 800 Et
1325 743 1376 798 in
1423 741 1530 798 alio
1563 743 1727 798 loco:
1763 741 2044 812 Disperdat

435 843 696 900 Dominus
738 845 976 900 uniuersa
1016 843 1152 897 labia
1179 838 1402 906 dolosa,
1445 848 1496 894 et
1525 839 1758 912 linguam
1788 837 2045 909 magnilo—

431 957 587 1012 quam
620 940 794 1012 (Psal.
830 955 910 1006 iu,
939 936 1020 1006 4).
1050 937 1190 1003 Quia
1222 936 1389 1006 igitur
1418 933 1682 1002 Epliraim
1709 930 2046 1002 gloriabatur

436 1032 490 1088 in
524 1042 717 1098 utero,
740 1040 798 1088 et
834 1032 890 1085 in
918 1039 1217 1099 conceptu,
1251 1039 1306 1084 et
1334 1028 1388 1082 in
1421 1037 1578 1097 partu
1600 1066 1615 1093 ,
1645 1034 1702 1080 et
1732 1025 1786 1078 in
1817 1023 2045 1094 populo-

434 1142 560 1183 rum
601 1125 979 1191 multitudine,
1018 1123 1176 1197 102
1212 1121 1487 1192 Propheta
1520 1119 1807 1174 Dominum
1845 1117 2042 1188 depre-

435 1227 594 1276 catur
618 1226 674 1274 et
697 1219 831 1273 dicit
860 1235 872 1271 :
910 1217 992 1272 Da
1013 1217 1108 1281 eis,
1144 1215 1385 1269 Domine.
1414 1213 1642 1284 Sihique
1673 1213 1791 1281 ipse
1820 1225 2045 1282 respon—

435 1312 518 1369 dit
552 1331 563 1366 :
601 1311 744 1380 Quid
773 1311 926 1365 dabis
954 1309 1068 1364 eis?
1092 1319 1147 1365 et
1175 1309 1362 1364 statim
1392 1305 1556 1362 infert
1590 1321 1606 1359 :
1636 1304 1720 1359 Da
1738 1304 1816 1359 eis
1838 1302 2045 1358 vulvam

435 1403 688 1467 sterilem,
720 1411 768 1456 et
798 1402 955 1457 ubera
993 1401 1220 1462 arentia,
1259 1413 1328 1453 ne
1366 1397 1603 1452 habeant
1633 1410 1826 1450 causas
1857 1410 2042 1465 super-

433 1496 563 1563 biai,
593 1505 652 1552 ut
678 1498 731 1552 in
760 1513 870 1567 quo
896 1497 1000 1552 sibi
1032 1495 1253 1565 gloriari
1285 1494 1488 1558 solent,
1525 1493 1577 1547 in
1610 1506 1678 1547 eo
1705 1490 2046 1546 confundan-

437 1598 548 1648 tur.
582 1589 740 1658 Quod
771 1600 830 1645 et
871 1588 940 1644 de
981 1587 1258 1658 magistris
1287 1587 1688 1642 contrariorum
1731 1586 2044 1656 dogmatum

436 1684 672 1756 intelligi
718 1698 902 1755 posse,
945 1685 1292 1755 perspicuum
1341 1691 1448 1750 est,
1491 1681 1584 1752 qui
1628 1682 1683 1736 in
1717 1681 2042 1752 populorum

2149 463 2475 525 manserint.
2503 477 2805 534 Omnesque
2838 463 3111 534 principes
3147 480 3337 522 eorum
3382 470 3702 527 recedentes
3729 491 3756 526 τι

2149 556 2263 612 Deo
2289 567 2439 623 sunt,
2473 559 2590 613 site
2615 557 3020 624 iuobedientes,
3053 569 3112 615 ut
3133 559 3474 630 Valentinus,
3494 563 3755 632 Marcion,

2147 661 2203 707 et
2229 657 2438 707 caeteri.
2485 652 2782 708 Possumus
2815 655 3090 724 principes
3119 655 3504 714 haereticorum
3553 660 3761 715 deamo-

2149 760 2251 800 ues
2271 744 2478 812 dicere,
2503 745 2593 816 qui
2630 750 2816 812 vereja
2842 745 2953 802 Deo
2975 759 3358 814 recesserunt,
3387 752 3454 806 et'
3475 751 3760 822 appellan-

2150 847 2240 894 tur
2261 839 2561 909 principes,
2589 838 2742 908 juxta
2775 839 2915 909 quod
2951 839 3211 896 Dominus
3235 841 3473 912 loquitur
3495 843 3548 898 in
3574 844 3760 899 Evan-

2145 935 2290 1006 gelin
2322 953 2334 988 t
2367 946 2392 973 ο
2435 933 2617 988 Veniet
2650 935 2890 1005 princeps
2926 936 3080 1010 hujus
3123 938 3342 1006 mundi,
3375 948 3424 992 et
3451 923 3670 994 inveniet
3702 941 3759 994 in

2148 1045 2228 1082 ine
2256 1027 2387 1082 nihil
2419 1026 2600 1102 (Joan.
2632 1046 2738 1096 MV,
2777 1031 2895 1092 50).
2927 1030 2993 1086 Et
3029 1030 3328 1102 Apostolus
3362 1031 3626 1089 adversus
3659 1049 3758 1105 po-

2148 1128 2397 1191 testates,
2421 1123 2760 1194 principatus
2791 1132 2843 1178 et
2869 1129 3118 1179 rectores
3146 1124 3498 1180 tenebrarum
3526 1111 3757 1181 istarum

2147 1229 2392 1285 pugnare
2423 1229 2528 1270 nos
2551 1215 2681 1270 dicit
2703 1213 2923 1287 (Ephes.
2957 1217 3058 1286 vr).
3096 1215 3372 1285 Quaeritur
3392 1224 3574 1273 autem
3598 1219 3760 1290 juxta

2145 1307 2432 1364 historiam
2459 1348 2474 1374 ,
2503 1310 2782 1379 quomodo
2817 1310 2884 1365 de
2930 1310 3096 1366 domo
3119 1325 3215 1366 sua
3247 1311 3478 1381 ejeeerit
3525 1327 3646 1380 sas,
3697 1314 3754 1369 id

2145 1414 2249 1472 est,
2283 1404 2474 1462 decem
2520 1406 2714 1471 tribus,
2761 1422 2884 1461 cum
2915 1407 2970 1460 in
3012 1405 3178 1461 domo
3212 1406 3310 1461 Dei
3353 1417 3458 1462 non
3511 1407 3755 1463 fuerint?

2148 1498 2255 1554 Sed
2279 1497 2506 1554 domum
2535 1498 2630 1554 Dei
2660 1537 2674 1562 ,
2703 1500 2786 1555 vel
2822 1512 3020 1555 terram
3048 1509 3296 1554 sam-tam
3328 1501 3752 1572 appellabimus,

2147 1593 2200 1648 in
2230 1608 2392 1664 quam
2423 1594 2719 1649 introducti
2761 1602 2914 1660 sunt,
2944 1594 3028 1649 vel
3057 1596 3250 1649 falsum
3281 1610 3478 1651 nomen
3507 1596 3756 1666 lsraelis,

2147 1687 2230 1740 vel
2255 1685 2396 1755 quod
2431 1686 2497 1740 ad
2527 1702 2622 1741 eos
2653 1687 2806 1758 quasi
2833 1687 2898 1741 ad
2941 1687 3198 1756 populum
3252 1687 3346 1743 Dei
3393 1688 3760 1746 mittebantdr

435 1778 794 1834 multitudine
827 1777 1154 1848 gloriantur,
1181 1786 1233 1830 et
1263 1777 1315 1828 in
1345 1775 1414 1829 iis
1447 1774 1634 1830 liberis
1662 1788 1800 1844 quos
1823 1774 2046 1830 'nutrie-
2074 1765 2123 1830 ιι
2155 1781 2459 1851 propheta},
2491 1780 2648 1847 Quod
2679 1791 2861 1836 ante."
2886 1795 2992 1836 non
3015 1781 3214 1848 mittat,
3248 1789 3308 1838 ut
3336 1782 3529 1855 diligat
3555 1795 3672 1852 eos,
3705 1794 3767 1840 ει

435 1873 549 1928 rint
589 1872 640 1927 in
671 1872 953 1927 interitum
976 1911 990 1937 ,
1023 1880 1084 1924 ut
1117 1870 1419 1926 educerent
1457 1884 1558 1925 eos
1599 1868 1668 1925 de
1712 1869 1962 1924 Ecclesia
1994 1877 2052 1922 et

437 1969 763 2025 inducerent
800 1969 866 2023 ad
907 1968 1338 2023 interfectorem.
1375 1967 1481 2022 Tot
1502 1966 1651 2022 enim
1682 1966 1936 2022 diabolus
1954 1967 2045 2036 ju—

441 2063 627 2136 gulat,
658 2071 789 2132 quot
829 2063 1071 2118 haeretici
1113 2063 1166 2116 in
1213 2077 1404 2116 errore
1440 2059 1736 2132 genuerint
1775 2059 1936 2115 ﬁlios.
1972 2059 2048 2114 De

437 2155 749 2212 istiusmodi
775 2156 958 2210 anima
989 2155 1189 2209 dicitur
1221 2172 1234 2208 :
1267 2152 1430 2207 Beata
1455 2153 1646 2208 sterilis
1673 2150 2044 2216 immaculata,

432 2265 548 2319 qua:
590 2265 694 2302 non
738 2247 975 2318 cognovit
1024 2249 1193 2301 cubile
1247 2249 1302 2300 in
1342 2255 1555 2316 peccato
1599 2245 1756 2316 (Sap.
1806 2259 1884 2311 tit,
1928 2244 2044 2317 η).

441 2343 642 2396 Beatus
693 2352 778 2396 est
817 2342 964 2396 enim
1007 2340 1087 2394 vir
1121 2340 1565 2405 EcclesiaStieus,
1623 2340 1714 2408 qui
1754 2353 2042 2409 comparata

438 2437 590 2490 tione
621 2435 866 2491 haeretici
899 2437 954 2490 in
987 2450 1176 2491 errore
1205 2435 1346 2490 tilias
1387 2450 1496 2488 non
1534 2435 1858 2505 procrearit.
1892 2433 1962 2488 Et
1995 2435 2044 2487 in

439 2531 550 2585 alio
579 2531 699 2585 loco
743 2531 975 2601 legimus
1000 2569 1016 2584 .
1047 2529 1246 2584 Melius
1289 2539 1363 2585 est
1394 2530 1530 2600 filios
1564 2547 1668 2584 non
1712 2529 1898 2583 habere
1929 2545 2047 2582 cum

437 2625 644 2677 virtute.
679 2622 762 2678 Ex
790 2624 967 2694 iniquo
1009 2624 1146 2678 enim
1171 2623 1444 2677 concubitu
1474 2639 1644 2677 semen
1670 2623 1852 2691 peribit
1887 2622 2040 2693 (Sap.

437 2733 491 2775 tv
519 2729 564 2772 et
597 2733 682 2784 Ill,
712 2735 818 2772 sec.
852 2717 1016 2791 LXX)
1053 2735 1066 2772 :
1095 2728 1301 2774 etcum
1335 2719 1482 2789 longi
1511 2719 1712 2774 iuerint
1743 2719 2044 2789 temporis,

436 2812 835 2885 reputabuntur
865 2814 920 2868 in
961 2813 1189 2869 nihilum
1233 2822 1291 2870 et
1333 2812 1592 2885 ignobilis
1632 2813 1686 2868 in
1730 2814 2046 2869 novissimis

436 2907 540 2964 erit
581 2919 834 2964 senectus
865 2923 1050 2964 eorum
1087 2925 1100 2961 :
1147 2907 1378 2964 fecunda
1409 2907 1558 2963 enim
1585 2907 1873 2977 impiorum
1909 2907 2048 2960 mul-

439 3001 616 3057 titudo
652 3002 717 3057 ad
765 3001 996 3057 nihilum
1042 3009 1128 3057 est
1163 3001 1344 3067 utilis;
1382 3015 1563 3072 neque
1592 3000 1736 3056 enim
1768 3001 2046 3056 mstimare

435 3095 723 3162 debemus,
767 3094 910 3166 quttd
943 3095 1160 3151 vulvam
1201 3095 1471 3163 sterilem,
1508 3101 1568 3150 et
1613 3094 1781 3150 ubera
1829 3094 2042 3150 arentia

435 3189 798 3254 corporaliter
823 3188 1148 3260 deprecatus
1172 3188 1263 3244 sit.

508 3281 690 3352 (Vero.
721 3279 835 3351 i5.)
863 3279 1053 3336 Omnes
1084 3281 1326 3352 nequitiw
1349 3295 1530 3335 eorum
1554 3281 1608 3335 in
1637 3279 1829 3352 Galgal
1856 3296 1872 3332 :
1915 3281 2037 3350 quia

433 3375 504 3431 ibi
549 3393 731 3431 exesos
787 3376 946 3431 habui
990 3393 1102 3431 eos.
1154 3385 1179 3413 ει
1229 3374 1374 3430 LXX
1425 3377 1697 3432 similiter.
1749 3378 1805 3432 lu
1847 3376 2034 3446 Galgal

435 3468 566 3526 Sani
597 3481 792 3526 unctus
817 3469 872 3524 in
902 3485 1084 3540 regem
1115 3479 1222 3537 est,
1254 3468 1511 3526 Samuele
1546 3471 1682 3525 iram
1713 3470 1810 3526 Dei
1840 3473 2038 3540 p0pnto

433 3569 716 3621 nuntiante
747 3565 793 3638 (Ι
819 3565 950 3638 Reg.
987 3565 1066 3636 it).
1101 3565 1206 3632 lbi,
1236 3565 1431 3636 inquit,
1461 3576 1639 3620 erasas
1667 3565 1825 3620 habui
1855 3581 1962 3630 eos,
1983 3575 2036 3619 et

431 3660 534 3716 sibi
561 3675 744 3730 regem
780 3658 1054 3715 hominem
1088 3658 1444 3729 postulantes,
1479 3674 1507 3713 a
1535 3673 1657 3714 tneo
1681 3658 1913 3727 imperio
1946 3671 2035 3713 re-

431 3761 743 3809 cesserunt.
774 3753 900 3808 Sive
945 3753 1070 3823 quia
1119 3751 1341 3822 Galgala
1376 3751 1706 3807 idololatriae
1743 3752 1894 3806 locus
1925 3761 2033 3817 est,

435 3847 526 3901 ubi
547 3846 728 3900 omnia
758 3846 968 3902 sociata
987 3845 1405 3900 commiserunt.
1429 3843 1628 3900 Verum
1659 3845 1784 3915 quia
1809 3843 2034 3912 Galgala

429 3941 820 4008 interpretatur
846 3940 1105 4004 revelatio,
1136 3948 1227 3994 aut
1254 3940 1508 4014 nomen.
1541 3940 1594 3992 id
1615 3947 1718 4008 est,
1744 3938 2032 4006 volutabra,

429 4049 621 4091 omnes
653 4034 894 4089 malitias
919 4033 1302 4089 haereticorum
1337 4033 1470 4088 dicit
1499 4049 1564 4088 eo
1594 4043 1841 4104 tempore
1875 4047 2031 4088 reves

428 4129 646 4198 laudas,
710 4143 834 4183 eum
867 4128 952 4182 eis
977 4125 1190 4182 dederit
1241 4128 1384 4182 Deus
1433 4127 1654 4182 vulvam
1699 4127 1938 4182 sterilem
1978 4138 2034 4183 et

430 4225 604 4278 ubera
633 4221 870 4287 arentia,
901 4231 956 4276 et
984 4219 1220 4275 viderint
1244 4221 1599 4291 ignominiam
1633 4237 1809 4276 suam.
1846 4222 1907 4276 Et
1941 4223 2030 4294 qui

426 4329 490 4370 se
525 4313 810 4382 jactabaut
850 4328 946 4382 per
994 4311 1308 4381 superbiam
1333 4353 1346 4379 ,
1377 4312 1521 4381 quod
1557 4312 1623 4366 ad
1654 4314 1873 4369 excelsa
1903 4331 2033 4369 con-

422 4407 746 4464 scenderint
767 4447 782 4472 ,
812 4404 1184 4461 devolvuntur
1216 4403 1269 4459 in
1302 4413 1503 4460 terram
1525 4441 1542 4472 ,
1586 4405 1700 4462 sive
1731 4406 1798 4460 ad
1829 4405 2032 4464 inferos

423 4501 836 4574 pertrahuntur.
879 4499 1022 4556 Vere
1066 4498 1310 4556 haeretici
1355 4499 1488 4556 odio
1531 4499 1624 4556 Dei
1675 4500 1826 4572 digni
1873 4512 2026 4569 sunt,

2151 1888 2345 1929 omnes
2371 1888 2527 1944 reges
2555 1872 2718 1928 israel
2747 1890 2776 1927 a
2809 1873 2921 1929 Deo
2949 1873 3149 1929 fuerint
3174 1875 3514 1942 recedentes,
3545 1878 3764 1947 perspi-

2152 1983 2314 2023 cuum
2343 1979 2428 2020 est
2460 1984 2476 2021 :
2509 1982 2677 2038 usque
2710 1968 2870 2023 hodie
2901 1969 3044 2024 enim
3078 1979 3402 2039 permanent
3433 1970 3488 2026 in
3530 1971 3766 2041 captivi-

2152 2069 2282 2116 tate.
2329 2059 2434 2116 Alii
2467 2060 2569 2116 hoc
2597 2061 2742 2132 quod
2772 2063 3036 2132 scriptum
3068 2073 3179 2127 est,
3215 2063 3280 2116 de
3319 2064 3473 2118 domo
3516 2079 3630 2119 mea
3660 2065 3768 2136 ejio

2151 2158 2284 2211 ciant
2310 2171 2418 2226 eos,
2449 2157 2516 2212 ad
2549 2171 2772 2228 regnum
2807 2158 2943 2213 indu
2984 2157 3177 2213 reici-ri
3223 2158 3579 2225 arbitrantur,
3606 2160 3764 2230 quod

2151 2263 2206 2307 et
2250 2252 2350 2322 ipsi
2386 2253 2618 2308 ducendi
2670 2255 2778 2308 sint
2826 2254 2876 2306 iu
2911 2253 3306 2321 captivitatem.
3341 2252 3445 2308 Sed
3479 2251 3762 2324 quomodo

2150 2346 2229 2400 eis
2263 2346 2458 2415 poterit
2491 2346 2760 2415 adoptari,
2803 2363 2912 2399 non
2937 2346 3129 2399 addam
3164 2356 3216 2398 ut
3245 2344 3413 2418 diligo
3435 2367 3461 2398 n
3495 2363 3602 2411 eos,
3633 2362 3764 2402 cum

2151 2449 2338 2512 postea
2368 2440 2766 2514 ierosolymam
2799 2443 2908 2497 sint
2935 2443 3148 2498 reducti
3177 2461 3188 2496 :
3214 2454 3267 2498 et
3291 2456 3468 2498 omnes
3497 2446 3768 2514 principes

2152 2551 2332 2590 eorum
2364 2536 2468 2589 sint
2521 2535 2829 2601 recedentes,
2882 2549 3007 2591 cuni
3038 2536 3334 2606 legerimus
3377 2537 3573 2604 David,
3625 2536 3767 2606 Aea,

2152 2627 2437 2697 Josaphat,
2481 2629 2792 2696 Ezechiam,
2843 2641 2898 2684 et
2923 2629 3126 2685 Josiam
3159 2639 3318 2700 reges
3344 2629 3512 2686 fuisse
3536 2630 3768 2701 justas?

2158 2721 2310 2778 Unde
2345 2723 2410 2778 ad
2455 2723 2657 2778 Christi
2691 2733 2936 2791 tempora
2965 2723 3355 2779 transeundum
3385 2733 3494 2791 est,
3527 2724 3674 2796 quod
3705 2725 3767 2781 in

2155 2817 2390 2871 adventu
2419 2819 2538 2886 ejus
2567 2817 2726 2886 ejecti
2757 2818 2866 2872 sint
2887 2817 2956 2873 de
2983 2817 3148 2873 domo
3179 2818 3298 2886 Dei,
3327 2829 3382 2874 et
3413 2830 3764 2889 nequaquam

2149 2911 2433 2966 salvantur
2483 2922 2538 2965 ut
2587 2910 2776 2977 Israel,
2835 2913 2929 2967 sed
2982 2923 3040 2967 ut
3097 2915 3326 2984 populus
3380 2913 3754 2971 Christianus.

2158 3007 2312 3063 Unde
2361 3017 2414 3061 et
2445 3007 2712 3062 Dominus
2758 3007 2884 3063 iecit
2926 3008 3034 3064 sibi
3081 3008 3352 3080 ﬂagellum
3380 3009 3450 3065 de
3474 3009 3764 3080 itiniculis,

2150 3109 2202 3153 et
2233 3100 2510 3169 ejeciteos
2540 3099 2610 3155 de
2643 3102 2848 3170 templo
2876 3120 2887 3155 :
2922 3103 3045 3171 quia
3077 3102 3302 3156 domum
3331 3102 3506 3158 Patris
3537 3102 3656 3174 ejus
3679 3105 3763 3161 te-

2069 3173 2117 3237 C
2145 3203 2335 3249 ecraut
2362 3194 2582 3248 domum
2617 3195 3002 3264 negotiationis
3034 3193 3214 3267 (Joan.
3242 3194 3328 3267 ti).

2210 3287 2392 3360 (Vers.
2424 3287 2486 3341 16
2514 3297 2569 3343 et
2606 3286 2717 3358 l7.)
2774 3287 3058 3342 Percussus
3097 3297 3174 3344 est
3213 3288 3472 3360 Epitraim
3527 3307 3546 3344 :
3599 3292 3765 3346 radix

2140 3398 2321 3436 eorum
2367 3383 2622 3436 exsiccata
2669 3391 2741 3436 est
2793 3397 2812 3435 :
2863 3383 3090 3454 fructum
3141 3399 3472 3454 nequaquam
3515 3384 3707 3455 facient
3739 3402 3763 3442 :

2139 3473 2280 3546 quod
2330 3486 2375 3528 et
2431 3475 2475 3528 si
2519 3477 2812 3546 genuerint,
2866 3475 3178 3545 interﬁciant
3215 3477 3573 3532 (intentissima
3618 3479 3762 3533 uteri

2139 3583 2335 3622 eorum.
2367 3566 2590 3638 Abjiciet
2613 3584 2700 3622 eos
2728 3567 2872 3622 Deus
2906 3564 2930 3603 ά
2965 3583 3140 3634 nisus,
3170 3569 3296 3639 quia
3327 3585 3430 3622 non
3466 3569 3761 3623 audierunt

2139 3675 2257 3714 eum
2311 3675 2330 3712 :
2380 3668 2426 3712 et
2469 3669 2620 3712 erunt
2671 3659 2788 3730 uagi
2833 3659 2888 3712 iu
2941 3660 3260 3715 nationibus.
3313 3659 3514 3718 LXX:
3564 3661 3760 3717 Doluit

2139 3751 2396 3822 Ephraim
2433 3753 2634 3807 radices
2665 3741 2790 3807 suas
2818 3768 2836 3806 .'
2877 3753 3142 3824 arefactus
3161 3762 3257 3818 est,
3287 3755 3515 3825 fructum
3548 3771 3756 3820 nequa—

2137 3859 2292 3913 quam
2315 3843 2469 3911 a/I'ert
2504 3859 2521 3898 :
2549 3846 2670 3913 quia
2700 3854 2746 3899 et
2787 3845 2830 3898 si
2856 3846 3150 3915 genuerint,
3188 3845 3500 3916 interﬁciant
3544 3847 3754 3902 desidea-

2136 3936 2325 3988 rabilia
2358 3938 2487 3990 uteri
2515 3954 2711 3991 eorum.
2749 3936 2988 4007 Repellct
3017 3954 3103 3991 eos
3144 3937 3304 4008 Deus,
3351 3941 3474 4010 quia
3518 3956 3622 3995 non
3647 3959 3755 3996 au-

2136 4027 2343 4081 dierunt
2369 4043 2484 4082 eum
2530 4045 2546 4081 .'
2577 4039 2622 4084 et
2669 4029 2830 4102 10h
2855 4041 3006 4084 erant
3034 4032 3152 4104 uagi
3181 4031 3235 4085 in
3270 4033 3581 4087 nationibus.
3631 4035 3752 4090 Me-

2138 4120 2422 4190 tapboram
2462 4125 2627 4178 sumit
2677 4125 2750 4180 ab
2785 4125 3010 4191 arbore,
3053 4125 3212 4196 cujus
3241 4126 3288 4182 si
3333 4127 3548 4184 radices
3577 4144 3750 4186 aruo:

2135 4213 2267 4277 rint,
2325 4216 2556 4270 fructum
2590 4218 2793 4274 alierre
2824 4235 2933 4274 non
2983 4219 3232 4291 poterit,
3275 4231 3328 4278 et
3376 4224 3421 4278 si
3465 4223 3752 4293 paululum

2135 4307 2352 4373 fecerit,
2369 4310 2558 4365 statim
2591 4311 2642 4366 in
2669 4312 2790 4383 ipso
2812 4313 2946 4370 ﬂore
2969 4314 3283 4370 siccabitur.
3305 4316 3448 4371 Dicit
3471 4327 3652 4372 autem
3674 4318 3750 4374 du

2135 4401 2416 4473 prraim,
2447 4395 2603 4472 eujus
2629 4406 2788 4461 radix
2821 4408 2984 4473 aruit,
3016 4408 3140 4479 quia
3169 4410 3362 4478 Deum,
3396 4411 3450 4466 in
3477 4427 3585 4483 quo
3613 4414 3745 4468 tun-

2134 4499 2297 4553 datus
2341 4509 2502 4566 erat,
2547 4500 2828 4569 perdidit,
2873 4503 2990 4558 sive
3033 4512 3216 4574 patres
3255 4519 3386 4560 suos
3439 4505 3744 4574 Abraham,

423 4597 515 4670 qui
544 4596 840 4667 loquuntur
864 4603 1056 4650 contra
1083 4593 1375 4650 Dominum
1403 4594 1774 4665 mendacium,
1807 4597 1879 4653 de
1904 4599 2028 4670 qui-
2053 4574 2108 4636 Ῑ)
2134 4592 2310 4662 lsaac,
2336 4603 2390 4648 ct
2421 4592 2591 4650 Jacob
2613 4635 2628 4661 ,
2665 4595 2717 4649 in
2751 4596 2952 4666 quibus
2983 4595 3223 4652 radicem
3256 4598 3508 4667 miserat,
3537 4597 3747 4658 habere

423 4689 528 4746 bus
550 4688 684 4744 dicit
712 4686 769 4744 in
791 4688 1253 4758 consequentibus
1278 4705 1292 4742 :

496 4777 719 4854 Propter
771 4779 1028 4835 malitiam
1071 4780 1498 4834 adinventionum
1539 4796 1724 4836 eorum
1764 4781 1830 4837 de
1870 4782 2024 4839 domo

421 4893 536 4934 mea
563 4876 773 4949 ejiciam
801 4889 906 4928 eos.
941 4858 1065 4926 Non
1111 4872 1302 4926 addam
1329 4881 1386 4926 ut
1412 4872 1629 4944 diligant
1663 4889 1747 4929 eos
1789 4890 1808 4928 :
1851 4892 2026 4932 omnes

421 4967 682 5041 principes
711 4979 890 5023 eorum
915 4963 1208 5018 recedentes
1227 5005 1241 5030 ,
1266 4964 1384 5022 sive
1409 4963 1782 5021 inobedientes.
1812 4965 1839 5004 ι)
1869 4967 2028 5033 Quod

418 5069 474 5118 et
521 5057 873 5130 Septuaginta
922 5051 1192 5112 similiter.
1241 5055 1306 5116 Et
1357 5055 1427 5110 de
1474 5054 1750 5112 luereticis
1805 5058 2026 5128 quidem

419 5168 528 5210 non
559 5163 641 5209 est
668 5142 914 5217 dubium,
941 5149 1070 5220 quin
1101 5146 1170 5208 de
1198 5146 1361 5204 domo
1399 5147 1554 5220 103
1577 5147 1672 5204 Dei
1705 5149 1864 5219 ejecti
1892 5155 2019 5222 sint,

494 5325 519 5354 α
551 5306 756 5371 Eadem
799 5317 1016 5368 rursum
1057 5301 1245 5377 verba,
1286 5299 1432 5365 LXX
1468 5305 1726 5379 similiter,
1773 5315 2031 5386 sttppleul

420 5389 593 5448 nostri
623 5399 754 5441 mss.

493 5462 519 5500 ι»
549 5460 747 5515 lterum
770 5466 848 5530 Aet
891 5458 1051 5530 tertio
1075 5455 1390 5530 addidimus
1424 5459 1689 5530 claustris
1733 5471 1864 5514 Inss.
1899 5471 2024 5530 qua

419 5535 646 5592 deerant
671 5528 858 5598 verba,
891 5519 1040 5594 Quod
1067 5536 1115 5582 et
1136 5515 1287 5590 LXX
1317 5527 1573 5598 similiter.

495 5609 519 5644 δ
555 5591 863 5672 Victorius,
895 5591 1030 5654 uenit
1058 5608 1117 5672 et
1146 5607 1270 5653 mox
1300 5591 1511 5672 inocnil,
1545 5607 1610 5656 ex
1640 5597 1868 5672 Vulgala
1902 5595 2022 5660 edi-

418 5677 568 5733 tione
615 5680 670 5730 et
725 5667 917 5728 Grtucn
967 5670 1181 5744 codice,
1230 5672 1319 5725 cui
1375 5671 1622 5740 lectioni,
1667 5667 1858 5744 intfutt,
1911 5685 2018 5733 non

416 5750 594 5806 solum
630 5746 907 5819 impressa
937 5743 1117 5797 omnia
1148 5757 1429 5819 sacrorum
1459 5745 1707 5819 codicum
1737 5743 2018 5819 exempla-

415 5823 517 5890 ria,
549 5815 642 5873 sed
671 5816 832 5871 etiam
873 5829 993 5884 qua:
1021 5823 1147 5868 sunt
1173 5812 1314 5884 apud
1345 5829 1431 5871 me
1461 5812 1654 5874 eollata
1676 5833 1814 5875 uias.
1835 5812 2016 5877 ouiuia

2137 4704 2240 4744 non
2273 4689 2473 4742 meruit
2498 4707 2512 4742 :
2537 4697 2593 4743 et
2617 4699 2900 4760 propterea
2934 4689 3170 4746 fructum
3190 4691 3418 4761 iustitiae
3445 4708 3558 4749 non
3574 4692 3740 4760 facit;

2134 4781 2282 4852 quod
2310 4791 2362 4837 et
2400 4783 2442 4836 si
2471 4781 2695 4848 fecerit,
2732 4781 3098 4855 Inter/icium,
3133 4785 3305 4858 inquit
3332 4821 3348 4851 ς
3377 4787 3742 4841 amantissima

2135 4876 2264 4930 uteri
2298 4877 2428 4946 ejus,
2458 4875 2611 4945 juxta
2642 4876 2691 4929 id
2724 4877 2870 4947 quod
2893 4893 3059 4948 supra
3099 4877 3316 4934 dixerat
3358 4897 3372 4933 ε
3410 4879 3476 4935 Si
3501 4881 3744 4936 enutrie-

2133 4970 2238 5023 rint
2279 4969 2416 5036 ﬁlios
2443 4985 2594 5035 suos,
2640 4968 2832 5042 absque
2868 4969 3046 5025 liberis
3075 4987 3162 5026 eos
3203 4972 3394 5040 [asiam
3418 4973 3478 5027 in
3505 4973 3740 5029 hausisti-

2135 5061 2224 5115 bus
2257 5077 2276 5114 :
2308 5061 2450 5117 unde
2481 5073 2536 5117 et
2563 5062 2764 5133 abjeeit
2790 5079 2884 5119 eos
2911 5064 3052 5122 Deus
3073 5103 3092 5130 ,
3119 5076 3172 5119 et
3199 5064 3332 5121 fecit
3354 5066 3442 5122 ire
3462 5069 3738 5137 captivos.

2136 5153 2206 5210 Et
2232 5165 2382 5210 erunt
2422 5158 2536 5227 vagi
2561 5158 2612 5212 iu
2653 5157 2971 5214 nationibus.
3003 5158 3300 5216 Possumus
3325 5163 3436 5217 hee
3457 5162 3638 5232 ipsum
3681 5172 3736 5219 et

2139 5315 2530 5375 assentiuntur.
2573 5319 2712 5400 Sunt
2738 5334 2917 5400 autem
2961 5325 3054 5400 illa
3103 5342 3334 5400 numero
3373 5327 3734 5400 quadraginta

2132 5405 2278 5472 sex,
2327 5407 2556 5462 quorum
2609 5391 2927 5472 quindecim
2979 5389 3734 5472 Langobardici§_eitar5cte-

2131 5463 2285 5519 ribus
2306 5477 2548 5533 exarata,
2577 5482 2608 5523 e
2629 5463 2969 5544 iuonastcrio
2999 5463 3198 5526 Montis
3230 5464 3439 5528 Cassiul
3483 5483 3730 5544 accepta,

2128 5548 2396 5614 annorum
2426 5549 2553 5614 sunt
2584 5556 2694 5614 non
2725 5543 2904 5595 minus
2936 5545 3414 5614 noningentorunn
3441 5543 3734 5604 Locus'est

2125 5605 2286 5691 Joan:
2320 5626 2407 5691 ittv
2436 5627 2446 5663 :
2489 5607 2641 5691 Venit
2663 5614 2797 5667 enim
2825 5615 3066 5686 princeps
3087 5605 3267 5672 nvtuudi
3289 5617 3470 5691 Imjus,
3490 5625 3538 5670 et
3559 5617 3611 5672 in
3648 5636 3732 5674 me

2126 5694 2230 5756 non
2245 5678 2408 5756 habet
2435 5679 2741 5756 quidquam.

2197 5750 2221 5788 ά
2256 5750 2482 5807 Palatini
2513 5750 2642 5812 mss.
2683 5758 2937 5824 reticent,
2973 5776 3134 5815 meus.
