4150 6346
407 249 505 310 001

1230 193 1884 304 COMLIDNTARIORUM
1924 240 1994 299 ΙΝ
2032 239 2210 300 οδες
2245 237 2375 298 LIB.
2418 237 2482 299 11.
2523 241 2680 298 CAP.
2723 243 2792 298 Χ.

3590 243 3698 303 902

403 369 474 423 de
513 363 770 423 erunibus
799 361 1003 420 «tudinis
1040 362 1230 421 dicere
1255 375 1484 436 quorum
1515 363 1640 436 quia
1672 361 1950 434 principes
1977 373 2006 414 a
2035 361 2086 421 Α
2113 357 2348 414 debitos.
2372 355 2625 414 Dicamus
2653 363 2710 414 et
2736 358 2930 415 aliter:
2961 358 3096 415 Vitis
3126 357 3380 416 frondosa
3411 360 3524 415 sive
3550 359 3707 429 juxta

407 459 520 516 Deo
547 466 920 526 recesserunt,
951 465 1361 513 commoventes
1382 455 1666 526 populum,
1693 465 1752 510 ut
1781 469 1906 512 eum
1939 452 2003 508 ad

404 559 635 608 mortem
679 558 1001 620 expeterent
1043 565 1058 604 :
1094 560 1380 620 propterea
1407 549 1567 618 eiecit
1596 560 1692 605 eos
1731 549 1800 604 de
1842 547 2006 603 dumo

406 659 524 711 sua,
558 650 616 700 et
643 658 754 698 non
779 641 964 711 addet,
992 649 1056 698 ut
1083 641 1223 698 ultra
1252 640 1443 712 diligat
1468 656 1586 697 eos.
1624 640 1897 696 Percussit
1919 654 2005 694 ra-

405 737 584 793 dicem
610 749 808 790 eorum
839 743 896 790 et
920 733 1238 799 essiu'avit,
1270 741 1328 789 ct
1356 732 1590 788 fructum
1622 731 1760 786 ultra
1796 747 1907 786 non
1931 730 2007 787 la-

409 827 598 884 oient:
631 824 777 896 quod
805 823 938 882 etsi
981 824 1254 893 fecerint,
1285 834 1340 878 ot
1379 824 1480 880 visi
1516 823 1718 879 fuerint
1758 822 2006 892 Scriptu-

407 934 525 978 ram
550 927 821 981 sanctam,
845 915 1162 988 Legemque
1185 915 1466 982 meditari,
1494 924 1550 971 et
1573 915 1732 986 quasi
1761 923 1790 955 ιι
1820 929 2010 969 ainan—

410 1013 654 1071 tissimos
705 1011 848 1068 filios
885 1009 1086 1083 aliquid
1139 1009 1383 1066 scientia:
1428 1021 1592 1081 atque
1632 1010 1894 1064 doctrin
1941 1007 2011 1064 de

408 1121 510 1166 suo
539 1103 708 1162 corde
737 1103 1098 1175 protulerint,
1127 1101 1456 1159 adversante
1484 1101 1738 1170 Domino,
1767 1099 2012 1156 maide-

411 1212 518 1260 tut'.
548 1193 764 1271 Abiecit
807 1199 955 1256 enim
994 1213 1094 1256 eos
1121 1199 1266 1256 Deus
1304 1198 1548 1254 omnium
1597 1195 2007 1268 prophetarum,

409 1297 533 1366 quia
567 1307 672 1351 non
705 1292 1000 1351 audierunt
1035 1307 1160 1349 eum
1194 1308 1209 1346 :
1255 1302 1310 1347 et
1335 1292 1460 1364 vagi
1488 1301 1652 1347 erant
1689 1291 1745 1346 in
1776 1289 2005 1345 nationi-

411 1383 540 1456 bus,
588 1405 695 1444 non
750 1388 1016 1446 habentes
1049 1389 1254 1456 altare,
1287 1405 1396 1444 non
1424 1387 1650 1454 eadem,
1683 1400 1792 1442 non
1819 1384 2014 1440 civita—

409 1489 518 1540 tem
563 1483 860 1554 propriam.
910 1480 1070 1539 Unde
1094 1489 1152 1538 et
1189 1481 1358 1537 David
1394 1480 1633 1552 loquitur
1667 1478 1721 1534 in
1753 1478 1962 1550 psalmo
1995 1495 2009 1530 :

410 1575 498 1632 Ne
527 1577 733 1633 occidas
759 1593 846 1632 eos
867 1619 884 1641 ,
916 1593 982 1632 ne
1017 1575 1226 1648 quando
1255 1576 1624 1632 obliviscantur
1655 1573 1840 1644 populi
1869 1573 2011 1628 mei:

409 1671 647 1743 disperge
673 1669 791 1727 illos
819 1671 876 1727 in
904 1672 1102 1741 uirtute,
1131 1680 1222 1726 tua
1270 1668 1448 1740 (Psal.
1495 1683 1648 1732 Lvut,
1679 1663 1796 1738 l3).
1838 1666 1908 1721 Et
1956 1667 2010 1720 in

2110 451 2462 522 Septuaginta
2517 452 2942 525 εὐκληματοῢσα,
3010 455 3060 510 id
3109 461 3223 522 est,
3276 456 3447 509 bonas
3503 455 3712 510 habens

2111 546 2436 616 propagines
2469 586 2483 611 ,
2535 553 2591 600 et
2636 544 2852 613 ﬂagella
2903 546 3220 614 fructifera,
3278 548 3481 604 multos
3526 548 3714 604 botros

2109 635 2314 703 attulit,
2342 647 2396 692 et
2435 649 2663 692 uvarum
2710 639 3036 706 fecunditas,
3083 651 3357 696 ramorum
3388 640 3716 712 magnitudi-

2113 743 2236 785 nem
2281 731 2617 800 cathuavit:
2645 731 2739 786 sed
2787 730 2902 787 haec
2930 742 3050 802 «tua!
3079 734 3226 803 prius
3257 735 3378 790 talis
3410 744 3528 791 erat
3556 743 3711 792 autc-

2109 837 2274 894 quam
2317 821 2625 881 offenderet
2675 825 2881 892 Deum,
2943 834 3125 894 tunslea
3167 827 3552 884 abundantiam
3605 827 3720 886 i'ru-

2111 927 2294 972 ctuum
2343 919 2510 974 vertit
2554 920 2608 975 in
2658 919 2888 975 ollean
2933 920 3340 976 multitudinem
3377 939 3390 977 :
3425 931 3486 978 ut
3513 932 3720 992 qnanto

2115 1010 2300 1080 plures
2321 1010 2546 1068 haberet
2572 1013 2826 1082 populos,
2846 1019 2998 1067 tanta
3017 1013 3170 1082 plura
3195 1013 3490 1071 mdillcaret
3505 1014 3720 1083 altaria,

2113 1112 2170 1159 et
2199 1104 2588 1160 abundantiam
2641 1114 2802 1160 terrm
2849 1117 3081 1161 nurnero
3129 1107 3378 1162 vinceret
3424 1109 3715 1164 idolorum.

2116 1197 2226 1252 Pro
2252 1195 2584 1266 simulacris,
2619 1197 2972 1268 Septuaginta
3005 1207 3287 1254 verterunt
3318 1201 3534 1267 στήλας,
3584 1217 3720 1272 «tuas

2116 1307 2218 1349 nos
2247 1301 2471 1359 statuas,
2503 1295 2586 1348 tul
2621 1293 2804 1348 titulos
2833 1295 3204 1365 appellamus,
3238 1295 3328 1365 qui
3357 1298 3575 1366 proprie
3609 1295 3723 1351 dm-

2118 1395 2342 1441 mdnum
2373 1395 2494 1442 sunt
2520 1428 2534 1454 ,
2579 1395 2673 1441 aut
2705 1386 2983 1442 hominum
3018 1399 3381 1443 mortuorum.
3415 1388 3490 1444 ita
3524 1397 3577 1444 et
3610 1391 3719 1444 bte-

2117 1478 2272 1534 retici
2308 1477 2442 1535 dum
2473 1489 2658 1534 essent
2688 1478 2744 1534 in
2776 1479 3025 1537 Ecclesia
3054 1483 3301 1552 plantati,
3335 1489 3391 1538 et
3415 1493 3730 1540 crescerent

2118 1574 2174 1629 in
2203 1573 2370 1629 deum
2397 1573 2516 1638 Del,
2546 1575 2884 1631 vocabantur
2913 1575 3068 1632 vinea
3099 1576 3291 1643 Sorae,
3341 1579 3396 1632 et
3425 1568 3728 1632 eliciebant

2120 1667 2433 1724 uberrimos
2467 1669 2674 1724 fructus
2702 1686 2718 1722 t
2755 1678 2948 1740 postea
2980 1683 3108 1726 vero
3132 1680 3338 1742 quanto
3372 1673 3558 1741 plures
3592 1673 3720 1727 iacti

406 1755 516 1820 alio
545 1765 703 1823 loco:
739 1765 1040 1822 Secundum
1062 1763 1454 1820 multitudinem
1479 1763 1807 1834 impistatum
1832 1779 2012 1818 eorum
2042 1761 2092 1823 It
2118 1771 2244 1818 sunt
2265 1793 2283 1829 ,
2333 1771 2488 1817 tanto
2531 1760 2640 1818 sibi
2691 1763 3192 1834 multiplicuverunt
3220 1765 3434 1831 altaria,
3484 1765 3644 1837 106
3674 1775 3730 1819 ut

406 1857 604 1932 expelle
649 1875 757 1925 eos,
808 1859 1057 1930 quoniam
1099 1859 1432 1914 irritaverant
1483 1868 1552 1924 te,
1588 1856 1807 1912 Domine
1836 1855 2011 1926 (Paul.

405 1971 462 2019 ν,
498 1955 608 2022 12).
649 1955 730 2010 De
757 1955 856 2010 hac
883 1955 1086 2010 arbore
1115 1955 1280 2009 etiam
1314 1955 1364 2008 in
1399 1953 1697 2023 Evangelia
1732 1953 1969 2022 legimus-
2001 1969 2011 2004 :

405 2047 528 2104 Jam
552 2045 747 2104 securis
774 2048 845 2102 ad
865 2050 1068 2104 radices
1088 2048 1331 2104 arborum
1353 2047 1521 2120 posita
1539 2055 1639 2102 est.
1665 2045 1844 2101 Darnis
1865 2045 2018 2100 arbor

405 2159 520 2215 qua:
551 2160 654 2198 non
683 2143 806 2214 facit
838 2144 1070 2209 fructum
1115 2144 1342 2205 bonum.
1387 2139 1658 2196 excidatur
1680 2149 1729 2194 et
1763 2140 1818 2193 in
1846 2139 2020 2210 ignem

405 2240 638 2294 mittetur
663 2237 848 2310 (Matt.
873 2253 950 2304 ut,
984 2235 1098 2309 t0).
1135 2235 1436 2291 Htereticos
1467 2234 1676 2290 fructus
1704 2233 1888 2288 facere
1911 2245 2019 2286 non

407 2347 574 2404 posse
623 2332 882 2386 virtutum
904 2373 918 2396 ,
951 2333 1075 2402 quia
1116 2330 1406 2386 Dominum
1442 2328 1825 2399 perdiderunt,
1854 2342 2021 2398 super

407 2442 515 2497 quo
537 2424 648 2500 [AL
673 2424 843 2499 quod]
861 2425 1016 2496 juxta
1049 2424 1374 2495 Apostolum
1403 2421 1634 2478 radicati
1669 2435 1796 2476 esse
1820 2421 2021 2476 debue-

409 2528 534 2576 rant
562 2528 620 2576 et
661 2518 870 2575 fundati
901 2516 1126 2590 (Ephes.
1160 2517 1268 2587 ut),
1300 2531 1462 2572 nemo
1492 2515 1708 2571 dubitet
1739 2536 1756 2571 ι
1793 2513 1936 2583 quod
1967 2522 2024 2568 et

409 2613 454 2666 si
486 2610 734 2676 fecerint,
778 2615 839 2667 ct
861 2608 1081 2681 a‘iquos
1110 2609 1257 2664 uteri
1285 2609 1366 2664 sui
1412 2607 1746 2663 fecunditate
1784 2619 2020 2676 genera-

408 2705 550 2773 rinl,
589 2703 820 2760 Domino
859 2704 1207 2769 adversante,
1240 2705 1572 2758 morientur.
1597 2700 1730 2758 Sive
1753 2699 1878 2771 quia
1911 2698 2023 2754 fru-

409 2805 528 2852 ctus
548 2801 889 2865 eorumgsunt
913 2796 1164 2851 universa
1187 2811 1306 2864 quae
1326 2795 1627 2865 lingunt,et
1645 2794 1713 2849 de
1735 2807 1834 2848 suo
1854 2795 2024 2849 corde

412 2899 682 2962 generant
701 2929 716 2952 ,
741 2888 974 2946 arelient
1001 2899 1056 2944 et
1078 2889 1372 2960 peribunt:
1401 2896 1458 2943 et
1484 2889 1585 2946 erit
1627 2885 1782 2958 105
1811 2887 2025 2942 cunctis

413 2983 763 3055 perspicuum
791 3026 806 3052 ,
863 2983 1063 3039 siccam
1126 2981 1368 3037 radicem
1425 2979 1613 3051 fruges
1663 2979 1858 3035 alierre
1913 2995 2023 3034 non

413 3095 596 3152 posse.
654 3079 747 3136 isti
797 3079 1150 3152 abjicientur,
1199 3079 1368 3133 immo
1398 3076 1598 3148 ahjecti
1627 3087 1755 3131 sunt
1795 3091 1828 3131 tt
1859 3076 1972 3132 Deo
2006 3093 2022 3131 :

2120 1869 2220 1926 pro
2251 1871 2358 1910 uno
2388 1855 2548 1909 altari
2579 1856 2724 1926 quod
2753 1869 2940 1910 verum
2979 1868 3105 1924 est,
3159 1857 3342 1927 plures
3392 1859 3600 1912 erroris
3647 1857 3730 1911 sui

2121 1964 2246 2006 aras
2263 1961 2636 2020 exstruerem,
2664 1959 2720 2006 et
2749 1952 2901 2020 juxta
2925 1949 3234 2008 ubertatem
3268 1961 3434 2008 terrm
3459 1963 3572 2006 satu
3602 1967 3735 2006 exti—

2123 2047 2454 2102 beraverunt
2497 2046 2824 2101 simulacris.
2862 2047 3252 2103 liaeretieorum
3307 2054 3449 2102 terra
3497 2045 3730 2102 fecunda

2123 2151 2232 2208 est,
2257 2141 2350 2212 qui
2377 2156 2407 2195 a
2443 2140 2555 2196 Deo
2586 2155 2816 2196 acumen
2859 2154 3057 2196 sensus
3087 2149 3142 2196 et
3173 2142 3372 2213 ingenii
3422 2141 3728 2212 percipien-

2125 2246 2209 2292 tcs
2233 2277 2248 2302 ,
2292 2245 2351 2291 ut
2383 2236 2525 2291 bona
2565 2243 2778 2291 natura)
2808 2235 2860 2290 in
2893 2233 2986 2290 Dei
3015 2234 3221 2291 cultum
3252 2245 3553 2302 verterent,
3587 2237 3732 2291 fere-

2127 2339 2257 2386 runt
2297 2330 2400 2384 sibi
2439 2345 2506 2384 ex
2535 2328 2620 2384 his
2649 2329 2814 2384 idola.
2849 2327 3040 2385 Nullus
3077 2331 3224 2386 enim
3272 2337 3452 2399 potest
3480 2329 3732 2385 haeresim

2128 2429 2370 2490 struere,
2417 2425 2518 2479 nisi
2551 2424 2641 2494 qui
2670 2424 2915 2479 ardentis
2948 2426 3146 2497 ingenii
3179 2434 3285 2491 est,
3316 2436 3369 2480 ct
3401 2417 3562 2480 habet
3589 2425 3734 2480 duna

2129 2526 2373 2583 naturai;
2415 2530 2536 2585 qum
2579 2531 2608 2570 ιι
2641 2515 2754 2572 Deo
2783 2518 2993 2572 artifice
3043 2526 3172 2571 sunt
3215 2525 3423 2572 creata.
3459 2515 3613 2571 Talis
3644 2519 3742 2571 lttit

2133 2610 2480 2676 Valentinus,
2511 2611 2637 2666 talis
2665 2610 2931 2676 Marcion,
2955 2625 3090 2681 quos
3109 2610 3461 2667 doctissimas
3483 2609 3731 2681 legimus.

2131 2705 2284 2761 Talis
2310 2703 2679 2770 Bardosa‘nes,
2713 2703 2868 2774 cujus
2900 2708 3063 2760 etiam
3099 2704 3409 2775 pllilOSOphi
3457 2695 3734 2760 adntiran-

2133 2807 2226 2854 tur
2249 2797 2547 2870 ingenium.
2577 2799 2669 2856 lsti
2703 2812 2834 2872 ergo
2861 2808 3022 2857 terrm
3054 2813 3166 2855 sum
3201 2802 3341 2856 bona
3369 2806 3653 2856 verterunt
3680 2801 3733 2854 in

2134 2893 2322 2948 titulos
2350 2903 2718 2961 mortuorum,
2748 2895 2875 2965 quia
2902 2896 3082 2950 omnis
3114 2894 3364 2950 doctrina
3407 2903 3599 2950 eorum
3627 2903 3734 2950 non

2133 2988 2203 3042 ad
2232 2988 2480 3045 viventes
2509 2988 2768 3052 refertur,
2796 2991 2891 3045 sed
2926 2989 2992 3044 ad
3026 2991 3292 3059 mortuos,
3325 2997 3436 3044 tam
3466 2998 3562 3046 eos
3603 3003 3741 3060 quos

2133 3080 2346 3147 colunt,
2369 3097 2532 3150 quam
2561 3082 2686 3137 illos
2713 3097 2851 3152 quos
2876 3081 3181 3152 decipiunt.

414 3175 542 3247 quia
600 3191 707 3230 non
755 3151 1052 3229 audierunt
1093 3188 1220 3230 eum
1249 3172 1524 3228 dicentem
1559 3188 1573 3226 ι
1608 3169 1692 3225 Ne
1737 3173 2027 3241 transferas
2051 3151 2102 3217 ο
2206 3173 2388 3245 (Vcrs.
2424 3173 2508 3244 9.)
2543 3151 2783 3229 Diuisum
2807 3183 2882 3228 est
2905 3151 3392 3228 cerimrunlmuht:
3419 3173 3740 3228 interibunt:

416 3271 662 3325 terminos
690 3284 823 3342 quos
855 3278 1135 3342 posuerunt
1164 3275 1338 3341 patres
1364 3268 1436 3321 tui
1460 3264 1631 3338 (Deut.
1668 3282 1779 3334 tux,
1809 3263 1919 3335 ii).
1958 3263 2028 3320 Et

414 3363 624 3420 idcirco
680 3361 802 3434 vagi
849 3371 1010 3418 erunt
1059 3363 1115 3416 in
1165 3360 1478 3416 nationibus
1509 3397 1524 3428 ,
1569 3373 1713 3415 nunc
1754 3359 1822 3415 ad
1873 3359 1972 3414 hac
2005 3399 2022 3426 ,

419 3471 528 3513 non
573 3456 644 3511 ad
690 3454 812 3511 illas
849 3455 1158 3511 sententias
1204 3463 1550 3509 transeuntes
1593 3470 1607 3507 :
1649 3452 1779 3507 dum
1813 3465 1918 3507 non
1943 3453 2029 3507 eis

417 3551 624 3622 plae‘et,
652 3549 798 3620 quod
838 3549 1011 3605 semei
1059 3547 1386 3620 repererint,
1438 3545 1536 3602 sed
1587 3560 1807 3616 semper
1839 3553 2025 3602 vetera

421 3651 636 3700 mutant
654 3643 838 3711 novis,
872 3651 930 3698 et
957 3641 1308 3698 ethnicorum
1337 3639 1614 3696 imitantur
1641 3652 1880 3692 errores.

493 3736 512 3808 (
539 3734 672 3805 Cap.
696 3725 1013 3791 X.—Vers.
1035 3732 1123 3802 l.)
1154 3731 1286 3788 Vitis
1312 3731 1561 3804 frondosa
1588 3727 1759 3784 Israel
1783 3747 1802 3784 .'
1825 3732 2031 3801 fructus

422 3827 728 3900 adthuatus
752 3835 831 3884 est
861 3827 945 3882 ei:
969 3825 1254 3881 secundum
1297 3823 1686 3878 multitudinem
1713 3824 1918 3894 fructus
1941 3823 2029 3878 sui

423 3909 793 3994 multiplicauit
827 3921 1020 3976 altaria
1041 3935 1060 3974 :
1082 3920 1234 3988 iuxta
1264 3917 1553 3973 ubertatem
1581 3924 1735 3972 terra:
1763 3933 1874 3972 sua:
1901 3933 2027 3971 exu-

427 4020 619 4074 beravit
662 4016 974 4073 simulacris.
1007 4012 1190 4069 LXX:
1222 4011 1358 4066 Vitis
1388 4009 1643 4083 frondosa
1675 4009 1886 4066 Israel:
1911 4013 2029 4082 fru-

427 4123 539 4169 ctus
561 4111 836 4166 abundans
857 4111 910 4164 in
934 4124 1024 4164 ea:
1049 4106 1335 4162 secundum
1357 4103 1742 4158 multitudinem
1767 4105 2034 4175 fructuum

331 4255 334 4259 .
425 4221 637 4259 suorum
663 4200 1028 4274 multiplicauit
1059 4198 1251 4254 altaria
1275 4213 1293 4250 .'
1309 4197 1468 4268 juxta
1503 4196 1638 4251 bona
1675 4207 1826 4251 terra:
1853 4213 2032 4251 eorum

429 4285 763 4368 mdificabunt
810 4294 1008 4351 titulos.
1060 4283 1168 4348 ἰδτο
1195 4295 1296 4347 vite
1321 4291 1592 4364 frondosa,
1635 4281 1830 4362 Aquila
1861 4294 2037 4348 inter-

427 4399 680 4464 pretatus
709 4399 816 4456 est,
839 4387 1066 4465 ἔνυδρον,
1099 4401 1260 4458 quam
1302 4401 1402 4442 nos
1433 4392 1704 4456 aquosam,-
1723 4385 1862 4441 retr
1891 4383 2034 4454 ﬂat»

429 4505 538 4550 νον,
579 4496 870 4552 possumus
893 4480 1098 4545 dicere,
1125 4493 1189 4534 eo
1217 4478 1362 4549 quod
1388 4477 1495 4532 vini
1522 4467 1714 4547 perdat
1741 4480 2038 4549 saporem:

2129 3267 2244 3337 ipse
2283 3268 2574 3340 confringet
2623 3268 2907 3322 sintulacra
2934 3276 3112 3322 eorum
3139 3267 3577 3338 :depopttlabitnr
3620 3283 3744 3321 aras

2131 3367 2333 3416 eorum.
2367 3361 2514 3416 LXX
2552 3380 2566 3417 :
2613 3359 2915 3418 Diuitiarum
2940 3365 3100 3418 corda
3129 3381 3227 3418 sua
3250 3379 3270 3419 :
3300 3373 3438 3419 nunc
3464 3363 3702 3436 peribunt
3727 3379 3747 3418 :

2133 3455 2248 3522 ipse
2274 3453 2524 3523 suﬁ'odiet
2551 3457 2743 3511 altaria
2769 3471 2948 3511 eorum
2986 3473 3004 3512 :
3044 3458 3349 3528 afﬂigentur
3375 3458 3515 3513 tituli
3541 3465 3738 3513 cunni.

2135 3546 2385 3602 Tradnnt
2417 3547 2630 3603 liebraai
2676 3548 3054 3619 hujuscemodi
3085 3549 3346 3617 fabulam,
3375 3549 3746 3620 suspicionem

2134 3651 2292 3693 suam
2311 3637 2722 3708 Seripturarum
2754 3641 3082 3696 auctoritate
3109 3641 3531 3695 conlirmantes:
3551 3641 3752 3708 Quam-

2136 3729 2230 3785 diu
2262 3740 2320 3786 et
2347 3745 2507 3801 reges
2536 3739 2594 3786 et
2635 3731 2820 3802 populi
2851 3733 3060 3803 pariter
3089 3733 3294 3789 vitulos
3321 3749 3525 3790 aureos
3555 3733 3752 3789 adora-

2140 3821 2293 3891 bant,
2319 3832 2372 3879 et
2393 3822 2671 3880 habebant
2693 3826 2750 3880 in
2771 3825 3054 3894 impietate
3077 3835 3434 3895 consensum,
3463 3837 3572 3884 non
3599 3828 3754 3884 venit

2137 3915 2446 3985 captivitas.
2465 3917 2754 3973 Extremus
2776 3933 2871 3974 rex
2901 3918 3092 3976 decem
3122 3920 3358 3994 tribuunt
3395 3921 3666 3988 luit0see,
3687 3919 3756 3976 de

2139 4023 2250 4078 quo
2269 4009 2534 4080 scriptum
2562 4021 2644 4066 est
2669 4009 2760 4080 (iV
2794 4012 2924 4082 Reg.
2954 4012 3109 4083 avri),
3135 4013 3278 4083 quod
3319 4013 3511 4070 fecerit
3531 4013 3753 4085 quidem

2140 4103 2352 4158 malum
2380 4104 2522 4161 Osco
2565 4106 2624 4158 in
2673 4115 2975 4174 conspectu
3004 4105 3264 4174 Domini,
3317 4106 3414 4162 sed
3457 4123 3564 4162 non
3613 4109 3758 4164 sicut

2145 4211 2306 4268 reges
2338 4195 2527 4266 Israel,
2555 4197 2648 4270 qui
2677 4200 2893 4254 luerunt
2918 4207 3043 4253 ante
3066 4214 3213 4266 eum,
3247 4200 3404 4269 cujus
3435 4215 3584 4258 nono
3605 4215 3754 4256 anno

2146 4288 2522 4357 Salmanasar,
2557 4306 2653 4346 rex
2687 4289 3066 4364 Assyriorum,
3101 4293 3248 4361 cepit
3278 4295 3534 4362 potiulum
3566 4292 3756 4361 lsraei,

2137 4388 2201 4442 et
2226 4385 2416 4442 eduxit
2435 4390 2530 4442 etis
2563 4387 2618 4441 in
2645 4387 2922 4457 Assyrios,
2953 4395 3008 4441 et
3036 4385 3285 4440 habitare
3313 4384 3616 4455 fecitjuxta
3658 4387 3756 4442 iiu-

2149 4494 2279 4535 men
2310 4469 2493 4536 Goian
2523 4480 2576 4534 in
2621 4468 2938 4534 civitatibus
2984 4477 3284 4533 Medorum.
3319 4477 3596 4546 Quteritur
3627 4497 3758 4552 ergo

437 4547 804 4649 Symmachus
848 4584 870 4612 ο
911 4547 1298 4646 ὑλομανοῦσαιρ,
1341 4587 1463 4642 quae
1495 4580 1604 4626 tota
1654 4571 1706 4626 in
1756 4547 2044 4627 frondibus
2069 4547 2126 4608 D
2153 4585 2329 4646 quare
2359 4575 2460 4630 sub
2488 4573 2744 4644 pessimis
2774 4573 2996 4644 regibus
3025 4569 3051 4609 ἀ
3087 4573 3230 4643 capti
3261 4587 3367 4628 non
3400 4572 3625 4641 fuerint,
3659 4547 3755 4630 sed

433 4669 698 4726 creverit.
738 4667 888 4722 Vites
917 4682 1039 4737 qua:
1088 4674 1291 4736 putatae
1330 4680 1366 4720 a
1391 4665 1623 4721 vinitore
1667 4682 1774 4722 non
1809 4665 2039 4734 fuerint,

434 4750 489 4818 in
518 4753 728 4834 ﬂagella
764 4751 1094 4829 frondesque
1138 4759 1435 4824 luxuriant,
1478 4767 1532 4814 et
1564 4758 1846 4816 humorem
1880 4775 2041 4830 quem

437 4851 737 4911 debuerant
763 4853 814 4908 in
845 4851 968 4908 vina
993 4859 1226 4917 mutare,
1254 4865 1392 4906 vana
1415 4849 1686 4908 frondium
1712 4861 1766 4908 et
1789 4852 2043 4910 foliorum

438 4947 738 5005 ambitione
771 4937 1133 5018 disperdunt:
1164 4941 1470 5002 istiusmodi
1504 4945 1628 5001 vitis
1670 4945 1929 5002 damnosa
1961 4959 2047 5004 est

440 5031 716 5112 agricolis.
749 5029 898 5096 Talis
928 5039 1029 5095 fuit
1061 5031 1263 5106 lsraei,
1314 5053 1569 5095 crescens
1600 5039 1654 5094 in
1697 5041 2049 5098 muititudiue

442 5127 768 5206 'pOpuiorum
797 5177 812 5203 ,
863 5145 918 5189 et
967 5149 1074 5189 non
1126 5131 1360 5189 reddens
1405 5134 1615 5189 fructus
1645 5135 1900 5206 agricola:
1934 5137 2049 5194 Deo

520 5301 544 5331 ιι
575 5293 830 5350 stamen.
857 5299 975 5363 poet
1008 5287 1316 5356 Erasmuin,
1345 5284 1692 5363 amantissimi
1721 5284 1843 5361 ﬁlii,
1878 5293 1928 5346 in
1964 5307 2054 5347 rc-

444 5372 578 5428 ctu.
626 5362 1126 5422 comendicemilms
1172 5369 1306 5418 mss.
1353 5362 1464 5417 Pro
1515 5364 1829 5428 mecedttur,
1889 5363 2055 5433 paulo

447 5448 601 5508 post,
632 5454 765 5492 mss.
811 5436 1101 5492 Florentiae
1130 5433 1292 5508 codd.
1327 5435 1467 5508 apud
1513 5435 1749 5504 Victor.,
1782 5437 2058 5490 succiden-

447 5507 554 5577 tur,
583 5509 1040 5577 (ιυοιιᾳιιιιιιιοιίθ
1055 5507 1262 5563 releras
1286 5507 1355 5560 ad
1381 5523 1508 5572 etis,
1525 5508 1618 5576 qui
1649 5507 2002 5575 protulerint.

519 5569 552 5620 ιί
575 5569 683 5636 Pro
703 5569 928 5650 {fost
961 5596 1080 5648 utne
1119 5595 1224 5634 vox
1254 5569 1865 5650 propriokiunieulum,
1908 5581 2056 5633 uino-

451 5671 546 5725 quc
593 5647 864 5706 madidum
913 5647 1106 5725 sonat,
1159 5647 1330 5706 nostri
1360 5647 1513 5725 'mss.
1569 5652 2056 5725 éEt'rnloyiegtrttt,

453 5721 598 5796 quod
631 5726 865 5796 omnino
887 5723 1258 5796 veriusvﬂpnto,‘
1285 5737 1354 5778 ac
1382 5724 1568 5796 velim,
1605 5721 1777 5778 veteri
1817 5722 2059 5796 lectione

453 5787 756 5868 éXpuncta,
775 5787 1048 5851 substitui.
1073 5787 1514 5864 Signiﬁcatenim
1528 5787 1927 5864 eranesccntem,
1945 5794 2059 5848 ctua

2157 4669 2265 4724 sub
2311 4683 2382 4724 eo
2426 4669 2518 4738 qui
2564 4677 2808 4738 ceperat
2851 4683 2918 4723 ex
2971 4675 3128 4737 parte
3176 4667 3356 4738 aliqua
3407 4668 3473 4722 ad
3521 4668 3754 4724 meliora

2154 4763 2445 4820 converti?
2471 4762 2550 4818 Ad
2585 4762 2731 4833 quod
2765 4762 2883 4818 ha'c
2909 4762 3151 4818 inferunt
3182 4779 3196 4816 :
3237 4763 3535 4818 excusabat
3559 4775 3622 4818 se
3649 4764 3763 4835 pri-

2158 4873 2308 4913 mum
2332 4856 2588 4928 populus,
2617 4865 2672 4912 et
2700 4856 2940 4922 dicebat,
2976 4858 3178 4927 liegurn
3210 4872 3468 4928 paremus
3493 4857 3764 4930 imperiis,

2154 4965 2260 5006 nec
2302 4953 2614 5019 possumus;
2635 4965 2830 5004 eorum
2877 4949 3137 5004 resistere
3185 4949 3465 5020 tyrannidi
3494 4949 3764 5006 tcoiirnus

2159 5043 2364 5100 vitulos
2404 5059 2543 5113 quos
2575 5043 2808 5098 adorare
2833 5043 3242 5114 compellimur.
3272 5042 3330 5097 in
3361 5043 3557 5098 diebus
3587 5053 3770 5100 autem

2157 5139 2304 5195 Osee
2331 5137 2400 5195 ab
2430 5137 2624 5194 eodem
2657 5154 2788 5210 rege
2817 5147 3152 5209 princeptum
3179 5147 3282 5204 est,
3310 5154 3380 5194 ne
3414 5147 3565 5194 tanto
3593 5139 3776 5195 studio

2169 5291 2300 5366 lum,
2333 5282 2447 5346 sive
2480 5289 2800 5366 perdentem
2847 5283 3077 5363 alicujus
3107 5289 3185 5348 rei
3227 5296 3530 5366 saperem._
3553 5285 3774 5366 Hocque

2171 5365 2349 5433 ipsum
2397 5360 2514 5428 est,
2564 5362 2710 5432 quod
2740 5363 2964 5419 Hieron.
2993 5360 3194 5436 'notat,
3245 5360 3446 5419 dictant
3479 5363 3548 5420 ab
3579 5360 3773 5436 Aquila

2171 5437 2384 5490 vineam
2433 5449 2718 5506 aquosam,
2772 5451 2893 5505 qua:
2944 5435 3325 5502 exolesceret,
3377 5452 3474 5491 seu
3524 5435 3782 5507 perdt-ret

2168 5522 2424 5576 saporem
2451 5509 2586 5561 vini.

2247 5589 2268 5617 ο
2290 5579 2494 5634 Vitiosa
2524 5577 2805 5650 legebatur
2833 5588 2992 5633 attica
3019 5580 3400 5650 ὑλαμένουσαν,
3433 5582 3576 5650 quod
3604 5585 3777 5638 nostri

2171 5665 2313 5724 mser
2336 5650 2668 5724 curetis-lant.
2683 5649 2882 5705 ’l‘bema
2905 5660 2986 5705 est
3009 5649 3288 5724 ὑλομανέω,
3315 5649 3463 5722 quini
3485 5653 3776 5724 Siluras-rte,

2169 5731 2269 5793 aut
2293 5721 2564 5793 (duriore
2592 5722 2857 5777 arborum
2887 5721 3108 5793 proprie
3121 5731 3300 5792 sum.

2247 5791 2272 5830 ἀ
2305 5792 2367 5848 In
2387 5792 2592 5849 uestri!
2620 5801 2778 5862 11ης..
2809 5791 3002 5866 raptiri
3029 5800 3132 5851 nim
3163 5791 3375 5867 fuerint.
