4150 6346
420 206 525 264 903

1672 205 1732 266 S.
1776 207 2049 267 EUSEBII
2090 208 2470 269 HIERONYMI

3649 212 3784 272 904

414 323 573 380 vituli
624 323 963 390 colerentur,
1015 321 1109 377 sed
1139 322 1229 392 qui
1262 321 1427 379 vellet
1455 322 1561 379 iret
1602 322 1656 379 in
1682 324 2010 393 Jerusalem,
2041 330 2090 393 Α
2120 343 2226 384 non
2253 330 2389 382 vites
2412 343 2533 399 quae
2559 326 2765 384 fructus
2792 329 2951 403 108
2971 341 3103 385 suos
3125 329 3179 385 in
3213 340 3387 387 musta
3420 330 3785 395 desudant,

416 426 471 475 et
497 418 549 473 in
585 418 811 487 Temple
840 414 1182 473 sacrificaret
1213 415 1355 483 Deo;
1407 417 1555 483 huic,
1587 420 1762 487 aiunt,
1793 430 2017 477 senten-

415 512 752 583 titepOpulus
780 509 1133 565 contradixit.
1159 511 1225 567 Et
1255 512 1358 568 hoc
1388 523 1495 581 est,
1514 514 1656 584 quod
1685 528 1827 569 nunc
1850 515 2015 571 dicit:

414 607 636 663 divisum
661 616 734 662 est
758 622 848 660 cor
875 623 1078 674 eorum,
1101 606 1205 663 hoc
1236 617 1339 677 est,
1365 608 1509 679 regis
1535 616 1591 663 et
1617 609 1825 679 populi,
1862 610 2016 681 107

412 711 467 758 et
497 702 644 756 nulla
674 702 1027 756 excusatione
1059 710 1398 763 remanente,
1440 715 1580 755 nunc
1610 700 1934 767 interibunt,
1964 707 2021 756 et

408 796 697 852 tradentur
721 804 941 851 ceterum
973 795 1299 866 captivitati;
1327 796 1510 849 statim
1534 794 1679 849 enim
1708 803 1765 850 ut
1784 795 2018 865 populus

412 888 668 945 dissensit
695 904 722 941 a
752 903 879 959 rege
904 929 919 957 ,
950 891 1098 943 venit
1127 889 1398 943 interitus.
1434 887 1699 958 Quodque
1724 891 1974 959 sequitur
2002 906 2015 943 :

412 986 522 1058 ipse
546 984 838 1057 confringet
863 985 1146 1040 simulacra
1166 1001 1364 1050 eorum,
1387 982 1453 1039 de
1480 983 1593 1038 Deo
1617 983 1748 1038 dicit
1766 1000 1779 1037 :
1796 998 2020 1055 arasque

414 1080 841 1154 depOpulabitur,
877 1097 983 1137 non
1014 1081 1137 1153 quia
1165 1081 1312 1137 Deus
1345 1082 1462 1152 ipse
1492 1081 1718 1153 propria
1747 1080 1851 1136 hoc
1875 1082 2020 1136 iece-

414 1175 488 1231 rit
516 1190 704 1243 manu,
735 1174 831 1231 sed
858 1175 1002 1247 quod
1034 1191 1131 1247 per
1162 1174 1347 1232 hostes
1377 1176 1631 1231 voluntas
1656 1175 1773 1245 ejus
1800 1174 2017 1245 expleta

415 1269 504 1325 sit.
540 1269 929 1326 [hereticorum
961 1270 1101 1325 inter
1130 1284 1189 1324 se
1222 1269 1387 1325 corda
1419 1269 1614 1335 divisa,
1649 1280 1703 1324 et
1730 1266 2021 1325 contrariis

417 1378 721 1435 repugnare
766 1362 1081 1429 sententiis,
1113 1364 1276 1418 etiam
1324 1364 1424 1433 ipsi
1469 1380 1575 1418 non
1609 1371 1845 1433 negant,
1889 1360 2017 1416 dum

415 1456 630 1513 diversa
675 1455 939 1511 sentiunt.
975 1455 1128 1512 Unde
1157 1456 1570 1525 disperdentur,
1600 1464 1656 1511 et
1684 1453 2015 1523 confringet,

416 1553 534 1610 sive
561 1552 813 1608 sutl'odiet
842 1552 1104 1608 Dominus
1127 1552 1440 1621 simulacra,
1466 1552 1553 1607 vel
1587 1551 1772 1605 altaria
1802 1564 2015 1617 eorum,

415 1663 537 1721 quae
558 1647 627 1703 de
654 1662 756 1703 suo
784 1647 950 1703 corde
981 1645 1281 1711 finxerunt,
1311 1655 1366 1701 et
1396 1646 1631 1702 vastabit
1661 1646 1867 1709 titulos,
1900 1644 2022 1713 qui-

2122 438 2229 478 non
2283 438 2441 492 poma
2491 423 2720 480 arbores
2778 424 3186 495 germinabunt,
3244 440 3367 497 quae
3423 426 3783 481 humorem

2123 527 2282 573 terrae
2313 517 2364 572 in
2400 517 2579 572 varios
2620 527 2832 573 mutant
2862 533 3118 589 sapores;
3164 519 3261 576 sed
3311 520 3524 577 orietur
3586 518 3785 574 vobis

2119 612 2445 677 amaritudo,
2494 612 2663 668 immo
2694 613 3076 670 amaritudinis
3100 614 3389 686 judicium,
3423 617 3549 674 sive
3586 614 3790 694 ἄγρο-

2121 729 2269 772 στις,
2317 722 2479 777 quam
2511 706 2703 764 Latine
2748 707 2803 763 in
2851 726 3064 781 gramen
3108 709 3396 767 vertimus.
3430 712 3529 769 Est
3594 711 3782 767 enim

2120 816 2291 871 genus
2321 800 2503 857 herbae
2532 801 2745 857 calamo
2782 802 2983 869 simile,
3016 820 3136 875 quae
3184 820 3283 875 per
3327 805 3541 877 singula
3580 802 3784 876 geni.

2121 895 2243 949 cula
2287 894 2539 951 fruticem
2589 910 2804 951 sursum
2851 908 2907 953 et
2948 898 3186 955 radicem
3230 900 3398 954 mittit
3436 900 3779 965 deorsum,

2122 980 2426 1058 rursusque
2475 989 2576 1059 ipsi
2625 990 2849 1046 frutices
2895 1003 2949 1046 et
2997 992 3230 1062 virgulta
3262 993 3488 1049 alterius
3534 992 3782 1049 herba:

2122 1080 2416 1136 seminaria
2462 1091 2628 1151 sunt,
2676 1094 2839 1155 atque
2871 1085 2949 1140 ita
2992 1085 3045 1140 in
3078 1085 3229 1142 brevi
3264 1098 3510 1158 tempore
3536 1088 3600 1144 si
3639 1102 3778 1143 non

2122 1177 2245 1233 imis
2272 1178 2549 1235 radicibus
2581 1179 2895 1250 cfl'odiatur,
2930 1190 3073 1238 totos
3106 1197 3266 1255 agros
3296 1187 3547 1255 veprium
3589 1183 3782 1239 simi-

2124 1271 2202 1327 les
2242 1270 2388 1327 facit.
2419 1272 2666 1344 Denique
2716 1277 2883 1330 etiam
2929 1275 2975 1331 si
3008 1276 3151 1332 sicca
3200 1276 3321 1348 ejus
3348 1278 3529 1349 aliqua
3580 1293 3771 1349 pars,

2124 1363 2421 1420 dummodo
2469 1366 2774 1436 geniculum
2827 1367 3057 1434 habeat,
3090 1383 3256 1439 super
3285 1368 3485 1425 cultam
3521 1380 3771 1424 terram

2124 1458 2404 1527 ceciderit,
2437 1460 2618 1514 omnia
2651 1461 2825 1531 replet
2857 1462 3123 1532 gramine.
3159 1462 3286 1518 Ilaec
3317 1462 3555 1518 diximus
3584 1465 3771 1532 juxta

2125 1552 2271 1608 LXX
2319 1554 2669 1624 interpretes.
2722 1566 2983 1611 caeterum
3019 1557 3070 1610 in
3104 1555 3371 1611 llebraico
3410 1571 3507 1611 nos
3542 1555 3767 1629 (πῖθι-³)

2125 1649 2389 1719 scriptum
2426 1648 2613 1716 habet,
2634 1650 2779 1721 quod
2812 1652 2864 1705 in
2895 1651 3319 1707 amaritudinem
3349 1651 3614 1722 vertitur,
3642 1651 3769 1708 hoc

414 1740 516 1797 bus
545 1738 743 1811 singuli
792 1741 906 1795 suis
951 1740 1301 1811 appellantur
1330 1738 1668 1807 nominibus,
1702 1747 1758 1794 et
1784 1753 2017 1793 voeatve-
2047 1744 2096 1805 B
2123 1752 2226 1810 est,
2264 1744 2645 1800 amaritudinis
2672 1746 2933 1816 judicium
2955 1791 2969 1816 ,
3005 1747 3071 1803 de
3098 1763 3206 1818 quo
3254 1757 3309 1803 et
3339 1747 3609 1804 Dominus
3673 1749 3770 1804 Ιο⁴

417 1847 548 1895 runt
592 1838 810 1895 nomina
859 1853 953 1893 sua
988 1854 1153 1908 super
1186 1846 1362 1893 terras
1390 1851 1543 1900 suas,
1586 1844 1649 1890 ut
1677 1849 2020 1905 nequaquam

417 1929 624 1986 Christi
655 1928 915 1985 Ecclesia
935 1972 949 1997 ,
998 1928 1095 1984 sed
1128 1928 1278 1983 illius
1303 1926 1391 1983 vel
1421 1926 1565 1981 illius
1596 1940 1718 1981 esse
1747 1925 2017 1981 dicantur.

490 2023 722 2099 (Vers.5
743 2022 896 2095 ειιι.)
939 2024 1075 2091 Quia
1103 2039 1239 2076 nunc
1268 2022 1460 2089 dicent,
1487 2038 1591 2075 non
1623 2030 1695 2075 est
1723 2036 1814 2075 rex
1843 2020 1990 2075 nobis
2004 2036 2023 2073 :

420 2139 524 2179 non
547 2121 683 2177 enim
712 2122 951 2175 tintemus
978 2119 1281 2188 Dominum,
1308 2128 1358 2173 et
1383 2133 1476 2172 rex
1499 2115 1624 2189 quid
1653 2116 1807 2187 faciet
1836 2114 2027 2170 nobis?

422 2215 721 2288 Loquimini
764 2213 917 2269 verba
955 2214 1167 2268 visionis
1194 2213 1421 2280 inutilis,
1452 2222 1500 2265 et
1532 2211 1727 2281 feriatis
1758 2210 1946 2281 fardus,
1981 2218 2027 2263 et

423 2311 735 2386 germinabit
781 2311 933 2381 quasi
985 2308 1281 2363 amaritudo
1330 2308 1592 2381 judicium
1648 2321 1803 2378 super
1856 2304 2027 2360 sulcos

423 2407 558 2482 agri.
593 2403 738 2462 LXX
763 2422 777 2459 :
802 2403 1089 2476 PrOpterea
1118 2419 1253 2457 nunc
1277 2401 1469 2467 dicent,
1495 2417 1597 2455 non
1629 2409 1702 2454 est
1736 2415 1830 2453 rex
1854 2397 2024 2464 nobis,

421 2500 549 2569 quia
595 2515 700 2553 non
730 2496 995 2552 timuimus
1026 2494 1307 2551 Dominum
1328 2537 1344 2562 ,
1390 2511 1483 2549 rex
1511 2503 1679 2548 autem
1709 2493 1834 2564 quid
1872 2491 2028 2562 faciet

423 2592 609 2648 nobis?
636 2590 872 2663 Loquens
924 2588 1097 2655 verba,
1129 2588 1425 2642 occasiones
1451 2586 1726 2641 mendaces
1752 2600 1769 2638 :
1792 2584 2029 2655 disponet

422 2694 805 2750 testamentum,
832 2683 1032 2738 orietur
1058 2681 1189 2736 sicut
1220 2696 1432 2753 gramen
1456 2679 1719 2751 judicium
1750 2694 1906 2747 super
1935 2678 2029 2733 deo

420 2786 614 2834 sertum
650 2775 786 2851 agri.
842 2774 1135 2845 Postquam
1184 2771 1517 2843 confregerit
1547 2771 1691 2827 Deus
1734 2769 2026 2825 simulacra

422 2873 613 2942 Israel,
637 2882 692 2929 et
713 2871 1081 2944 depopulatus
1107 2869 1271 2925 fuerit
1300 2883 1447 2947 aras,
1467 2867 1555 2924 vel
1582 2874 1791 2923 statuas
1813 2882 2027 2935 eorum,

424 2979 481 3027 et
510 2979 755 3026 extrema
787 2966 1077 3039 captivitas
1104 2964 1354 3033 venerit,
1405 2962 1590 3018 dicent
1625 2979 1637 3016 :
1684 2961 1807 3016 Non
1840 2970 1914 3017 est
1939 2976 2032 3015 rea:

426 3066 594 3123 nobis.
629 3066 695 3120 Et
724 3080 794 3120 ne
840 3063 894 3119 in
946 3063 1167 3134 longum
1214 3070 1428 3130 tempus
1461 3067 1653 3130 putent
1700 3055 2028 3113 sententiam

2126 1835 2311 1906 quitur
2343 1838 2396 1890 in
2429 1835 2729 1907 Evangelio
2776 1854 2789 1890 :
2830 1835 2896 1892 In
2936 1838 3205 1910 judicium
3237 1854 3332 1911 ego
3380 1840 3433 1893 in
3476 1838 3768 1894 mundum

2126 1929 2281 1981 istum
2321 1930 2437 1982 veni
2468 1927 2647 2001 (Joan.
2681 1946 2759 1999 1x,
2795 1930 2884 2001 '59)
2912 1948 2923 1982 :
2951 1940 3002 1986 et
3034 1930 3102 1985 de
3132 1932 3252 1985 aliis
3300 1932 3559 2002 scriptum
3611 1939 3718 1987 est
3745 1975 3759 1997 ,

2127 2025 2273 2094 quod
2304 2024 2555 2094 recipiant
2586 2023 2811 2097 amplius
2848 2025 3113 2095 judicium
3155 2024 3352 2094 (Marc.
3390 2024 3509 2097 xu).
3561 2025 3765 2081 Disci-

2132 2117 2241 2188 puli
2281 2132 2497 2189 quoque
2529 2119 2930 2174 contrariorum
2979 2118 3328 2190 dogmatum,
3376 2135 3497 2175 cum
3541 2135 3759 2175 eorum

2131 2211 2330 2267 fuerint
2360 2212 2595 2267 contrita
2628 2212 2935 2277 mendacia,
2969 2221 3024 2267 et
3054 2227 3164 2267 ara:
3210 2212 3424 2282 lucique
3455 2212 3752 2279 subversi,

2130 2320 2258 2362 sero
2307 2306 2493 2361 dicent
2535 2324 2548 2362 :
2592 2305 2708 2360 Non
2755 2305 3020 2361 habemus
3054 2322 3210 2379 reges
3254 2307 3342 2379 qui
3378 2307 3537 2363 nobis
3582 2307 3759 2377 prius

2133 2399 2574 2469 imperaverant,
2620 2399 2817 2470 quibus
2845 2399 3265 2470 decipientibus,
3296 2398 3588 2455 Dominum
3624 2416 3755 2455 non

2135 2494 2445 2560 timuimus;
2475 2493 2604 2564 quid
2634 2494 2779 2549 enim
2807 2493 2966 2549 nobis
2999 2493 3200 2564 profuit
3234 2493 3357 2548 illos
3388 2494 3565 2565 sequi,
3600 2510 3756 2564 quo-

2133 2602 2252 2642 rum
2301 2585 2354 2641 in
2401 2588 2731 2644 necessitate
2780 2603 2886 2642 non
2947 2588 3217 2643 sentimus
3253 2582 3560 2643 'auxilium?
3609 2588 3755 2645 11ωο

2133 2678 2426 2750 loquentur
2454 2689 2766 2750 quaerentes
2795 2680 3033 2752 aliquam
3064 2681 3496 2749 excusationem,
3536 2692 3593 2736 ut
3623 2696 3748 2737 non

2135 2788 2232 2842 per
2257 2788 2338 2841 se,
2365 2773 2458 2829 sed
2492 2788 2590 2844 per
2609 2772 2866 2830 doctores
2891 2773 3157 2845 pessimos
3181 2789 3401 2831 errasse
3426 2773 3749 2831 videantur.

2138 2865 2292 2923 Unde
2341 2877 2398 2924 et
2450 2867 2590 2925 LXX
2641 2870 2807 2925 verba
2859 2885 3092 2939 eorum,
3144 2871 3524 2926 excusationes
3573 2869 3751 2926 falsas

2137 2961 2563 3029 transtulerunt,
2598 2978 2732 3033 quas
2780 2962 3051 3034 propheta
3096 2962 3331 3030 devitat,
3385 2962 3574 3019 dicens
3606 2979 3619 3016 :
3654 2960 3753 3015 Ne

2134 3054 2359 3109 declines
2406 3071 2494 3109 cor
2536 3072 2705 3110 meum
2751 3056 2805 3111 in
2834 3058 2987 3111 verba
3035 3056 3270 3124 malitire,
3310 3056 3377 3112 ad
3410 3056 3749 3111 excusandas

424 3157 707 3231 protelari,
751 3155 958 3211 addidit
996 3174 1007 3208 ε
1057 3152 1214 3208 Nunc
1244 3152 1447 3219 dicent,
1481 3150 1701 3221 quando
1729 3148 2024 3206 vastabun-
2052 3148 2096 3213 C
2130 3151 2489 3205 excusationes
2525 3152 2578 3205 in
2618 3152 2840 3224 peccatis
2877 3151 2995 3223 (Ps.
3029 3167 3154 3221 ch,
3189 3153 3270 3224 4).
3304 3151 3564 3207 Libenter
3591 3150 3749 3206 vitiis

423 3261 532 3319 tur,
563 3248 783 3323 quando
811 3248 1055 3306 sentient
1084 3246 1225 3303 Osee
1249 3261 1434 3316 regem
1467 3245 1721 3301 ultimum
1750 3260 1779 3299 a
1813 3259 1872 3300 se
1901 3258 2026 3301 esse

424 3345 696 3402 sublatum
738 3360 751 3397 :
795 3342 922 3398 ideo
966 3356 1058 3397 rex
1090 3339 1310 3396 ablatus
1339 3354 1367 3393 a
1400 3337 1559 3394 nobis
1590 3346 1675 3394 est
1700 3381 1713 3403 ,
1762 3336 1886 3409 quia
1918 3353 2025 3392 non

426 3438 710 3496 timuimus
739 3435 1033 3491 Dominum
1068 3448 1259 3489 verum
1294 3447 1477 3503 regem
1506 3450 1520 3483 τ
1561 3432 1725 3488 homo
1751 3434 1899 3489 enim
1931 3448 2025 3488 rex

425 3530 689 3604 prodesse
721 3528 851 3601 quid
885 3528 1135 3598 peterat?
1169 3526 1345 3583 Dicite
1388 3525 1517 3597 quid
1549 3526 1713 3582 vultis
1740 3569 1755 3593 ,
1810 3541 2029 3584 errores

425 3635 638 3683 veteres
669 3627 963 3697 suspirate,
996 3622 1331 3694 pollicemini
1362 3621 1517 3677 vobis
1548 3636 1811 3693 prospera
1839 3664 1854 3689 ,
1903 3639 2025 3692 quae

423 3729 709 3780 vertentur
739 3720 792 3776 in
823 3717 1120 3783 contraria,
1158 3715 1336 3772 foedus
1382 3714 1592 3771 ferietis
1617 3756 1632 3781 ,
1681 3730 2025 3786 nequaquam

422 3833 547 3875 cum
578 3818 711 3883 Deo,
741 3813 839 3872 sed
870 3830 993 3871 cum
1033 3810 1344 3869 mendacio.
1376 3810 1445 3867 Et
1474 3820 1598 3882 post
1641 3811 1831 3881 facdus,
1880 3812 2026 3883 quod

424 3910 778 3983 Septuaginta
830 3906 1177 3979 interpretati
1224 3914 1380 3971 sunt,
1415 3912 1798 3974 testamentum,
1827 3906 2026 3975 germi-

423 4003 775 4075 nabitvobis,
799 4018 907 4059 non
933 4016 1088 4074 seges
1113 4000 1345 4057 fecunda
1378 3999 1659 4067 frumenti,
1688 4015 1798 4055 non
1828 4000 2025 4055 saltem

420 4099 789 4172 iumentorum
823 4096 998 4163 cibus,
1035 4095 1296 4151 hordeum
1324 4134 1339 4161 ,
1391 4109 1498 4151 non
1543 4094 1819 4166 legumina
1848 4094 2023 4164 varia,

2133 3245 2336 3299 nostris
2365 3242 2784 3315 applaudimus,
2837 3252 2893 3301 et
2922 3244 3165 3315 superati
3203 3243 3599 3314 voluptatibus,
3633 3242 3745 3300 ob-

2136 3339 2411 3395 tendimus
2461 3339 2649 3407 carnis
2697 3339 3103 3407 inﬁrmitatem,
3156 3348 3249 3394 aut
3279 3338 3415 3395 dura
3462 3337 3735 3409 majorum

2136 3437 2393 3509 imperia:
2425 3436 2575 3493 unde
2600 3435 2769 3492 verba
2797 3446 2852 3493 et
2877 3436 3116 3492 visiones
3146 3434 3533 3492 haereticorum
3569 3433 3741 3489 inuti-

2135 3532 2215 3589 les
2247 3541 2427 3588 erunt.
2479 3531 2545 3585 Et
2590 3530 2789 3587 ferient
2825 3531 3022 3597 foedus,
3068 3546 3408 3602 nequaquam
3438 3545 3562 3585 eum
3598 3528 3736 3595 Deo,

2137 3625 2232 3682 sed
2264 3640 2387 3680 cum
2418 3623 2804 3692 amaritudine,
2838 3639 2959 3695 quae
2988 3638 3109 3679 cum
3137 3623 3254 3679 dies
3279 3622 3471 3693 judicti
3501 3621 3741 3678 advene-

2135 3718 2241 3785 rit,
2297 3717 2631 3790 germinabit
2672 3732 2839 3786 super
2882 3717 3064 3773 sulcos
3115 3718 3228 3789 agri
3270 3731 3489 3783 eorum,
3539 3724 3599 3770 ut
3641 3714 3738 3785 qui

2135 3811 2543 3867 seminaverunt
2576 3811 2628 3865 in
2660 3809 2859 3881 gaudio
2880 3852 2895 3877 ,
2954 3818 3163 3865 metant
3193 3809 3247 3865 in
3298 3808 3555 3879 lacrymis
3589 3824 3602 3861 :
3641 3806 3737 3879 qui

2134 3910 2400 3975 riserunt,
2434 3907 2603 3965 fleaut
2642 3924 2653 3960 :
2695 3908 2786 3978 qui
2820 3906 3130 3964 habuerunt
3164 3903 3624 3973 consolationem,
3654 3903 3738 3958 lu-

2130 4012 2317 4073 geant.

431 4228 3720 4263 ___________________________________________.__.___

1412 4354 1893 4468 LIBER
1980 4350 2284 4462 TER
2306 4350 2469 4461 T1
2490 4353 2717 4463 US.

1908 4547 2253 4567 ἔ

503 4662 1926 4746 109-110Nonignoro,Pammachi,diftlcillimum
1942 4675 2028 4715 me
2056 4661 2108 4721 D
2136 4677 2279 4717 mum
2312 4661 2449 4730 Deo,
2480 4658 2678 4716 deinde
2707 4659 2841 4727 tibi,
2873 4659 2967 4731 qui
3000 4659 3095 4715 Dei
3126 4675 3209 4725 es,
3253 4657 3281 4697 ι)
3314 4660 3577 4719 solvimus
3610 4680 3625 4718 :
3671 4664 3737 4717 il-

429 4766 712 4825 duodecim
740 4762 1135 4832 Prophetarum
1160 4778 1295 4833 opus
1316 4760 1427 4833 [Αι.
1448 4755 1790 4830 opusculum]
1806 4754 2024 4822 cudere,

424 4871 610 4922 certea
626 4861 1043 4930 interpretatum
1067 4857 1302 4921 Latinis,
1328 4866 1379 4912 et
1406 4854 1550 4927 quod
1571 4853 1741 4926 magis
1762 4852 2032 4909 temerita-

424 4968 535 5016 tem
559 4964 797 5014 nostram
821 4953 1261 5026 possitjarguere,
1294 4966 1454 5023 quam
1478 4949 1758 5006 scientiam
1776 4945 2027 5017 prodere.

431 5053 539 5111 Sed
569 5052 696 5119 quia
722 5050 819 5106 tibi
842 5048 1106 5114 hortanti,
1135 5046 1304 5103 immo
1332 5045 1643 5116 imperanti,
1673 5056 1870 5111 negare
1892 5040 2028 5096 nihil

424 5163 749 5222 possumus,
792 5152 849 5201 et
871 5159 975 5216 pro
997 5141 1343 5199 oﬂ‘erentium
1371 5139 1582 5195 viribus
1617 5138 1669 5192 iu
1700 5134 2029 5209 gazophyla-

423 5242 569 5301 cium
596 5241 728 5311 Dei,
761 5238 1059 5295 multorum
1091 5236 1314 5292 divitias
1354 5232 1463 5288 duo
1494 5231 1743 5287 mulieris
1771 5228 2030 5301 pauperis

426 5351 536 5395 tera
559 5342 888 5408 superarunt
911 5330 1066 5405 (Luc.
1102 5327 1215 5401 xm)
1244 5347 1256 5382 :
1289 5324 1550 5399 quidquid
1574 5337 1886 5395 possumus,
1922 5322 2033 5392 pri-

498 5514 525 5542 ³
555 5500 734 5557 Malim
766 5496 957 5569 utique
987 5495 1439 5569 ininterpretatum
1488 5502 1597 5543 uno
1622 5485 1793 5569 verbo
1827 5483 2033 5569 rescri-

426 5576 503 5632 bi.
532 5557 1192 5643 Quamquam'Yictorius;
1210 5572 1355 5643 certe
1380 5564 1795 5643 interpretatum,
1827 5557 2022 5643 inquit,

423 5630 577 5727 ista“?
596 5652 702 5711 εει»
728 5630 875 5727 sed
897 5639 1090 5727 Grece
1114 5630 1337 5727 ἀίδίειξιτε
1360 5630 2021 5727 Αδξξριξξῖξξῄεεξξξενιιεέξδξῂ

426 5704 701 5791 diligenter
749 5704 1186 5791 interpretatum._
1211 5708 1282 5764 At
1314 5704 1447 5791 vero
1485 5704 1792 5791 luculenter
1814 5704 2025 5791 iliero-

428 5774 625 5864 nyriius
644 5774 955 5859 superioris
980 5781 1300 5856 przefatione
1325 5779 1449 5836 libri
1478 5777 1548 5835 ad
1578 5774 2020 5835 Pammachium:

2140 4756 2354 4827 [iusque
2382 4770 2600 4825 semper
2632 4752 2887 4810 versiculi
2916 4752 3271 4810 recordamur
3304 4772 3315 4809 :
3348 4752 3526 4811 Pollio
3554 4765 3601 4812 et
3626 4759 3737 4831 ipse

2139 4852 2263 4923 facit
2293 4868 2425 4907 nova
2455 4850 2710 4906 carmina.
2762 4849 3011 4920 Cumque
3035 4858 3282 4922 apertum
3320 4850 3590 4907 fautorem
3636 4867 3735 4924 pro

2134 4943 2257 5016 jure
2286 4944 2543 4999 amicitiae
2572 4959 2693 4998 esse
2726 4951 2779 4998 te
2809 4942 3073 5013 gaudeam
3094 4986 3107 5010 ,
3145 4944 3383 4999 tacitum.
3403 4944 3735 5001 eruditionis

2140 5046 2245 5094 tum
2269 5037 2532 5110 judicium
2566 5037 2895 5108 pertimesco
2931 5056 2943 5091 :
2987 5038 3271 5111 magisque
3308 5045 3363 5096 te
3394 5038 3731 5108 laudantem,

2131 5149 2291 5205 quam
2343 5132 2691 5189 adversarios
2734 5131 3092 5189 detrahentes
3155 5142 3360 5189 metuo.
3421 5133 3539 5190 Illis
3589 5136 3733 5191 enim

2133 5225 2409 5283 aemulatio
2453 5225 2695 5281 detrahit
2724 5225 2910 5296 ﬁdem,
2961 5236 3015 5283 et
3046 5242 3153 5282 non
3183 5235 3291 5282 tam
3322 5226 3537 5298 judices
3568 5244 3732 5299 quam

2132 5327 2483 5377 accusatores
2506 5318 2735 5375 vocandi
2761 5327 2911 5375 sunt.
2939 5318 3023 5375 Tu
3055 5327 3236 5375 autem
3264 5320 3355 5391 qui
3386 5316 3514 5393 [ΑΙ.
3540 5321 3685 5393 quod
3714 5319 3734 5392 ]

2140 5482 2295 5547 Sunt,
2328 5480 2541 5553 inquit,
2589 5482 2681 5552 qui
2705 5481 2956 5553 audacter
2982 5496 3075 5535 nos
3100 5484 3271 5552 facere
3299 5488 3564 5553 asserunt,
3597 5480 3733 5553 quod

2133 5552 2454 5618 arripuimus
2477 5569 2630 5625 Opus,
2653 5552 2792 5624 quod
2818 5567 3021 5609 NULLUS
3041 5562 3163 5608 ante
3184 5568 3277 5607 nos
3299 5552 3735 5610 Latinorumlati-

2133 5636 2242 5681 tare
2269 5642 2425 5681 ausus
2446 5634 2541 5681 881.

2203 5698 2228 5737 b
2271 5698 2386 5755 Duo
2416 5711 2575 5766 mss.,
2601 5698 2713 5767 tibi,
2746 5697 2835 5771 qui
2865 5696 2966 5752 Dei
2991 5712 3045 5752 es
3070 5697 3326 5770 pontifex,
3357 5697 3621 5753 solvimus.
