4150 6346
382 269 493 331 9οΰ

1213 265 1861 328 COMMENTARIORUM
1900 266 1969 325 IN
2007 263 2187 325 OSEE
2227 266 2356 325 LIB.
2399 268 2486 327 lIl.
2531 269 2692 329 CAP.
2734 269 2805 328 X.

3567 275 3675 334 906

388 385 590 458 diligis,
627 399 966 460 nequaquam
994 401 1351 458 personarum
1371 431 1384 455 ,
1429 388 1523 443 sed
1552 403 1736 444 rerum
1768 385 1977 457 promis
2002 386 2053 447 Α
2081 386 2369 456 perspicue
2400 402 2633 458 sequens
2661 404 2851 445 versus
2872 386 3110 444 ostendit
3144 404 3157 443 :
3196 387 3465 462 Siquidem
3489 393 3600 466 ipse
3622 398 3674 450 in

388 481 715 538 sententiam
750 500 765 538 :
806 496 1135 553 quamquam
1170 492 1225 539 et
1265 497 1421 538 amor
1444 482 1678 552 recipiat
1706 491 1975 546 errorem,

388 570 782 647 pulchrumque
827 577 900 632 sit
945 576 1080 632 illud
1116 585 1142 614 ⁸
1173 579 1517 653 Θεοφράστου,
1566 576 1708 647 quod
1768 576 1978 632 Tullius

386 667 562 739 magis
598 669 667 725 ad
704 685 961 735 sensum,
1006 686 1168 741 quam
1208 670 1276 726 ad
1314 672 1541 726 verbum
1592 672 1978 741 interpretatus

386 771 492 827 εει,
523 762 703 837 τυφλὸν
731 765 790 821 τὸ
811 764 982 839 φιλοῦν
1008 766 1129 841 περὶ
1155 764 1216 822 τὸ
1244 763 1558 838 φιλούμενον,
1586 761 1639 817 id
1664 770 1770 826 est,
1794 776 1978 815 aman-

388 853 519 909 tium
557 871 693 911 cteca
728 857 934 930 judicia
971 864 1109 912 sunt.
1161 857 1415 912 Attamen
1458 854 1513 909 in
1560 854 1718 910 istam
1763 862 1975 923 partem

387 946 417 989 ι’
440 960 563 1021 peto
587 951 760 1023 magis
779 960 839 1007 ut
859 950 1079 1018 labaris,
1095 966 1201 1006 non
1223 950 1369 1012 odio,
1385 947 1480 1005 sed
1494 963 1698 1005 amore.
1730 946 1974 1003 Tertium

388 1041 445 1098 in
477 1041 614 1098 Osee
642 1042 961 1113 prophetam
994 1042 1265 1098 dictamus
1311 1041 1507 1097 librum
1529 1081 1544 1106 ,
1592 1047 1649 1096 et
1684 1038 1751 1094 ad
1782 1053 1975 1095 vaccas

385 1134 664 1191 Bethaven
704 1150 876 1208 usque
906 1135 1298 1206 pervenimus:
1338 1132 1606 1204 nobisque
1650 1132 1975 1203 interpreta-

384 1228 550 1285 tionis
574 1230 695 1285 vela
718 1228 1112 1301 pandentibus,
1148 1236 1206 1285 tu
1235 1227 1403 1285 debes
1434 1226 1809 1298 propheticum
1838 1226 1973 1282 illud

378 1324 561 1381 dicere
595 1342 609 1380 :
638 1326 681 1379 A
706 1336 927 1397 quatuor
955 1327 1119 1381 ventis
1147 1326 1261 1381 caeli
1288 1325 1422 1389 ueni,
1454 1325 1693 1396 spiritus,
1719 1333 1774 1378 ut
1803 1320 1974 1379 celeri

382 1430 544 1473 cursu
580 1426 603 1455 ο
644 1418 824 1472 varios
869 1418 1243 1474 insidiantium
1285 1417 1543 1487 scopulos
1591 1423 1970 1481 transeuntes,

382 1524 592 1566 merces
613 1509 943 1579 Dominicas,
959 1525 1025 1566 ex
1040 1510 1187 1565 omni
1209 1518 1365 1582 parte
1386 1508 1645 1565 saeviente
1663 1505 1970 1578 naufragio,

383 1605 451 1660 ad
480 1611 672 1675 portus
693 1603 995 1660 tutissimos
1020 1602 1380 1674 perferamus.

2080 475 2245 532 Assur
2265 478 2468 534 delatus
2497 489 2591 545 est,
2616 497 2803 535 munus
2825 482 2934 552 regi
2954 480 3131 535 ultori.
3161 480 3463 554 Statimque
3488 488 3668 555 sequi-

2085 577 2166 625 tur
2202 588 2216 624 :
2259 571 2503 641 Confusio
2530 572 2784 646 Ephraim
2811 575 3011 646 capiet,
3049 585 3095 629 et
3135 578 3476 648 confundetur
3506 578 3675 634 Israel

2080 663 2133 719 in
2168 666 2423 721 uoluntate
2466 684 2580 731 sua,
2630 667 2764 734 sive,
2810 668 2865 722 in
2907 667 3123 723 consilio
3152 686 3267 725 suo.
3320 670 3673 743 Deprehensa

2079 757 2224 813 enim
2258 758 2400 814 fraus
2422 759 2802 815 deauratorum
2826 760 3116 816 vitulorum
3145 767 3257 832 regi
3285 760 3449 819 Israel
3477 764 3675 820 litteris

2079 849 2369 920 indicatur,
2403 861 2458 908 et
2478 853 2620 910 unde
2641 868 2701 908 se
2731 853 2946 925 placere
2977 854 3399 926 aestimaverant,
3434 858 3561 914 inde
3587 858 3676 915 vel

2078 944 2315 1001 maxime
2343 945 2771 1011 confunduntur,
2807 957 2862 1003 et
2890 947 3173 1003 oﬁ‘endunt
3204 964 3299 1005 eos
3325 951 3523 1021 quibus
3553 967 3676 1008 mu-

2077 1051 2207 1093 nera
2246 1038 2527 1104 miserant,
2582 1039 2913 1095 aestimantes
2953 1039 3062 1112 [Αι.
3111 1040 3519 1117 aestimantium]
3564 1059 3670 1099 non

2075 1128 2223 1183 furto
2260 1130 2643 1198 sacerdotum,
2686 1130 2785 1188 sed
2816 1130 3007 1186 fraude
3036 1145 3222 1202 regum
3254 1139 3413 1202 atque
3443 1136 3676 1190 consilio

2076 1218 2183 1276 hoc
2230 1235 2353 1277 esse
2390 1222 2714 1291 perfectum.
2768 1222 3020 1293 Legimus
3051 1223 3104 1277 in
3133 1222 3337 1294 Regum
3371 1226 3670 1297 volumine,

2076 1327 2259 1383 regem
2281 1312 2449 1369 Israel
2472 1314 2731 1370 Manaheu
2757 1317 2868 1385 regi
2894 1314 3239 1386 Assyriorum
3259 1315 3394 1369 Phul
3420 1317 3566 1372 mille
3586 1333 3675 1372 ar-

2076 1405 2223 1476 genti
2255 1406 2458 1461 talenta
2484 1407 2721 1474 misisse,
2749 1416 2805 1461 ut
2825 1414 2972 1462 esset
2996 1420 3185 1461 manus
3208 1406 3326 1477 ejus
3352 1421 3474 1463 cum
3500 1422 3589 1475 eo,
3621 1407 3675 1464 id

2076 1506 2183 1564 est,
2218 1507 2276 1553 ut
2296 1498 2345 1553 ei
2372 1499 2642 1568 praeberet
2671 1499 2955 1566 auxilium,
2990 1499 3132 1556 inter
3159 1515 3281 1571 qua:
3312 1501 3558 1556 nonnulli
3590 1516 3679 1556 ar-

2076 1588 2348 1646 bitrantur
2385 1593 2550 1648 etiam
2590 1593 2790 1648 vitulos
2821 1608 3015 1649 aureos
3053 1609 3175 1650 esse
3208 1604 3231 1634 ο
3272 1594 3529 1652 directos.
3569 1596 3676 1652 Pro

2077 1684 2229 1740 Jarib
2259 1686 2311 1739 in
2341 1689 2595 1755 praesenti
2625 1687 2750 1742 loco
2776 1686 3135 1759 Symmachus
3172 1690 3564 1761 interpretatus
3590 1700 3678 1747 est

458 1785 640 1857 (Vers.
670 1785 705 1841 5
734 1792 791 1842 et
819 1783 900 1856 6.)
955 1783 1151 1840 Vaccus
1188 1782 1446 1840 Bethaven
1474 1782 1744 1838 coluerunt
1765 1780 1967 1836 habita-
2000 1784 2049 1847 B
2080 1775 2099 1815 ί
2123 1779 2507 1857 ὑπερμάχοντι,
2536 1779 2589 1834 id
2617 1788 2702 1835 est
2732 1781 2941 1853 praesuli
2971 1791 3026 1836 et
3054 1781 3337 1854 defensori.
3366 1782 3530 1839 Juxta
3559 1785 3677 1855 spio

386 1886 517 1935 tores
548 1878 827 1945 Samariaz,
873 1877 999 1950 quia
1018 1877 1148 1932 luxit
1174 1892 1328 1943 super
1355 1892 1469 1931 eum
1494 1875 1717 1947 papulus
1738 1877 1849 1947 ejus
1876 1888 1894 1928 :
1927 1882 1975 1927 et

383 1971 562 2026 aeditui
600 1973 716 2042 ejus
756 1985 907 2042 super
951 1985 1069 2024 eum
1113 1966 1499 2023 exsultauerunt
1528 1968 1582 2021 in
1611 1968 1780 2039 gloria
1822 1970 1970 2039 ejus,

383 2070 503 2141 quia
525 2069 764 2141 migrauit
789 2068 849 2123 ab
878 2084 961 2123 eo.
991 2067 1262 2139 Siquidem
1289 2076 1338 2122 et
1362 2066 1471 2138 ipse
1496 2066 1552 2120 in
1580 2066 1745 2120 Assur
1771 2064 1976 2119 delatus

380 2174 477 2231 est,
507 2180 694 2219 munus
718 2164 829 2237 regi
852 2162 1033 2230 ultori,
1063 2162 1300 2234 confusio
1328 2160 1580 2233 Ephraim
1608 2160 1812 2229 capiet:
1846 2176 1972 2213 con-

384 2258 628 2330 fundetur
661 2256 830 2315 Israel
854 2258 909 2312 in
937 2255 1045 2331 [AL
1070 2255 1125 2328 a]
1155 2256 1415 2311 uoluntate
1440 2271 1555 2310 sua.
1587 2252 1734 2310 LXX
1774 2271 1786 2307 :
1822 2253 1975 2324 Apud

379 2350 600 2405 uitulum
620 2347 905 2405 domus'm
916 2349 1248 2404 morabuntur
1267 2349 1354 2419 qui
1376 2347 1606 2401 habitant
1626 2347 1681 2400 in
1700 2346 1972 2402 Samaria:

381 2444 504 2516 quia
527 2443 659 2498 luxit
688 2442 913 2516 populus
934 2443 1047 2513 ejus
1066 2457 1220 2512 super
1244 2456 1378 2495 eum.
1404 2439 1473 2494 Et
1491 2440 1622 2494 sicut
1642 2440 1975 2495 irritaverant

376 2538 552 2605 illum,
580 2538 878 2611 gaudebunt
902 2555 1055 2611 super
1079 2538 1246 2611 gloria
1265 2537 1377 2608 ejus
1402 2553 1422 2592 :
1471 2536 1590 2607 quia
1617 2536 1873 2590 translata
1899 2545 1973 2590 est

378 2633 441 2688 ab
470 2649 558 2700 eo,
601 2642 648 2688 et
668 2634 839 2703 ipsum
863 2633 918 2687 in
944 2632 1183 2703 Assyrios
1212 2631 1461 2702 ligantes,
1504 2628 1730 2684 tulerunt
1762 2643 1974 2683 munera

375 2726 487 2799 regi
509 2724 661 2780 Jarib
696 2727 752 2779 in
789 2725 966 2781 domo.
1000 2723 1254 2798 Ephraim
1292 2724 1537 2794 suscipiet
1574 2722 1929 2794 confusionem
1952 2738 1972 2777 :

377 2819 721 2891 confundetur
744 2817 915 2873 Israel
940 2818 996 2872 in
1026 2814 1242 2872 consilio
1267 2833 1384 2871 sua.
1410 2816 1544 2883 Qua:
1567 2816 1642 2871 sit
1672 2815 1968 2883 Bethaven,

374 2928 477 2985 pro
499 2928 607 2984 qua
630 2911 774 2968 LXX
789 2910 1202 2980 transtulerunt,
1228 2912 1440 2965 domum
1459 2907 1575 2977 Ὧν,
1590 2917 1647 2965 et
1667 2909 1757 2979 qui
1782 2908 1855 2963 sit
1874 2923 1970 2964 rex

375 3005 553 3072 Jarib,
592 3008 683 3075 qui
728 3005 1114 3074 interpretatur
1140 3003 1302 3069 ultor,
1342 3016 1508 3073 supra
1540 3002 1753 3071 plenius
1778 3000 1967 3071 dispu-

2078 1873 2289 1929 ritalem
2336 1873 2752 1944 intelligentiam
2800 1874 3159 1929 laborandum
3214 1884 3341 1945 est,
3403 1876 3677 1947 quomodo

2076 1966 2255 2020 omnia
2287 1963 2560 2021 haereticis
2588 1973 2929 2037 coaptemus.
2958 1965 3164 2022 Vaccas
3190 1966 3466 2023 Bethaven
3485 2008 3500 2031 ,
3535 1968 3671 2035 sive,

2076 2053 2555 2128 domus'nv,quod
2586 2058 2978 2129 interpretatur
2998 2056 3165 2125 labor,
3191 2060 3479 2116 coluerunt
3501 2061 3676 2117 marem

2078 2150 2191 2218 tici,
2239 2152 2329 2221 qui
2360 2165 2420 2207 se
2458 2150 2513 2206 in
2552 2151 2795 2207 custodia
2840 2151 3219 2207 mandatorum
3249 2153 3377 2219 Dei,
3422 2153 3527 2209 hoc
3565 2162 3671 2221 est,

2077 2245 2321 2302 Samaria
2360 2245 2606 2302 habitare
2650 2245 2947 2317 jactabant,
2990 2245 3183 2317 dieque
3217 2246 3409 2316 judicii
3454 2247 3672 2318 quando

2074 2339 2404 2410 germinabit
2445 2338 2600 2409 quasi
2643 2339 2950 2394 amaritudo
2981 2339 3245 2408 judicium
3284 2355 3452 2411 super
3491 2341 3672 2395 sulcos

2075 2434 2209 2503 agri,
2238 2432 2442 2504 lugebit
2474 2434 2704 2503 populus
2733 2449 2898 2503 super
2925 2450 3072 2501 eum,
3104 2434 3209 2491 hoc
3232 2446 3317 2490 est
3346 2451 3508 2505 super
3536 2437 3674 2491 vitu-

2074 2525 2206 2594 lum,
2231 2534 2289 2582 et
2311 2541 2475 2595 super
2495 2526 2688 2597 dogma
2706 2540 3050 2597 perversum,
3073 2528 3214 2596 quod
3238 2528 3460 2597 putabat
3479 2528 3669 2583 Deum.

2076 2616 2184 2675 Sed
2208 2626 2263 2673 et
2289 2616 2506 2686 aeditui,
2541 2631 2650 2671 non
2693 2616 2851 2684 dixit,
2892 2617 3263 2685 exsultabunt,
3298 2617 3396 2673 sed
3428 2619 3671 2674 exsulta-

2073 2717 2289 2777 verunt,
2323 2709 2389 2765 ad
2420 2708 2755 2780 praeteritum
2791 2719 3003 2778 tempus
3032 2709 3277 2765 referens
3303 2726 3470 2780 super
3500 2711 3675 2781 gloria

2074 2817 2192 2869 sua,
2226 2817 2328 2872 qua
2351 2799 2623 2873 quondam
2650 2800 2888 2871 gloriosa
2917 2799 3278 2868 confixerant,
3303 2816 3369 2856 eo
3391 2802 3535 2872 quod
3565 2804 3672 2857 mi-

2072 2905 2288 2969 grasset
2313 2896 2545 2968 populus
2571 2910 2602 2950 a
2626 2896 2755 2962 Deo,
2791 2895 2905 2950 sive
2934 2894 3077 2965 quod
3104 2894 3218 2965 ipsa
3244 2894 3417 2965 gloria
3447 2896 3541 2952 Dei
3571 2899 3675 2951 mi-

2073 3000 2285 3061 grasset
2308 3005 2338 3045 a
2367 2988 2601 3061 populo,
2643 3003 2673 3043 a
2712 3003 2820 3058 quo
2859 2986 3033 3043 fuerat
3069 2987 3347 3042 derelicta.
3398 2989 3668 3060 Quidquid

375 3101 631 3155 tavimus.
673 3098 731 3153 In
761 3097 1038 3155 Bethaven
1071 3096 1255 3169 igitur,
1291 3096 1342 3151 id
1376 3104 1480 3161 est,
1524 3094 1742 3162 Bethel,
1773 3109 1972 3151 vaccas
2012 3166 2038 3169 μ
2075 3097 2257 3144 autem
2285 3088 2576 3159 loquuntur
2603 3085 2868 3154 haeretici,
2898 3096 2949 3140 et
2977 3083 3204 3155 pulchro
3231 3100 3485 3140 sermone
3514 3101 3668 3141 como

374 3206 569 3249 aureas
597 3191 887 3247 coluerunt
919 3166 1249 3246 habitatores
1269 3187 1555 3254 Samariae,
1585 3201 1719 3256 quas
1738 3201 1859 3243 cum
1887 3187 1960 3241 ir-
1993 3166 2039 3233 (ἶ
2070 3192 2300 3255 ponunt,
2338 3185 2494 3253 112
2519 3181 2737 3235 mittunt
2769 3193 2993 3234 munera
3032 3179 3147 3249 regi
3184 3193 3281 3233 suo
3313 3178 3561 3247 diabolo,
3601 3180 3668 3233 ad

372 3283 580 3341 risione
609 3297 718 3338 non
749 3283 953 3338 vitulos
982 3295 1151 3337 sexus
1181 3280 1498 3347 masculini,
1529 3280 1623 3335 sed
1653 3294 1869 3344 vaccas,
1908 3279 1962 3335 id

375 3385 462 3435 est
476 3420 492 3445 ,
529 3376 756 3435 feminas
777 3373 1095 3449 appellavit:
1121 3384 1179 3429 ut
1203 3373 1454 3430 videlicet
1475 3373 1637 3429 Israel
1660 3388 1765 3429 non
1787 3374 1964 3430 solum

371 3470 504 3527 deos
532 3470 760 3534 vitulos,
805 3468 904 3525 sed
941 3466 1073 3525 deas
1099 3480 1293 3522 vaccas
1317 3465 1540 3522 coleret.
1585 3466 1655 3520 Et
1679 3473 1740 3520 ut
1770 3474 1967 3522 osten-.

369 3564 527 3621 deret
550 3578 743 3621 vaccas
764 3561 1064 3627 Bethaven,
1098 3575 1263 3616 unum
1292 3560 1344 3614 in
1370 3559 1561 3615 Betliel
1587 3559 1816 3615 vitulum
1842 3575 1968 3616 sen-

368 3657 648 3725 tiendum,
681 3672 791 3712 non
823 3654 1045 3721 intulit,
1078 3652 1219 3709 luxit
1248 3667 1416 3722 super
1443 3652 1522 3707 eis
1549 3652 1812 3723 populus,
1846 3652 1965 3718 sed,

368 3769 523 3825 super
544 3770 623 3819 eo,
653 3752 707 3808 id
728 3760 833 3818 est,
861 3749 1032 3806 vitulo
1052 3763 1244 3804 aureo.
1263 3747 1321 3804 Si
1345 3755 1531 3802 autem
1552 3747 1688 3803 luxit
1708 3746 1963 3817 populus,

373 3862 541 3917 quare
570 3844 757 3901 :editui
797 3842 917 3915 ejus
958 3856 1125 3913 super
1148 3855 1215 3898 eo
1244 3840 1693 3897 exsultaverunt?
1721 3840 1968 3895 Tradunt

371 3938 588 3996 Hebraei
623 3936 822 3994 vitulos
860 3950 1056 3992 aureos
1097 3950 1126 3989 a
1157 3932 1544 3990 sacerdotibus
1579 3936 1734 4005 ιιι
1765 3933 1792 3969 ά
1823 3932 1967 3987 furto

372 4046 494 4089 esse
523 4031 790 4098 sublatos,
822 4038 878 4085 et
898 4043 999 4100 pro
1021 4028 1105 4082 his
1132 4042 1319 4082 aaneos
1347 4034 1402 4081 et
1428 4025 1719 4081 deauratos
1757 4025 1969 4097 reposi-

372 4133 476 4182 tos.
506 4124 641 4179 Cum
668 4124 831 4194 igitur
859 4123 1070 4194 lugeret
1088 4120 1323 4193 populus
1346 4129 1597 4190 tempore
1623 4120 1967 4176 necessitatis

369 4228 426 4277 et
479 4218 741 4290 angustiae
771 4257 790 4284 ,
842 4217 1007 4272 etiam
1048 4215 1253 4271 vitulos
1296 4228 1495 4270 aureos
1541 4214 1691 4271 inter
1737 4228 1964 4269 munera

372 4321 569 4369 cetera
593 4310 831 4383 Assyriis
853 4309 1071 4381 regibus
1096 4318 1149 4365 et
1177 4308 1415 4364 maxime
1444 4307 1557 4379 regi
1590 4304 1968 4363 Sennacherib

372 4406 442 4462 ab
482 4404 650 4461 Israel
688 4419 816 4475 rege
866 4417 988 4459 esse
1023 4402 1295 4467 directos,
1350 4400 1697 4457 exsultabant
1742 4399 1963 4467 aeditui,

372 4495 515 4569 quod
556 4494 702 4549 fraus
730 4508 923 4549 eorum
954 4508 1297 4564 nequaquam
1338 4500 1524 4562 posset
1560 4492 1714 4563 argui
1756 4490 1842 4547 vel
1873 4490 1969 4547 de-

2070 3278 2222 3333 illum
2245 3284 2438 3331 cuncta
2464 3273 2789 3338 referentes,
2831 3270 2977 3327 unde
3009 3269 3255 3326 confusio
3287 3285 3382 3325 eos
3403 3271 3582 3339 capiet
3613 3272 3666 3325 iu

2070 3382 2360 3437 :eternum,
2394 3379 2449 3425 et
2474 3368 2875 3424 confundentur
2899 3368 2953 3423 in
2981 3367 3347 3423 voluntatibus
3375 3367 3512 3421 suis.
3542 3366 3673 3432 Qui-

2069 3468 2194 3522 dam
2234 3475 2289 3521 et
2332 3480 2497 3537 supra
2538 3475 2592 3521 et
2623 3467 2678 3520 in
2720 3466 2975 3537 praesenti
3018 3464 3139 3519 loco
3172 3464 3223 3518 in
3264 3462 3670 3519 commentariis

2069 3562 2185 3619 suis
2214 3563 2477 3633 scriptum
2501 3561 2744 3632 reliquit,
2778 3576 2960 3633 regem
2986 3559 3159 3627 Jarib,
3191 3560 3245 3616 id
3276 3570 3383 3626 est,
3408 3560 3662 3627 ultorem,

2070 3654 2344 3712 Christum
2376 3654 2815 3727 intelligendum.
2846 3653 3000 3723 Quod
3034 3654 3191 3710 nobis
3223 3654 3444 3709 omnino
3480 3654 3672 3724 displi-

2070 3762 2179 3809 cet.
2207 3750 2435 3822 Impium
2461 3751 2610 3806 enim
2633 3759 2715 3806 est
2744 3749 2889 3821 quod
2910 3751 3067 3820 juxta
3101 3749 3387 3805 historiam
3415 3750 3670 3820 intelligi-

2070 3853 2159 3902 tur
2182 3845 2251 3902 de
2271 3860 2397 3917 rege
2422 3844 2679 3917 Assyrio,
2718 3843 2871 3914 juxta
2908 3843 3271 3915 tropologiam
3300 3843 3366 3897 ad
3394 3842 3667 3899 Christum

2070 3938 2286 3993 referri.

2142 4029 2328 4102 (Vers.
2362 4030 2393 4083 7
2424 4037 2481 4085 et
2506 4029 2589 4100 8.)
2623 4029 2865 4085 Transire
2892 4030 3013 4101 fecit
3042 4029 3288 4085 Samaria
3319 4043 3489 4100 regem
3517 4042 3667 4082 suum

2070 4123 2218 4194 quasi
2246 4138 2486 4194 spumam
2507 4140 2662 4195 super
2689 4125 2876 4195 faciem
2902 4139 3069 4196 aquae,
3113 4132 3161 4178 et
3193 4122 3553 4194 disperdentur
3575 4138 3667 4176 ex-

2070 4217 2207 4271 celsa
2240 4217 2389 4285 idoli,
2432 4226 2698 4290 peccatum
2720 4217 2909 4273 Israel.
2940 4216 3085 4272 LXX
3116 4235 3127 4270 :
3171 4215 3403 4289 Projecit
3427 4216 3669 4271 Samaria

2070 4326 2241 4381 regem
2276 4328 2429 4365 suum
2454 4311 2587 4365 sicut
2615 4312 2861 4365 cremium
2889 4327 3043 4382 super
3064 4310 3250 4379 faciem
3278 4325 3453 4380 aqum,
3498 4319 3547 4363 et
3575 4327 3673 4364 au-

2071 4404 2300 4473 ferentur
2319 4400 2556 4469 arw'm,
2571 4414 2780 4477 peccata
2802 4401 2992 4458 Israel.
3009 4403 3111 4458 Pro
3131 4418 3506 4471 spuma,quam
3525 4401 3671 4458 LXX

2072 4507 2130 4553 et
2162 4497 2467 4554 Theodotio
2495 4500 2772 4575 φρύγανον,
2818 4497 2869 4551 id
2902 4507 3016 4564 est,
3060 4498 3335 4562 cremium,
3371 4498 3671 4553 transtule-

369 4563 657 4660 prehendi.
688 4584 758 4640 Et
784 4585 885 4640 hoc
912 4595 996 4640 est
1022 4563 1163 4655 quod
1186 4583 1283 4649 ait,
1310 4584 1489 4639 redimi
1510 4588 1642 4658 ejus,
1670 4584 1724 4639 id
1752 4594 1857 4653 est,
1885 4584 1967 4639 vi-
1992 4563 2047 4624 Ῑ)
2072 4599 2201 4646 runt
2222 4591 2422 4659 aridas,
2450 4601 2475 4638 ε
2504 4563 2726 4645 scilicet
2755 4563 2955 4645 herbas
2984 4563 3237 4657 siccaque
3264 4590 3519 4660 virgulta,
3552 4605 3671 4661 qua:

370 4680 494 4743 tuli,
524 4691 687 4748 super
703 4692 768 4732 eo
789 4676 1193 4732 exsultaveruut
1224 4677 1277 4731 in
1298 4676 1468 4747 gloria
1494 4676 1705 4747 populi,
1734 4678 1836 4733 hoc
1855 4686 1960 4744 est,

374 4772 429 4828 in
450 4771 643 4839 vitulo,
678 4788 837 4843 quem
863 4770 1135 4826 habebant
1164 4785 1261 4840 pro
1286 4771 1491 4841 gloria;
1523 4772 1649 4842 quia
1679 4771 1969 4843 migrasset

375 4866 443 4922 ab
468 4881 556 4932 eo,
589 4865 639 4920 id
672 4874 777 4931 est,
807 4880 838 4919 a
868 4865 1098 4936 populo,
1132 4874 1187 4920 et
1217 4865 1509 4920 translatus
1539 4875 1684 4921 esset
1705 4867 1769 4921 ad
1797 4870 1966 4938 Assy-

374 4957 508 5015 rios.
542 4957 609 5013 Et
630 4966 690 5012 ut
716 4957 973 5025 sciamus,
1001 4954 1270 5027 inquiunt,
1299 4960 1403 5012 hoc
1431 4972 1552 5014 esse
1572 4958 1717 5029 quod
1748 4959 1965 5028 dicitur,

453 5152 478 5218 f
518 5140 685 5218 [idem
714 5154 846 5218 mss.
884 5139 1014 5218 illud
1036 5141 1393 5218 θεοφρὰᾳτιον,
1424 5156 1586 5218 mque
1602 5142 1763 5218 bene.

452 5214 480 5298 ξι
523 5213 797 5298 Brixiana,
834 5211 1014 5283 inquit
1046 5211 1341 5280 Victorius,
1375 5213 1723 5298 exemplaria.
1738 5215 1925 5298 legunt
1958 5232 1973 5270 :

380 5287 619 5342 Attamen
647 5286 701 5338 in
732 5285 884 5339 istam
906 5296 1103 5352 partem
1120 5295 1335 5357 peccato
1361 5286 1546 5357 magis,
1571 5296 1628 5339 ut
1652 5285 1844 5340 labaris
1872 5302 1977 5341 non

382 5359 519 5423 odio,
569 5357 657 5412 sed
682 5370 920 5427 amore:
966 5370 1087 5426 quae
1118 5356 1283 5410 lectio
1310 5371 1414 5410 non
1443 5356 1714 5427 diSplicet.
1772 5357 1977 5425 Estque

379 5442 618 5485 sensus:
663 5426 795 5482 Cum
844 5427 897 5482 in
940 5428 1172 5499 aliorum
1212 5429 1433 5497 scriptis
1472 5426 1783 5499 judicandis
1824 5430 1974 5492 odio,

379 5501 465 5555 vel
502 5516 689 5554 amore
732 5513 959 5568 peccare
998 5498 1118 5568 quis
1159 5500 1331 5568 magis
1365 5498 1581 5555 soleat:
1621 5509 1679 5554 tu
1716 5500 1769 5553 in
1814 5499 1977 5555 istam

380 5582 613 5639 partem,
648 5585 763 5625 mea
796 5569 1162 5639 dijudicando,
1197 5571 1369 5640 magis
1402 5580 1649 5641 peccato,
1687 5583 1744 5626 ut
1776 5570 1979 5627 labaris

382 5658 490 5698 non
519 5642 666 5707 odio,
697 5641 792 5697 sed
823 5656 1036 5697 amore.

455 5725 478 5752 ο
519 5713 742 5769 Rectius
767 5712 934 5769 ferme
964 5712 1137 5768 nostri
1165 5727 1299 5768 mss.
1324 5729 1530 5781 avaros,
1566 5728 1670 5785 pro
1696 5714 1867 5771 uarios
1894 5715 1978 5772 le-

382 5795 534 5860 gunt.

622 5883 905 5943 Ριτιιοι.
949 5879 1153 5942 XXV.

2073 4682 2288 4738 camino
2309 4691 2365 4736 et
2397 4680 2649 4736 incendio
2680 4688 3075 4751 przeparantur,
3110 4679 3472 4752 Symmachus
3497 4682 3675 4749 posuit

2074 4775 2320 4846 ἒπίζεμα,
2355 4773 2546 4827 volens
2582 4772 2873 4827 ostendere
2908 4771 3167 4827 ferventis
3196 4772 3319 4827 ollae
3358 4774 3674 4843 superiores

2074 4879 2264 4935 aquas,
2312 4873 2367 4917 et
2409 4862 2462 4917 in
2504 4878 2752 4933 spumam
2805 4862 3087 4933 hullasque
3128 4873 3490 4934 assurgentes,
3540 4877 3673 4934 quas

2077 4957 2251 5015 Graeci
2277 4958 2606 5034 πομφόλυγας
2645 4967 2861 5014 vocant.
2907 4956 3061 5015 Sicut
3099 4957 3259 5027 igitur
3297 4973 3506 5029 spuma,
3550 4973 3673 5029 qua:

2152 5138 2179 5175 ἀ
2220 5136 2478 5212 Fabulam
2501 5138 2643 5194 hanc
2679 5148 2866 5212 narrat
2888 5138 3254 5212 Seden-Qlam
3287 5153 3458 5212 aquo
3486 5140 3678 5195 Hiero-

2081 5225 2277 5283 nymus
2324 5210 2429 5283 hoc
2474 5227 2585 5266 uno
2633 5211 2863 5283 abludit,
2918 5211 3062 5282 quod
3084 5209 3672 5283 i'Sennacberiboregi

2081 5281 2327 5339 fraudem
2357 5281 2557 5338 factam
2586 5282 2749 5339 tradit
2780 5301 2793 5338 :
2826 5281 2972 5353 quod
2994 5282 3168 5339 Judaei
3196 5282 3335 5336 libro
3368 5281 3459 5336 illo
3486 5281 3677 5338 dicunt

2083 5354 2525 5411 Salmanassaro.

2158 5436 2182 5462 υ
2222 5424 2326 5479 Alii
2358 5439 2491 5478 mss.
2526 5427 2747 5492 delatos,
2781 5426 2873 5481 alii
2901 5424 3176 5479 derelictos
3200 5421 3515 5493 praeferunt.

2160 5494 2179 5532 ί
2224 5495 2563 5565 Quamquam
2591 5497 2733 5552 idem
2766 5506 2851 5553 est
2879 5510 3103 5560 sensus,
3148 5495 3320 5565 magis
3348 5503 3528 5551 tamen
3560 5495 3677 5565 pla-

2084 5576 2173 5623 cet
2202 5565 2498 5643 Ifalatinor.
2531 5568 2691 5643 codd.
2727 5569 2890 5643 lectio
2916 5569 3292 5643 ὑπερμᾳχηῖῇ.

2157 5647 2182 5686 s
2222 5637 2299 5693 Ita
2325 5651 2459 5693 mss.
2484 5651 2539 5696 et
2557 5640 2768 5696 Victor.
2797 5639 2971 5695 Antea
2992 5637 3182 5694 scilicet
3208 5637 3424 5696 deerat.
3445 5638 3680 5696 Leviora

2084 5708 2225 5767 infra
2254 5710 2610 5781 castigantur.

3121 5875 3201 5940 29
