4150 6346
535 266 644 325 007

1748 304 1750 306 τ
1793 261 1854 319 s.
1897 258 2172 322 susssn
2209 258 2596 344 utsnouvtu

531 390 698 450 super
727 387 923 448 aquam
951 381 1073 440 est,
1107 375 1220 431 cito
1248 371 1569 429 dissolvitur
1604 388 1617 426 :
1661 372 1746 429 sio
1774 387 2001 445 regnum
2039 373 2139 429 de-
2165 375 2391 437 Aesim
2419 377 2692 448 operient,
2738 383 2796 433 et
2825 376 2995 435 colles
3033 377 3233 435 cadent
3273 395 3289 436 :
3337 379 3469 438 base
3507 384 3710 436 autem
3745 379 3878 438 tient

533 485 654 528 cem
684 471 921 528 tribuum
949 467 1212 524 velociter
1241 467 1493 534 ﬁnietur,
1527 474 1586 522 et
1606 466 1865 536 peribunt
1887 465 2131 534 excelsa,

535 564 591 620 id
621 571 729 630 est,
761 571 981 619 canora
1007 558 1228 634 (man),
1261 559 1329 616 de
1349 559 1548 631 quibus
1568 561 1832 631 scriptum
1855 566 1941 616 est
1975 578 1986 612 :
2034 558 2138 614 Ve-

535 665 824 712 rumtamen
845 655 1021 710 adhuc
1045 653 1272 727 populus
1297 653 1598 709 imtnolrtbot
1626 663 1671 710 et
1697 654 1937 709 adolebat
1963 654 2020 708 in
2046 667 2137 707 ea:-

534 753 687 807 celsis
715 749 806 822 (Ill
833 748 966 820 Reg.
985 763 1120 816 nn,
1140 747 1256 819 44).
1283 748 1404 818 ipsa
1429 756 1614 805 autem
1647 747 1864 804 excelsa
1895 746 1962 802 ὢν
1985 754 2132 814 sunt,

533 843 653 900 sive
681 851 822 898 even
839 840 999 930 (pta),
1027 840 1079 895 id
1107 850 1216 909 est,
1250 840 1401 909 idoli,
1429 840 1576 912 quod
1606 840 1998 910 interpretatur
2019 841 2137 894 ina»

531 937 647 1006 tile,
677 935 823 1008 quod
853 935 1058 992 idolum
1081 945 1136 990 et
1163 934 1360 991 inutile
1381 943 1665 1006 peccatum
1687 941 1774 991 est
1797 933 1986 990 ist-aet.
2017 933 2138 988 Dis-

533 1029 715 1100 sipato
737 1033 920 1084 autem
953 1026 1101 1083 idolo
1130 1035 1186 1082 et
1205 1026 1446 1084 excelsis
1463 1027 1608 1097 eius.

609 1119 794 1194 (Vere.
831 1118 915 1192 0.)
960 1118 1142 1192 Lappa
1176 1129 1222 1174 et
1261 1118 1487 1174 tribulus
1531 1120 1768 1176 ascendet
1809 1135 1967 1191 super
2013 1129 2135 1172 aras

533 1221 736 1279 eorum,
760 1220 807 1266 et
837 1211 1007 1268 dicent
1029 1210 1310 1278 montibus,
1338 1212 1534 1282 operite
1553 1228 1669 1278 nos,
1699 1220 1749 1265 et
1777 1211 2018 1275 collibus,
2047 1227 2138 1264 ca:-

533 1307 642 1361 dite
667 1315 823 1376 super
842 1312 956 1360 nos.
989 1302 1133 1359 LXX
1159 1322 1174 1359 t
1202 1303 1384 1374 Splnte
1404 1313 1450 1359 et
1479 1303 1657 1359 tribuli
1683 1304 1961 1359 accendent
1981 1319 2138 1374 super

533 1399 730 1455 altaria
752 1414 948 1465 eorum,
973 1406 1023 1453 et
1053 1398 1225 1452 dicent
1249 1397 1533 1463 montibus,
1559 1398 1756 1468 operite
1783 1413 1908 1466 nos,
1944 1407 1993 1452 et
2023 1398 2134 1453 ccl-

529 1493 690 1562 libus,
724 1492 892 1546 cadite
913 1507 1069 1562 super
1095 1507 1212 1546 nos.
1237 1489 1462 1561 Signum
1487 1489 1696 1545 ultimae
1717 1488 2047 1556 solitudinis,
2079 1499 2137 1544 ut

532 1601 608 1644 ac
631 1585 869 1656 parietes
898 1585 1122 1656 quidem
1157 1592 1212 1640 et
1237 1591 1482 1640 extrema
1519 1583 1876 1639 aediﬁciorum
1909 1581 2138 1652 vestigia

531 1681 934 1752 relinquantur;
967 1678 1049 1734 Eo
1075 1686 1344 1748 tempore,
1381 1677 1558 1731 dicent
1597 1674 1858 1730 utentibus
1880 1715 1895 1741 ,
1941 1676 2136 1745 aperite

2243 481 2360 536 pm
2393 483 2602 538 pavore
2646 478 2702 526 et
2745 469 3050 526 intredibili
3089 471 3400 543 lormidine,
3451 487 3561 543 per
3598 485 3772 542 quam
3823 482 3881 529 et

2243 569 2460 616 montes
2487 571 2542 617 et
2563 563 2734 618 colles
2757 562 3212 620 humiliabuntur.

2313 655 2498 725 (Vers.
2527 657 2583 724 9,
2617 656 2729 727 10..)
2761 656 2844 712 Ea:
2873 657 3052 712 diebus
3083 657 3261 713 Gabaa
3283 659 3526 730 peccauit
3561 655 3780 712 Israel:
3809 659 3879 712 ibi

2240 759 2504 805 steterunt.
2554 749 2679 806 Non
2727 751 3123 822 conlprehde
3167 769 3253 808 eos
3298 754 3352 806 in
3383 751 3587 808 Gabriel
3625 750 3881 823 praelium

2238 859 2396 916 super
2423 845 2560 916 ﬁlios
2587 845 2876 916 iniquitatis
2899 861 2919 900 ι
2941 844 3108 900 Juxta
3135 845 3460 901 desiderium
3495 859 3683 900 meum
3715 845 3883 898 corri-

2237 937 2379 1008 piunt
2403 949 2490 993 eos
2514 955 2531 992 :
2553 939 3002 1010 congregabuntur
3021 942 3282 1009 ευμεν-’σοι
3307 938 3528 1012 populi,
3551 953 3682 992 cum
3701 938 3878 992 corri-

2238 1030 2448 1100 piantur
2483 1030 2642 1104 ιιι
2664 1047 2821 1099 super
2843 1039 2872 1068 ἰ
2895 1032 3027 1086 duas
3057 1031 3358 1102 iniquitates
3381 1039 3541 1087 suam
3569 1028 3763 1084 LXX:
3797 1027 3884 1084 Ex

2237 1139 2340 1193 quo
2389 1124 2551 1179 colles
2595 1133 2752 1190 sunt,
2801 1125 3028 1194 peccauit
3059 1123 3228 1180 Israel
3249 1142 3267 1179 ι
3300 1124 3374 1179 ibi
3403 1131 3676 1179 steterunt
3699 1139 3721 1178 :
3777 1137 3877 1176 non

2238 1216 2622 1287 comprehendit
2638 1232 2722 1271 eos
2741 1217 2798 1270 in
2823 1216 2953 1271 colle
2972 1215 3166 1272 bellum
3186 1228 3341 1288 super
3359 1216 3505 1284 ﬁlios
3529 1215 3843 1286 iniquitatis
3863 1231 3878 1266 .-

2237 1308 2375 1362 venit
2403 1317 2460 1362 ut
2487 1309 2762 1380 corriperet
2794 1307 2902 1380 [Αι.
2933 1307 3308 1380 corrumperet]
3337 1325 3424 1365 eos
3443 1325 3463 1362 .'
3493 1318 3550 1362 et
3583 1321 3875 1378 congrege.

2243 1403 2432 1456 buntur
2467 1419 2620 1474 super
2659 1402 2779 1458 illos
2809 1402 3028 1475 populi,
3065 1403 3277 1475 quando
3319 1403 3553 1475 correpti
3588 1402 3796 1473 fuerint
3826 1403 3878 1455 in

2241 1500 2445 1553 duabus
2471 1498 2828 1569 iniquitatibus
2846 1501 2976 1554 suist
3001 1501 3075 1554 Ex
3093 1515 3160 1555 eo
3181 1500 3270 1556 die
3293 1511 3406 1571 quo
3429 1511 3678 1555 uxorem
3709 1497 3870 1553 Levi-

2241 1595 2311 1643 tte
2325 1589 2464 1657 turpi
2474 1597 2728 1657 teratque
2740 1589 3036 1646 crudeliter
3053 1589 3334 1646 interfecit
3347 1588 3646 1660 Beniamin
3665 1588 3722 1642 in
3743 1589 3877 1644 urbe

2239 1679 2422 1736 Gabaa
2450 1721 2467 1748 ,
2512 1682 2756 1748 peccavit
2780 1681 2913 1737 mihi
2939 1683 3116 1737 omnis
3138 1681 3304 1738 Israel
3332 1680 3543 1754 (Judic.
3579 1681 3736 1750 xIx):
3765 1694 3872 1734 non

537 1789 654 1839 nos,
684 1781 736 1827 et
761 1770 1003 1835 collibus,
1047 1769 1220 1824 caelite
1243 1781 1400 1840 super
1439 1784 1553 1824 nos.
1599 1766 1753 1836 Quod
1783 1765 2046 1822 Dominus
2079 1765 2133 1819 in

2242 1772 2360 1844 quia
2391 1774 2537 1828 ultus
2561 1784 2647 1828 est
2681 1773 2969 1844 iniuriam,
3001 1785 3063 1830 et
3101 1774 3279 1829 scelus
3307 1775 3590 1843 sanguine
3622 1773 3874 1829 vindica-

535 1865 732 1920 ultimo
757 1873 1008 1933 tempore
1038 1861 1368 1932 captivitatis
1395 1859 1638 1917 Judaieaa
1671 1858 1805 1914 dlcit
1829 1872 1953 1914 esse
1982 1871 2134 1912 com-

58 1951 66 2028 i
539 1957 824 2031 piendumt
853 1954 1123 2025 Quidquid
1149 1961 1280 2024 ergo
1309 1968 1454 2009 nunc
1477 1959 1668 2009 contra
1691 1951 1881 2008 decem
1919 1949 2094 2005 tribus
2117 1987 2132 2012 ,

58 2043 64 2098 ἔ
539 2052 658 2109 sive
693 2061 885 2108 contra
923 2063 1145 2105 omnem
1183 2047 1383 2103 dicitur
1413 2048 1602 2113 Israel,
1643 2046 1882 2102 sciamus
1904 2051 2136 2106 ‘rtt'tmttit‘

538 2145 706 2202 etiam
735 2143 805 2199 ad
835 2151 1007 2199 totum
1030 2141 1288 2211 populum
1316 2151 1477 2211 posse
1502 2137 1808 2206 transferri,
1834 2147 1890 2193 ut
1917 2135 2136 2208 quando

539 2239 772 2295 Romani
794 2235 1379 2307 ceperintJerusalem,
1397 2233 1836 2290 etsubverterlnt
1849 2233 2131 2302 templum,

537 2329 656 2385 sive
689 2344 810 2385 cum
838 2326 1028 2397 judicii
1065 2325 1185 2382 dies
1229 2327 1482 2391 venerit,
1531 2333 1588 2380 ut
1633 2324 1726 2379 alii
1747 2324 2128 2393 'suspicantur,

544 2423 700 2496 113
727 2421 909 2477 dicant
939 2433 1136 2490 magno
1177 2418 1411 2474 horrore
1435 2425 1778 2484 metuentes,
1825 2415 2130 2481 montibus,

540 2515 735 2584 operite
759 2528 876 2578 nos,
905 2520 964 2567 et
987 2510 1240 2577 collibus,
1274 2509 1446 2563 cedite
1470 2524 1625 2580 super
1649 2524 1764 2576 nos,
1799 2507 1938 2562 mori
1965 2506 2136 2576 magis

537 2616 788 2678 aptantes
810 2617 972 2676 quam
997 2619 1229 2661 eernere
1244 2620 1365 2674 quae
1387 2603 1624 2660 ali‘erunt
1653 2610 1908 2658 mortem.
1942 2600 2051 2656 Sed
2082 2608 2140 2655 et

539 2703 802 2772 spiritalis
831 2699 1087 2770 nequitiae
1117 2697 1386 2768 Samaria,
1417 2713 1539 2768 quas
1570 2707 1632 2752 se
1658 2711 1689 2751 a
1711 2695 1912 2766 populo
1939 2695 2032 2750 Dei
2055 2693 2140 2748 di-

539 2798 765 2861 viserat,
818 2793 948 2850 fecit
996 2805 1175 2863 regem
1205 2805 1364 2846 suum
1403 2789 1646 2845 transire
1683 2789 1968 2852 velociter,
2023 2801 2138 2842 ser-

539 2897 759 2946 monem
803 2886 1055 2942 videlicet
1103 2883 1540 2948 haereticorum,
1597 2891 1760 2953 atque
1828 2881 2134 2936 doctrinam

541 2981 699 3050 quasi
729 2992 1003 3050 spumam,
1053 2979 1176 3032 sive
1203 2975 1471 3031 cremium
1512 2989 1676 3044 super
1721 2973 1916 3029 laciem
1947 2987 2132 3044 aqum,

539 3087 775 3146 quorum
803 3069 948 3125 aliud
968 3069 1096 3124 dum
1120 3069 1357 3134 videtur,
1380 3075 1607 3137 repente
1628 3065 1968 3132 dissolvitur,
1991 3062 2135 3119 aliud

2233 1867 2350 1933 vit;
2393 1867 2492 1924 sed
2519 1869 2647 1938 quia
2678 1867 2874 1923 dolore
2902 1868 3136 1923 maritali
3168 1869 3436 1938 prosilivit
3489 1867 3566 1923 ad
3601 1875 3868 1938 pugnant,

2235 1971 2292 2016 et
2319 1962 2666 2032 sacrilegium
2709 1962 2764 2016 in
2806 1963 2974 2018 Deum
3006 1975 3168 2017 suum
3197 1961 3376 2017 noluit
3411 1961 3761 2017 vindicare:
3805 1975 3870 2016 eo

2235 2053 2379 2124 quod
2412 2054 2468 2109 in
2497 2055 2662 2110 domo
2693 2054 2887 2110 Micum
2941 2054 3118 2124 epltod
3151 2063 3206 2111 et
3237 2055 3555 2124 thersphim
3603 2065 3738 2125 quae
3771 2067 3870 2123 pro

2235 2144 2396 2200 idolis
2443 2146 2837 2216 adorabantur,
2871 2144 2900 2185 δ
2926 2145 3293 2218 neglexerint.
3341 2147 3444 2202 Hic
3497 2146 3675 2218 igitur
3718 2147 3871 2202 stetit

2235 2237 2432 2294 Israel:
2458 2239 2529 2294 ibi
2553 2251 2708 2294 suum
2731 2239 2996 2308 repressit
3013 2239 3266 2311 gradum,
3283 2254 3350 2296 ne
3371 2240 3521 2295 ultra
3543 2238 3870 2296 ambularet

2237 2330 2292 2386 in
2307 2330 2410 2385 viis
2423 2331 2640 2386 Domini
2659 2348 2672 2386 ε
2711 2331 2919 2388 idcirco
2936 2348 3043 2387 non
3065 2348 3160 2388 eos
3177 2332 3623 2403 comprehendet
3642 2343 3868 2402 propter

2235 2421 2422 2479 Gabaa
2451 2423 2720 2491 praelium,
2753 2425 2870 2479 sive
2913 2423 3199 2494 captivitas
3224 2457 3240 2490 ,
3289 2425 3432 2480 sicut
3461 2425 3578 2497 ipsi
3615 2433 3862 2491 putant:

2237 2517 2310 2572 ibi
2349 2519 2494 2573 enim
2529 2518 2669 2573 bene
2707 2517 2960 2573 fecerunt
2990 2528 3049 2573 ut
3075 2530 3552 2589 persequerentur
3581 2519 3733 2575 ﬁlios
3763 2518 3866 2573 ini-

2236 2611 2490 2681 quitatis;
2521 2611 2618 2665 sed
2663 2613 2992 2682 corripium,
3026 2613 3234 2686 inquit,
3262 2629 3359 2670 eos
3403 2622 3581 2685 atque
3611 2613 3861 2670 erudiam

2239 2711 2354 2758 tota
2399 2703 2565 2758 animi
2613 2704 2720 2759 mei
2751 2705 3073 2772 voluntate,
3119 2716 3173 2761 et
3203 2707 3560 2777 congregabo
3590 2706 3861 2762 adversus

2240 2795 2362 2849 illos
2405 2795 2728 2865 populorum
2775 2796 3180 2853 multitudinem
3209 2835 3225 2866 ,
3274 2799 3396 2869 quia
3427 2799 3573 2854 duas
3608 2798 3856 2854 fecerunt

2239 2885 2915 2958 iniquitateswindicando
2944 2888 3242 2959 hominem,
3269 2901 3326 2946 et
3347 2892 3444 2948 Dei
3467 2892 3562 2946 sui
3595 2891 3854 2962 iniuriam

2238 2978 2583 3050 negligenda.
2607 2979 2730 3034 Sive
2757 2983 2895 3034 duas
2925 2981 3266 3051 iniquitates:
3295 2983 3420 3053 quia
3451 2985 3702 3052 primum
3735 2997 3860 3053 pec-

2239 3081 2500 3128 caverunt
2532 3073 2584 3127 in
2630 3072 2791 3130 idolis
2827 3072 3017 3128 Michas
3039 3115 3053 3142 ,
3097 3075 3339 3130 secundo
3383 3076 3438 3129 in
3464 3075 3659 3131 vitulis
3697 3074 3853 3130 ειειο-

540 3164 702 3220 facile
739 3171 825 3219 est
866 3161 1060 3218 tollere
1089 3159 1158 3215 d6
1199 3172 1462 3229 aquarum
1503 3157 1942 3222 summitatibus,
1991 3165 2047 3211 et
2081 3156 2134 3209 ill
2161 3157 2208 3221 G
2240 3162 2442 3220 boam:
2484 3164 2568 3219 vel
2610 3173 2761 3219 certe
2787 3176 2807 3202 ε
2833 3163 2972 3220 duos
3011 3165 3210 3222 vitulos
3245 3165 3505 3222 Samaria;
3558 3168 3615 3221 in
3655 3165 3774 3222 Dan
3804 3176 3854 3221 et

540 3259 718 3330 ignem
777 3256 1016 3311 mittere.
1068 3253 1232 3309 Tales
1281 3260 1412 3306 sunt
1457 3251 1704 3306 haeretici
1755 3248 2137 3320 spumantibus

543 3352 728 3408 verbis
749 3357 1059 3411 tumentes,
1096 3356 1154 3402 et
1187 3361 1376 3401 arsura
1421 3354 1694 3416 prmcepta
1726 3343 1929 3400 Christi
1965 3343 2140 3411 bapti-

541 3447 702 3504 smati
726 3461 791 3501 ac
815 3441 1158 3500 sermonibus
1181 3440 1326 3496 illius
1341 3441 1777 3496 commiscentcs.
1801 3439 1935 3507 Quae
1957 3437 2137 3492 omnia

543 3537 978 3612 pertransibunt,
1011 3543 1066 3588 et
1102 3533 1264 3588 verba
1295 3532 1580 3602 magniﬁca
1608 3533 1661 3586 in
1695 3531 1889 3601 quibus
1919 3529 2137 3585 labora-

542 3642 758 3701 verunt,
785 3628 929 3701 quod
955 3627 1348 3696 interpretatur
1367 3623 1454 3692 ὢν,
1481 3624 1628 3679 illico
1653 3623 2058 3694 dispergentur,
2084 3622 2136 3675 in

545 3727 743 3798 quibus
770 3721 1018 3794 peccavit
1046 3717 1216 3774 lsrael
1249 3735 1261 3770 :
1297 3726 1552 3786 tantaque
1593 3717 1695 3771 crit
1739 3716 1975 3770 solitudo
2005 3715 2137 3769 doc-

547 3823 705 3876 trina:
734 3816 1012 3889 pessimus,
1053 3822 1112 3869 ut
1152 3812 1324 3882 spina:
1353 3820 1408 3867 et
1439 3810 1619 3866 tribuli
1650 3809 1946 3865 ascendant
1976 3823 2141 3878 super

544 3927 668 3969 aras
689 3925 903 3967 eorum.
927 3907 1124 3977 Spinas
1149 3904 1451 3962 ettribulos
1469 3893 1543 3958 ibi
1565 3904 1739 3969 nasci,
1766 3903 1855 3957 ubi
1884 3916 2138 3973 agrorum

549 4004 694 4062 nulla
722 4002 931 4058 cultura
959 4007 1069 4066 est,
1121 3997 1372 4053 omnibus
1405 4001 1574 4065 patet.
1623 3995 1746 4049 Ista:
1788 3994 1958 4064 spina:
1986 4002 2138 4060 sunt,

547 4111 670 4168 quat
693 4092 963 4151 suﬂ'ocant
981 4099 1308 4158 sementem,
1333 4099 1386 4144 et
1407 4103 1657 4144 crescere
1683 4103 1788 4142 non
1812 4087 1996 4143 sinunt
2020 4104 2141 4156 qua:

549 4195 850 4244 nascuntur
871 4183 922 4238 in
953 4197 1116 4236 manu
1143 4180 1452 4244 temulenti,
1482 4194 1618 4250 quas
1650 4195 1746 4248 pro
1774 4195 1873 4234 uva
1906 4179 2032 4235 fecit
2068 4179 2142 4234 ls-

547 4279 684 4334 rael.
719 4275 976 4330 Dominus
1004 4273 1152 4327 enim
1183 4271 1518 4340 exspectavit
1561 4279 1619 4324 ut
1664 4269 1866 4325 faceret
1896 4285 2046 4334 uvas,
2089 4279 2144 4325 et

543 4371 674 4426 fecit
700 4369 908 4439 spinas,
939 4365 1053 4420 sive
1083 4363 1388 4418 labru'scam
1421 4361 1713 4418 habentem
1739 4379 1856 4420 uvae
1887 4365 2144 4419 similitu-

551 4461 766 4524 dinem,
807 4466 864 4514 et
889 4469 1075 4511 amaro
1101 4462 1260 4525 gustu
1294 4455 1625 4510 vescentium
1652 4471 1747 4510 ora
1777 4463 2140 4526 torquentem.

2240 3253 2429 3311 Bethel
2457 3293 2475 3321 ,
2533 3270 2823 3323 possumus
2869 3257 3005 3312 duas
3051 3257 3374 3328 iniquitates
3411 3257 3740 3328 appellare,
3787 3257 3854 3312 de

2206 3379 2208 3382 -
2240 3347 2435 3418 qttibus
2463 3360 2514 3403 et
2545 3348 2813 3404 Jeretnias
2841 3350 3112 3420 loquitur:
3147 3350 3265 3404 Duo
3285 3352 3511 3422 pessima
3535 3352 3661 3422 fecit
3689 3366 3854 3423 papu-

2240 3440 2322 3495 lus
2351 3457 2493 3495 meus
2512 3456 2530 3493 :
2553 3442 2934 3510 dereliquerunt
2963 3443 3158 3513 fontem
3185 3458 3333 3509 aqute
3354 3443 3499 3510 victe,
3531 3453 3582 3499 et
3609 3443 3853 3514 foderunt

2239 3532 2335 3586 sibi
2375 3533 2518 3587 lacus
2559 3534 2837 3601 contritas,
2877 3535 2963 3603 qui
3008 3551 3108 3590 non
3145 3545 3358 3607 possunt
3397 3551 3565 3607 aquas
3595 3536 3856 3591 continere

2243 3623 2458 3696 (Jcrem.
2485 3641 2546 3692 tt,
2576 3627 2686 3695 l5).
2712 3627 2807 3682 Ha:
2833 3627 2953 3682 dum
2984 3629 3295 3698 iniquitates
3323 3639 3514 3684 contra
3543 3631 3656 3686 duo
3681 3630 3853 3685 Deca-

2241 3705 2348 3788 logi
2372 3734 2602 3788 erupere
2634 3730 2922 3790 praecepta,
2958 3723 3010 3776 in
3041 3722 3239 3792 quibus
3267 3722 3496 3778 dicitur:
3523 3722 3642 3796 Ego
3668 3722 3852 3777 Domi-

2241 3827 2338 3865 nus
2369 3809 2509 3864 Deus
2529 3819 2648 3866 tuus
2662 3827 2682 3866 :
2703 3829 2806 3867 non
2827 3821 2974 3868 erunt
2999 3814 3088 3868 tibi
3112 3814 3190 3867 dii
3214 3814 3305 3868 alii
3333 3815 3524 3884 absque
3547 3831 3628 3870 me
3651 3812 3844 3887 (Exod.

2242 3917 2299 3968 χ,
2328 3902 2384 3972 2,
2411 3903 2488 3975 5).
2509 3904 2866 3976 Septuaginta
2894 3905 3094 3972 Gabaa,
3123 3907 3278 3962 colles
3307 3907 3657 3980 interpretati
3686 3915 3844 3960 sunt:

2243 3995 2290 4050 A
2311 3994 2498 4051 diebus
2516 4012 2646 4068 ergo
2663 3998 2883 4054 collium
2911 3997 3158 4068 peccavit
3177 3999 3375 4055 lsracl:
3400 3999 3621 4070 quando
3636 4007 3850 4054 montes

2244 4085 2502 4141 Ecclesiae
2531 4087 2843 4158 dereliquit,
2876 4096 2932 4142 et
2957 4088 3025 4143 ad
3052 4089 3242 4157 colles,
3275 4089 3388 4144 sive
3418 4091 3590 4146 clivos
3619 4089 3850 4146 descen-

2245 4178 2325 4234 dit
2347 4179 2972 4236 lmreticoszdoctiorem
2994 4196 3053 4238 se
3077 4192 3270 4252 putans
3289 4198 3450 4250 quam
3472 4182 3718 4240 Ecclesia
3742 4189 3845 4251 est,

2246 4280 2301 4328 et
2327 4272 2613 4328 sublimius
2642 4272 2841 4344 aliquid
2872 4275 3177 4344 reperisse:
3211 4275 3283 4328 ibi
3306 4285 3578 4343 steterunt,
3609 4275 3715 4330 hoc
3740 4280 3842 4338 est,

2247 4364 2302 4419 in
2333 4380 2525 4421 errore
2555 4377 3069 4436 perseveraverunt.
3103 4367 3367 4439 Quodque
3405 4371 3691 4440 sequitur:
3724 4364 3845 4419 Non

2249 4457 2644 4528 comprehendet
2676 4476 2760 4514 cos
2790 4461 2843 4513 in
2872 4460 3003 4514 colle
3033 4459 3290 4530 praelium,
3323 4459 3540 4530 quidam
3571 4461 3650 4516 sic
3677 4459 3845 4514 inter-

548 4553 677 4609 Idco
705 4567 826 4606 cum
854 4537 1044 4620 judicii
1076 4556 1288 4616 tempus
1312 4533 1613 4613 advenerit,
1645 4555 1700 4602 et
1723 4547 1926 4603 fuerint
1951 4557 2141 4604 cuncta
2169 4548 2218 4608 Β
2248 4550 2448 4619 pretati
2477 4562 2642 4606 sunt:
2677 4553 2798 4620 quia
2830 4564 3134 4623 genuerunt
3169 4553 3309 4607 filios
3341 4552 3666 4623 iniquitatis,
3695 4561 3748 4605 et
3778 4549 3845 4604 de

546 4643 833 4708 subversa,
868 4639 1052 4696 dicent
1083 4635 1378 4706 montibus,
1416 4653 1552 4709 quos
1584 4639 1730 4708 prius
1759 4641 2008 4696 excelsos
2037 4657 2138 4710 pu-

553 4736 760 4800 tabant,
788 4744 843 4788 et
866 4731 1134 4801 magistris
1158 4730 1429 4800 quondam
1461 4732 1594 4799 suis,
1628 4721 1821 4802 aperite
1853 4749 1945 4787 nos
1981 4748 1999 4787 :
2030 4735 2162 4789 col--

550 4817 826 4898 libusque,
879 4825 1048 4879 cadite
1093 4840 1244 4893 super
1281 4840 1393 4877 nos.
1441 4823 1548 4879 Sed
1598 4825 1720 4894 quia
1761 4823 1818 4880 in
1868 4827 2140 4883 montibus

553 4919 766 4993 posuit,
799 4915 995 4987 aperite
1025 4932 1116 4968 nos
1141 4929 1160 4968 :
1192 4925 1248 4969 et
1279 4915 1331 4968 in
1365 4913 1613 4980 collibus,
1650 4916 1840 4987 cedite,
1877 4919 2142 4973 sacratius

552 5013 754 5084 aliquid
786 4999 1188 5080 erplanandum
1221 5020 1326 5062 est.
1372 5007 1668 5074 Montibus,
1701 4995 1755 5063 id
1794 5018 1896 5079 est,
1943 5012 2144 5066 sanctis

550 5111 645 5182 qui
674 5122 857 5163 veram
885 5105 1084 5160 habent
1105 5110 1160 5157 et
1182 5118 1288 5157 non
1315 5101 1494 5157 lictam
1523 5102 1894 5170 altitudinem,
1924 5104 2104 5159 dicent
2132 5123 2144 5159 :

551 5202 745 5274 operite
767 5213 881 5252 nos.
907 5193 1052 5250 Beati
1079 5194 1213 5248 enim
1238 5207 1460 5264 quorum
1481 5205 1671 5262 oper-tte
1701 5203 1824 5248 sunt
1852 5195 2148 5264 iniquitates

551 5292 726 5365 (Psal.
753 5290 926 5359 xm).
957 5283 1027 5341 Et
1045 5283 1277 5341 collibus
1304 5286 1395 5356 qui
1424 5293 1534 5340 nun
1561 5285 1768 5342 habent
1803 5285 2146 5344 altitudinem

550 5385 879 5450 naturalem,
927 5395 1066 5452 quos
1114 5380 1317 5435 dudum
1372 5382 1640 5451 putabant
1685 5377 1889 5437 habere
1945 5382 2146 5453 aliquid

551 5474 902 5542 summitatis,
956 5461 1289 5543 loquentur:
1338 5472 1506 5527 cadite
1543 5489 1700 5544 super
1737 5490 1831 5527 nos
1868 5488 1887 5528 :
1936 5486 2147 5530 montes

567 5683 578 5694 ι
617 5620 645 5648 ι
688 5609 793 5664 Pro
840 5623 1025 5679 super,
1077 5593 1281 5661 Victor.
1333 5615 1574 5677 praptrr,
1621 5603 1687 5659 ad
1746 5599 1985 5674 Vulgata:
2027 5605 2134 5660 lec—

541 5691 819 5809 “asiam
849 5748 918 5805 ad
945 5748 1230 5804 Brixianos
1269 5747 1430 5804 codd.
1462 5745 1776 5820 neglexerit,
1805 5745 1950 5817 quod
1996 5743 2138 5806 idem

2247 4642 2486 4699 Ecclesia
2513 4633 2851 4712 recedentes,
2885 4652 3172 4714 coeperunt
3195 4659 3318 4700 esse
3359 4643 3413 4699 in
3443 4645 3693 4711 collibus,
3721 4656 3840 4697 cum

2249 4736 2558 4806 persecutio
2596 4737 2916 4800 advenerit,
2962 4751 3069 4791 non
3106 4751 3202 4792 eos
3248 4735 3678 4805 comprehendet
3709 4747 3843 4802 pra!»

2248 4828 2404 4894 lium,
2426 4827 2642 4884 diabolo
2663 4844 2790 4886 suos
2815 4831 3132 4900 impugnare
3155 4831 3310 4902 115
3338 4832 3580 4887 nolente.
3603 4829 3708 4886 Alii
3736 4827 3834 4883 ita:

2251 4920 2516 4988 Quoniam
2555 4937 2623 4978 ex
2669 4922 2860 4977 diebus
2901 4922 3120 4977 collium
3166 4924 3408 4992 peccavit
3446 4922 3646 4990 Israel,
3675 4929 3729 4976 et
3769 4917 3838 4973 ibi

2251 5016 2400 5070 stetit
2428 5025 2482 5070 et
2515 5015 2653 5069 ultra
2685 5015 2963 5071 ambulare
2994 5031 3107 5070 non
3136 5016 3348 5085 potuit:
3399 5030 3584 5070 nonne
3631 5015 3839 5082 oportet

2249 5121 2371 5163 eum
2397 5109 2448 5162 in
2473 5109 2705 5163 collibus
2727 5123 2754 5162 a
2778 5109 2965 5180 prtelio
2985 5109 3418 5178 comprehendi?
3441 5109 3632 5165 Nonne
3647 5107 3839 5163 debent

2249 5213 2492 5270 pugnare
2513 5201 2777 5257 adversus
2799 5216 2922 5256 eum
2946 5203 3051 5257 viri
3089 5203 3480 5270 Ecclesiastici,
3507 5210 3573 5258 ut
3598 5203 3718 5257 illus
3747 5197 3836 5252 dc—

2247 5303 2461 5350 st'ruanl
2481 5305 2647 5365 super
2667 5295 2805 5349 illius
2827 5295 3170 5366 iniquitatis?
3189 5297 3280 5367 qui
3303 5301 3349 5352 si
3376 5295 3580 5353 iuerint
3595 5301 3836 5363 conlpre-

2249 5381 2407 5441 hensi
2438 5395 2492 5442 et
2526 5385 2804 5458 superati,
2849 5383 2986 5443 ultra
3017 5403 3280 5460 generare
3310 5403 3418 5444 non
3453 5393 3720 5460 putei-unt.
3748 5381 3829 5437 Sl-

2250 5477 2473 5548 mulque
2495 5477 2754 5534 Dominus
2779 5467 3086 5549 pollicetur,
3107 5478 3250 5549 quod
3271 5479 3535 5550 corripiat
3561 5492 3655 5535 eos
3679 5481 3832 5542 atque

2317 5620 2351 5660 t.

2247 5623 2345 5755 esf
2374 5679 2524 5755 Unus
2552 5679 2812 5747 Palatin.,
2843 5683 2918 5755 uel
2945 5692 3079 5737 certe
3103 5684 3238 5739 duas
3257 5681 3579 5755 iniquitates,
3611 5681 3734 5736 duos
3764 5673 3831 5729 vis

2251 5750 2417 5820 tulos,
2450 5753 2583 5822 etc.,
2615 5751 2948 5823 cupressius.
