4150 6346
466 279 566 337 9H

1706 267 1763 324 S.
1808 260 2071 323 EUSEBll
2111 255 2492 319 lllERONYMl

3686 244 3803 302 9η

462 389 703 449 novalia.
757 388 999 459 Tempus,
1048 383 1245 457 inquit,
1302 381 1593 456 requirendi
1637 380 1921 437 Dantinum
1963 386 2058 449 est,
2090 379 2136 438 A
2167 376 2477 449 linquentes
2500 377 2841 439 Creatorem,
2872 378 2930 429 et
2958 371 3204 428 colentes
3223 368 3386 435 idola,
3433 372 3502 459 et
3525 374 3808 420 messue-

461 504 585 543 cum
630 486 841 551 venerit,
876 482 1126 538 Christus
1152 490 1315 552 atque
1338 480 1609 547 Salvator,
1639 480 1727 551 qui
1750 478 1947 533 docebit
1979 493 2068 532 vos

456 579 745 655 justitiam,
777 591 938 647 quam
986 589 1131 631 nunc
1154 575 1393 645 speratis
1423 574 1477 628 in
1519 573 1662 643 Lege
1690 590 1704 625 :
1734 568 1883 625 Finis
1934 568 2067 623 enim

467 672 624 743 Legis
649 668 889 725 Christus
928 676 1003 723 est
1030 666 1101 722 ad
1136 668 1400 741 justitiam
1440 667 1579 721 omni
1609 666 1851 736 aperanti
1883 664 2069 717 bonum

470 764 654 836 (Rom.
687 763 769 828 χ).
790 760 894 817 Pro
915 775 982 817 eo
1006 758 1151 830 quod
1174 774 1275 816 nos
1299 759 1558 825 diximus,
1585 758 1755 812 metite
1777 756 1831 810 in
1856 771 1947 809 ore
1968 755 2068 808 nti-

467 853 807 917 sericordiw,
854 850 1215 924 Septuaginta
1277 850 1695 913 transtulerunt,
1762 845 2069 902 vindemiate

469 948 696 1015 fructum
749 941 1225 1012 vitanmagisque
1276 940 1478 995 semini
1537 938 1794 994 convenit
1843 937 2063 1001 messio,

467 1051 631 1108 quam
662 1033 937 1090 vindemia
968 1051 984 1091 :
1009 1034 1215 1089 fructus
1243 1040 1425 1088 autem
1453 1031 1580 1086 vitae
1608 1030 1729 1101 ipse
1754 1038 1860 1097 est,
1892 1028 1984 1099 qui
2015 1036 2072 1083 et

465 1131 674 1202 lignum
697 1129 845 1183 vitae.
874 1126 944 1183 Et
992 1126 1151 1199 118
1172 1140 1269 1195 pro
1308 1139 1378 1182 eo
1407 1124 1555 1195 quod
1605 1138 1705 1180 nos
1760 1121 2066 1194 posuimus,

468 1222 709 1276 innovate
746 1218 891 1273 vobis
917 1219 1114 1287 navale,
1146 1218 1226 1273 illi
1273 1225 1579 1285 verterunt,
1601 1216 1889 1272 illuminate
1928 1214 2069 1269 vobis

469 1314 649 1371 lumen
677 1314 926 1381 scientia,
956 1320 1014 1368 ut
1043 1328 1108 1367 ex
1131 1311 1390 1382 operibus
1416 1318 1578 1382 atque
1608 1309 1878 1366 mandatis
1911 1307 2071 1378 Legis

469 1408 727 1466 notitiam
756 1407 958 1462 habere
985 1420 1320 1474 mereamur,
1347 1404 1501 1476 juxta
1528 1403 1659 1458 illud
1683 1402 1826 1474 quod
1851 1402 1903 1456 in
1932 1415 2070 1471 quo-

471 1502 598 1559 dam
617 1501 761 1557 libro
779 1498 1009 1570 legimus
1026 1514 1040 1549 :
1055 1495 1380 1553 Desiderasti
1399 1495 1705 1567 sapientiam
1728 1510 1745 1546 :
1767 1509 1912 1548 senta
1924 1508 2072 1546 man-

474 1594 628 1661 data,
662 1600 708 1648 et
748 1590 999 1646 Dominus
1040 1588 1187 1642 dabit
1221 1604 1335 1643 eam
1387 1585 1478 1641 tibi
1525 1584 1717 1654 (Eccli.
1748 1600 1787 1653 ι,
1822 1582 1935 1653 55).
1968 1581 2069 1649 Qui

469 1686 618 1744 enim
648 1682 900 1740 mandata
928 1682 981 1737 in
1002 1695 1170 1751 opera
1197 1678 1445 1744 verterit,
1474 1678 1719 1733 seminat
1746 1676 1799 1730 in
1822 1674 2030 1746 justitia
2052 1713 2066 1738 ,

2170 479 2297 526 runt
2325 468 2685 539 iniquitatem,
2716 466 2787 522 de
2827 466 2972 522 malo
3021 462 3231 520 semine
3260 460 3432 516 malas
3464 456 3684 526 fruges
3708 464 3811 507 re-

2170 562 2450 632 cipientes,
2482 560 2551 616 de
2577 559 2773 630 quibus
2802 557 3051 615 fecerunt
3076 570 3187 610 non
3216 552 3391 610 solum
3416 561 3647 623 panem
3672 543 3814 599 sub—

2169 651 2511 718 cinericium,
2547 651 2644 708 sed
2668 649 3074 706 fraudulentum
3102 656 3270 718 atque
3293 642 3677 705 mendacem,
3706 636 3808 707 qui

2170 761 2309 802 vana
2356 761 2454 816 spe
2482 746 2758 816 deciperet
2807 741 3210 799 comedentem.
3270 733 3611 794 istiusmodi
3674 736 3815 787 sunt

2171 836 2436 904 haeretici,
2471 838 2560 908 qui
2590 844 2746 891 arant
2768 849 3025 892 sermone
3054 830 3385 903 composito,
3405 830 3815 899 etprotegunt

2171 930 2260 986 vel
2289 937 2470 985 tacent
2525 928 2861 999 impietatem
2890 944 2903 981 :
2936 941 3005 982 ne
3036 925 3291 996 impietas
3318 935 3442 977 esse
3494 915 3810 981 videatur,

2170 1021 2268 1079 sed
2297 1012 2549 1079 credatur
2588 1020 2784 1092 pietas.
2813 1019 2971 1077 Unde
3014 1019 3140 1090 quia
3188 1018 3445 1073 dixerunt
3491 1014 3559 1069 in
3625 1006 3814 1066 corde

2172 1128 2299 1180 suo,
2331 1129 2441 1168 non
2472 1122 2555 1170 est
2585 1114 2727 1170 Deus
2756 1112 2931 1186 (Psal.
2958 1111 3101 1182 xm),
3127 1107 3369 1176 corrupti
3391 1111 3530 1163 sunt
3565 1111 3627 1159 et
3662 1102 3811 1156 abo-

2173 1205 2465 1263 minabiles
2495 1205 2622 1262 facti
2652 1215 2799 1275 sunt,
2825 1216 2880 1262 et
2908 1211 3278 1269 messuerunt,
3329 1200 3446 1256 sive
3474 1192 3816 1253 vindemia-

2170 1308 2373 1357 verunt
2415 1300 2754 1371 iniquitates.
2805 1299 3093 1369 Quomodo
3123 1298 3268 1355 enim
3323 1294 3484 1352 radix
3536 1290 3813 1349 omnium

2173 1396 2443 1453 malorum
2478 1406 2564 1453 est
2612 1397 2845 1452 avaritia
2894 1395 3114 1468 (lTim.
3136 1393 3212 1465 γι)
3246 1409 3259 1447 :
3290 1391 3372 1448 sic
3417 1396 3815 1462 peccatorum

2170 1495 2550 1566 scelerumque
2586 1503 2911 1551 cunctorum
2946 1494 3099 1550 radix
3146 1501 3231 1549 est
3284 1490 3579 1562 impietas,
3620 1484 3813 1558 ‘quam

2170 1588 2264 1657 qui
2293 1589 2589 1657 araverit;
2618 1589 2735 1645 sive
2786 1587 3163 1654 seminaverit,
3210 1593 3381 1643 metet
3432 1583 3815 1655 iniquitates.

2173 1677 2280 1745 Qtti
2314 1678 2478 1750 igitur
2497 1689 2791 1736 araverunt
2820 1681 3179 1751 impietatem,
3205 1687 3261 1735 et
3298 1683 3673 1735 messuerunt
3705 1672 3818 1729 ini-

476 1788 537 1839 et
566 1786 734 1835 metet
766 1793 833 1834 ex
862 1792 928 1831 ea
960 1774 1171 1831 fructus
1195 1764 1534 1828 vitae.'Unde
1564 1780 1618 1826 et
1640 1768 1771 1823 alibi
1792 1767 2025 1838 legimus
2058 1784 2070 1818 :
2106 1766 2151 1827 Β
2180 1772 2437 1842 quitates,
2471 1772 3081 1831 comederuntfructum
3105 1771 3376 1829 mendacii
3409 1788 3423 1826 :
3450 1770 3659 1827 omnia
3684 1782 3818 1838 quae

421 1915 425 1918 .
478 1872 789 1929 Mandatum
822 1868 1036 1925 Domini
1076 1866 1313 1923 lucidum
1342 1864 1649 1920 illuminans
1687 1862 1863 1917 oculos
1900 1859 2073 1933 (Psal.

472 1981 630 2032 xvut,
656 1964 733 2036 9).
763 1962 831 2018 Et
861 1960 1029 2017 Isaias
1055 1960 1125 2016 ad
1156 1957 1446 2015 Dominum
1474 1957 1609 2012 dicit
1639 1974 1653 2011 :
1684 1955 1802 2009 Lux
1826 1960 2082 2027 prrecepta

480 2066 573 2112 tua
598 2072 755 2126 super
776 2063 987 2109 terram.
1017 2051 1088 2106 Et
1116 2051 1174 2107 in
1219 2050 1327 2106 alio
1365 2050 1488 2105 loco
1520 2064 1534 2104 :
1562 2050 1605 2101 Α
1658 2046 1921 2101 mandatis
1980 2044 2081 2098 tuis

472 2147 707 2204 intellexi
723 2144 901 2218 (Psal.
926 2141 1139 2214 cxvut).
1156 2142 1251 2199 His
1276 2155 1513 2211 quoque,
1532 2140 1622 2211 qui
1647 2139 1716 2195 ab
1734 2137 1976 2194 Ecclesia
1995 2150 2081 2192 se-

475 2240 655 2315 parati
678 2248 829 2306 sunt,
853 2248 909 2295 et
933 2238 1131 2293 falsum
1163 2235 1267 2291 sibi
1288 2232 1727 2289 Christianorum
1751 2244 1947 2286 nomen
1994 2241 2083 2283 as-

476 2339 720 2398 sumunt,
738 2330 899 2401 preci
907 2329 1050 2400 pitur
1064 2335 1122 2383 ut
1133 2335 1296 2398 agant
1308 2325 1683 2396 paenitentiam
1694 2365 1709 2391 ,
1723 2332 1773 2379 et
1789 2332 2082 2390 utrumque

477 2428 746 2501 recipiant
798 2427 1207 2483 Testamentum
1242 2441 1255 2477 :
1297 2423 1352 2478 in
1401 2421 1585 2478 Veteri
1610 2420 1869 2491 iustitiam
1910 2418 2082 2475 semi-

478 2532 635 2587 nent,
660 2522 714 2575 in
744 2517 897 2575 Novo
930 2525 1137 2573 metant
1190 2512 1623 2571 misericordiam
1656 2523 1751 2568 :et
1779 2512 2085 2567 illuminent

481 2614 587 2671 sibi
622 2613 809 2669 lumen
857 2608 1127 2677 scientias,
1175 2607 1293 2663 sive
1342 2606 1605 2661 innovent
1630 2603 1732 2658 sibi
1761 2602 1996 2669 novalia,
2030 2609 2087 2657 et

480 2706 774 2779 requirant
799 2704 1117 2769 Dominum,
1146 2700 1239 2770 qui
1260 2700 1464 2757 docere
1515 2713 1610 2755 eos
1667 2704 1844 2768 potest
1897 2710 2082 2752 veram

481 2798 774 2873 justitiam,
808 2796 1085 2865 falsosque
1115 2793 1404 2866 magistros
1449 2790 1759 2856 destruant,
1806 2804 1836 2843 a
1887 2788 2085 2860 quibus

478 2906 593 2948 non
616 2889 836 2945 discunt
852 2885 1150 2957 justitiam,
1186 2883 1283 2940 sed
1313 2883 1677 2954 iniquitatem.

562 2983 745 3056 (Vers.
776 2980 890 3051 15.)
914 2979 1113 3034 Arastis
1142 2977 1477 3045 impietatem,
1521 2975 1846 3044 iniquitatem
1868 2974 2086 3028 messui-

484 3076 579 3133 stis
608 3091 628 3130 :
661 3071 957 3128 camedistis
988 3074 1194 3142 frugem
1223 3067 1505 3121 mendacii.
1555 3065 1701 3120 LXX
1737 3082 1751 3118 :
1790 3064 1926 3132 Quid
1964 3065 2087 3119 reti-

2180 1863 2315 1919 falsa
2340 1873 2466 1919 sunt
2488 1863 2735 1935 deceptis
2760 1865 2979 1936 populis
3001 1864 3385 1936 praedicantes,
3409 1871 3469 1918 ut
3495 1876 3622 1918 non
3657 1873 3820 1931 qua:-

2182 1967 2306 2012 rant
2342 1973 2539 2027 panem
2572 1974 2791 2027 verum,
2816 1959 2911 2029 qui
2935 1957 3003 2015 de
3033 1958 3175 2015 ccelo
3198 1956 3484 2014 descendit
3515 1972 3533 2010 :
3567 1953 3678 2010 sed
3710 1967 3818 2024 pa.

2187 2066 2311 2108 nem
2341 2051 2630 2119 mendacii,
2672 2054 2763 2123 qui
2787 2051 3020 2107 suﬂ'ocat
3041 2060 3098 2107 et
3141 2049 3399 2107 interﬁcit
3421 2048 3808 2105 devorantes.

2200 2214 2203 2217 Α
2255 2144 2437 2215 (Vers.
2470 2145 2538 2201 14
2561 2153 2618 2201 et
2648 2144 2765 2217 15.)
2799 2144 2937 2212 Quia
2965 2144 3196 2214 confisus
3231 2159 3283 2198 es
3321 2142 3491 2197 inviis
3534 2141 3654 2195 tuis
3696 2155 3716 2192 :
3759 2139 3819 2192 in

2183 2236 2516 2292 multitudine
2544 2237 2761 2307 fortium
2792 2246 3001 2292 tuarum
3026 2243 3302 2308 consurget
3333 2232 3594 2288 tumultus
3626 2232 3684 2285 in
3718 2244 3818 2301 pa-

2183 2326 2309 2399 pula
2339 2336 2453 2396 tua,
2480 2337 2529 2382 et
2568 2344 2743 2383 omnes
2771 2330 3086 2385 munitiones
3106 2337 3210 2382 tua:
3233 2325 3585 2380 vastabantur
3616 2338 3640 2377 :
3670 2322 3816 2376 sicut

2181 2428 2413 2475 vastatus
2451 2430 2527 2476 est
2582 2421 2839 2477 Salmana
2890 2438 2922 2476 a
2962 2421 3115 2475 doma
3180 2420 3312 2491 ejus,
3367 2418 3458 2489 qui
3504 2414 3816 2471 vindicavit

2186 2510 2429 2584 [Vulgat.
2455 2513 2736 2587 judicavit]
2766 2514 2903 2569 Baal
2930 2516 2986 2568 in
3011 2514 3095 2568 die
3124 2512 3315 2584 praelii,
3338 2518 3501 2566 matre
3541 2524 3714 2581 super
3737 2508 3812 2577 ﬁ-

2182 2604 2281 2658 lias
2308 2602 2487 2672 allisa,
2510 2607 2586 2659 sic
2610 2608 2734 2677 fecit
2759 2607 2903 2663 vobis
2927 2605 3113 2661 Bethel
3140 2622 3174 2659 a
3196 2605 3335 2676 facie
3364 2604 3586 2659 malitia:
3617 2601 3813 2674 nequi-

2185 2694 2381 2747 tiarum
2406 2707 2714 2752 vestrarum.
2761 2696 2910 2753 LXX
2943 2714 2957 2751 :
2988 2696 3125 2764 Quia
3167 2696 3397 2767 sperasti
3441 2696 3496 2748 in
3546 2693 3811 2749 curribus

2186 2796 2307 2861 tuis,
2343 2796 2397 2848 in
2442 2792 2778 2847 multitudine
2826 2791 3155 2863 fortitudinis
3185 2800 3304 2858 tua,
3347 2797 3634 2859 consurget
3682 2801 3811 2858 per-

2187 2886 2317 2941 ditio
2339 2887 2390 2939 in
2415 2885 2607 2958 papula
2639 2894 2748 2949 tua,
2772 2891 2821 2937 et
2844 2884 3019 2937 omnia
3039 2890 3249 2936 murata
3276 2891 3367 2935 tua
3386 2880 3644 2946 abibunt;
3665 2879 3809 2933 sicut

2188 2979 2446 3050 principes
2492 2976 2748 3032 Salmana
2768 2975 2832 3029 de
2854 2975 3005 3030 doma
3029 2972 3279 3029 Jerabaal
3320 2974 3374 3027 in
3417 2973 3605 3028 diebus
3642 2971 3803 3037 belli,

2186 3079 2405 3125 matrem
2430 3086 2586 3141 super
2612 3069 2751 3139 ﬁlias
2780 3068 3078 3137 alliserunt,
3111 3068 3184 3123 sic
3214 3069 3405 3138 faciam
3420 3066 3588 3136 vobis,
3609 3068 3803 3122 damus

489 3170 613 3225 catis
641 3168 959 3235 impietates,
1001 3171 1048 3217 et
1090 3161 1392 3230 iniquitates
1433 3162 1540 3231 ejus
1580 3158 2083 3213 rindemiastiswa-
2112 3151 2159 3217 C
2190 3163 2359 3219 Israel
2388 3207 2403 3231 ,
2451 3181 2483 3218 α
2533 3163 2669 3233 facie
2722 3162 3045 3218 malitiarum
3092 3164 3252 3237 120
3297 3174 3616 3219 υειιναηηη,
3667 3162 3805 3219 [deo

490 3259 721 3314 medistis
744 3260 968 3327 fructum
990 3252 1305 3307 mendacem.
1336 3248 1514 3321 Cogor
1530 3258 1717 3305 contra
1751 3250 2086 3305 voluntatem

492 3368 671 3409 meam
702 3351 903 3420 saepius
928 3347 997 3403 de
1025 3347 1271 3403 Hebraeae
1297 3344 1495 3415 lingum
1523 3344 1953 3415 proprietatibus
1980 3344 2091 3399 dis-

491 3453 688 3517 putare
730 3459 745 3499 :
788 3456 966 3512 neque
995 3439 1142 3495 enim
1174 3439 1454 3494 rhetorum
1483 3452 1633 3493 more
1664 3437 1962 3493 sententias
2003 3452 2090 3492 re-

493 3538 760 3611 petimus,
779 3535 943 3591 verba
960 3532 1351 3598 construimus,
1367 3540 1421 3586 et
1434 3530 1715 3587 audientes
1736 3531 1824 3587 vel
1846 3531 2090 3601 legentes

494 3633 549 3686 in
574 3629 764 3685 laudes
795 3635 1013 3682 nostras
1054 3624 1543 3681 declamationibus
1570 3624 1901 3680 suscitamus
1941 3643 1953 3678 :
1996 3624 2092 3681 sed

495 3741 621 3799 quae
642 3723 879 3779 obscura
901 3728 1048 3789 sunt,
1073 3718 1307 3774 maxime
1335 3717 1527 3773 alienas
1551 3717 1752 3787 lingua;
1779 3717 2091 3773 hominibus

497 3818 795 3891 explanare
835 3814 1078 3869 nitimur.
1125 3812 1302 3883 Supra
1352 3811 1443 3867 ubi
1472 3826 1573 3866 nos
1623 3811 1964 3881 interpretati
2008 3827 2095 3867 su-

501 3924 660 3977 mus,
736 3905 904 3960 arabit
956 3902 1132 3958 ludas
1161 3948 1175 3973 ,
1234 3902 1288 3958 in
1361 3900 1630 3958 Hebraico
1674 3902 1871 3973 legitur
1934 3917 2095 3960 sanos

499 3999 728 4076 (mw-t9)
752 4013 847 4066 per
872 4010 962 4052 JOD
988 3996 1221 4067 primam
1260 3994 1518 4061 litteram,
1555 4008 1714 4064 quam
1741 3993 2092 4065 Septuaginta

498 4108 604 4149 νιῑι
644 4090 867 4159 (tv't'tm)
904 4096 1182 4158 putantes,
1229 4085 1569 4157 interpretati
1619 4095 1776 4155 sunt,
1807 4097 1851 4140 et
1892 4086 2087 4143 tacebo.

498 4185 656 4241 Nunc
708 4196 922 4254 quoque
969 4180 1023 4235 in
1074 4179 1305 4234 Hebraeo
1355 4180 1615 4248 scriptum
1667 4186 1751 4234 est
1788 4194 2091 4245 suss'raw,

502 4276 771 4351 (Dl'ttlt‘tn)
803 4271 947 4344 quod
1001 4284 1100 4325 nos
1150 4268 1436 4336 vertimus,
1470 4268 1692 4323 arastis:
1726 4284 1826 4340 pro
1857 4264 1963 4340 quo
1995 4268 2094 4326 Se-

501 4368 782 4439 ptuaginta
812 4362 1237 4429 transtulerunt,
1267 4360 1394 4432 quid
1422 4362 1644 4416 reticetis
1671 4376 1691 4417 :
1714 4361 1877 4417 simili
1908 4377 2095 4419 errore

500 4476 611 4531 quo
639 4473 831 4530 supra,
887 4455 1155 4512 silentium
1206 4467 1308 4525 pro
1358 4454 1593 4507 aratione
1645 4454 2089 4523 interpretantes.

2191 3267 2217 3296 ιι
2240 3256 2562 3314 comedisds
2591 3257 2802 3327 frugem
2827 3256 3122 3325 mendacii,
3141 3267 3197 3314 et
3220 3256 3275 3312 in
3289 3258 3503 3313 cunctis
3524 3273 3653 3329 qua:
3672 3271 3806 3328 pro-

2192 3350 2473 3423 posuistis,
2503 3365 2628 3422 spes
2667 3366 2763 3408 vos
2805 3366 2947 3406 vana
2976 3350 3223 3422 decepit;
3274 3351 3400 3421 quia
3438 3349 3689 3407 confisus
3712 3364 3801 3419 es,

2189 3460 2223 3501 o
2249 3443 2533 3515 Ephraim,
2568 3444 2748 3499 inviis
2779 3443 3105 3500 idololatriae
3149 3451 3257 3498 tua:
3290 3460 3303 3498 :
3336 3443 3418 3499 ha:
3466 3453 3600 3500 sunt
3646 3441 3801 3498 enim

2193 3535 2296 3592 viae
2330 3545 2458 3601 tuae,
2488 3543 2546 3591 et
2574 3536 2627 3589 in
2651 3534 2998 3591 multitudine
3031 3533 3250 3590 fortium
3276 3545 3516 3601 tuorum,
3572 3549 3689 3591 non
3741 3532 3801 3588 in

2192 3628 2308 3685 Deo
2336 3629 2545 3685 habens
2578 3643 2753 3699 spem,
2786 3627 2884 3683 sed
2907 3626 2961 3683 in
3008 3626 3290 3684 exercitus
3344 3628 3562 3684 robore.
3596 3627 3799 3698 Itaque

2191 3729 2488 3792 consurget
2538 3721 2805 3776 tumultus
2833 3721 2888 3776 in
2916 3720 3117 3792 populo
3166 3730 3279 3786 tuo,
3327 3718 3474 3790 quod
3523 3717 3802 3774 Hebraice

2196 3812 2417 3883 dicitur,
2444 3827 2577 3869 ssou
2609 3811 2816 3901 (3W),
2850 3811 2905 3867 id
2928 3820 3033 3879 est,
3056 3811 3257 3866 sonitus
3284 3819 3340 3868 et
3376 3811 3620 3883 fremitus
3677 3809 3801 3866 ulu-

2200 3904 2369 3961 lautis
2392 3905 2687 3975 exercitus,
2720 3905 2918 3976 quibus
2946 3904 3333 3972 clamantibus,
3371 3918 3567 3961 omnes
3609 3902 3802 3960 muni-

2196 3999 2372 4056 tiones
2396 4009 2502 4055 tuae
2516 3999 2897 4064 vastabuntur,
2920 4008 2975 4056 et
2996 4014 3057 4054 ea
3072 4014 3194 4070 qua:
3215 3999 3423 4054 munita
3434 3996 3800 4054 arbitrabaris

2193 4103 2250 4149 et
2273 4100 2413 4157 tuta,
2443 4092 2711 4164 patebunt
2742 4091 3022 4159 hostibus,
3057 4100 3113 4147 et
3142 4090 3219 4147 sic
3244 4090 3628 4156 vastabuntur,
3662 4104 3803 4158 quo-

2195 4184 2359 4241 modo
2385 4194 2627 4241 vastatus
2657 4195 2741 4241 est
2762 4193 2924 4255 atque
2959 4184 3231 4241 contritus
3257 4183 3511 4241 Salmana
3542 4184 3801 4254 princeps

2196 4276 2645 4345 Madianitarum,
2674 4278 2768 4348 qui
2801 4275 3126 4334 interfectus
3162 4286 3249 4333 est
3277 4291 3309 4331 a
3343 4275 3509 4331 domo
3536 4272 3800 4332 Jerobaal

2196 4368 2400 4441 (ludio.
2417 4369 2561 4441 vnn).
2584 4369 2735 4426 Haud
2761 4370 2983 4427 dubium
3007 4370 3134 4441 quin
3157 4369 3471 4426 Gedeonem
3500 4368 3797 4440 signiﬁcet,

2196 4462 2289 4534 qui
2319 4478 2386 4519 ex
2403 4478 2469 4519 eo
2501 4462 2644 4534 quod
2670 4461 2943 4519 destruxit
2969 4461 3151 4518 fanum
3173 4461 3323 4532 Baal,
3354 4462 3643 4531 lucumque
3673 4476 3801 4517 suc-

501 4555 598 4610 Est
626 4562 809 4608 autem
859 4565 1056 4607 sensus
1091 4549 1195 4604 iste
1216 4547 1482 4603 dictorum
1506 4563 1524 4600 :
1554 4546 1732 4618 Super
1771 4549 1970 4604 callum
2015 4548 2084 4603 vi-

2201 4554 2355 4621 cidit,
2388 4562 2443 4611 et
2471 4555 2563 4611 ille
2593 4571 2651 4611 se
2674 4553 2955 4610 vindicare
2988 4568 3096 4609 non
3125 4554 3333 4623 potuit,
3366 4559 3797 4623 cognomentum

499 4645 632 4701 tulas
658 4643 917 4715 Ephraim
965 4639 1323 4698 contentiosae
1347 4640 1688 4711 amantisque
1720 4641 1966 4697 trituram
1995 4656 2097 4714 ego

498 4737 755 4805 transivi,
798 4746 854 4793 et
896 4750 999 4806 ego
1030 4733 1277 4801 escendi,
1313 4742 1391 4799 ut,
1423 4741 1617 4789 arante
1646 4732 1809 4802 Iuda,
1862 4743 1919 4790 et
1966 4750 2100 4790 con-

495 4832 771 4902 fringente
798 4829 1002 4893 sulcos,
1026 4826 1196 4882 Jacob
1227 4834 1431 4881 tereret
1458 4841 1664 4890 aream,
1695 4837 1747 4882 et
1777 4827 1904 4883 solis
1932 4826 2099 4885 ferret

494 4926 755 4980 calorem.
815 4919 1111 4988 Monuique
1136 4932 1232 4973 eos
1255 4926 1316 4972 ut
1342 4918 1675 4973 seminarcnt
1704 4920 1757 4973 in
1787 4919 2017 4989 justitia,
2045 4929 2101 4977 et

507 5023 787 5073 meterent
816 5015 866 5067 in
900 5011 1300 5077 misericordia,
1332 5022 1387 5067 et
1422 5011 1668 5069 facerent
1712 5014 1810 5070 sibi
1844 5016 2098 5071 novalia:

499 5120 830 5178 tempusque
862 5102 1175 5173 requirendi
1204 5102 1491 5157 Dominum
1520 5104 1651 5158 illud
1679 5120 1803 5162 esse
1832 5108 1992 5180 119
2017 5121 2103 5164 co.

498 5209 855 5272 gnoscerent,
888 5210 995 5267 quo
1043 5203 1305 5251 venturus
1341 5203 1429 5251 est
1457 5196 1547 5265 qui
1575 5196 1796 5254 docebit
1822 5214 1920 5255 nos
1945 5200 2101 5271 justi-

502 5294 656 5349 tiam.
681 5290 767 5347 Me
793 5290 911 5345 haec
931 5288 1187 5359 jubente,
1213 5295 1266 5343 et
1295 5288 1511 5344 volente
1538 5288 1607 5346 de
1654 5290 1794 5347 laetis
1818 5294 2101 5350 novalibus

492 5386 706 5443 fructus
728 5383 956 5456 justitiz
985 5395 1049 5437 ac
1071 5379 1464 5436 misericordiae
1502 5382 1773 5453 accipere,
1805 5394 2101 5441 araverunt

489 5480 847 5553 mpietatem,
871 5491 979 5548 qua
999 5482 1234 5549 egerunt
1261 5474 1430 5546 impie
1455 5487 1646 5531 contra
1671 5478 1981 5545 Dominum,
2013 5495 2100 5536 re-

565 5644 590 5708 f
622 5635 715 5693 Sic
742 5635 915 5692 ferme
941 5636 1247 5708 elegantius
1276 5650 1409 5691 mss.
1445 5637 1622 5708 Antea
1650 5646 1767 5693 erat
1794 5641 2095 5697 comedetis.

563 5704 589 5781 ιζ
619 5708 905 5781 yictorius
946 5704 1064 5781 ait}
1099 5708 1225 5763 Haec
1263 5723 1374 5781 non
1404 5707 1687 5764 Gedeonis
1722 5709 1788 5765 ad
1819 5710 2096 5781 Salmana,

486 5776 586 5838 sed
613 5777 885 5835 Samuelis
915 5778 980 5834 ad
1011 5780 1158 5849 Agag
1188 5778 1354 5834 verba
1390 5787 1537 5843 sunt,
1567 5789 1625 5835 ut
1651 5788 1867 5838 constat
1888 5782 1934 5838 ll
1961 5776 2096 5856 Reg.

2203 4643 2446 4700 Jerabaal
2467 4645 2692 4701 sortitus
2737 4653 2841 4712 est,
2872 4642 2927 4699 id
2957 4652 3069 4712 est,
3122 4643 3404 4698 ulciscatur
3447 4658 3501 4698 se
3528 4642 3663 4698 Baal
3681 4659 3711 4710 .,'
3740 4646 3801 4696 ut

2204 4740 2483 4811 quomodo
2511 4739 2767 4796 Salmana
2814 4738 3091 4794 interfecit
3139 4737 3281 4793 ﬁlios
3307 4752 3497 4793 coram
3526 4736 3797 4794 matribus

2206 4834 2343 4899 suis,
2400 4831 2536 4903 ipsis
2561 4847 2777 4903 quoque
2816 4830 3082 4886 matribus
3136 4829 3394 4901 deinceps
3445 4828 3795 4886 interiectis:

2208 4926 2286 4979 sic
2304 4933 2358 4979 et
2381 4923 2477 4978 filii
2508 4924 2615 4992 tui,
2646 4939 2679 4977 ο
2706 4923 2987 4995 Ephraim,
3011 4932 3065 4978 te
3102 4932 3369 4992 praesente
3399 4922 3798 4980 interﬁciantur

2209 5016 2317 5088 [Αι.
2341 5014 2783 5087 interﬁcientur],
2813 5017 2901 5086 qui
2930 5023 2985 5071 et
3012 5018 3130 5085 ipse
3153 5014 3505 5072 trucidandus
3525 5028 3607 5073 es.
3641 5015 3795 5084 Quee-

2210 5109 2401 5174 rimus,
2430 5108 2522 5164 ubi
2553 5109 2819 5179 scriptum
2846 5107 2938 5173 sit,
2983 5107 3127 5177 quod
3158 5106 3411 5163 Salmana
3445 5117 3673 5165 matrem
3708 5122 3798 5162 su-

2209 5219 2306 5274 per
2361 5202 2485 5258 tiliis
2540 5202 2804 5259 occiderit
2834 5221 2847 5257 :
2879 5203 3104 5273 legimus
3134 5201 3189 5257 in
3215 5202 3472 5259 iudicum
3526 5203 3667 5259 libro
3717 5201 3795 5257 lo-

2207 5304 2408 5366 quente
2451 5293 2710 5350 Gedeone
2740 5299 2805 5350 ad
2835 5296 3137 5365 principem
3171 5293 3389 5350 Madian
3424 5292 3451 5333 ιι
3479 5312 3494 5350 :
3528 5293 3795 5361 Quomodo

2207 5390 2396 5459 absque
2424 5388 2598 5443 liberis
2623 5389 2745 5460 fecit
2774 5388 2981 5460 gladius
3002 5397 3117 5443 tuus
3140 5387 3337 5443 multas
3366 5388 3667 5455 ntatres,ita
3689 5385 3795 5443 sine

2207 5480 2334 5551 filiis
2360 5482 2456 5539 erit
2476 5482 2609 5537 inter
2636 5482 2875 5538 mulieres
2904 5490 3069 5538 mater
3096 5491 3185 5537 tua
3221 5479 3427 5554 (ludia.
3458 5468 3597 5554 vnt).
3648 5480 3793 5538 Sicut

2207 5660 2297 5700 xv.
2353 5645 2627 5704 Gedeonis
2672 5654 2851 5704 autem
2904 5654 2962 5704 et
2989 5646 3239 5703 Salmana
3272 5646 3500 5703 historia
3544 5644 3794 5702 scribitur

2207 5715 2457 5773 Judicum
2490 5726 2682 5775 octavo
2712 5719 2929 5788 capite:
2963 5719 3015 5773 in
3037 5735 3146 5789 quo
3187 5720 3290 5775 hoc
3321 5727 3532 5774 tantum
3554 5716 3795 5789 proditur

2207 5789 2351 5859 quod
2378 5805 2406 5845 ει
2440 5789 2696 5847 Salmana
2724 5784 2892 5847 occisi
2923 5784 3122 5846 fuerint
3153 5792 3204 5847 in
3236 5790 3458 5847 Thabor
3479 5784 3675 5846 fratres
3694 5784 3793 5841 Gc-
