4150 6346
394 290 499 347 913

1226 286 1874 347 COMMENTARIORUM
1916 286 1981 343 IN
2020 284 2202 363 OSEE
2240 284 2372 343 LIB.
2418 284 2508 343 Ill.
2551 287 2710 344 CAP.
2753 287 2843 344 XI.

3580 289 3687 345 9H

392 408 560 481 igitur
586 418 829 465 vastatus
858 415 940 463 est
961 407 1234 483 ,Salmana
1266 406 1333 461 ab
1360 404 1634 473 Jerobaal,
1662 419 1825 476 quem
1848 402 1989 459 male
2014 405 2071 466 Α
2163 400 2323 473 (Cap.
2354 398 2449 456 XI.
2470 401 2711 456 -—Vers.
2748 401 2774 455 1
2806 410 2863 456 et
2887 393 2975 471 2.)
3003 401 3155 458 Sicut
3193 417 3345 457 mane
3390 411 3417 440 ι
3447 402 3690 472 transiit,

389 500 616 572 quidam
659 499 999 556 arbitrantur
1046 499 1335 556 Jeroboam
1392 497 1559 554 ﬁlium
1612 496 1843 568 Nabatb,
1896 497 1988 568 qui

389 592 583 649 decem
610 592 859 649 tribubus
906 591 1145 663 praefuit,
1170 592 1253 647 'et
1283 597 1533 646 vastatus
1564 598 1669 658 est,
1695 599 1753 646 ut
1798 589 1852 645 in
1884 590 1990 645 He-

390 686 537 744 braeo
564 687 894 754 continetur,
935 686 1202 741 abusast.
1253 667 1518 754 (Sun-1n),
1580 682 1634 737 id
1689 683 1867 753 ipsum
1916 682 1989 737 si-

387 781 706 853 gniﬁcante,
746 777 889 851 quod
920 788 973 835 et
1002 776 1272 843 Jerobaal,
1322 775 1420 832 sed
1467 775 1707 832 breviori
1737 774 1991 831 disertio-

387 876 544 947 rique
584 889 839 931 sermone
895 890 911 928 :
958 873 1038 930 sic
1078 872 1208 930 fecit
1237 872 1415 955 vobis,
1447 887 1488 927 σ
1528 870 1721 939 Israel,
1771 885 1802 925 a
1852 868 1989 926 facie

389 968 723 1023 malitiarum
778 976 1076 1024 vestrarum
1131 964 1344 1031 Bethel,
1378 966 1458 1027 :in
1497 980 1600 1035 qua
1639 963 1865 1019 vitulum
1903 978 1992 1017 au-

388 1076 541 1118 reum
575 1061 855 1131 posuistis,
900 1070 953 1116 et
993 1060 1125 1116 estis
1185 1059 1433 1115 venerati
1489 1057 1775 1129 Egyptios
1830 1056 1985 1112 deos.

388 1152 494 1209 Pro
539 1149 744 1219 Bethel,
796 1151 955 1223 quod
989 1151 1378 1221 interpretatur
1431 1149 1613 1205 domus
1659 1148 1792 1214 Dei,
1844 1146 1989 1203 LXX

387 1243 785 1301 transtulerunt
834 1243 1018 1298 domus
1049 1242 1242 1311 Israel,
1298 1243 1452 1314 121
1498 1240 1646 1312 quod
1674 1239 1731 1295 in
1760 1238 1989 1296 Hebrteo

388 1336 605 1409 penitus
648 1351 757 1393 non
786 1336 1045 1393 habetur.
1074 1334 1366 1390 Evasimus
1410 1342 1705 1404 utcumque
1754 1332 1823 1389 de
1860 1345 1992 1388 con-

388 1429 619 1501 fragosis
649 1429 785 1486 locis
822 1448 834 1484 :
886 1443 1031 1485 nunc
1087 1428 1140 1483 in
1172 1427 1340 1483 altum
1374 1428 1494 1483 vela
1538 1426 1827 1483 tendentes
1849 1464 1865 1494 ,
1912 1424 1991 1481 al-

388 1523 609 1595 legoriac
666 1524 890 1595 pelagus
948 1531 1311 1579 transeamus.
1369 1520 1506 1590 Quia
1553 1520 1779 1591 conﬁsus
1817 1538 1901 1586 es,
1957 1535 1991 1577 ο

392 1615 674 1688 prraitn,
696 1617 751 1671 in
791 1617 920 1685 uiis,
954 1617 1069 1673 sive
1095 1659 1109 1685 ,
1142 1616 1197 1671 in
1243 1615 1485 1671 curribus
1520 1617 1647 1681 tuis,
1696 1615 1766 1672 de
1793 1614 1989 1687 quibus

384 1711 651 1781 scriptum
681 1718 767 1766 est
792 1728 807 1765 :
837 1710 908 1765 Hi
936 1713 988 1766 in
1008 1711 1244 1766 curribus
1272 1719 1320 1765 et
1345 1709 1399 1764 hi
1422 1711 1475 1764 in
1496 1710 1640 1781 cquis
1667 1726 1686 1764 :
1709 1726 1802 1765 nos
1817 1719 1990 1765 autem

2088 493 2365 564 pertransit
2407 508 2499 547 rea:
2517 492 2687 546 Israel
2717 508 2733 546 :
2757 494 2879 563 quia
2907 508 3035 562 puer
3054 492 3249 563 Israel,
3276 502 3324 549 et
3352 492 3515 550 dilexi
3545 510 3689 565 eum,

2090 595 2136 640 et
2161 572 2224 642 c5:
2252 585 2485 658 Ᾱῖςῃριο
2544 586 2719 641 vocavi
2759 586 2931 657 ﬁlium
2980 603 3150 643 meum
3181 604 3200 643 :
3225 597 3532 644 vocaverunt
3557 604 3644 644 eos
3671 603 3697 645 :

2090 681 2164 735 sic
2192 679 2425 734 abierunt
2447 696 2480 734 a
2510 679 2643 746 facie
2666 694 2843 733 eorum
2872 694 2890 734 :
2928 678 3132 735 Baalim
3154 679 3518 747 immolabant,
3543 689 3593 736 et
3620 680 3695 736 si-

2092 772 2338 827 mulacris
2359 770 2743 841 sacrificabant.
2768 769 2918 827 LXX
2950 788 2964 826 :
2992 770 3151 826 Mane
3170 773 3385 845 projecti
3409 780 3696 844 sunt,pro-

2082 869 2256 939 jectus
2299 874 2374 920 est
2400 882 2492 919 rex
2516 865 2710 933 Israel,
2738 866 2859 936 quia
2896 866 3144 937 parvulus
3174 865 3343 922 Israel
3367 909 3383 934 ,
3410 878 3459 922 et
3484 884 3579 939 ego
3604 868 3692 921 di-

2093 958 2195 1012 lexi
2222 974 2358 1024 eum,
2385 967 2432 1011 et
2462 973 2529 1011 ea:
2555 955 2791 1027 Egypto
2815 958 2993 1012 vocavi
3024 959 3179 1030 132
3206 958 3344 1027 ﬁlios
3370 975 3513 1013 suos.
3537 959 3693 1015 Sicut

2093 1057 2267 1111 vocavi
2295 1072 2412 1122 eos,
2443 1056 2517 1109 ita
2546 1056 2780 1110 abierunt
2806 1071 2839 1109 a
2869 1055 3001 1126 facie
3029 1071 3144 1109 mea
3170 1056 3272 1127 ipsi
3299 1070 3317 1109 :
3345 1052 3554 1108 Baalim
3590 1053 3691 1108 im-

2093 1152 2355 1207 molabant
2373 1194 2388 1218 ,
2414 1160 2463 1207 et
2492 1149 2819 1223 sculptilibus
2844 1149 3121 1205 adolebant
3142 1149 3193 1203 δ.
3230 1147 3470 1204 Diversis
3500 1146 3691 1218 ﬁguris

2094 1246 2346 1302 eumdem
2372 1245 2613 1315 explicat
2631 1259 2877 1301 sensum.
2907 1243 3008 1309 Qui
3032 1256 3195 1313 supra
3226 1240 3686 1297 dixerat:Trans-

2094 1340 2169 1394 ire
2218 1339 2339 1409 fecit
2382 1337 2634 1394 Samaria
2684 1352 2858 1408 regem
2901 1351 3056 1390 suum
3080 1335 3231 1407 quasi
3257 1349 3495 1404 spumam
3535 1346 3689 1405 super

2094 1434 2277 1505 faciem
2317 1448 2465 1503 aqua:
2502 1446 2610 1499 ;eo
2643 1430 2789 1503 quod
2819 1444 3013 1502 spuma
3043 1437 3100 1483 et
3140 1427 3302 1482 bulla:
3324 1427 3379 1481 in
3424 1439 3692 1497 aquarum

2094 1525 2503 1581 summitatibus
2529 1532 2781 1579 natantes
2811 1521 3071 1578 celeriter
3108 1519 3481 1575 dissolvantur
3509 1535 3524 1572 :
3548 1531 3698 1574 nunc

2094 1618 2342 1673 eamdem
2370 1632 2487 1672 rem
2515 1617 2619 1673 sub
2645 1616 2750 1672 alia
2777 1616 2929 1686 ponit
2952 1614 3332 1670 similitudine.
3360 1613 3515 1671 Sicut
3544 1612 3695 1668 enim

2095 1720 2245 1767 ortus
2274 1726 2489 1767 aurora:
2515 1720 2569 1765 et
2596 1709 2898 1765 diluculum
2927 1717 2985 1764 et
3014 1707 3341 1778 principium
3371 1705 3516 1773 diei,
3546 1704 3695 1776 quod

386 1803 443 1857 in
472 1803 676 1858 nomine
703 1801 917 1858 Domini
971 1802 1067 1858 Dei
1109 1805 1272 1859 nostri
1314 1804 1762 1875 magniﬁcabimur
1786 1805 1804 1875 (
1827 1803 1980 1860 Psal.
2013 1799 2062 1859 B
2087 1805 2394 1877 appellatur
2407 1819 2586 1873 mane,
2613 1806 2756 1859 inter
2776 1802 3213 1872 noctissolisque
3231 1800 3490 1856 viciniam
3514 1810 3697 1856 trans-

383 1912 497 1966 ιιι,
518 1896 586 1970 8)
618 1915 631 1952 :
659 1907 715 1953 et
744 1897 984 1953 conﬁsus
1026 1911 1087 1953 es
1119 1897 1174 1952 in
1217 1896 1571 1953 multitudine
1612 1895 1835 1953 fortium
1866 1905 1988 1952 tuo-

384 2004 525 2056 rum,
548 1980 687 2059 quos
716 1988 810 2046 tibi
840 1988 973 2046 falsa
1003 1988 1235 2045 scientia
1258 1990 1535 2045 roborasti
1567 2007 1580 2045 :
1606 1989 1732 2047 ideo
1757 2004 1986 2046 consur-

381 2089 476 2151 get
520 2082 790 2139 tumultus
840 2091 896 2138 et
944 2082 1158 2137 sonitus
1202 2082 1255 2136 in
1294 2081 1501 2153 papulo
1545 2090 1661 2137 tuo.
1709 2081 1985 2153 Quidquid

381 2171 530 2228 enim
560 2173 855 2244 loquuntur
882 2172 1148 2242 haeretici,
1179 2187 1288 2228 non
1314 2171 1520 2231 habent
1543 2188 1735 2230 vocem
1762 2183 1986 2230 senten-

381 2264 489 2321 tias
536 2263 942 2336 explicantem,
988 2264 1087 2321 sed
1137 2265 1429 2321 tumultum
1474 2267 1882 2338 clamoremque
1928 2277 1984 2324 et

378 2358 640 2413 sonitum.
670 2356 736 2413 Et
756 2375 933 2413 omnes
960 2359 1278 2415 munitiones
1309 2370 1434 2430 tuae,
1467 2359 1584 2416 sive
1607 2376 1731 2431 qua:
1760 2368 1975 2417 mttrata

377 2459 539 2519 sunt,
572 2436 916 2506 tractabuntur
945 2452 1087 2523 (non
1117 2453 1265 2507 enim
1310 2452 1643 2509 testimoniis
1668 2454 1981 2525 Scriptura-

377 2556 525 2610 rum,
556 2542 655 2599 sed
684 2553 803 2600 arte
828 2544 1143 2614 dialectica,
1167 2554 1225 2602 et
1251 2548 1594 2617 argumentis
1620 2548 1980 2619 philosopho-

375 2647 495 2689 rum
527 2632 734 2689 munita
758 2642 889 2691 sunt
916 2642 1079 2706 atque
1112 2635 1453 2707 constructa)
1484 2638 1615 2692 sicut
1645 2648 1879 2693 vastatus
1906 2649 1984 2693 est

375 2726 639 2799 quondam
671 2727 926 2784 Salmana
955 2742 985 2783 a
1024 2729 1305 2796 Gedeone,
1330 2722 1515 2785 lmatre
1544 2745 1709 2802 super
1740 2733 1869 2789 ﬁliis
1898 2733 1981 2787 in-

376 2819 623 2876 terfecta.
676 2818 845 2891 Cujus
901 2819 1147 2877 historia:
1196 2831 1253 2877 et
1300 2822 1666 2894 octogesimus
1706 2824 1981 2882 secundus

375 2915 624 2985 psalmus
654 2915 904 2971 meminit
933 2932 947 2970 :
991 2916 1083 2971 ubi
1124 2916 1272 2971 inter
1308 2926 1540 2972 caeteros
1568 2918 1734 2974 duces
1764 2918 1978 2975 Madian

377 3006 539 3064 etiam
565 3006 819 3065 Salmana
842 3007 1013 3063 fuisse
1034 3018 1452 3076 commemorat,
1477 3009 1671 3065 dicens
1697 3028 1710 3063 :
1740 3009 1856 3066 Fac
1877 3013 1975 3077 eis,

374 3099 621 3169 Domine,
654 3100 799 3157 haud
828 3101 1053 3157 dubittm
1085 3104 1216 3173 quin
1249 3117 1345 3158 eos
1366 3103 1641 3175 signiﬁcet
1666 3105 1760 3177 qui
1786 3115 1977 3162 contra

2092 1901 2134 1955 it
2175 1900 2470 1965 celeriter;
2505 1899 2579 1953 ita
2609 1908 2670 1954 ut
2708 1898 2929 1953 ﬁniatur
2965 1912 3074 1952 nox
3119 1905 3176 1953 et
3222 1897 3489 1952 clarescat
3526 1894 3646 1952 dies
3669 1911 3689 1950 :

2088 1992 2169 2048 sic
2193 2007 2292 2048 rex
2319 1992 2509 2057 Israel,
2536 1991 2589 2046 id
2606 2001 2711 2058 est,
2734 1990 2925 2046 decem
2950 1989 3194 2044 tribuum
3217 1988 3485 2045 velociter
3506 1996 3691 2045 trans-

2087 2086 2184 2141 iet.
2220 2084 2570 2154 EXponitque
2606 2081 2874 2139 beneﬁcia
2915 2097 3035 2153 qua:
3078 2080 3135 2136 in
3176 2081 3352 2151 ipsum
3393 2078 3693 2136 contulerit

2089 2177 2255 2233 Deus.
2289 2176 2449 2244 Dum,
2470 2175 2667 2246 inquit,
2697 2182 2847 2230 esset
2875 2187 3011 2244 puer
3033 2184 3087 2229 et
3117 2172 3399 2243 parvulus,
3424 2181 3479 2228 et
3500 2181 3692 2243 captus

2088 2272 2143 2327 in
2178 2270 2418 2343 Egypto
2451 2279 2751 2337 teneretur,
2785 2268 3060 2323 intantum
3090 2281 3213 2323 eum
3245 2266 3449 2333 dilexi,
3472 2274 3535 2321 ut
3561 2265 3692 2321 mit-

2089 2374 2257 2421 terem
2289 2377 2510 2419 servum
2563 2375 2744 2416 meum
2775 2359 2997 2431 Moysen
3018 2400 3035 2428 ,
3068 2367 3123 2415 et
3148 2374 3215 2414 ex
3261 2357 3501 2430 Egypto
3530 2372 3697 2413 voca-

2087 2472 2204 2514 rem
2236 2458 2406 2513 ﬁlium
2451 2470 2662 2523 meum,
2693 2454 2764 2509 de
2793 2468 2902 2524 quo
2931 2452 3045 2508 dixi
3092 2453 3145 2508 in
3174 2453 3287 2508 alio
3316 2453 3440 2508 loco
3473 2471 3487 2509 :
3517 2450 3697 2507 Filius

2087 2550 2462 2622 primogenitus
2490 2563 2632 2603 meus
2662 2542 2833 2600 Israel
2862 2542 3080 2618 (Exod.
3110 2558 3159 2599 tv
3180 2542 3225 2604 δ.
3258 2542 3330 2598 Ει
3357 2541 3486 2613 quia
3527 2540 3699 2598 Israel

2085 2643 2436 2714 singulariter
2478 2640 2700 2713 quidem
2746 2642 2944 2700 dicitur
2970 2680 2987 2707 ,
3022 2638 3121 2694 sed
3163 2635 3450 2707 pluraliter
3477 2633 3687 2691 intelli-

2084 2740 2228 2811 gitur
2266 2755 2280 2793 :
2312 2736 2588 2807 quomodo
2617 2744 2675 2792 et
2709 2737 2944 2807 populus
2983 2742 3035 2790 et
3076 2731 3334 2803 Ephraim
3381 2739 3440 2787 et
3475 2729 3687 2787 Iudas:

2084 2830 2353 2903 siquidem
2395 2831 2448 2885 in
2481 2843 2716 2885 numero
2747 2828 3011 2900 singulari
3042 2826 3244 2881 multus
3272 2833 3358 2879 est
3393 2837 3690 2890 numerus,

2084 2926 2175 2996 qui
2208 2926 2314 2980 hoc
2350 2937 2580 2979 numero
2609 2922 2924 2978 continetur
2947 2962 2963 2989 ,
2997 2919 3199 2975 veteris
3227 2916 3551 2976 recordatur
3576 2915 3694 2971 his-

2085 3020 2277 3085 torize,
2306 3016 2454 3089 quod
2489 3017 2768 3073 vocaverit
2806 3014 3027 3084 quidem
3076 3027 3175 3069 eos
3216 3026 3317 3082 per
3357 3011 3580 3084 Moysen
3635 3015 3695 3065 et

2083 3113 2302 3181 Aaron,
2331 3110 2426 3183 qui
2485 3117 2819 3166 vocaverunt
2873 3121 2970 3163 eos
2999 3147 3013 3171 ,
3048 3112 3109 3160 ut
3165 3103 3557 3175 egrederentur
3619 3101 3692 3157 de

372 3194 662 3251 Dominum
709 3195 952 3251 inierunt
977 3204 1193 3266 pactum
1232 3197 1347 3251 sive
1388 3204 1814 3265 testamentum,
1842 3201 1977 3254 sicut
2006 3189 2052 3253 C
2084 3204 2323 3277 ngypto
2352 3222 2365 3259 :
2401 3204 2504 3273 ipsi
2531 3217 2662 3257 vero
2690 3201 2867 3256 vocati
2894 3199 2965 3255 ab
2991 3197 3072 3254 eis
3101 3205 3460 3253 receSSerunt
3487 3209 3517 3250 a
3546 3193 3691 3249 facie

374 3286 596 3357 Madian
623 3298 671 3342 et
694 3288 893 3345 Sisara
922 3287 1043 3360 (Ps.
1080 3304 1289 3353 Luxu,
1324 3288 1411 3356 l2,
1440 3288 1555 3361 15).
1588 3289 1658 3344 Et
1686 3301 1809 3360 post
1841 3292 1972 3347 reli-

371 3396 478 3451 qua
504 3398 519 3437 :
545 3380 713 3447 Pone,
745 3381 943 3453 inquit,
967 3382 1227 3453 principes
1257 3397 1433 3436 eorum
1459 3383 1594 3437 sicut
1626 3383 1759 3439 Oreb
1783 3394 1830 3439 et
1844 3384 1970 3453 Zeb,

372 3483 421 3530 et
443 3474 624 3541 Sebee,
644 3486 691 3530 et
714 3474 992 3542 Salmana,
1021 3492 1197 3530 omnes
1220 3477 1482 3548 principes
1508 3493 1691 3533 eorum
1714 3480 1804 3550 qui
1824 3480 1977 3536 dixe-

372 3576 492 3622 rant
521 3583 540 3622 :
566 3567 873 3623 hereditate
900 3568 1227 3640 possidemus
1262 3569 1620 3624 sanctuarium
1650 3570 1771 3625 Dei.
1806 3572 1873 3626 Et
1922 3573 1976 3627 in

377 3660 483 3717 hoc
512 3659 705 3717 eodem
729 3661 943 3731 psalmo
964 3658 1131 3716 duces
1152 3659 1541 3716 haereticorum
1567 3661 1975 3730 describuntur,

374 3754 465 3825 qui
492 3752 666 3809 altare
700 3752 794 3808 Dei
841 3752 948 3808 sibi
980 3752 1261 3809 vindicare
1302 3755 1485 3809 conati
1526 3764 1678 3809 sunt.
1711 3756 1980 3828 Quodque

373 3843 625 3915 sequitur
654 3862 667 3899 :
702 3843 851 3900 Sicut
898 3844 1019 3915 fecit
1064 3844 1237 3913 vobis,
1264 3844 1479 3913 Bethel,
1508 3862 1540 3898 a
1575 3846 1716 3915 facie
1762 3849 1978 3903 malititn

374 3942 722 4014 uequitiarum
748 3952 1032 3997 vestrarum
1054 3984 1069 4010 ,
1101 3943 1321 4013 preprie
1358 3942 1745 4000 haereticorum
1775 3944 1981 4016 princi-

374 4036 538 4109 pibus
567 4043 876 4108 coaptatur,
909 4036 1053 4105 quod
1096 4035 1177 4089 eis
1217 4036 1406 4091 iecerit
1437 4035 1626 4091 Bethel
1672 4052 1831 4107 quam
1874 4039 1977 4108 ipsi

376 4139 571 4186 vocant
593 4129 805 4197 Bethel,
839 4130 941 4186 hoc
962 4138 1067 4196 est,
1095 4128 1310 4184 domum
1339 4128 1456 4197 Dei,
1485 4137 1540 4185 et
1567 4128 1756 4186 falsam
1791 4130 1979 4188 Eccle-

376 4222 550 4289 siam;
573 4232 634 4277 ut
663 4222 735 4277 sit
762 4236 958 4278 sensus
991 4240 1005 4276 :
1030 4222 1121 4279 Sic
1150 4222 1307 4277 vobis
1334 4222 1495 4278 faciet
1523 4222 1772 4279 Ecclesia
1796 4235 1978 4282 vestra

376 4331 539 4387 quam
571 4317 781 4372 vocatis
809 4316 1032 4372 domum
1066 4316 1163 4371 Dei
1195 4332 1209 4369 :
1238 4324 1497 4371 caeterum
1527 4330 1596 4371 ex
1623 4333 1734 4387 quo
1763 4332 1794 4371 a
1822 4318 1978 4374 vobis

379 4418 614 4473 tenetur,
673 4406 1002 4478 appellanda
1051 4416 1135 4463 est
1183 4407 1483 4473 Bethaven,
1532 4407 1585 4462 id
1637 4418 1743 4479 est,
1793 4410 1976 4467 domus

372 4498 529 4565 idoli,
555 4507 776 4569 propter
806 4497 1209 4554 multitudinem
1234 4498 1568 4554 malitiarum
1594 4508 1921 4555 vestrarum.

2079 3312 2291 3364 eorum,
2321 3303 2600 3352 vertentes
2624 3293 2676 3350 ei
2704 3302 2861 3364 terga
2880 3334 2896 3359 ,
2929 3301 2983 3349 et
3013 3291 3213 3347 mentis
3245 3288 3504 3345 duritiam
3528 3296 3687 3360 gesm

2078 3389 2324 3459 corporis
2371 3387 2701 3444 indicantes.
2737 3386 2851 3444 Nec
2900 3388 2981 3442 eis
3006 3385 3222 3442 suﬁ'ecit
3259 3393 3521 3441 vocantes
3550 3398 3685 3439 con-

2081 3491 2358 3547 temnere,
2392 3482 2493 3536 nisi
2543 3481 2893 3537 immolarent
2920 3480 3051 3536 Baal
3079 3486 3136 3535 et
3154 3476 3498 3550 sculptilibus
3545 3478 3685 3545 suis,

2080 3573 2196 3629 sive
2233 3573 2547 3629 simulacris
2588 3573 2879 3630 adolerent
2925 3572 3234 3628 incensum.
3265 3570 3543 3626 Adorasse
3591 3583 3688 3625 eos

2080 3666 2214 3722 Baal
2244 3666 2477 3737 primum
2504 3666 2605 3722 sub
2627 3666 2819 3721 Achab
2846 3680 2974 3737 rege
3001 3663 3168 3721 Israel
3197 3662 3445 3735 legimus,
3478 3663 3572 3734 qui
3599 3661 3689 3720 Si.

2080 3758 2234 3814 donii
2269 3758 2417 3829 regis
2464 3758 2630 3812 tiliam
2671 3758 2893 3814 Iezabel
2925 3756 3081 3813 duxit
3118 3770 3343 3812 uxorem
3371 3798 3386 3822 ,
3418 3765 3475 3813 et
3503 3754 3689 3828 Baby-

2080 3849 2286 3905 lonium
2318 3863 2383 3903 ac
2408 3848 2684 3906 Phoenicis
2712 3849 2923 3905 idolum
2958 3846 3246 3903 transtulit
3274 3848 3328 3903 in
3355 3847 3683 3905 Samariam.

2079 3938 2226 4011 Ergo
2246 3940 2507 3995 distantia
2527 3950 2751 4011 peccata
2772 3939 3135 4010 temporibus,
3154 3953 3263 3995 uno
3285 3954 3539 3995 sermone
3560 3953 3686 3995 con-

2073 4032 2252 4103 jungit
2287 4048 2301 4087 :
2332 4033 2609 4101 quomodo
2635 4033 2877 4103 primum
2908 4032 3088 4088 vocati
3114 4031 3225 4087 sint
3262 4031 3332 4087 de
3363 4030 3604 4104 Egypto
3628 4040 3687 4087 et

2077 4126 2340 4199 appellati
2361 4126 2481 4191 ﬁlii,
2509 4128 2711 4185 deinde
2739 4129 2795 4184 in
2821 4127 3121 4185 solitudine
3145 4125 3477 4184 recesserint
3494 4140 3525 4182 a
3545 4124 3681 4194 Deo,

2078 4218 2421 4291 Beelphegor
2445 4221 2621 4291 magis
2653 4218 2904 4276 colentes
2928 4262 2945 4285 ,
2977 4233 3144 4290 quam
3168 4218 3340 4274 Deum
3365 4260 3381 4285 ,
3408 4224 3464 4274 et
3491 4224 3685 4288 postea

2078 4315 2134 4371 in
2163 4324 2311 4373 terra
2339 4326 2531 4373 sancta
2560 4317 2768 4374 Baalim
2800 4327 2856 4373 et
2879 4316 3165 4385 Astaroth,
3193 4323 3251 4371 et
3278 4315 3495 4371 caeteris
3524 4314 3688 4372 idolis

2078 4410 2396 4466 servierint.
2424 4410 2493 4465 Et
2534 4412 2772 4466 transire
2814 4410 3105 4466 haereticos
3133 4408 3309 4463 instar
3336 4406 3558 4463 diluculi
3582 4450 3598 4476 ,
3627 4416 3689 4465 et

2080 4517 2267 4573 regem
2299 4517 2490 4557 eorum
2524 4502 2807 4558 diabolum
2832 4547 2847 4572 ,
2880 4501 2971 4557 vel
3015 4498 3445 4558 haeresiarcham
3475 4499 3685 4556 intelli-

375 4613 569 4696 deonis
599 4614 839 4696 riterini:
870 4622 1271 4696 proptereaque
1315 4613 1628 4696 Gedeonem
1651 4614 1719 4669 ad
1741 4630 1866 4671 eum
1889 4615 1972 4671 di-
1997 4621 2051 4681 Ι)
2076 4633 2183 4673 eos.
2220 4617 2289 4696 Et
2318 4618 2489 4696 paulo
2510 4616 2739 4696 inferius
2766 4618 2971 4696 Scripta
2994 4616 3063 4671 ab
3094 4614 3257 4696 Isaia,
3279 4614 3449 4696 veluti
3470 4615 3525 4671 in
3555 4629 3677 4696 ere-

376 4689 528 4743 xisse
557 4702 571 4739 :
612 4683 746 4738 Vivit
772 4683 1046 4751 Dominus,
1069 4685 1192 4754 quia
1220 4686 1265 4737 si
1284 4686 1581 4740 servassetis
1606 4701 1713 4753 eos,
1746 4702 1850 4741 non
1882 4704 1971 4742 vos

378 4758 683 4812 occiderem.
714 4754 908 4811 Veram
935 4765 1115 4809 tamen
1136 4754 1302 4811 fuisse
1330 4755 1639 4821 historiam,
1661 4772 1821 4825 quam
1845 4756 1975 4813 Hie-

379 4843 643 4900 ronymus
670 4826 871 4900 prodit,
904 4824 1088 4900 negari
1135 4841 1241 4900 non
1275 4824 1855 4900 potestg,gasseverante
1910 4829 1975 4882 il-

380 4897 498 4955 lam'
519 4898 659 4953 Osee
690 4899 949 4968 prOpheta
984 4898 1091 4963 hic,
1121 4897 1249 4951 dum
1279 4897 1354 4950 ait
1382 4913 1400 4950 :
1433 4898 1583 4953 Sicut
1623 4907 1853 4953 vastatus
1900 4907 1976 4953 est

381 4970 639 5027 Salmana
670 4986 702 5023 a
722 4971 876 5022 domo
901 4970 1034 5039 ejus,
1076 4968 1167 5038 qui
1200 4968 1475 5039 vindicavit
1498 4968 1629 5023 Baal
1652 4970 1707 5021 in
1729 4971 1814 5023 die
1834 4984 1975 5039 prte-

381 5041 462 5102 lii.
496 5050 660 5096 matre
692 5056 847 5112 super
874 5036 1012 5112 ﬁlios
1036 5036 1212 5112 allisa.
1268 5036 1422 5093 Sicut
1444 5041 1591 5112 enim
1621 5040 1675 5094 in
1706 5036 1848 5112 libro
1875 5038 1970 5095 Ju-

379 5114 561 5167 dicutn
591 5109 839 5166 uterinos
864 5109 1137 5166 Gedeonis
1166 5109 1365 5165 fratres
1399 5110 1633 5175 occisos,
1660 5112 1731 5167 ita
1761 5111 1849 5167 hic
1869 5127 1973 5165 una

382 5198 504 5239 cum
558 5182 664 5238 illis
691 5192 918 5252 matrem
949 5195 1169 5252 quoque
1203 5190 1457 5252 Anecatam
1485 5197 1514 5236 a
1545 5181 1800 5238 Salmana
1842 5183 1977 5237 scri-

382 5255 551 5311 bitur.
600 5252 711 5309 Nec
737 5251 907 5308 refert
933 5250 1169 5322 quodin
1201 5250 1344 5305 libro
1365 5252 1640 5324 _Judicum
1669 5252 1978 5324 huiusmodi

382 5327 547 5381 verba
600 5340 707 5377 non
730 5334 1170 5395 grecenseantur,
1200 5322 1417 5393 quando
1449 5323 1651 5395 alioqui
1681 5322 1807 5379 tunc
1831 5324 1976 5380 dicta

381 5412 450 5453 ex
478 5402 707 5467 utroque
724 5394 871 5467 loco,
886 5393 1164 5467 Samuelis
1190 5395 1439 5467 exemplo
1463 5393 1826 5467 Hieronymus
1844 5410 1975 5450 con-

378 5468 522 5539 jicit.
574 5466 761 5539 iungit
810 5465 954 5521 enim
1011 5465 1129 5534 ipse
1184 5464 1385 5539 saepius
1430 5464 1780 5539 testimonia,
1821 5476 1876 5539 et
1904 5482 1973 5523 ex

384 5535 615 5593 diversis
658 5536 791 5594 locis
822 5550 982 5591 unam
1008 5536 1250 5591 contexit
1279 5536 1581 5591 historiam.
1605 5535 1836 5593 Constat
1865 5538 1968 5593 hoc

386 5607 665 5665 Zachariae
706 5608 883 5677 capite
938 5607 1245 5673 undecimo,
1294 5606 1387 5661 ubi
1434 5622 1497 5663 ea
1529 5608 1817 5677 Prophetas
1847 5624 1966 5665 ver-

385 5682 495 5737 ha:
530 5678 651 5733 Non
680 5694 889 5751 pascam
914 5678 1214 5751 t'os,velu_ti
1251 5677 1319 5733 ad
1348 5677 1567 5751 Moysen
1613 5680 1759 5734 dicta
1803 5681 1971 5737 inter-

386 5748 690 5824 pretatur,
716 5749 845 5805 dum
876 5748 1065 5803 scribit
1096 5769 1109 5805 :
1141 5748 1483 5824 Quamobrem
1523 5751 1823 5824 indignatus
1863 5753 1975 5807 dixi

388 5821 459 5879 ad
488 5822 701 5892 Moysen
726 5838 744 5878 :
768 5836 871 5878 non
894 5835 1101 5893 pascam
1126 5837 1238 5889 vos,
1269 5821 1472 5880 dimitte
1486 5838 1583 5892 me,
1606 5821 1655 5879 et
1679 5823 1975 5894 disperdam

2076 4687 2275 4759 mead
2324 4687 2589 4759 populum
2629 4688 2774 4745 dicta
2805 4686 2937 4753 sint,
2987 4686 3253 4759 proditin
3314 4686 3431 4759 haec
3457 4686 3622 4759 verba
3656 4704 3672 4742 :

2081 4757 2275 4825 Quibus
2322 4756 2369 4813 et
2403 4756 2473 4812 in
2515 4774 2684 4813 eremo
2726 4760 2932 4813 locutus
2979 4756 3095 4812 sum
3126 4773 3146 4812 :
3175 4756 3240 4813 Si
3272 4757 3541 4813 audieritis
3571 4773 3674 4825 me,

2077 4844 2194 4899 qua:
2208 4828 2354 4899 bona
2379 4837 2501 4883 sunt
2528 4837 2681 4884 terra:
2708 4829 3004 4884 comedetis.
3030 4828 3158 4884 Haec
3193 4827 3339 4884 enim
3369 4828 3531 4884 verba
3563 4844 3672 4884 non

2079 4898 2181 4953 nisi
2205 4898 2356 4970 Isaia:
2375 4900 2551 4969 primo
2564 4900 2741 4970 capite
2771 4901 3117 4968 reperiuntur
3142 4917 3157 4953 :
3187 4899 3278 4957 Sic
3303 4899 3502 4955 Paulus
3528 4900 3675 4969 Apo-

2081 4969 2259 5025 stolus
2289 4969 2452 5025 Rom.
2484 4986 2559 5035 ιχ,
2602 4969 2671 5026 ex
2716 4970 2911 5027 Genesi
2950 4985 3004 5027 et
3051 4969 3315 5026 Malacltia
3342 4979 3677 5026 connectens

2084 5041 2479 5109 testimonium,
2508 5042 2675 5098 veluti
2713 5043 2873 5098 unius
2904 5041 3009 5098 loci
3038 5041 3175 5097 illttd
3203 5040 3296 5105 sit,
3338 5043 3514 5111 ponit,
3541 5041 3675 5097 dum

2080 5112 2159 5183 ait
2189 5128 2203 5164 :
2232 5114 2374 5183 Quin
2413 5114 2583 5183 major
2633 5114 2813 5168 serviet
2858 5113 3067 5181 minori,
3110 5113 3243 5183 sicut
3272 5112 3525 5183 scrjptum
3546 5121 3623 5166 est
3652 5129 3674 5167 :

2079 5180 2246 5237 Iacob
2298 5179 2669 5249 dilexi,'Esau
2715 5193 2891 5240 autem
2928 5179 3060 5238 odio
3097 5182 3279 5237 habui.
3334 5179 3427 5238 Sic
3455 5182 3673 5238 Marcus

2079 5267 2200 5323 cap.
2232 5269 2271 5318 ι,
2297 5252 2577 5309 Malachim
2626 5264 2682 5311 et
2710 5254 2863 5311 Isaize
2896 5254 3207 5310 testimonia
3230 5254 3487 5322 jungens,
3519 5252 3674 5308 Isaias

2082 5334 2311 5391 tantum,
2343 5338 2449 5379 non
2477 5326 2644 5381 etiam
2675 5324 2957 5381 Malachiat
2978 5340 3173 5380 nomen
3203 5324 3451 5392 apponit.
3486 5323 3675 5394 Itaque

2075 5404 2192 5451 toto
2214 5396 2472 5451 aberrant
2490 5397 2656 5467 coelo,
2679 5397 2772 5468 qui
2800 5396 2891 5454 hic
2910 5396 3176 5453 memoria
3205 5395 3417 5466 lapsum
3445 5394 3512 5451 D.
3542 5395 3672 5453 Hie-

2075 5475 2652 5607 miyiiigt'iriiiiiiit,
2675 5553 2740 5594 ex
2769 5538 2997 5610 Vulgata
3013 5545 3069 5593 et
3092 5537 3336 5610 subnexa
3357 5534 3682 5610 Hieronymi

2077 5609 2456 5681 expositione;
2470 5609 2578 5665 Sed
2596 5619 2652 5665 et
2672 5607 3236 5681 pertran’siitﬁcontinuo
3252 5607 3537 5681 legendum
3557 5607 3679 5681 erat

2077 5676 2365 5807 gﬁadem
2413 5678 2645 5753 Vulgata
2672 5676 2699 5735 ’τ
2734 5692 2791 5737 ιιι
2838 5689 2895 5738 et
2944 5680 3053 5738 duo
3093 5676 3395 5752 prmierﬁnt
3441 5676 3675 5740 Palatini

2079 5766 2241 5811 οοαα.

2153 5822 2183 5861 ιι
2216 5821 2437 5881 Addunt
2460 5838 2595 5883 mss.
2626 5823 2736 5883 duo
2757 5823 2988 5882 Palatini
3007 5824 3293 5882 incensum.
