4150 6346
480 273 585 327 915

1728 267 1785 325 ὃ.
1832 264 2103 325 8088811
2139 265 2398 325 ΗΙΕΒΟΙ(
2408 266 2525 323 ῩΜΙ

3664 263 3775 321 9εϐ

475 391 674 460 gimus,
705 402 842 459 quos
870 386 922 441 in
958 386 1182 441 infantia
1214 385 1457 458 (quando
1486 384 1838 443 crediderunt
1873 387 1931 442 in
1957 384 2065 442 Ec-
2092 387 2142 448 Α
2169 386 2273 442 coh
2298 387 2423 457 quia
2452 386 2603 445 Liam
2629 384 2906 441 dolentem
2936 387 3146 451 oculos,
3172 397 3227 441 et
3252 384 3459 442 Rachel
3488 385 3771 456 pulchram

477 484 672 545 clesia,
707 491 760 537 et
790 491 945 535 erant
992 480 1239 550 parvuli,
1275 490 1330 535 et
1353 478 1556 536 Christi
1604 481 1829 535 nomine
1876 492 2073 535 eense-
2175 479 2425 535 habuerit
2476 494 2704 534 uxorem
2749 478 2921 551 (Gen.
2965 494 3105 535 xxrx
3135 478 3176 549 ).
3211 479 3267 534 in
3300 478 3392 535 [δία
3422 492 3543 548 quae
3598 479 3775 545 major

473 570 698 643 bantur)
733 570 933 627 dilexit
963 585 1058 626 eos
1101 570 1244 625 Deus
1266 614 1279 635 ,
1311 580 1366 627 et
1396 571 1611 627 vocavit
1664 570 1820 643 123
1851 568 1971 625 illos
2000 568 2072 624 de
2172 583 2289 628 erat
2316 614 2330 639 ,
2360 574 2663 628 caecitatem
2716 572 3075 641 intelligimus
3108 571 3412 643 Synagogte
3437 614 3450 638 ,
3484 569 3537 623 in
3569 568 3775 625 Rachel

473 666 825 721 tribulatione
858 671 911 718 et
947 664 1187 719 tenebris
1227 662 1468 736 lEgypti.
1502 664 1729 719 Vocavit
1758 671 1941 718 autem
1974 676 2070 733 per

471 759 748 831 apostolos
780 767 833 813 et
860 758 1116 813 doctores
1145 757 1425 814 Ecclesiae.
1458 758 1703 828 Cumque
1730 772 1759 811 a
1788 756 1958 821 meis,
1988 755 2068 809 in-

468 855 609 925 quit,
642 852 871 908 ducibus
895 853 1005 907 sint
1032 852 1239 918 vocati,
1266 859 1620 907 recesserunt
1642 865 1668 903 a
1692 849 1830 905 facie
1849 863 2066 915 eorum,

467 956 523 1002 et
549 946 918 1001 adoraverunt
946 945 1309 1016 Beelphegor,
1346 945 1449 1000 hoc
1470 952 1573 1010 est,
1607 947 1721 999 suis
1749 944 1902 999 vitiis
1934 952 1983 997 et
2004 942 2069 997 li-

471 1042 642 1096 bidini
690 1040 1038 1108 servierunt,
1070 1048 1127 1096 et
1152 1050 1340 1111 postea
1387 1040 1741 1097 immolabant
1782 1039 1985 1094 Baalim
2012 1047 2069 1094 et

472 1135 804 1201 simulacris,
829 1151 949 1207 qua:
975 1134 1076 1190 sibi
1102 1135 1503 1191 conﬂuxerant.
1537 1134 1746 1204 Singuli
1779 1134 1924 1189 enim
1957 1133 2067 1187 hae-

471 1230 767 1285 reticorum
803 1229 1003 1284 habent
1034 1228 1163 1283 deos
1195 1244 1347 1293 suos,
1383 1238 1440 1284 et
1480 1228 1864 1299 quodcumque
1892 1227 2062 1282 simu-

468 1321 743 1387 laverint,
775 1322 930 1391 quasi
979 1322 1232 1391 sculptile
1281 1321 1473 1376 colunt
1500 1319 1606 1393 [ΑΙ.
1644 1317 1871 1391 ponunt]
1903 1326 2067 1389 atque

469 1412 770 1468 conflatile.
807 1412 911 1467 Pro
960 1428 1027 1468 eo
1063 1412 1208 1483 quod
1251 1427 1349 1469 nos
1395 1412 1630 1469 diximus
1661 1428 1677 1469 :
1714 1410 1796 1466 Ex
1832 1411 2067 1483 :Egypte

468 1509 643 1562 vocavi
672 1507 843 1577 [illum
872 1523 1035 1560 meum
1067 1504 1283 1577 (Matth.
1316 1507 1404 1572 tt),
1433 1504 1783 1575 Septuaginta
1816 1513 2064 1557 transtu-

466 1600 675 1654 lerunt:
705 1598 787 1653 Ea:
803 1598 1036 1670 {Egypto
1058 1599 1235 1652 vocavi
1257 1597 1393 1666 ﬁlios
1414 1600 1547 1670 ejus,
1568 1596 1711 1666 quod
1732 1596 1783 1649 in
1801 1594 2065 1650 llebraico

470 1709 575 1748 non
625 1694 890 1748 habetur:
924 1693 1170 1762 nullique
1211 1691 1433 1745 dubium
1475 1699 1556 1745 est
1582 1732 1596 1756 ,
1628 1687 1942 1745 Matthteum
1993 1687 2064 1743 de

471 1787 574 1840 hoc
606 1784 725 1839 loco
771 1784 1067 1853 sumpsisse
1117 1782 1493 1839 testimonium
1535 1782 1691 1852 juxta
1735 1780 2059 1837 llebraicam
2092 1768 2141 1831 Β

472 1878 781 1932 veritatem.
818 1875 959 1945 Ergo
985 1874 1076 1945 qui
1120 1874 1414 1929 detrahunt
1444 1880 1648 1928 nostra:
1699 1870 2059 1939 translationi,

472 1977 497 2003 ι
531 1967 662 2022 dent
693 1966 1033 2034 Scripturam
1059 2005 1073 2030 ,
1104 1964 1173 2019 de
1216 1978 1321 2035 qua
1368 1963 1717 2031 Evangelista
1762 1962 1863 2017 hoc
1911 1965 2065 2019 testi.

468 2061 709 2114 monium
737 2058 1069 2130 sumpserit,
1101 2067 1160 2113 et
1205 2058 1594 2127 interpretatus
1624 2056 1695 2112 sit
1732 2057 1787 2112 in
1829 2057 2064 2113 Domino

466 2152 773 2217 Salvatore,
803 2151 1019 2221 quando
1039 2150 1107 2204 de
1133 2147 1370 2221 Egypto
1396 2148 1655 2205 reductus
1671 2158 1754 2204 est
1782 2150 1834 2204 in
1859 2158 2062 2207 terram

464 2243 653 2298 Israel.
694 2243 762 2296 Et
793 2258 912 2297 cum
945 2242 1193 2297 invenire
1222 2256 1330 2297 non
1360 2241 1655 2312 quiverint,
1688 2242 1939 2299 desinant
1970 2258 2062 2298 ru-

470 2350 599 2406 gare
621 2335 878 2399 frontem,
909 2334 1183 2391 adducere
1211 2334 1588 2403 supercilium,
1615 2333 1856 2403 crispare
1878 2348 2060 2395 nares.

463 2426 650 2496 digitis
679 2440 1042 2496 concrepare.
1068 2424 1225 2480 Ilunc
1247 2425 1424 2481 locum
1447 2426 1501 2483 in
1524 2426 1756 2496 septimo
1781 2426 2063 2487 volumine

467 2518 715 2572 Julianus
740 2522 1014 2588 Augustus
1034 2518 1179 2588 quod
1207 2518 1497 2573 adversum
1526 2533 1645 2581 tios,
1674 2520 1722 2573 id
1768 2527 1875 2585 est,
1906 2519 2065 2575 Citri-

468 2613 675 2667 stianos
706 2611 971 2679 evomuit,
1000 2610 1392 2677 calumniatur,
1422 2621 1477 2666 et
1507 2611 1643 2667 dicit
1674 2630 1683 2665 :
1715 2611 1861 2682 quod
1892 2612 1963 2671 de
1986 2612 2063 2670 ls-

464 2701 580 2757 raei
608 2702 870 2770 scriptum
893 2712 999 2768 est,
1022 2701 1305 2757 Mattlneus
1331 2702 1666 2771 evangelista
1695 2703 1760 2758 ad
1782 2703 2061 2763 Christum

468 2793 779 2857 transtulit,
817 2802 877 2848 ut
924 2793 1267 2863 simplicitati
1314 2808 1503 2851 eorum
1530 2835 1546 2860 ,
1574 2796 1666 2862 qui
1696 2794 1763 2849 dc
1810 2795 2063 2863 gentibus

467 2891 853 2956 crediderant,
886 2891 1156 2947 illuderet.
1192 2889 1289 2946 Cui
1337 2905 1435 2947 nos
1469 2891 1712 2947 breviter
1760 2893 2059 2961 responde-

466 2985 688 3039 bimus:
744 2986 981 3039 Primum
1035 2984 1349 3039 Mattlneum
1406 2984 1757 3054 Evangelium
1815 2985 2063 3047 llebrazis

465 3077 492 3116 ι)
526 3077 724 3133 litteris
754 3077 1012 3141 edidisse,
1044 3078 1188 3148 quod
1219 3094 1326 3133 non
1368 3086 1621 3147 poterant
1659 3079 1839 3149 legere
1871 3081 1972 3137 nisi
2006 3082 2058 3143 lli

2172 663 2631 734 pulchritudinem
2677 663 2935 719 Ecclesiae
2979 674 3082 720 :et
3128 672 3309 719 tamen
3362 665 3455 731 qui
3502 677 3569 715 ex
3620 670 3774 729 parte

2172 756 2286 827 typi
2311 755 2531 812 fuerunt
2573 756 2790 812 Domini
2834 756 3156 823 Salvatoris,
3193 771 3300 813 non
3331 756 3515 815 omnia
3536 770 3658 824 quae
3690 755 3773 815 ie-

2169 848 2313 904 cisse
2346 860 2657 915 narrantur,
2688 849 2743 904 in
2775 859 2902 921 typo
2931 848 3052 918 ejus
3080 846 3281 905 fecisse
3326 846 3588 903 credendi
3619 856 3769 903 sunt.

2168 944 2353 1015 Typus
2380 944 2524 1015 enim
2557 950 2768 1013 partem
2806 943 3014 999 indicat
3047 962 3060 998 :
3091 942 3238 1013 quod
3265 944 3312 999 si
3344 950 3518 1003 totum
3567 955 3775 1009 praece-

2169 1036 2263 1092 dat
2290 1037 2343 1091 in
2378 1046 2528 1108 typo,
2556 1036 2670 1106 jam
2707 1052 2814 1091 nou
2841 1044 2928 1092 est
2957 1046 3142 1108 typus,
3168 1035 3264 1092 sed
3300 1036 3543 1095 historiae
3572 1034 3776 1091 veritas

2168 1128 2486 1201 appellanda
2518 1139 2618 1184 est.
2653 1128 2780 1184 Haec
2814 1128 3057 1185 breviter
3077 1136 3136 1183 ut
3162 1128 3217 1183 in
3243 1126 3664 1187 Commentariis
3687 1126 3772 1181 di-

2169 1221 2349 1278 ximus
2380 1241 2393 1275 :
2427 1237 2569 1278 nunc
2596 1222 2668 1277 ad
2701 1221 2911 1293 reliqua
2940 1233 3309 1278 recurremus.

2238 1318 2420 1388 (Vers.
2454 1319 2508 1384 5,
2537 1318 2619 1387 4.)
2655 1313 2724 1371 Et
2752 1333 2845 1388 ego
2871 1317 3022 1383 quasi
3051 1316 3304 1371 nutritius
3334 1312 3611 1385 Ephraim,
3640 1328 3766 1383 por-

2168 1411 2339 1468 tabam
2359 1426 2445 1467 eos
2470 1412 2525 1465 in
2550 1410 2776 1465 brachiis
2812 1410 2957 1477 meis,
2983 1419 3030 1462 et
3051 1410 3341 1465 nescierunt
3371 1407 3506 1478 quod
3533 1421 3770 1463 curarem

2166 1521 2271 1560 eos.
2304 1504 2372 1559 In
2399 1505 2650 1573 funiculis
2677 1504 2845 1559 Adam
2870 1502 3079 1558 traham
3104 1519 3211 1571 eos,
3244 1504 3299 1559 in
3330 1502 3551 1559 uinculis
3592 1501 3769 1555 chari-

2166 1598 2305 1652 tatis.
2336 1596 2403 1657 Et
2429 1613 2515 1651 ero
2557 1597 2632 1652 eis
2661 1597 2811 1667 quasi
2832 1596 3069 1653 exultans
3102 1600 3295 1669 jugum
3322 1611 3477 1667 super
3526 1594 3771 1651 maxillas

2166 1705 2366 1757 eorum,
2398 1699 2444 1743 et
2485 1688 2741 1743 declinavi
2769 1688 2839 1744 ad
2885 1704 3003 1743 eum
3032 1698 3086 1745 ut
3116 1697 3426 1744 vesceretur.
3474 1686 3623 1747 LXX
3653 1704 3667 1741 :
3700 1686 3770 1743 Et

2166 1799 2260 1855 ego
2283 1784 2523 1853 colligari
2550 1781 2661 1855 [ΑΙ.
2709 1780 2981 1854 collocavi]
3002 1780 3277 1852 Ephraim,
3304 1783 3507 1853 suscepi
3532 1797 3646 1836 eum
3674 1797 3767 1834 su-

2167 1895 2258 1949 per
2284 1875 2557 1932 brachium
2597 1892 2767 1931 meum
2792 1892 2810 1942 ;
2837 1885 2884 1929 et
2924 1892 3026 1931 non
3068 1884 3417 1945 cognoverunt
3444 1884 3498 1928 ut
3529 1889 3771 1931 sanarent

2165 1971 2287 2026 illos
2306 1972 2362 2024 in
2386 1971 2714 2041 corruptione
2740 1968 3004 2023 hominum
3037 1984 3056 2023 :
3086 1967 3296 2023 extendi
3327 1983 3414 2021 eos
3458 1968 3511 2021 in
3539 1967 3761 2027 vinculis

2166 2062 2436 2123 eharitatis
2473 2077 2617 2116 mea.
2645 2059 2713 2116 Et
2760 2076 2854 2115 ero
2883 2059 2991 2115 illis
3016 2104 3030 2127 ,
3065 2060 3213 2128 quasi
3244 2059 3376 2113 dans
3403 2058 3583 2128 alapas
3614 2060 3770 2113 homo

2166 2171 2321 2224 super
2340 2154 2584 2210 maxillas
2605 2157 2720 2226 ejus
2748 2168 2767 2219 ;
2794 2160 2841 2207 et
2868 2152 3142 2224 respiciam
3165 2151 3234 2205 ad
3255 2168 3371 2207 eum
3394 2151 3679 2223 prwvalens
3696 2153 3763 2206 ei.

2166 2248 2393 2304 Multum
2424 2248 2572 2302 inter
2600 2261 2661 2300 se
2685 2244 3012 2301 Hebraicum
3040 2253 3093 2300 et
3112 2244 3468 2314 Septuaginta
3498 2242 3769 2313 interpre-

2169 2350 2281 2394 tum
2307 2337 2477 2393 editio
2504 2336 2817 2393 dissonant.
2838 2335 3135 2395 Tentemus
3154 2335 3483 2404 igiturjuxta
3505 2334 3768 2391 Hebrrcns

2168 2431 2451 2486 historiam
2484 2446 2498 2495 ;
2527 2430 2683 2499 juxta
2726 2428 2892 2497 LXX,
2923 2418 3188 2502 ἀναγὼσγὴν
3220 2437 3427 2485 texere.
3460 2427 3563 2495 Qui
3600 2441 3766 2497 supra

2166 2521 2380 2577 dixerat
2409 2538 2424 2575 :
2455 2537 2582 2590 puer
2609 2519 2779 2575 Israel
2806 2531 2852 2574 et
2881 2518 3043 2577 dilexi
3072 2535 3223 2585 eum,
3255 2528 3302 2573 et
3323 2536 3388 2575 ex
3415 2518 3652 2592 rEgypto
3681 2536 3770 2573 vo-

2166 2616 2277 2669 cavi
2303 2614 2473 2684 ﬁlium
2498 2631 2666 2669 meum
2690 2630 2710 2679 ;
2734 2625 2791 2670 et
2834 2624 3026 2684 postea
3077 2614 3260 2670 intulit
3292 2614 3438 2685 quod
3489 2624 3771 2684 perpetra-

2167 2708 2306 2763 verit
2338 2705 2515 2769 nefas,
2548 2705 2758 2760 Baalim
2781 2706 3140 2771 immolabant,
3166 2714 3212 2760 et
3244 2706 3539 2761 simulacris
3566 2708 3770 2775 sacriﬁ-

2167 2799 2384 2861 cabant,
2417 2811 2560 2853 nunc
2592 2806 2777 2852 narrat
2804 2811 2914 2867 quo
2942 2797 3110 2853 Israel
3141 2810 3327 2855 amore
3360 2796 3649 2866 dilexerit,
3680 2813 3769 2856 se-

2165 2892 2399 2949 cundum
2427 2891 2557 2947 illud
2583 2891 2728 2961 quod
2757 2891 2811 2947 in
2844 2890 3270 2945 Deuteronomio
3298 2889 3499 2958 legitur
3531 2909 3544 2945 :
3581 2889 3768 2949 Porta-

2166 2986 2235 3041 vit
2266 2995 2314 3041 te
2344 2984 2598 3041 Dominus
2623 2982 2769 3039 Deus
2795 2993 2914 3037 tuus
2941 3024 2955 3048 ,
2990 2992 3043 3037 ut
3076 2984 3199 3038 solet
3226 2984 3379 3039 homo
3408 2994 3610 3054 gestare
3645 2975 3791 3056 par-5

2165 3078 2343 3135 vulum
2399 3078 2570 3147 ﬁlium
2624 3092 2818 3138 suum,
2851 3077 2905 3131 in
2965 3076 3106 3131 omni
3164 3076 3283 3141 via,
3330 3092 3422 3146 per
3467 3093 3623 3147 quam
3655 3095 3765 3132 am-

462 3175 555 3243 qni
587 3189 652 3228 ex
686 3172 928 3227 Hebraeis
952 3181 1137 3226 erant.
1173 3171 1319 3243 Ergo
1350 3188 1457 3226 non
1492 3183 1779 3241 propterea
1814 3173 1971 3241 fecit,
2002 3184 2061 3237 ut
2088 3154 2135 3221 Ο
2166 3171 2380 3238 bulasli,
2413 3171 2576 3225 donec
2604 3170 2801 3227 vestires
2823 3169 2891 3223 ad
2922 3168 3091 3225 lacuna
3112 3169 3271 3225 istum
3309 3170 3329 3240 (
3363 3169 3521 3226 Deut.
3550 3170 3586 3231 i,
3615 3171 3679 3227 5t
3719 3171 3760 3237 ).

462 3264 723 3320 illuderet
751 3264 1001 3319 ethnicis.
1037 3261 1135 3318 Sin
1162 3273 1343 3319 autem
1393 3264 1633 3321 llehra'is
1681 3264 1915 3327 illudere
1958 3282 2058 3324 vo-

461 3357 584 3427 luit,
611 3367 704 3411 aut
732 3356 958 3422 stultus,
981 3364 1074 3410 aut
1102 3356 1386 3424 imperitus
1415 3356 1543 3415 fuit:
1574 3358 1792 3427 stultus,
1823 3359 1866 3414 si
1897 3373 2055 3429 aper-

464 3462 577 3508 tum
602 3450 762 3506 tinxit
786 3449 1130 3506 mendacium
1167 3466 1181 3504 :
1215 3450 1520 3519 imperitus,
1553 3452 1599 3507 si
1633 3466 1739 3507 non
1772 3452 2057 3520 intellexit,

463 3547 533 3601 de
564 3562 671 3616 quo
718 3547 836 3599 haec
884 3544 1219 3599 dicerentur.
1253 3544 1552 3600 Stultitiam
1594 3547 1771 3615 ipsum
1803 3547 2058 3605 volumen

461 3646 733 3703 excusat,
761 3636 905 3706 quod
959 3634 1259 3705 prudenter
1310 3637 1666 3705 ordinataque
1698 3639 2060 3707 compositum

462 3740 548 3786 est
574 3748 586 3783 :
621 3730 936 3800 imperitum
963 3745 1072 3785 non
1099 3743 1392 3799 possumus
1418 3729 1623 3795 dicere,
1654 3744 1814 3799 quem
1850 3746 1914 3785 es
1940 3731 2063 3789 aliis

466 3822 796 3877 testimoniis
836 3822 1247 3892 Scripturarum
1279 3822 1561 3878 scientiam
1601 3822 1760 3894 Legis
1805 3823 2060 3880 habuisse

462 3917 870 3986 cognoscimus.
919 3916 1181 3987 Superest
1228 3924 1287 3973 ut
1324 3914 1459 3970 illud
1506 3914 1750 3973 dicamus
1796 3916 1944 3986 quod
1994 3930 2058 3970 ea

466 4023 590 4078 quae
625 4016 857 4070 τυπικῶς
887 4008 1203 4079 praecedunt
1242 4010 1294 4063 in
1326 4007 1474 4071 aliis,
1510 4008 1662 4077 juxta
1689 4008 1975 4065 veritatem
2003 4016 2060 4067 et

465 4100 915 4171 adimpletionem
948 4102 1253 4156 referantur
1297 4100 1364 4155 ad
1392 4099 1671 4155 Christum
1702 4099 1888 4169 :quod
1919 4099 2062 4168 Apo-

468 4194 666 4249 stolum
702 4194 754 4248 in
787 4193 1000 4248 duobus
1028 4192 1307 4247 montibus
1341 4193 1473 4249 Sina
1504 4200 1559 4247 et
1582 4191 1739 4259 Sion,
1763 4191 1893 4249 etin
1924 4190 2058 4249 Sara

463 4294 519 4340 et
543 4285 688 4356 Agar
705 4284 907 4341 fecisse
935 4282 1319 4355 cognovimus.
1357 4282 1518 4356 125
1545 4284 1734 4354 Neque
1770 4284 1915 4343 enim
1948 4298 2057 4343 non

460 4390 547 4434 est
572 4379 699 4434 Sina
729 4395 889 4435 mons
911 4419 928 4446 ,
961 4388 1016 4435 et
1045 4394 1153 4434 non
1184 4388 1269 4435 est
1298 4378 1431 4436 Sion
1466 4398 1478 4434 :
1510 4394 1621 4434 non
1656 4380 1756 4435 fuit
1801 4379 1935 4436 Sara
1964 4420 1980 4447 ,
2003 4391 2059 4438 et

464 4482 572 4526 non
614 4469 715 4525 fuit
745 4469 932 4540 Agar;
961 4471 1089 4541 quia
1121 4470 1236 4525 haec
1276 4471 1560 4541 apostolus
1606 4472 1806 4528 Paulus
1855 4472 1921 4529 ad
1947 4472 2057 4531 duo

463 4565 651 4621 retulit
695 4563 1236 4637 Testamenta(Gal.
1268 4568 1378 4638 ιν).
1414 4567 1508 4623 Sic
1552 4567 1715 4639 igitur
1762 4569 1868 4627 hoc
1909 4542 2135 4642 quodD

462 4656 728 4725 scriptum
748 4669 873 4713 est:
907 4656 1165 4712 Parvulus
1203 4655 1372 4712 Israel
1395 4698 1411 4725 ,
1441 4668 1489 4713 et
1517 4658 1680 4715 dilexi
1716 4677 1830 4717 eum
1864 4703 1879 4729 ,
1905 4673 1955 4716 et
1991 4679 2058 4718 ea:

463 4746 706 4818 Egypto
736 4749 911 4803 vocavi
944 4748 1115 4818 ﬁlium
1155 4765 1348 4815 meum,
1370 4748 1571 4806 dicitur
1599 4752 1818 4823 quidem
1850 4754 1918 4811 de
1961 4768 2056 4826 po-

460 4846 593 4918 pulo
616 4844 810 4908 lsrael,
834 4841 927 4914 qui
957 4849 1179 4897 vocatur
1202 4858 1266 4899 ex
1290 4840 1544 4917 A‘Zgypto,
1567 4844 1657 4919 qui
1684 4845 1945 4919 diligitur,
1962 4848 2054 4919 qui

458 4957 525 4997 eo
559 4950 801 5008 tempore
834 4946 954 5008 post
981 4950 1228 4993 errorem
1271 4935 1595 4995 idololatriae
1620 4940 1772 5009 quasi
1796 4940 1974 4998 infans
2000 4951 2056 4999 et

458 5032 713 5107 parvulus
737 5039 823 5085 est
850 5037 1075 5085 vocatus
1102 5047 1115 5084 :
1137 5027 1237 5084 sed
1262 5029 1504 5100 perfecte
1525 5032 1760 5088 refertur
1802 5033 1867 5089 ad
1892 5033 2054 5092 Chri-

453 5137 624 5183 stum.
656 5122 792 5181 Nam
824 5131 880 5177 et
908 5121 1057 5177 Isaac
1088 5120 1143 5176 in
1171 5128 1299 5197 typo
1325 5122 1528 5179 Christi
1557 5122 1658 5179 fuit
1680 5126 1823 5199 quod
1856 5126 2053 5187 futura:

454 5218 651 5274 mortis
678 5217 819 5288 ligna
846 5214 952 5275 sibi
976 5214 1093 5285 ipse
1120 5218 1417 5285 portaverit
1440 5213 1649 5289 (Cenes.
1674 5220 1809 5290 xxn)
1839 5238 1853 5275 τ
1883 5231 1938 5279 et
1962 5221 2055 5281 In.

527 5365 554 5394 ιι
584 5354 842 5411 Mendose
873 5352 1131 5429 hactenus
1159 5352 1414 5429 obtinuit,
1444 5354 1649 5429 videant
1672 5355 2003 5428 Scripturam
2026 5404 2042 5429 ,

454 5442 628 5499 neque
652 5428 798 5480 enim
831 5433 924 5499 aut
961 5424 1285 5499 ipselocum
1327 5424 1500 5480 innuit
1543 5424 1926 5499 Hieronymus,
1951 5424 2046 5493 aut

451 5514 503 5555 ltl
539 5495 855 5555 scrutentur
885 5495 954 5553 de
985 5495 1303 5564 Scripturis,
1327 5504 1515 5555 auctor
1544 5507 1658 5562 est;
1691 5495 1785 5559 sed
1816 5495 2042 5561 aemulos

452 5581 731 5640 provocat,
764 5568 807 5621 si
835 5567 1034 5640 sciunt,
1057 5576 1113 5621 ut
1131 5565 1299 5637 digito
1324 5567 1501 5640 locum
1526 5579 1733 5640 notent,
1762 5571 2041 5640 Frequens

448 5637 532 5697 est
631 5637 1050 5717 Ductoriistha'c
1072 5637 1403 5717 provocandi
1418 5639 1679 5717 formula:
1703 5638 1836 5698 Dent
1861 5637 2042 5717 εστὶν.

449 5723 615 5766 turam
645 5727 663 5764 :
694 5710 919 5764 indicent
948 5710 1138 5765 locum.
1170 5709 1279 5765 Nos
1308 5709 1375 5765 ad
1413 5725 1546 5766 mss.
1589 5714 1747 5769 iidem
1788 5709 2035 5776 correxi-

444 5799 598 5851 mus,
627 5797 657 5836 e
686 5780 879 5851 quibus
911 5782 1050 5838 alter
1084 5780 1356 5837 Palatinus
1394 5783 1559 5838 etiam
1597 5798 1694 5854 pro
1724 5787 1908 5845 verbis
1930 5831 1944 5858 ,
1970 5790 2034 5845 de

2170 3266 2325 3337 125
2350 3264 2415 3321 Et
2438 3264 2493 3319 in
2514 3262 2623 3321 alio
2648 3263 2767 3317 loco
2792 3279 2805 3317 :
2838 3261 3103 3333 Expandit
3130 3263 3244 3317 alas
3271 3279 3389 3321 suas
3411 3274 3457 3319 et
3481 3265 3763 3333 assumpsit

2165 3376 2284 3416 eum
2307 3401 2319 3419 .
2354 3368 2508 3430 aulae
2536 3358 2754 3428 portavit
2781 3356 2834 3413 in
2867 3356 3094 3413 humeris
3126 3357 3233 3411 suis
3259 3356 3422 3427 (Ibid.
3451 3372 3622 3425 xxxu,
3652 3358 3760 3425 11).

2165 3452 2321 3522 Ego,
2372 3451 2585 3521 inquit,
2643 3450 2731 3519 qui
2800 3457 2952 3516 pater
3016 3463 3215 3516 eram,
3269 3450 3526 3509 nutritius
3590 3451 3763 3507 factus

2165 3561 2285 3600 sum
2313 3585 2329 3609 ,
2356 3551 2414 3599 et
2439 3543 2729 3614 parvulum
2759 3557 2938 3599 meum
2971 3541 3027 3601 in
3064 3541 3210 3599 ulnis
3257 3544 3392 3601 meis
3430 3544 3548 3611 ipse
3585 3552 3765 3613 porta-

2165 3638 2314 3701 bam,
2335 3650 2405 3694 ne
2426 3634 2713 3690 laederetur
2735 3635 2789 3689 in
2807 3633 3124 3699 solitudine,
3147 3641 3203 3689 et
3220 3648 3286 3689 ne
3306 3634 3389 3691 vel
3413 3644 3544 3690 aestu
3580 3634 3661 3690 vel
3685 3645 3765 3691 te-

2166 3729 2352 3785 nebris
2373 3737 2691 3792 terreretur,
2725 3727 2778 3782 in
2808 3726 2899 3783 die
2933 3726 3108 3783 nubes
3134 3742 3307 3795 eram,
3349 3728 3400 3783 in
3435 3739 3594 3783 nocte
3623 3729 3764 3798 ignis

2163 3824 2413 3878 columna
2440 3820 2637 3892 (Exod.
2673 3819 2829 3892 xm):
2858 3829 2917 3877 ut
2944 3834 3081 3889 quos
3105 3828 3472 3889 protexeram,
3496 3836 3617 3877 meo
3638 3822 3764 3877 illu-

2163 3924 2394 3973 strat‘cm
2424 3923 2481 3969 et
2508 3928 2759 3971 sanarem
2795 3913 3033 3979 lumine,
3076 3928 3308 3984 cumque
3338 3924 3676 3982 peccassent,
3709 3923 3764 3973 et

2163 4008 2418 4064 fecissent
2437 4004 2541 4060 sibi
2564 4005 2717 4061 vituli
2747 4016 2929 4075 caput,
2959 4005 3084 4061 dedi
3114 4005 3290 4063 locum
3318 4006 3675 4076 paenitentiae,
3708 4015 3764 4065 ct

2162 4101 2550 4171 ignoraverunt
2568 4097 2711 4168 quod
2734 4114 2981 4157 curarem
2999 4114 3119 4166 eos,
3146 4109 3201 4155 et
3221 4101 3419 4155 vulnus
3441 4100 3763 4157 idololatriae

2162 4194 2520 4266 quadraginta
2547 4207 2819 4249 annorum
2850 4195 3027 4263 spatio
3055 4194 3409 4260 obducerem,
3443 4202 3498 4250 et
3522 4195 3761 4263 pristinze

2164 4287 2448 4345 redderem
2479 4286 2723 4342 sanitati.
2752 4285 2948 4343 Curavi
2978 4297 3157 4343 autem
3190 4301 3286 4343 eos
3306 4295 3527 4357 propter
3549 4286 3763 4341 fnnicn-

2164 4380 2247 4436 los
2300 4387 2356 4437 et
2408 4378 2621 4435 vincula
2667 4377 2951 4435 charitatis
2978 4422 2993 4446 ,
3037 4379 3234 4449 quibus
3277 4379 3411 4433 mihi
3463 4378 3756 4447 Abraham,

2162 4473 2332 4539 Isaac,
2362 4481 2419 4527 et
2444 4471 2615 4527 Iacob
2639 4470 3023 4527 astrinxerant.
3064 4470 3173 4525 Pro
3198 4469 3368 4526 Adam
3393 4469 3539 4526 enim
3564 4471 3759 4541 Aquila

2161 4576 2217 4623 ct
2239 4565 2601 4640 Symmachus
2627 4575 2682 4620 et
2708 4564 3061 4636 Septuaginta
3088 4572 3145 4620 et
3174 4564 3502 4631 TheodOtio,
3538 4576 3559 4603 ε
3592 4563 3760 4618 homi-

2162 4680 2250 4719 nes
2276 4665 2705 4718 transtulerunt:
2732 4671 2792 4716 ut
2819 4661 3095 4727 dicerent,
3136 4662 3191 4717 in
3218 4661 3465 4731 funiculis
3491 4662 3760 4718 hominum

2162 4755 2367 4811 traham
2386 4770 2494 4820 eos,
2527 4755 2581 4808 in
2610 4754 2827 4809 vinculis
2855 4755 3142 4810 charitatis.
3171 4755 3436 4826 Quodque
3463 4756 3712 4825 sequitur
3742 4772 3757 4811 :

2161 4847 2271 4903 Ero
2299 4849 2371 4904 eis
2399 4848 2551 4921 quasi
2580 4847 2813 4902 exultans
2832 4846 3023 4919 iugum
3048 4889 3059 4912 ,
3096 4862 3194 4918 pro
3223 4861 3329 4918 quo
3369 4847 3759 4919 interpretatus

2162 4952 2243 4998 est
2274 4940 2638 5013 Symmachus
2673 4958 2684 4995 :
2721 4949 2767 4994 et
2813 4950 3118 5011 putaverunt
3143 4940 3282 5009 quod
3320 4941 3633 5012 imponerem
3664 4943 3759 5013 ju-

2161 5050 2285 5108 gum
2333 5048 2486 5105 super
2540 5033 2811 5088 maxillam
2864 5050 3062 5101 eorum,
3117 5032 3408 5101 dupliciter
3454 5035 3756 5103 accipitur:

2161 5136 2254 5184 aut
2299 5126 2499 5182 abstuli
2552 5126 2619 5187 ab
2652 5126 2731 5182 eis
2766 5126 2951 5199 jugum
2990 5136 3309 5183 cunctarum
3343 5142 3440 5199 per
3467 5128 3755 5183 circuitum

2160 5226 2443 5281 nationum
2478 5239 2490 5276 :
2520 5231 2613 5277 aut
2643 5222 2840 5293 Legem
2862 5236 3039 5281 meam
3065 5222 3219 5293 quasi
3239 5218 3620 5293 gravissimum
3639 5222 3755 5294 jugi

2153 5380 2258 5436 qua
2302 5359 2644 5436 Evangelista
2672 5358 2913 5436 repetit,
2946 5356 3169 5427 dentque
3214 5357 3348 5411 unde
3394 5355 3750 5431 Evangelista.

2150 5429 2511 5513 Mtixﬂttoque
2539 5429 2606 5483 sit
2632 5430 2986 5513 repos'ui’m‘us
3019 5444 3116 5494 pro
3145 5438 3239 5513 est.

2221 5505 2245 5544 δ
2275 5498 2506 5571 Propius
2533 5510 2713 5555 tamen
2743 5499 2810 5553 ad
2856 5498 3015 5554 [idem
3042 5508 3144 5562 est,
3172 5498 3389 5571 Graecis
3411 5500 3579 5571 fuisse
3606 5500 3751 5571 litte-

2147 5577 2225 5634 ris
2257 5576 2324 5631 ab
2359 5570 2480 5644 ipso
2518 5572 2867 5644 Evangelista
2893 5572 3296 5644 conscriptum.
3334 5570 3468 5627 Vide
3499 5588 3617 5643 quae
3650 5570 3752 5626 hac

2140 5648 2209 5705 de
2234 5663 2295 5705 re
2323 5641 2726 5713 notavimusad
2754 5641 3004 5711 Catalog.
3033 5658 3157 5713 cap.
3188 5644 3244 5695 5.

2219 5730 2240 5757 ο
2277 5718 2396 5775 Duo
2422 5712 2653 5771 Palatini
2678 5726 2834 5781 mss.,
2868 5711 3386 5769 universi‘homines.

4050 5732 4053 5925 ί
