4120 6342
422 274 528 331 9η

1666 272 1721 334 S.
1769 269 2043 330 EUSEBII
2082 269 2465 329 BIERONYMI

3607 270 3721 330 920

417 396 615 445 contra
650 387 966 457 Dominum,
992 396 1048 445 et
1070 390 1187 460 ipse
1214 386 1431 459 gladius
1456 388 1765 459 requiescet
1808 388 1866 444 in
1906 403 2020 444 ma—
2044 387 2101 449 Δ
2124 388 2266 445 sicut
2330 387 2535 446 Adama
2604 387 2937 461 Seboimque
2989 387 3297 458 positurum
3322 428 3339 455 ,
3392 402 3516 445 mea
3560 403 3717 445 com-

425 482 590 537 nibus
613 481 759 551 ejus,
797 490 857 535 ut
883 482 1102 536 occisus
1134 480 1203 536 ab
1226 480 1356 551 alio,
1386 479 1551 536 alium
1584 495 1691 536 non
1719 481 1894 551 possit
1932 494 2025 535 oc-

422 574 631 644 cidere,
659 589 760 629 nec
788 582 980 629 contra
1005 574 1385 629 adversarium
1411 575 1593 631 levare
1639 589 1877 631 manum.
1922 573 2024 630 De-

428 668 592 737 nique
620 666 910 738 recipient,
942 677 997 724 et
1021 667 1293 723 vorabunt
1316 667 1613 723 secundum
1644 668 1869 723 consilia
1901 681 2020 722 sua.

427 759 630 817 Infelix
661 769 845 816 autem
870 760 1103 831 populus
1133 767 1189 817 et
1214 760 1405 830 vulgus
1432 759 1707 816 indoctum
1730 759 2026 827 suspirabit

423 853 708 923 antiquam
736 852 992 923 patriam,
1025 861 1083 908 et
1112 859 1330 923 captum
1356 855 1435 919 (se
1476 867 1597 909 esse
1642 853 1869 919 sentiet,
1912 851 2026 907 sive

426 944 688 1015 pendebit
717 944 770 1000 in
805 945 1041 1001 incolatu
1075 960 1203 1013 suo,
1233 944 1484 1001 nesciens
1505 944 1633 1016 quid
1658 954 1805 1015 agat,
1840 954 1895 999 et
1918 957 2025 1014 quo

425 1047 673 1095 vertatur
694 1040 972 1110 ignorans.
1007 1041 1153 1096 Deus
1185 1054 1316 1096 vero
1344 1054 1512 1109 super
1542 1038 1781 1109 pretiosa
1811 1053 2024 1103 eorum,

425 1146 621 1187 aurum
663 1132 919 1188 videlicet
939 1140 993 1188 et
1018 1141 1309 1205 argentum
1339 1145 1461 1203 quae
1485 1142 1814 1203 acceperant
1835 1132 1904 1189 ab
1933 1145 2021 1198 eo,

425 1226 497 1281 de
522 1226 717 1296 quibus
754 1242 899 1298 saepe
939 1227 1176 1283 diximus
1200 1271 1213 1294 ,
1246 1229 1537 1297 irascetur,
1582 1237 1638 1284 et
1683 1243 2023 1299 nequaquam

425 1319 683 1375 liberabit
712 1337 837 1377 cum
864 1322 953 1393 qui
982 1336 1084 1377 suo
1111 1322 1250 1377 vitio
1280 1321 1513 1378 corruit.
1542 1321 1655 1377 Hoc
1679 1323 1833 1392 juxta
1857 1320 2023 1388 LXX;

436 1414 687 1470 eumdem
720 1424 900 1471 autem
931 1430 1151 1471 sensum
1179 1425 1233 1472 et
1262 1416 1530 1472 Hebraico
1556 1416 1952 1487 coaptabimus.

495 1505 689 1579 (Vers.
718 1508 750 1563 8
780 1518 834 1563 et
860 1508 943 1580 9.)
970 1507 1242 1576 Quomodo
1272 1508 1402 1564 dabo
1435 1519 1501 1574 te,
1535 1507 1789 1582 Ephraim
1813 1526 1832 1563 :
1859 1517 2028 1580 prote-

426 1616 547 1670 gam
596 1609 665 1667 te,
708 1598 915 1653 Israel?
944 1601 1200 1671 quomodo
1222 1602 1356 1656 dabo
1374 1610 1421 1656 te
1436 1602 1567 1656 sicut
1582 1601 1815 1655 Adama:
1838 1618 2027 1672 ponam

427 1702 478 1748 te
508 1704 563 1748 ut
595 1693 842 1751 Seboim?
864 1694 1181 1750 Conversum
1209 1705 1285 1750 est
1306 1698 1360 1751 in
1381 1713 1463 1752 me
1484 1714 1573 1752 cor
1588 1713 1760 1752 meum
1784 1713 1802 1751 :
1831 1698 2030 1769 pariter

2123 492 2269 538 mota
2305 492 2432 538 sunt
2472 482 2706 538 viscera.
2763 481 3025 539 Paenituit
3071 496 3158 538 me
3207 496 3388 538 meum
3437 480 3714 554 quondam

2123 577 2383 649 populum
2409 576 2595 634 delere
2642 577 2695 633 in
2725 586 3046 649 perpetuum
3087 594 3101 634 :
3147 576 3352 632 idcirco
3383 592 3491 631 non
3521 576 3716 631 faciam

2123 672 2423 729 secundum
2456 672 2697 728 furorem
2718 672 3018 728 iracundia:
3051 687 3208 740 meae,
3234 686 3336 727 nec
3358 671 3427 728 de
3454 685 3574 727 mea
3602 671 3719 727 cle-

2124 767 2322 823 mentia
2377 768 2777 832 commutabor,
2822 776 2880 823 ut
2920 765 3230 837 disperdam
3256 764 3558 835 prraim:
3605 780 3716 821 non

2124 861 2271 918 enim
2315 863 2562 931 percutio
2612 870 2668 918 ut
2714 861 2934 932 perdam
2994 862 3049 916 in
3102 870 3459 932 perpetuum;
3510 858 3608 917 sed
3661 867 3722 915 ut

2125 955 2431 1012 emendem.
2462 954 2803 1017 Crudelitas
2847 969 2967 1010 mea
3008 952 3347 1025 ptenitentim
3396 961 3451 1009 et
3499 950 3721 1023 pietatis

2125 1048 2342 1105 occasio
2370 1056 2455 1105 est
2478 1065 2492 1105 :
2524 1047 2665 1103 Deus
2689 1049 2834 1104 enim
2866 1062 2961 1119 ego
2986 1063 3122 1113 sum,
3145 1054 3191 1102 et
3214 1060 3319 1101 non
3339 1045 3513 1100 homo.
3544 1043 3721 1099 Homo

2126 1142 2195 1197 ad
2235 1144 2339 1200 hoc
2387 1142 2542 1213 punit
2585 1150 2643 1196 ut
2691 1141 2925 1212 perdat,
2978 1140 3123 1196 Deus
3168 1139 3234 1195 ad
3278 1140 3381 1195 hoc
3408 1137 3636 1209 corripit
3663 1146 3722 1194 ut

2126 1233 2403 1291 emendet.
2434 1233 2461 1288 Ι
2469 1251 2500 1288 n
2529 1234 2699 1288 medio
2729 1234 2800 1287 tui
2828 1241 3041 1287 sanctus
3061 1274 3075 1299 ,
3100 1240 3147 1286 et
3169 1248 3275 1286 non
3295 1230 3566 1302 ingrediar
3596 1230 3724 1284 civi-

2129 1338 2302 1395 tatem,
2338 1328 2439 1384 hoc
2464 1338 2570 1393 est,
2603 1343 2709 1382 non
2742 1342 2860 1383 sum
2892 1341 3031 1382 unus
3057 1325 3127 1382 de
3155 1325 3263 1391 bis,
3294 1324 3387 1396 qui
3418 1323 3471 1378 in
3497 1322 3723 1380 urbibus

2128 1421 2396 1487 habitant,
2422 1420 2512 1490 qui
2548 1420 2798 1476 humanis
2823 1419 3033 1492 legibus
3055 1420 3271 1485 vivunt,
3305 1417 3398 1487 qui
3426 1415 3726 1473 crudelita-

2129 1526 2236 1573 tem
2264 1514 2882 1586 arbitranturjustitiam
2910 1556 2925 1582 ,
2954 1514 3150 1585 quibus
3170 1513 3260 1583 jus
3280 1526 3553 1568 summum
3575 1525 3726 1566 sum-

2131 1622 2220 1662 ma
2246 1605 2444 1661 malitia
2478 1614 2600 1673 est;
2650 1621 2770 1663 mea
2814 1614 2994 1661 autem
3025 1604 3113 1661 lex
3144 1618 3375 1675 meaque
3401 1601 3612 1675 justitia
3639 1609 3725 1659 est

2130 1699 2345 1755 salvare
2374 1707 2674 1755 correctos.
2728 1699 3024 1755 Possumus
3056 1708 3113 1754 et
3138 1698 3297 1754 aliter
3340 1697 3527 1752 dicere
3553 1713 3566 1750 :
3598 1694 3725 1767 quia

424 1788 733 1843 conturbata
759 1798 832 1843 est
858 1790 1123 1860 pwnitudo
1148 1807 1281 1845 mea.
1318 1790 1440 1845 Non
1467 1792 1657 1862 faciam
1677 1793 1905 1862 furorem
1934 1793 2028 1848 ira:
2057 1779 2106 1840 Β
2135 1793 2340 1863 primus
2361 1792 2494 1847 Cain
2518 1792 2790 1863 parricida
2817 1791 3096 1848 exstruxit
3117 1791 3396 1847 civitatem
3421 1789 3477 1844 in
3507 1787 3728 1844 nomine

423 1897 552 1937 mea:
576 1896 594 1936 :
622 1898 725 1937 non
746 1892 1034 1953 convertar,
1058 1895 1114 1938 ut
1135 1885 1437 1954 disperdam
1453 1884 1707 1955 Ephraim
1731 1903 1751 1942 :
1780 1887 2027 1958 quoniam

429 1976 569 2032 Deus
590 1994 683 2051 ego
706 1996 819 2033 sum
839 1978 1019 2053 [Vulg
1048 1989 1192 2036 tacet
1221 1980 1359 2054 sum]
1386 1991 1433 2036 et
1455 1998 1557 2036 non
1582 1981 1771 2036 homo':
1792 1983 1845 2035 in
1858 1982 2027 2035 medio

428 2071 500 2124 tui
530 2082 761 2138 sanctus,
793 2082 841 2127 et
856 2089 957 2127 non
978 2073 1245 2145 ingrediar
1262 2074 1538 2128 ciuitatem.
1571 2072 1717 2129 LXX
1744 2091 1755 2127 :
1786 2073 1925 2142 Quid
1950 2075 2030 2143 fa-

428 2164 563 2218 ciam
585 2166 698 2237 tibi,
728 2164 985 2237 Ephraim
1005 2184 1021 2220 :
1049 2176 1315 2240 protegam
1346 2179 1416 2236 te,
1440 2165 1648 2222 Israel?
1672 2167 1813 2233 Quid
1835 2167 2029 2236 faciam

426 2257 558 2312 tibi?
578 2258 710 2313 sicut
729 2259 930 2314 Adama
962 2276 1149 2331 ponam
1185 2270 1255 2328 te,
1288 2269 1335 2314 et
1366 2261 1499 2317 sicut
1532 2260 1741 2316 Seboim
1773 2276 2028 2315 :conuer-

427 2368 543 2408 sum
565 2362 642 2408 est
663 2370 753 2408 cor
775 2371 948 2409 meum
970 2364 997 2393 ιι
1023 2358 1079 2411 in
1102 2358 1217 2425 ipso
1250 2375 1268 2411 :
1307 2358 1461 2411 simul
1495 2356 1797 2411 conturbata
1820 2364 1896 2409 est
1924 2372 2030 2428 pw-

430 2447 614 2501 nitudo
644 2464 773 2501 mea.
824 2446 948 2501 Non
977 2449 1169 2518 faciam
1196 2452 1358 2522 juxta
1377 2449 1513 2503 iram
1535 2449 1731 2517 furoris
1751 2450 1873 2504 mei.
1906 2447 2029 2502 Non

432 2537 793 2611 derelinquam
811 2549 866 2594 ut
889 2540 1123 2595 deleatur
1148 2539 1405 2612 Ephraim
1432 2556 1449 2595 :
1477 2541 1726 2612 quoniam
1766 2539 1905 2595 Deus
1937 2556 2030 2612 ego

431 2650 566 2700 sum,
594 2644 641 2687 et
668 2649 771 2689 non
799 2635 953 2689 homo
987 2636 1083 2689 :in
1108 2644 1156 2689 te
1175 2646 1383 2691 sanctus
1418 2652 1436 2689 :
1466 2645 1513 2689 et
1534 2651 1638 2689 non
1674 2635 1937 2708 ingrediar
1966 2635 2033 2689 ci-

430 2728 660 2782 vitatem.
688 2729 744 2783 In
776 2744 842 2784 eo
875 2729 997 2785 loco
1028 2731 1115 2787 ubi
1144 2745 1248 2786 nos
1274 2739 1329 2785 et
1367 2728 1514 2785 LXX
1547 2729 1891 2801 interpretati
1934 2744 2029 2785 su-

432 2833 554 2874 mus
581 2837 593 2873 :
626 2832 891 2894 protegant
924 2832 990 2888 te,
1020 2820 1234 2877 Israel?
1262 2823 1315 2877 in
1351 2822 1621 2879 Hebraico
1652 2824 1915 2893 scriptum
1948 2831 2033 2879 est

433 2927 790 2969 “accensas
824 2914 1076 3000 (nam)
1118 2914 1264 2985 quod
1295 2915 1495 2984 Aquila
1539 2914 1853 2983 transtulit,
1888 2912 2031 2988 ὅπλῳ

436 3007 681 3063 κυχλὼσω
705 3029 787 3074 σε,
815 3009 869 3064 id
886 3019 997 3077 εει,
1032 3018 1179 3063 scuto
1201 3010 1530 3063 circumdabo
1556 3019 1624 3065 te.
1650 3009 1805 3077 Quod
1828 3024 1950 3065 cum
1975 3012 2031 3066 in

431 3100 635 3156 bonam
658 3108 867 3170 partem
893 3109 1209 3171 putaremus
1228 3102 1484 3172 intelligi,
1504 3111 1560 3158 et
1581 3104 1892 3173 signiﬁcare
1915 3120 2033 3175 pro-

432 3192 756 3261 tectionem,
791 3208 859 3249 ex
904 3193 1146 3250 editione
1187 3194 1498 3267 Symmachi
1539 3199 1850 3253 contrarius
1878 3198 2039 3254 nobis
2066 3169 2113 3234 (ἶ

432 3297 631 3339 sensus
661 3284 955 3355 subjicitur
978 3329 992 3355 ,
1025 3286 1260 3342 dicentis
1282 3327 1296 3353 ,
1339 3286 1546 3344 ἐκδώσω
1576 3310 1657 3355 σε,
1689 3287 1744 3344 id
1774 3300 1879 3358 est,
1932 3300 2041 3346 tra-

434 3378 557 3433 dam
582 3388 649 3436 te.
694 3380 775 3435 Ex
818 3381 1186 3438 translatione
1226 3396 1445 3453 quoque
1488 3383 1885 3439 Theodotionis
1928 3400 2037 3440 non

440 3486 732 3544 prospera,
761 3474 858 3530 sed
886 3475 1119 3531 adversa
1146 3475 1597 3532 demonstrantur
1629 3496 1643 3532 :
1687 3480 1952 3553 ἁφοπλίσω
1980 3501 2039 3536 σε

436 3566 583 3636 quod
634 3567 910 3638 signiﬁcat
932 3610 948 3634 ,
982 3569 1190 3623 nudabo
1221 3576 1291 3634 te,
1338 3578 1393 3624 et
1432 3569 1678 3625 auferam
1713 3586 1738 3623 a
1773 3580 1825 3626 te
1851 3570 2035 3639 ὅπλον,

434 3659 543 3715 hoc
555 3669 662 3726 est,
680 3668 903 3727 scutum,
926 3675 1036 3732 quo
1056 3670 1106 3715 te
1119 3671 1245 3717 ante
1265 3670 1613 3732 protexeram
1635 3680 1649 3717 :
1666 3672 1722 3719 et
1745 3663 1831 3718 hic
1849 3679 2043 3722 sensus

436 3754 612 3824 magis
626 3754 889 3808 convenit
905 3752 1137 3809 Domino
1148 3754 1523 3809 comminanti.
1541 3755 1696 3824 Quod
1710 3756 2039 3827 igiturdicit,

437 3846 544 3903 hoc
580 3854 665 3902 est
702 3862 716 3900 :
756 3844 1015 3917 quoniam
1052 3847 1348 3903 noluerunt
1375 3848 1910 3916 converti,etAssur
1932 3848 2045 3904 fac-

432 3946 523 3993 tus
567 3947 654 3993 est
693 3952 791 3993 rex
836 3953 1052 4007 eorum,
1101 3939 1394 3996 devorabit
1421 3940 1636 4010 gladius
1680 3951 1737 3997 et
1774 3942 1943 3998 urbes
1990 3950 2046 3997 et

444 4031 603 4103 129
625 4029 897 4101 principes
924 4040 979 4087 et
1004 4031 1288 4101 populum,
1313 4040 1368 4090 et
1388 4031 1700 4102 imponetur
1728 4033 1810 4089 eis
1827 4035 2041 4104 jugum,

438 4128 585 4197 quod
626 4141 737 4182 non
782 4127 1068 4182 auferetur
1105 4126 1174 4182 ab
1201 4127 1315 4182 eis:
1370 4138 1425 4182 et
1445 4128 1570 4198 quia
1599 4127 1882 4183 videbatur
1908 4128 2046 4184 dura

440 4220 754 4286 sententia,
793 4233 1134 4289 nequaquam
1174 4219 1254 4274 eis
1299 4219 1480 4275 locum
1521 4220 1859 4289 poenitentiae
1887 4220 2048 4277 dere-

441 4311 715 4381 linquens,
740 4324 884 4366 nunc
918 4311 1063 4367 Deus
1086 4311 1330 4381 parentis
1359 4310 1426 4365 ad
1451 4310 1619 4367 Israel
1646 4311 1889 4382 loquitur
1910 4312 2042 4368 aﬁ'e-

439 4410 533 4457 ctu
559 4420 573 4458 :
625 4402 767 4468 Quid
812 4402 902 4456 tibi
931 4403 1123 4475 faciam
1146 4443 1161 4469 ,
1202 4400 1503 4473 Ephraim?
1533 4402 1807 4474 quomodo
1840 4412 1893 4460 te
1920 4418 2047 4460 meo

442 4494 647 4551 auxilio
669 4494 1000 4551 denudabo?
1026 4494 1156 4566 quid
1190 4494 1288 4551 tibi
1313 4492 1546 4549 faciam?
1572 4510 1679 4565 qua
1706 4505 1759 4551 te
1784 4506 1902 4552 arte
1921 4512 2043 4551 cor-

440 4588 637 4658 ripiam
661 4588 685 4642 ‘t
713 4602 823 4657 quo
851 4595 1044 4659 potero
1064 4601 1265 4643 sanare
1294 4585 1695 4642 medicamine?
1716 4586 1873 4643 Sicut
1898 4587 2044 4643 Ada-

440 4694 529 4734 ma
558 4687 615 4735 et
640 4677 864 4735 Seboim
894 4694 1093 4749 ponam
1120 4687 1200 4744 te,
1227 4694 1349 4749 quae
1380 4678 1502 4734 dua:
1530 4689 1657 4734 sunt
1683 4680 1923 4751 quinque
1952 4696 2044 4734 ur-

440 4772 615 4841 bium,
646 4771 787 4828 sicut
808 4771 863 4826 in
884 4771 1082 4827 Genesi
1102 4771 1367 4841 legimus:
1402 4770 1635 4826 Sodoma
1655 4780 1703 4825 et
1725 4770 2040 4840 Gomorrha,

440 4866 679 4935 Adama,
728 4874 776 4920 et
805 4864 1015 4922 Seboim
1041 4875 1090 4920 et
1130 4864 1293 4934 Bale,
1337 4881 1454 4936 qua:
1488 4873 1565 4920 est
1602 4864 1785 4938 Segor,
1820 4875 1875 4921 et
1903 4864 2043 4935 Syro

439 4973 701 5016 sermone
740 4958 916 5015 Zoura
946 4959 1166 5014 dicitur.
1213 4958 1417 5014 Ponam
1450 4959 1636 5029 itaque
1666 4967 1721 5013 et
1754 4966 1960 5013 vertam
1990 4967 2043 5013 te

441 5053 500 5107 in
528 5049 879 5108 solitudinem
900 5092 916 5117 ,
956 5059 1012 5106 et
1039 5049 1242 5106 delebo
1271 5064 1445 5121 usque
1465 5050 1532 5106 ad
1556 5051 1774 5106 cineres
1793 5064 1859 5105 ac
1888 5049 2043 5105 favil-

440 5146 548 5215 las,
572 5148 713 5203 sicut
738 5146 916 5203 delevi
950 5144 1157 5202 Adama
1188 5154 1247 5201 et
1276 5144 1519 5204 Seboim.
1550 5144 1800 5214 Cumque
1820 5143 2037 5213 duram,

444 5240 616 5295 immo
642 5239 923 5296 crudelem
948 5240 1278 5295 sententiam
1307 5238 1663 5310 protulisset,
1695 5254 1917 5294 rursum
1947 5252 2045 5309 pa-

444 5332 614 5387 rentis
645 5330 844 5387 affectu
874 5331 1250 5388 misericordia
1280 5331 1539 5397 vincitur,
1580 5339 1637 5385 et
1663 5329 2039 5385 austeritatem

438 5425 633 5498 judicii
658 5426 862 5496 pietate
884 5425 1099 5496 mitigat
1124 5424 1316 5496 patris.
1342 5424 1489 5479 Dicit
1518 5423 1693 5478 enim:
1726 5421 2040 5478 Conversum

445 5530 519 5574 est
545 5519 604 5574 in
628 5534 707 5573 me
728 5534 819 5574 cor
846 5533 1019 5573 meum
1053 5534 1071 5573 :
1102 5519 1294 5588 pariter
1330 5515 1633 5573 conturbata
1660 5525 1736 5569 est
1775 5517 2039 5587 pomitudo

442 5626 577 5666 mea.
609 5612 804 5668 Statim
845 5618 906 5669 ut
948 5612 1160 5670 locutus
1190 5626 1343 5681 sum,
1388 5624 1476 5668 me
1506 5606 1768 5681 prraim
1790 5617 1846 5666 et
1867 5608 2038 5668 Israel

2134 1884 2227 1940 ﬁlii
2265 1886 2347 1940 sui
2373 1884 2587 1951 Enoch,
2614 1886 2667 1940 in
2694 1883 3072 1956 hujuscemodi
3106 1884 3296 1939 urbem
3329 1883 3593 1938 Dominus
3616 1894 3727 1937 non

2132 1976 2454 2048 ingreditur,
2479 1992 2598 2047 quae
2626 1992 2693 2032 ex
2718 1976 2926 2032 scelere
2951 1987 3007 2032 et
3032 1976 3299 2047 sanguine
3343 1983 3397 2031 et
3432 1974 3729 2046 parricidio

2133 2072 2389 2127 fabricata
2414 2079 2518 2126 est.
2562 2071 2657 2127 Sin
2683 2081 2861 2127 autem
2884 2070 3219 2127 voluerimus
3239 2072 3441 2141 legere,
3471 2069 3730 2139 quomodo

2133 2169 2269 2223 dabo
2296 2177 2363 2237 te,
2396 2167 2668 2241 Ephraim,
2695 2176 2957 2241 protegam
2980 2176 3047 2233 te,
3076 2164 3289 2221 Israel?
3318 2166 3409 2223 Sic
3427 2164 3732 2236 intelligen.

2132 2262 2259 2317 dum
2285 2271 2369 2317 est
2388 2279 2400 2316 :
2417 2261 2557 2329 Quid
2573 2262 2664 2316 tibi
2686 2259 2913 2316 faciam?
2940 2276 3065 2315 num
3081 2258 3419 2331 protectione
3436 2257 3633 2328 dignus
3648 2270 3725 2325 es,

2131 2354 2223 2423 qui
2238 2360 2386 2408 tanta
2417 2352 2637 2409 fecisti?
2666 2351 2977 2407 Notandum
3010 2366 3229 2423 quoque
3245 2349 3390 2423 quod
3420 2350 3515 2406 ubi
3540 2356 3731 2406 contra

2132 2445 2327 2503 Judam
2371 2445 2596 2514 dicitur,
2629 2445 2683 2501 id
2730 2455 2845 2514 est,
2902 2446 3163 2516 populum
3208 2445 3338 2513 Dei,
3386 2460 3492 2501 non
3525 2444 3733 2500 Adama

2137 2540 2353 2611 ponitur
2384 2549 2439 2595 et
2471 2539 2693 2596 Seboim
2715 2582 2730 2606 ,
2766 2539 2861 2595 sed
2891 2538 3129 2595 Sodoma
3155 2550 3209 2595 et
3240 2539 3577 2595 Gomorrha.
3632 2539 3735 2594 Le-

2134 2636 2313 2705 gimus
2336 2634 2481 2690 enim
2508 2634 2561 2689 in
2593 2633 2728 2689 Isaia
2752 2650 2769 2689 :
2801 2635 2993 2690 Audite
3019 2636 3182 2708 legem
3202 2632 3325 2699 Dei,
3353 2634 3515 2706 130
3541 2633 3738 2705 princi-

2134 2745 2224 2800 pes
2268 2728 2663 2783 Sodomorum:
2690 2729 2939 2783 attendite
2976 2729 3183 2783 verbum
3222 2726 3470 2793 Domini,
3512 2729 3737 2801 papulus

2136 2818 2444 2875 Gomorrlue
2500 2819 2656 2893 (Isai.
2689 2837 2728 2888 1,
2765 2820 2878 2893 IO).
2930 2820 2988 2876 In
3018 2821 3317 2892 Evangelio
3344 2836 3563 2892 quoque
3595 2822 3738 2877 civi-

2138 2923 2220 2969 tas
2244 2957 2259 2982 ,
2315 2930 2437 2986 qua:
2467 2922 2523 2969 et
2550 2916 2829 2982 apostolos
2867 2931 2973 2969 non
3002 2917 3296 2985 receperit,
3331 2916 3740 2973 excutientibus

2137 3007 2219 3062 eis
2247 3006 2532 3077 pulverem
2566 3007 2767 3077 pedum
2796 3022 3043 3076 suorum,
3075 3008 3275 3064 dicitur
3296 3008 3366 3064 de
3394 3023 3481 3076 ea,
3514 3008 3660 3080 quod
3682 3009 3737 3066 in

2140 3100 2230 3155 die
2275 3099 2468 3171 judicii
2514 3101 2853 3157 tolerabilius
2904 3103 3011 3159 erit
3058 3109 3221 3158 terra:
3269 3101 3637 3158 Sodomorum
3683 3110 3742 3160 et

2144 3191 2464 3248 Gomorrhze
2487 3235 2501 3258 ,
2536 3209 2698 3263 quam
2730 3194 2935 3249 civitati
2968 3194 3045 3249 illi
3076 3193 3235 3265 (Mat.
3268 3194 3345 3264 ι).
3389 3194 3458 3249 Et
3487 3194 3552 3250 ad
3580 3194 3740 3251 Jeru-

2143 3284 2313 3339 salem
2354 3284 2698 3356 propbetalis
2738 3302 2921 3342 sermo
2968 3286 3263 3357 dirigitur:
3320 3286 3619 3359 Justiﬁcala
3664 3296 3740 3345 est

2148 3379 2378 3435 Sodoma
2398 3395 2462 3433 ea:
2483 3388 2530 3433 te
2560 3378 2775 3451 (Ezech.
2812 3380 2952 3454 xvi).
3012 3382 3177 3436 Datur
3214 3395 3345 3453 ergo
3375 3382 3532 3439 nobis
3562 3383 3739 3455 suspi-

2145 3472 2252 3539 cio,
2285 3471 2431 3541 quod
2458 3470 2699 3528 Sodoma
2726 3481 2783 3528 et
2811 3472 3121 3529 Gomorrha
3153 3475 3427 3545 principes
3454 3474 3654 3533 fuerint
3683 3477 3740 3533 in

2144 3571 2371 3633 peccato
2393 3606 2408 3631 ,
2462 3573 2517 3620 et
2565 3564 2769 3621 Adama
2807 3574 2862 3621 et
2898 3564 3121 3621 Seboim
3157 3581 3342 3622 earum
3375 3569 3628 3638 exempla
3652 3582 3740 3625 se-

2145 3664 2307 3713 ctatae
2332 3659 2465 3722 sint,
2498 3658 2642 3729 quod
2670 3668 2926 3730 potentes
2952 3668 3203 3729 potenter
3236 3670 3509 3715 tormenta
3532 3660 3742 3732 patian-

2148 3761 2234 3806 tur
2271 3750 2518 3823 (Sapien.
2545 3749 2621 3823 vr)
2646 3769 2659 3807 :
2704 3762 2755 3809 et
2798 3767 2990 3808 servus
3020 3754 3110 3825 qui
3140 3756 3242 3810 scit
3268 3754 3605 3810 voluntatem
3636 3755 3743 3811 Do-

2146 3842 2279 3899 mini
2333 3844 2440 3908 sui,
2495 3852 2552 3899 et
2600 3859 2707 3899 non
2752 3843 2883 3901 facit
2930 3860 3083 3911 eam,
3117 3845 3340 3916 vapulet
3368 3846 3551 3901 multis
3583 3844 3739 3920 (Luc.

2146 3935 2267 4008 xu).
2316 3935 2477 3993 Unde
2517 3944 2573 3992 et
2619 3937 2993 3994 Ecclesiastici
3039 3938 3180 4005 viri,
3236 3940 3281 3994 si
3318 3939 3511 3995 iisdem
3545 3939 3742 4012 quibus

2148 4027 2390 4084 haeretici
2422 4029 2723 4085 sceleribus
2746 4030 3117 4097 continentur,
3148 4045 3488 4102 nequaquam
3517 4031 3743 4087 Adamac

2148 4130 2205 4177 et
2245 4119 2469 4177 Seboim
2497 4165 2511 4189 ,
2563 4136 2684 4191 quae
2743 4122 3037 4179 inferiores
3082 4133 3242 4188 sunt;
3277 4122 3374 4179 sed
3405 4122 3658 4180 Sodoma:
3689 4132 3745 4178 ct

2148 4213 2471 4269 Gomorrhae
2498 4256 2513 4280 ,
2543 4229 2664 4284 quas
2691 4214 2956 4285 majorum
2993 4215 3281 4271 criminum
3313 4230 3435 4271 esse
3457 4216 3736 4282 dicuntur,

2147 4304 2482 4361 cruciatibus
2529 4306 2909 4375 subjacebunt.
2968 4306 3053 4363 Ad
3082 4308 3370 4365 haereticos
3401 4323 3620 4382 quoque
3649 4310 3745 4365 de-

2148 4405 2475 4467 ceptumque
2497 4397 2566 4454 ab
2588 4398 2669 4453 eis
2690 4399 2953 4470 p0pulum
2976 4399 3218 4470 loquitur
3249 4400 3516 4458 Dominus
3534 4448 3549 4471 ,
3598 4403 3743 4470 quod

2148 4488 2253 4544 nisi
2286 4489 2460 4559 egerit
2504 4491 2883 4559 paenitentiam
2906 4536 2920 4560 ,
2965 4500 3239 4562 ponantur
3285 4493 3428 4550 sicut
3454 4494 3659 4550 Adama
3690 4502 3745 4551 et

2149 4582 2370 4639 Seboim
2398 4626 2411 4647 ,
2447 4592 2508 4639 ut
2546 4584 2751 4640 nullam
2782 4599 2936 4655 spem
2963 4586 3203 4642 habeant
3232 4587 3445 4643 salutis.
3502 4588 3742 4644 Rursum

2149 4683 2209 4730 ut
2247 4675 2712 4731 clementissimus
2743 4685 2898 4747 pater
2927 4676 3063 4733 dicit
3091 4693 3152 4734 se
3189 4693 3344 4734 suam
3376 4688 3591 4736 mutare
3620 4696 3744 4735 sen-

2150 4767 2399 4837 tentiam,
2431 4778 2487 4824 et
2511 4769 2782 4840 poenitere
2813 4769 2962 4840 quod
2991 4771 3122 4826 talia
3154 4770 3227 4826 sit
3253 4771 3501 4838 loculus,
3526 4782 3585 4826 ut
3617 4772 3743 4828 illos

2147 4875 2364 4932 quoque
2392 4860 2459 4916 ad
2500 4862 2919 4918 conversionem
2950 4871 3005 4918 et
3035 4862 3104 4917 ad
3133 4863 3505 4933 paenitentiam
3536 4879 3744 4935 provo-

2146 4960 2252 5009 cet.
2282 4952 2401 5009 Non
2434 4952 2656 5016 faciam,
2690 4953 2888 5024 inquit,
2922 4954 2977 5010 in
3004 4954 3191 5011 furore
3220 4970 3364 5020 meo,
3398 4971 3505 5010 non
3536 4955 3745 5025 disper-

2149 5046 2278 5104 dam
2311 5046 2593 5117 Ephraim.
2638 5046 2915 5115 Quantum
2942 5089 2957 5113 ,
2988 5050 3166 5121 inquit
3190 5095 3203 5119 ,
3243 5051 3297 5105 in
3325 5065 3413 5105 me
3436 5059 3542 5114 est,
3568 5065 3743 5121 quan-

2151 5150 2266 5195 tum
2297 5154 2400 5209 ego
2430 5140 2629 5209 cupio,
2678 5141 2725 5195 si
2770 5155 3012 5198 errorem
3057 5142 3288 5197 veritate
3328 5142 3665 5207 correxerit,
3698 5142 3744 5197 si

2148 5246 2237 5288 me
2268 5232 2440 5301 magis
2468 5231 2734 5288 amaverit
2760 5249 2924 5303 quam
2961 5233 3237 5303 principes
3268 5233 3567 5303 haereseos,
3600 5232 3744 5290 Deus

2150 5326 2296 5381 enim
2324 5342 2419 5398 ego
2448 5341 2584 5392 sum,
2608 5335 2655 5381 et
2681 5341 2785 5381 non
2813 5327 3175 5397 homo,lapsis
3194 5341 3414 5383 manum
3444 5328 3739 5399 porrigam,

2148 5427 2395 5475 errantes
2424 5419 2492 5475 ad
2523 5419 2754 5476 salutem
2783 5420 3012 5476 vocabo.
3063 5420 3133 5475 Et
3156 5420 3284 5491 quia
3326 5430 3550 5477 sanctus
3595 5436 3737 5490 sum,

2148 5522 2436 5584 propterea
2466 5528 2573 5570 non
2600 5515 2876 5586 ingrediar
2904 5513 3183 5571 civitatem
3203 5557 3218 5582 ,
3250 5514 3307 5571 id
3336 5524 3449 5581 est,
3480 5518 3742 5573 concilia-

2146 5606 2272 5663 bula
2304 5616 2359 5665 et
2397 5607 2561 5666 urbes
2602 5608 3006 5666 haereticorum.
3056 5608 3229 5669 Foras
3267 5619 3529 5669 exeuntes
3556 5609 3628 5667 de
3655 5625 3741 5666 ur-

508 5800 534 5829 ει
560 5784 737 5851 Voces
767 5792 821 5849 in
850 5794 983 5865 ipso,
1016 5801 1125 5852 tum
1158 5793 1225 5852 ad
1247 5792 1630 5867 subsequentis
1654 5793 1819 5856 ﬁnem
1841 5793 2122 5863 versiculi,
2156 5792 2208 5850 in
2230 5805 2298 5863 te,
2329 5806 2461 5850 mss.
2489 5789 2723 5850 Palatini
2749 5789 3026 5862 ignorant.
