4100 6336
411 290 512 351 921

1235 285 1888 346 COMMENTARIORUM
1926 285 1993 343 ΙΝ
2032 284 2208 343 OSEE
2249 285 2379 342 LIB.
2424 284 2511 342 ill.
2554 282 2712 341 CAP.
2756 282 2851 341 XI.

3592 278 3703 338 ΜΞ

410 406 568 464 bibus
599 405 732 475 suis,
764 405 1001 463 libenter
1026 405 1267 479 recipio:
1311 405 1366 462 in
1391 405 1640 462 civitates
1666 418 1858 461 eorum
1886 417 1997 460 non
2025 404 2083 469 Α
2104 412 2190 460 est
2220 403 2399 476 132,
2429 402 2584 473 juxta
2613 400 2924 472 apostolum
2947 398 3191 468 Petrum,
3221 395 3575 456 adversarius
3606 410 3707 453 no-

410 499 707 572 ingrediar.
757 500 871 557 Hoc
898 500 1047 571 quod
1080 499 1257 566 dixit,
1291 516 1395 554 non
1424 498 1689 571 ingrediar
1726 498 1997 564 civitatem,

411 603 466 652 et
491 593 651 664 juxta
697 592 845 649 LXX
882 593 1132 665 sequitur
1168 611 1179 646 :
1215 603 1329 665 post
1373 591 1660 647 Dominum
1703 591 1998 654 ambulabo,

408 686 629 759 quidam
677 688 756 743 sic
786 688 1129 757 interpretati
1180 696 1339 755 sunt,
1391 694 1448 741 ut
1487 685 1739 743 dicerent
1770 684 1999 740 Domino

409 778 667 850 populum
695 779 1067 850 respondisse,
1091 789 1148 836 et
1172 793 1298 836 esse
1325 794 1581 835 sensum:
1612 778 1748 847 Quia
1773 792 1999 833 conver-

407 885 532 927 sum
565 880 649 927 est
691 885 788 927 eor
837 880 987 927 tuum
1030 871 1083 926 in
1118 880 1201 938 te,
1226 881 1412 928 etnon
1444 870 1745 927 secundum
1777 878 1997 939 peccata

408 974 599 1021 nostra
627 964 807 1021 fecisti
832 964 1020 1031 nobis;
1054 965 1151 1021 sed
1178 964 1429 1034 ,imitaris
1451 963 1794 1020 clementiam
1824 970 1995 1031 tuam,

407 1066 464 1116 et
487 1067 677 1114 nostra
708 1058 908 1115 delicta
940 1073 1047 1115 non
1072 1060 1250 1130 punis,
1284 1066 1341 1114 et
1367 1057 1642 1127 polliceris
1666 1066 1716 1112 te
1746 1062 1996 1111 sanctum

406 1162 467 1207 et
494 1150 819 1208 clementem
855 1151 908 1207 in
953 1152 1125 1207 nostri
1168 1150 1350 1208 medio
1378 1158 1720 1206 versaturum
1747 1164 1762 1214 ;
1792 1146 1996 1203 idcirco

405 1251 461 1299 et
487 1256 590 1314 ego
617 1243 885 1299 malorum
916 1242 1194 1298 hominum
1232 1258 1339 1298 non
1368 1240 1646 1312 ingrediar
1669 1238 1950 1295 civitatem
1975 1254 1990 1294 :

406 1352 510 1394 nec
559 1353 658 1395 ero
709 1339 779 1395 de
830 1353 1056 1394 numero
1102 1348 1494 1410 peccatorum;
1560 1334 1657 1392 sed
1705 1333 1994 1390 ambulabo

402 1442 530 1504 post
559 1434 844 1489 Dominum
871 1434 1037 1490 Deum
1067 1448 1268 1489 meum.
1321 1431 1538 1488 Hebraei
1566 1439 1747 1486 autem
1777 1444 1840 1484 ex
1868 1443 1994 1499 per-

402 1541 536 1584 sona
566 1528 662 1585 Dei
687 1530 758 1584 ita
781 1528 1096 1585 edisserunt
1122 1546 1135 1582 :
1166 1528 1320 1601 131
1349 1526 1465 1582 Non
1499 1535 1551 1581 te
1574 1524 1949 1594 derelinquam
1975 1540 1988 1576 :

402 1640 509 1681 non
539 1624 633 1680 ibo
657 1623 726 1679 ad
756 1623 919 1680 aliam
944 1632 1159 1694 gentem
1187 1640 1200 1677 :
1233 1637 1334 1679 nec
1361 1619 1637 1693 ingrediar
1664 1619 1889 1675 alteram
1913 1617 1991 1672 ei-

402 1718 643 1774 vitalem.

2104 504 2219 553 ster
2261 496 2306 569 (1
2334 495 2465 551 Par.
2494 494 2577 566 v),
2626 496 2772 551 illico
2816 497 3170 561 conticescet,
3216 504 3270 552 et
3317 508 3483 551 omne
3508 492 3703 565 dogma

2102 604 2420 659 perversum
2472 603 2534 644 os
2576 602 2736 644 suum
2787 590 3005 660 aperire
3052 604 3159 645 non
3192 591 3390 659 poterit
3435 606 3447 642 :
3496 586 3704 659 quique

2102 691 2227 738 ante
2249 682 2318 739 ab
2342 696 2409 738 eo
2435 682 2581 751 capti
2614 681 2856 751 fuerant,
2877 682 3057 753 rugitu
3082 682 3255 739 leonis
3283 681 3448 737 soluti
3477 688 3532 737 et
3552 693 3704 736 eom-

2101 773 2403 830 miuatione
2480 774 2746 841 terribili,
2822 783 3125 845 sequentur
3181 773 3465 830 Dominum
3526 773 3700 830 Deum

2099 880 2280 924 suum.
2312 865 2463 923 Tunc
2496 865 2761 922 timebunt
2791 865 2886 921 lilii
2919 867 3113 935 maris,
3146 866 3263 922 sive
3289 881 3576 938 aquarum,
3604 866 3699 938 qui

2104 961 2160 1017 in
2192 959 2555 1016 amaritudine
2584 968 2638 1016 et
2666 971 2689 999 ο
2714 960 2874 1016 salsis
2900 960 3286 1016 limreticorum
3303 962 3458 1032 aquis
3484 961 3702 1018 luerant

2100 1054 2409 1127 procreati;
2440 1063 2498 1110 et
2525 1054 2826 1125 assumptis
2861 1055 3075 1124 pennis,
3104 1054 3365 1111 volabunt
3386 1055 3542 1126 quasi
3570 1069 3701 1113 aves

2105 1166 2173 1231 ex
2203 1152 2436 1224 Egypto
2458 1193 2472 1217 ,
2503 1160 2558 1208 et
2582 1153 2733 1222 quasi
2761 1152 3015 1208 columba
3044 1153 3111 1209 dc
3140 1162 3288 1209 terra
3317 1154 3700 1225 Assyriorum,

2098 1253 2156 1302 et
2183 1245 2402 1302 dicent:
2454 1246 2583 1314 Quis
2613 1245 2753 1299 dabit
2792 1246 2917 1300 mihi
2944 1262 3137 1315 pennas
3172 1246 3309 1301 sicut
3340 1246 3617 1313 columbis,
3647 1256 3695 1302 et

2095 1340 2275 1394 volabo
2306 1348 2351 1392 et
2381 1338 2698 1410 requiescam
2742 1337 2863 1411 (Ps.
2894 1354 3003 1406 Ltv,
3037 1338 3132 1410 7)?
3178 1347 3237 1394 ut
3276 1338 3367 1410 qui
3409 1338 3552 1407 apud
3578 1339 3694 1396 hm-

2095 1434 2297 1489 reticos
2326 1432 2729 1499 laboraverant,
2762 1434 3113 1503 requiescant
3136 1433 3189 1488 in
3221 1431 3489 1499 Ecclesia,
3522 1442 3580 1489 et
3604 1432 3698 1488 lia-

2094 1525 2273 1583 bitent
2306 1526 2360 1580 in
2408 1526 2663 1582 domibus
2700 1526 2838 1593 suis,
2878 1527 2946 1583 de
2994 1526 3188 1597 quibus
3237 1527 3453 1583 fuerant
3498 1542 3691 1584 errore

2092 1616 2323 1674 seducti.
2360 1616 2681 1690 Egyptum,
2712 1618 2767 1674 id
2795 1627 2898 1685 est,
2942 1633 3175 1675 ηειωι
3200 1617 3444 1691 (unm)
3477 1619 3698 1676 tribula-

2095 1711 2287 1766 tionem
2310 1712 2679 1783 interpretari,
2712 1722 2768 1769 et
2795 1714 3090 1785 angustiam
3117 1712 3402 1769 novimus:
3436 1714 3693 1786 Assyrios

474 1812 943 1884 (Vers.10etll.)
978 1810 1102 1867 Post
1130 1811 1413 1867 Dominum
1444 1808 1813 1865 ambulabunt:
1839 1808 1988 1878 quasi
2017 1808 2065 1869 B
2093 1820 2332 1877 quoque,
2378 1806 2682 1878 dirigentes,
2719 1808 2867 1874 sive,
2904 1816 2962 1862 ut
2992 1806 3192 1863 melius
3218 1804 3582 1876 arbitramus,
3613 1822 3701 1860 ar-

404 1904 486 1961 leo
529 1907 694 1977 rugiet
720 1922 740 1961 :
768 1907 889 1970 quia
910 1906 1022 1977 ipse
1058 1906 1226 1979 rugiet
1257 1920 1276 1961 :
1302 1914 1349 1961 et
1380 1903 1735 1977 formidabant
1758 1900 1858 1969 ﬁlii
1882 1917 1994 1955 ma.-

402 1999 498 2066 ris,
529 2009 577 2053 et
603 1998 851 2054 volabunt
872 1997 1055 2071 [Vnig.
1088 1996 1387 2071 evolabant]
1412 1997 1563 2069 quasi
1592 1996 1701 2050 avis
1724 1994 1834 2068 [ΔΙ.
1854 1991 1993 2065 aues]

403 2109 467 2150 ea:
488 2092 741 2165 .Egypto,
771 2103 821 2148 et
849 2092 998 2163 quasi
1022 2091 1260 2147 columba
1291 2091 1355 2146 de
1386 2100 1524 2145 terra
1548 2089 1880 2159 Assyriorum
1903 2101 1920 2140 :
1944 2094 1994 2142 et

403 2184 660 2239 coltocabo
691 2200 779 2238 eos
807 2184 862 2238 in
890 2184 1127 2239 domibus
1155 2184 1265 2238 suis
1292 2227 1306 2252 ,
1347 2182 1470 2236 dicit
1503 2181 1778 2235 Dominus.
1803 2176 1948 2235 LXX
1972 2195 1984 2232 ε

407 2275 536 2332 Post
562 2276 844 2332 Dominum
874 2275 1180 2330 ambulabo:
1203 2277 1334 2330 sicut
1364 2276 1444 2329 leo
1476 2274 1687 2346 rugiet:
1734 2271 1855 2343 quia
1886 2271 1997 2339 ipse

406 2370 579 2444 rugiet
605 2412 619 2437 ,
665 2379 713 2423 et
753 2368 1111 2440 formidabant
1158 2369 1256 2439 ﬁlii
1286 2383 1572 2439 aquarum,
1608 2374 1633 2403 ³
1662 2375 1709 2418 et
1750 2363 1997 2418 volabunt

406 2465 559 2536 quasi
602 2464 708 2518 avis
732 2480 795 2519 ex
825 2462 898 2517 1E
902 2472 1058 2536 gypto
1075 2504 1091 2531 ,
1140 2472 1187 2517 et
1209 2462 1359 2533 quasi
1386 2459 1623 2515 columba
1647 2458 1711 2513 de
1737 2467 1874 2513 terra
1898 2456 1997 2509 As-

408 2557 665 2628 syriorum
690 2572 708 2611 :
732 2564 782 2611 et
817 2554 1081 2611 collocabo
1110 2570 1196 2611 eos
1222 2556 1276 2609 in
1296 2553 1532 2609 domibus
1572 2552 1700 2617 suis,
1734 2550 1861 2604 dicit
1886 2546 1999 2602 Do-

408 2652 597 2707 minus.
631 2650 860 2707 Domino
885 2665 1152 2722 prospera
1176 2650 1489 2720 pollicente,
1510 2646 1741 2718 pepulus
1767 2658 1997 2700 conver-

409 2757 551 2804 tetur
569 2747 635 2803 ad
656 2763 782 2804 eum
809 2764 822 2801 :
848 2756 903 2803 et
930 2746 1233 2803 ambulabit
1252 2757 1374 2816 post
1401 2745 1721 2809 Dominum;
1750 2743 1874 2813 quia
1894 2740 1997 2796 Do.

408 2840 588 2897 minus
606 2840 947 2911 rugietquasi
972 2839 1077 2895 leo.
1099 2840 1173 2896 De
1185 2855 1292 2911 quo
1310 2849 1365 2894 et
1388 2841 1553 2893 Amos
1569 2836 1829 2908 propheta
1843 2850 1997 2891 com-

410 2943 712 2991 memorat:
763 2933 1018 2989 Dominus
1063 2934 1128 2988 de
1164 2933 1295 2989 Sion
1322 2933 1510 3006 rugiet,
1543 2940 1589 2986 et
1619 2932 1682 2985 de
1707 2928 1998 2984 Jerusalem

408 3029 551 3084 dabit
570 3044 742 3084 vocem
771 3044 919 3083 suam
944 3027 1123 3101 (Amos
1152 3044 1192 3096 ι,
1220 3027 1299 3096 2).
1341 3026 1538 3097 Rugiet
1565 3024 1594 3063 δ
1620 3032 1802 3079 autem
1827 3037 2000 3093 quan-

411 3124 482 3179 do
507 3123 639 3180 dicit
665 3142 675 3178 :
709 3125 837 3179 sicut
863 3122 1083 3193 Adama,
1110 3139 1299 3194 ponam
1321 3130 1369 3175 te
1392 3130 1445 3175 ut
1476 3120 1704 3175 Seboim.
1750 3117 2000 3188 Cumque

2096 1911 2333 1973 guentes.
2386 1899 2470 1954 Ab
2518 1900 2601 1956 his
2645 1915 2776 1971 ergo
2817 1900 3196 1957 liberabuntur
3242 1900 3518 1969 haeretici,
3567 1913 3695 1956 cum

2101 1994 2351 2050 habitare
2379 1995 2649 2065 coeperint
2675 1995 2727 2049 in
2759 1993 3012 2049 domibus
3039 1994 3188 2061 suis,
3222 2002 3277 2049 et
3305 1992 3465 2048 malis
3491 2007 3696 2065 paren-

2101 2091 2244 2147 tibus
2271 2090 2506 2146 dixerint
2532 2108 2546 2145 :
2573 2088 2913 2162 Relinquetur
2938 2089 3076 2145 vobis
3093 2089 3276 2145 domus
3301 2097 3467 2144 vestra
3492 2088 3695 2146 deserta

2101 2183 2280 2257 (Matt.
2313 2183 2489 2255 xxttt).

2170 2277 2353 2348 (Vers.
2381 2274 2496 2349 1‘2.)
2517 2275 2876 2331 Circumdedit
2903 2292 2984 2330 me
3018 2276 3069 2329 in
3093 2276 3367 2348 negatione
3388 2292 3484 2331 sua
3511 2272 3699 2348 [νοις.

2100 2369 2251 2425 abest
2284 2367 2401 2441 sua]
2429 2368 2678 2441 Ephraim
2701 2386 2720 2425 :
2748 2379 2795 2424 et
2822 2371 2876 2423 in
2911 2370 3029 2424 dolo
3052 2370 3237 2424 domus
3266 2368 3434 2425 Israel
3457 2384 3477 2425 .'
3520 2368 3551 2422 J
3561 2369 3695 2424 udas

2101 2474 2271 2519 autem
2302 2466 2440 2520 testis
2490 2464 2752 2519 descendit
2777 2480 2895 2519 cum
2924 2463 3034 2518 Deo
3061 2474 3110 2519 et
3138 2480 3253 2519 cum
3276 2464 3468 2519 sanctis
3498 2464 3694 2535 fidelis.

2101 2557 2271 2615 LXX:
2315 2555 2665 2612 Circuindedit
2702 2574 2779 2612 me
2816 2559 2869 2611 in
2910 2558 3173 2612 mendacio
3214 2556 3470 2628 Ephraim
3493 2573 3512 2611 .'
3544 2566 3590 2611 et
3637 2557 3693 2611 in

2100 2652 2360 2724 impietate
2406 2650 2587 2705 domus
2636 2647 2806 2704 Israel
2849 2656 2895 2703 et
2940 2647 3128 2704 Iuda:
3177 2666 3313 2704 nunc
3342 2648 3691 2723 cegnoviteos

2100 2743 2272 2800 Deus:
2299 2753 2347 2798 et
2366 2743 2586 2818 papulas
2615 2752 2827 2798 sanctus
2853 2742 3117 2798 vocabitur
3142 2740 3262 2797 Dei.
3313 2741 3564 2798 Tradunt
3587 2740 3695 2798 He-

2100 2838 2235 2896 braei
2265 2836 2642 2909 hujuscemodi
2674 2837 2939 2893 fabulam:
2971 2836 3027 2892 in
3056 2836 3206 2892 exitu
3230 2836 3397 2892 Israel
3424 2851 3491 2891 ex
3523 2834 3695 2908 Egy-

2102 2943 2215 3004 pto,
2265 2932 2483 3004 quando
2515 2946 2583 2988 ex
2610 2932 2715 2986 alia
2746 2941 2900 3001 parte
2932 2946 3090 2986 mons
3113 2973 3128 2998 ,
3180 2945 3248 2987 ex
3293 2931 3396 2986 alia
3448 2930 3693 2987 Rubrum

2101 3042 2283 3095 mare,
2314 3034 2369 3081 et
2404 3040 2476 3081 ex
2525 3025 2628 3080 alia
2659 3023 2963 3078 Pharaonis
2990 3022 3245 3094 cingebat
3280 3022 3556 3078 exercitus
3583 3067 3597 3092 ,
3640 3032 3698 3081 et

2103 3120 2344 3176 inclusus
2386 3116 2619 3189 populus
2646 3119 2954 3182 tenebatur,
2987 3117 3204 3172 caeteris
3225 3114 3473 3171 tribubus
3500 3115 3698 3185 despe—

410 3216 505 3272 ille
537 3216 787 3289 rugierit,
819 3225 951 3272 tunc
969 3215 1343 3271 formidabunt
1369 3214 1467 3268 filii
1492 3212 1814 3278 maris,sive
1836 3224 1994 3279 aqua-
2026 3207 2073 3271 C
2103 3212 2348 3269 rantibus
2378 3212 2644 3280 salutem,
2695 3221 2749 3267 et
2777 3220 2868 3265 aut
2898 3210 3097 3266 reverti
3131 3209 3184 3264 in
3217 3207 3516 3280 ASgyptum
3538 3250 3552 3275 ,
3603 3218 3698 3266 aut

409 3326 552 3379 rum,
589 3320 645 3365 ut
674 3308 821 3366 LXX
844 3309 1259 3365 transtulerunt.
1331 3307 1542 3362 Etenim
1590 3304 1817 3360 verbum
1863 3317 1996 3357 itm

409 3403 745 3477 (Din),quod
764 3419 860 3473 per
880 3413 991 3458 tres
1021 3402 1234 3457 litteras
1262 3400 1521 3456 scribitur
1544 3413 1679 3463 usu,
1707 3412 1819 3461 ποι),
1849 3410 1995 3451 usu:

408 3499 456 3554 si
491 3500 699 3569 legatur
725 3514 860 3554 sunt
881 3539 897 3565 ,
930 3514 1090 3567 aquas
1110 3495 1384 3568 signiﬁcat
1412 3512 1424 3547 :
1459 3495 1504 3549 si
1536 3509 1741 3560 IEJAII,
1776 3491 1840 3547 de
1866 3491 1997 3545 mari

409 3589 753 3660 intelligitur.
806 3590 935 3646 Haec
959 3590 1173 3645 Hebraei
1216 3588 1281 3643 ad
1314 3588 1604 3643 adventum
1626 3585 1829 3643 Christi
1857 3582 1999 3640 refe-

408 3694 560 3755 runt,
592 3701 754 3757 quem
781 3693 1005 3755 sperant
1039 3699 1163 3741 esse
1195 3691 1506 3739 venturum.
1540 3680 1650 3737 Nos
1684 3682 1795 3751 jam
1823 3690 2000 3736 trans-

409 3787 526 3834 acta
562 3778 969 3844 convincimus;
1015 3776 1139 3847 quia
1171 3786 1226 3832 et
1253 3776 1321 3833 de
1349 3774 1620 3845 IEgypto,
1649 3783 1705 3831 et
1740 3773 1809 3830 de
1832 3775 1998 3845 Assy-

409 3872 527 3941 riis,
561 3872 665 3927 hoc
692 3882 774 3927 est
800 3917 815 3941 ,
868 3871 936 3927 ab
960 3869 1186 3927 Oriente
1213 3879 1270 3927 et
1297 3870 1625 3939 Occidente,
1651 3880 1705 3926 et
1734 3869 1803 3924 ab
1831 3869 2000 3941 Aqui-

406 3966 536 4022 lone
565 3975 620 4021 et
648 3980 676 4019 a
710 3965 937 4022 Meridie
961 3975 1257 4035 venerunt,
1292 3975 1348 4022 et
1366 3965 1611 4035 quotidie
1638 3966 1868 4021 veniunt
1906 3964 1999 4035 qui

406 4056 753 4114 discumbant
801 4072 923 4113 cum
969 4057 1244 4113 Abraham
1271 4100 1287 4125 ,
1344 4057 1495 4114 lsaac
1529 4068 1584 4113 et
1623 4058 1791 4114 Jacob
1818 4056 1995 4129 (Matt.

407 4152 543 4223 vni).
599 4150 770 4207 Filios
799 4159 979 4209 autem
1033 4152 1234 4222 maris,
1267 4151 1383 4208 sive
1413 4166 1673 4222 aquarum
1700 4193 1715 4219 ,
1748 4165 1843 4206 eos
1876 4164 2001 4221 pos-

406 4260 595 4302 sumus
640 4244 921 4316 appellare
948 4290 963 4317 ,
1014 4246 1103 4316 qui
1132 4260 1330 4317 sagena
1374 4245 1586 4301 Domini
1615 4245 2000 4317 comprehensi

406 4348 532 4395 sunt
557 4382 572 4406 ,
606 4347 663 4394 et
705 4339 968 4395 abstracti
996 4339 1065 4395 de
1094 4339 1231 4394 mari
1260 4340 1422 4409 hujus
1450 4338 1637 4394 saeculi
1667 4337 1848 4411 (Matt.
1877 4353 1998 4404 xm,

404 4432 512 4502 47).
553 4430 800 4503 Cumque
827 4432 972 4502 capti
1002 4430 1206 4488 fuerint
1230 4432 1298 4488 de
1330 4441 1507 4488 morte
1524 4431 1591 4487 ad
1611 4432 1799 4497 vitam,
1826 4430 2002 4487 collo-

407 4524 672 4580 cabuntur
700 4524 753 4580 in
785 4524 1042 4580 domibus
1076 4525 1189 4580 suis
1216 4543 1228 4580 :
1270 4540 1392 4595 quae
1420 4524 1615 4579 horrea
1639 4533 1796 4580 vocat
1824 4524 2002 4579 Evan-

2101 3306 2309 3364 bellare
2355 3306 2733 3375 cupientibus,
2787 3304 2938 3359 solus
2974 3302 3111 3359 Juda
3142 3301 3382 3357 ﬁdeliter
3414 3301 3700 3371 ingressus

2101 3408 2188 3455 est
2216 3413 2388 3466 mare,
2421 3398 2564 3455 unde
2603 3406 2659 3454 et
2692 3414 2918 3468 regnum
2958 3399 3158 3453 meruit
3184 3395 3465 3465 accipere,
3508 3405 3564 3451 et
3595 3394 3706 3452 hoc

2101 3508 2223 3549 esse
2249 3492 2394 3563 quod
2417 3508 2558 3548 nunc
2579 3492 2825 3548 dicatur:
2853 3491 3020 3547 Judas
3050 3491 3203 3546 testis
3233 3504 3549 3546 sermonum
3575 3489 3692 3559 Dei,

2100 3596 2155 3643 et
2180 3588 2498 3658 astipulator
2524 3601 2588 3642 ac
2610 3586 2810 3641 vindex
2834 3583 3120 3640 descendit
3147 3598 3271 3639 cum
3299 3582 3412 3639 Deo
3434 3583 3490 3638 in
3518 3598 3692 3651 mare,

2101 3688 2157 3736 et
2186 3680 2336 3735 inter
2360 3689 2580 3735 sanctos
2610 3678 2709 3733 fuit
2741 3677 3097 3733 fidelissimus
3118 3716 3131 3740 ,
3171 3685 3226 3730 ut
3248 3674 3429 3730 verbis
3449 3672 3696 3745 iubentis

2100 3774 2354 3832 crederet
2376 3775 2493 3831 Dei.
2524 3774 2635 3829 Hoc
2657 3775 2731 3829 illi
2762 3774 2968 3830 dicunt.
2997 3772 3107 3829 Nos
3135 3782 3331 3844 emptae
3351 3772 3697 3843 explanatio-

2102 3868 2188 3923 nis
2211 3882 2501 3938 sequamur
2518 3867 2789 3933 ordinem,
2823 3866 2967 3937 quod
2991 3866 3418 3922 circumdederit
3437 3866 3695 3937 Ephraim

2103 3961 2248 4032 regia
2279 3959 2456 4015 tribus
2485 3968 2539 4016 et
2567 3959 2762 4015 domus
2792 3959 2958 4014 Israel
2978 4004 2991 4028 ,
3026 3958 3265 4029 populus
3292 3959 3383 4030 qui
3418 3958 3584 4014 tribui
3614 3974 3698 4016 re-

2101 4054 2203 4126 giae
2247 4053 2554 4120 serviebat,
2606 4062 2661 4108 et
2699 4053 3126 4109 circumdederit
3167 4068 3293 4110 eum
3327 4054 3380 4109 in
3405 4054 3699 4126 negatione

2104 4152 2219 4206 sive
2240 4148 2545 4215 mendacio,
2570 4148 2697 4204 dum
2732 4148 3018 4203 Dominum
3056 4156 3279 4219 negant,
3311 4156 3367 4203 et
3398 4148 3536 4204 idola
3566 4163 3701 4204 con-

2104 4241 2344 4298 litentur.
2393 4240 2561 4297 Judas
2612 4250 2818 4304 autem,
2870 4241 2974 4295 hoc
3005 4250 3119 4307 est,
3172 4240 3294 4296 dua:
3325 4240 3525 4306 tribus,
3577 4255 3699 4311 qum

2103 4338 2381 4394 habebant
2408 4336 2727 4408 Templum,
2779 4335 2979 4406 Legem
3004 4378 3021 4403 ,
3060 4334 3393 4405 Prophetas,
3431 4342 3488 4390 et
3516 4348 3702 4390 serva-

2104 4432 2235 4488 bant
2272 4440 2544 4501 priecepta
2582 4429 2737 4502 133
2770 4429 2988 4501 legalia,
3024 4435 3181 4482 erant
3204 4435 3373 4481 testes
3395 4471 3409 4495 ,
3451 4427 3704 4497 gradien-

2106 4535 2299 4596 tesque
2319 4528 2442 4579 cum
2474 4524 2589 4579 Deo
2619 4532 2817 4578 etcum
2847 4522 3051 4578 sanctis
3077 4518 3285 4575 fideles.
3319 4518 3551 4575 Sanctos
3572 4535 3703 4591 pos-

406 4618 605 4690 gelium
654 4616 833 4691 (Matt.
859 4617 1009 4688 xm),
1045 4618 1097 4673 in
1131 4617 1327 4688 quibus
1365 4618 1543 4673 electa
1578 4628 1633 4673 et
1659 4633 1687 4670 ιι
1713 4616 1883 4687 paleis
1912 4632 2000 4672 se-
2025 4604 2078 4664 Ι)
2105 4632 2294 4672 sumus
2324 4614 2509 4671 dicere
2552 4613 2641 4669 vel
2684 4614 2906 4682 angelos
2932 4658 2945 4678 ,
2992 4612 3079 4666 vel
3109 4611 3449 4681 patriarchas
3487 4627 3550 4668 ac
3580 4627 3707 4685 pro-

408 4720 591 4780 parata
647 4707 917 4764 frumenta
964 4708 1295 4765 conduntur.
1362 4708 1562 4764 Natura
1608 4708 1825 4762 leonum
1872 4721 1996 4764 esse

406 4802 611 4859 dicitur
636 4802 1255 4859 :utcuminfremuerint
1278 4811 1333 4858 et
1360 4803 1643 4874 rugierint,
1673 4803 1858 4857 omnia
1880 4802 1999 4858 ani-

408 4899 611 4955 mantia
646 4897 1106 4964 contremiscant,
1135 4906 1191 4953 et
1211 4898 1318 4953 llxo
1348 4898 1516 4967 gradu
1546 4912 1605 4953 se
1634 4911 1859 4953 movere
1888 4913 1996 4953 non

408 4992 649 5062 possint:
674 5000 855 5047 tantus
883 5005 1051 5061 pavor
1091 4998 1177 5046 est
1201 5000 1256 5046 et
1285 4998 1428 5046 tanta
1458 4988 1707 5046 formido.
1734 4990 1918 5060 itaque
1944 4999 2000 5046 et

408 5084 665 5141 Dominus
693 5100 818 5141 cum
842 5084 1014 5140 instar
1041 5084 1214 5140 leonis
1234 5083 1481 5155 rugierit,
1506 5092 1561 5139 et
1585 5083 1905 5151 intonuerit,
1936 5098 2001 5138 ac

406 5180 817 5237 dederitvocem
841 5185 1237 5249 suam,cunetae
1261 5192 1387 5233 aves
1411 5186 1467 5234 et
1484 5178 1740 5234 universa
1752 5177 1997 5234 volatilia

406 5274 866 5344 perhorrescent:
900 5282 959 5329 et
990 5271 1146 5328 ibunt
1170 5271 1235 5325 ad
1259 5271 1442 5342 nidos,
1478 5271 1530 5326 id
1558 5280 1673 5339 est,
1704 5272 1772 5326 ad
1802 5272 1998 5327 domos

406 5381 532 5421 snas
563 5365 617 5419 in
643 5364 839 5434 quibus
867 5364 1136 5419 Dominus
1170 5362 1433 5419 habitabit
1468 5377 1589 5419 cum
1612 5364 1714 5418 eis.
1748 5363 1999 5419 Dicamus

407 5468 464 5518 et
485 5460 682 5516 aliter:
715 5456 852 5515 Cum
878 5472 1042 5515 verus
1071 5456 1163 5514 leo
1190 5455 1566 5526 infremuerit,
1594 5456 1762 5514 falsus
1788 5457 1876 5514 leo
1904 5457 2001 5529 qui

483 5624 510 5652 δ
549 5615 657 5685 Pro
686 5615 901 5685 reliquo
935 5614 1191 5672 versiculi
1224 5624 1488 5673 contextu
1519 5616 1691 5672 Palat.
1735 5631 1870 5672 mss.
1903 5615 2003 5671 ha-

407 5683 766 5759 benthtera
791 5683 1065 5759 similiter:
1100 5689 1290 5744 eadem
1317 5704 1513 5759 nempe
1536 5687 1827 5755 utrobique
1852 5695 2000 5745 sunt.

479 5758 508 5797 ιι
546 5758 752 5832 Victor.
779 5756 1209 5832 eAx_Florentinis
1248 5756 1479 5827 quatuor
1521 5761 1680 5815 codd.
1731 5761 1891 5832 Rugit
1919 5776 2009 5814 au-

411 5841 513 5889 tem
540 5829 748 5902 quando
771 5828 919 5899 dicit,
947 5830 1081 5885 sicut
1103 5831 1304 5888 Adamn
1325 5845 1512 5905 ponam
1539 5843 1607 5899 te,
1622 5842 1669 5889 et
1696 5840 1748 5887 ut
1776 5828 2005 5889 Sl’boim.

2107 4711 2338 4781 phetas,
2372 4720 2427 4764 et
2449 4716 2676 4764 caeteros
2707 4707 2798 4776 qui
2839 4705 2930 4761 Dei
2964 4705 3199 4774 imperio
3234 4704 3570 4761 serviebant.
3622 4705 3705 4761 Ad

2104 4802 2569 4874 comparationem
2601 4800 2746 4854 enim
2786 4798 2936 4853 illius
2977 4796 3237 4868 temporis
3264 4812 3373 4868 quo
3404 4796 3521 4852 hare
3545 4795 3697 4853 dice-

2107 4897 2326 4960 bantur,
2367 4894 2659 4949 aberrante
2688 4890 2912 4962 penitus
2948 4889 3211 4960 Ephraim
3235 4933 3250 4956 ,
3302 4898 3356 4945 et
3398 4889 3703 4959 deceptoin

2109 4988 2374 5044 idolorum
2422 4984 2569 5040 cultu
2618 4984 2817 5048 Israel,
2871 4982 3021 5039 solus
3048 4981 3188 5038 Juda
3219 4989 3586 5045 remanserat,
3611 4982 3702 5050 qui

2107 5081 2164 5138 in
2194 5080 2288 5136 Dei
2315 5079 2466 5136 cultu
2496 5087 2553 5136 et
2585 5077 2911 5133 testimoniis
2950 5087 3281 5143 versaretur,
3320 5084 3375 5133 et
3402 5083 3587 5146 posset
3607 5074 3706 5129 de-

2105 5174 2374 5232 scendere
2405 5189 2528 5229 cum
2558 5188 2626 5229 eo
2651 5214 2666 5241 ,
2720 5173 2837 5227 sive
2887 5172 3048 5229 fortis
3083 5187 3206 5228 esse
3230 5186 3351 5227 cum
3379 5170 3523 5226 forte
3550 5186 3563 5223 :
3598 5183 3704 5225 nan

2107 5266 2228 5337 (1'1)
2254 5265 2402 5321 enim
2431 5274 2487 5321 et
2516 5265 2899 5320 descensionem
2942 5274 2987 5321 et
3018 5263 3373 5335 fortitudinem
3394 5260 3661 5333 signiticet
3686 5279 3699 5316 :

2108 5377 2208 5433 pro
2239 5375 2346 5430 quo
2386 5358 2586 5431 Aquila
2632 5359 2911 5416 transtulit
2938 5356 2963 5396 ἀ
2994 5361 3335 5433 ἱπικράτειαν.
3385 5356 3548 5411 Juxta
3578 5358 3704 5414 ἁνα-

2106 5460 2275 5533 ’γωγόν
2315 5453 2655 5512 circumdant
2693 5452 2938 5510 haeretici
2976 5452 3266 5508 Dominum
3301 5450 3355 5507 in
3389 5449 3701 5518 mendacio,

2188 5624 2210 5652 α
2253 5613 2501 5669 Martian.
2532 5613 2760 5669 retinuit
2788 5612 2976 5684 falsis:
3024 5614 3237 5670 tametsi
3277 5612 3487 5671 erroris
3523 5613 3700 5668 mani-

2105 5686 2230 5743 festi
2265 5686 2533 5741 Victorius
2556 5684 2767 5755 pridem
2797 5683 3197 5741 admonuisset.

2176 5756 2202 5794 δ
2235 5756 2325 5811 Sic
2352 5754 2883 5811 habentrectissime
2908 5770 3029 5811 cum
3058 5755 3289 5813 Victorii
3318 5754 3557 5812 editione
3579 5755 3700 5812 Pal.

2106 5844 2236 5887 mss.
2268 5829 2606 5907 ἑπικράτεικν,
2637 5828 2859 5887 tametsi
2884 5828 3137 5889 nonnihil
3164 5837 3424 5903 corrupte
3462 5827 3705 5888 scribant
