4120 6342
430 272 538 329 935

1683 273 1741 331 8.
1786 268 2064 332 IUSEBH
2101 270 2485 331 HIERONYMI

3612 279 3717 337 924

423 391 590 445 immo
621 392 674 445 in
707 390 1008 461 negatione.
1065 388 1338 461 Quidquid
1382 391 1526 446 enim
1560 391 1884 461 loquuntur,
1920 405 2016 446 ne-
2041 394 2095 455 Α
2120 399 2203 449 ιει·
2242 393 2532 450 simulasse
2569 393 2836 462 videatur,
2867 408 2931 450 ea
2960 394 3224 466 sapientia
3267 410 3389 465 quae
3419 395 3721 453 destruitur

428 485 595 555 gatio,
629 486 795 538 immo
827 482 1169 538 mendacium
1206 492 1325 537 est:
1362 491 1416 538 et
1440 484 1776 539 circumdant
1801 498 1926 540 eum
1962 485 2017 538 in

430 578 586 644 dolo,
616 577 731 633 sive
760 578 815 632 in
846 578 1128 646 impietate
1160 577 1354 632 domus
1381 578 1578 645 lsrael;
1610 578 1741 633 dum
1765 580 2017 634 universa

432 690 552 744 qum
592 674 871 735 simulant,
918 673 1115 728 artilici
1158 687 1412 729 sermone
1449 683 1810 743 componunt,
1838 684 1892 729 et
1922 674 2021 729 im-

432 769 690 839 pietatem
717 767 1013 837 loquuntur
1040 774 1229 821 contra
1259 766 1568 820 Dominum.
1619 764 1784 820 ludas
1814 776 2018 833 autem,

432 861 536 917 hoc
562 867 671 925 est,
706 860 787 915 vir
815 860 1221 916 ecclesiasticus
1242 906 1255 929 ,
1289 874 1396 914 non
1426 859 1705 931 superbit,
1736 875 1843 915 non
1870 859 2024 915 iulia-

432 962 519 1010 tur
548 960 763 1009 tumore
796 953 1089 1021 haeretica,
1143 954 1239 1009 sed
1286 952 1605 1008 bumiliatur
1640 968 1760 1009 cum
1789 954 1901 1009 Deo
1922 1000 1936 1023 ,
1969 963 2023 1010 et

433 1063 556 1101 cum
602 1057 914 1102 sanctorum
961 1047 1131 1102 choro
1163 1046 1339 1102 fidelis
1367 1056 1448 1102 cst
1488 1055 1542 1101 et
1569 1046 1861 1101 robustus:
1894 1046 2023 1102 dum

438 1138 672 1195 :edillcat
701 1138 920 1195 domum
951 1153 1103 1193 suam
1128 1152 1293 1208 super
1316 1147 1546 1209 petram,
1578 1154 1698 1209 quae
1716 1140 1863 1195 nulla
1889 1149 2027 1194 tem-

437 1240 647 1300 pestate
678 1230 957 1299 quatiatur
980 1228 1211 1301 (Motu).
1242 1228 1381 1284 LXX
1403 1229 1574 1284 multo
1603 1228 1761 1285 aliter
1787 1237 2026 1286 transtu-

436 1324 650 1379 lerunt:
702 1321 847 1393 quod
892 1332 946 1377 et
990 1321 1252 1391 Ephraim
1282 1332 1337 1377 et
1367 1322 1563 1378 domus
1590 1321 1751 1377 Israel
1782 1330 1835 1377 et
1860 1308 2024 1377 ludas

436 1415 897 1471 circumdederint
929 1415 1100 1470 Deum
1134 1416 1187 1469 in
1217 1415 1502 1472 mendacio
1531 1424 1586 1471 et
1622 1415 1676 1470 in
1718 1416 2023 1484 impietate,

441 1515 496 1563 et
526 1516 695 1563 tanta}
723 1508 1033 1563 clementiae
1058 1507 1131 1562 sit
1152 1507 1295 1561 Deus
1324 1516 1379 1562 ut
1411 1523 1517 1562 non
1543 1506 1609 1563 ab
1631 1507 1711 1562 eis
1741 1506 2030 1563 abscindat

439 1614 591 1671 spem
620 1600 840 1667 salutis;
872 1601 966 1656 sed
994 1610 1285 1671 cognoscat
1321 1602 1471 1668 illos,
1496 1611 1550 1656 ot
1582 1611 1800 1671 paratus
1821 1602 1895 1657 sit
1933 1616 2027 1657 vo-

439 1707 565 1748 care
611 1693 868 1764 populum
910 1701 1157 1748 sanctum
1198 1703 1252 1749 et
1286 1694 1548 1764 p0pulum
1591 1693 1707 1760 Del,
1744 1692 1836 1765 qui
1885 1709 2030 1749 nunc

2121 501 2151 540 a
2203 487 2334 555 Deo,
2366 502 2527 559 quam
2574 496 2630 543 et
2676 488 2973 565 Apostolus
3002 486 3247 560 praecipit
3286 488 3673 545 declinandam
3701 530 3716 555 ,
3800 474 3810 491 ’

2121 578 2347 633 dicens:
2388 578 2603 647 Videte,
2644 595 2707 633 nc
2734 579 2846 649 quis
2876 595 2966 634 vos
3006 576 3337 650 deprcsdetur
3371 595 3461 651 per
3492 579 3722 648 philoso-

2121 669 2300 743 phiam
2336 682 2383 726 et
2417 673 2628 727 inanem
2656 672 3031 741 seductionem,
3065 672 3350 728 secundum
3391 673 3722 728 traditionem

2123 760 2407 831 hominum,
2453 766 2736 819 secundum
2763 764 3017 821 elementa
3055 766 3239 820 mundi
3270 765 3498 838 (Coloss.
3533 781 3592 831 ll,
3637 767 3718 835 8).

2125 854 2231 910 Sed
2255 866 2309 910 et
2330 858 2511 912 oleum
2537 856 2639 913 fert
2662 858 2713 912 in
2737 857 3046 931 Egyptum,
3073 860 3187 915 sive
3210 866 3482 915 mercatur
3498 857 3724 931 Egypti

2125 947 2477 1022 sapientiam,
2522 950 2917 1007 Ecclesiasticis
2957 952 3181 1022 cupiens
3223 953 3455 1009 miscere
3499 953 3727 1025 dogma-

2128 1040 2270 1098 tibus
2316 1042 2496 1099 oleum
2551 1045 2844 1112 unctionis,
2888 1061 2995 1117 quo
3054 1047 3391 1117 uagabantur
3440 1047 3726 1118 propheta

2126 1148 2190 1189 ac
2225 1135 2562 1203 sacerdotes,
2593 1152 2699 1207 quo
2728 1138 3069 1209 ungebantur
3106 1148 3161 1196 et
3189 1154 3368 1211 reges.
3401 1140 3515 1195 l‘loc
3541 1139 3727 1197 oleum

2128 1226 2329 1284 habent
2368 1238 2422 1284 et
2452 1231 2649 1295 sancti,
2684 1228 2753 1285 de
2787 1230 2983 1301 quibus
3026 1231 3225 1287 dicitur
3255 1248 3269 1284 :
3316 1230 3447 1286 Filii
3476 1233 3552 1286 tui
3592 1232 3727 1287 sicut

2128 1321 2347 1376 novella:
2382 1322 2633 1377 olivarum
2677 1325 2731 1378 in
2761 1324 2983 1379 circuitu
3009 1342 3200 1381 mensa:
3229 1335 3330 1381 tua:
3372 1324 3492 1397 (Ps.
3523 1341 3727 1395 cxxvn,

2125 1412 2206 1485 4).
2235 1414 2298 1468 Et
2321 1414 2461 1469 bona
2487 1416 2631 1471 oliva
2660 1416 2716 1472 in
2736 1432 2841 1487 qua
2870 1418 3111 1474 oleaster
3138 1429 3332 1475 noster
3358 1420 3594 1476 insertus
3617 1429 3726 1476 est.

2128 1506 2389 1574 Quamvis
2425 1516 2608 1564 autem
2650 1516 2921 1569 conentur
2960 1509 3199 1567 haeretici
3234 1511 3452 1567 veritati
3495 1512 3733 1569 miscere

2132 1600 2495 1666 mendacium,
2528 1602 2713 1658 oleum
2747 1604 2906 1674 aquis
2933 1612 2990 1660 et
3016 1605 3233 1661 caeteris
3264 1606 3615 1662 humentibus
3643 1616 3730 1662 at-

2131 1708 2236 1763 que
2266 1692 2603 1766 liquentibus
2635 1697 2799 1753 rebus
2829 1712 2936 1752 non
2968 1706 3147 1769 potest
3185 1700 3456 1768 copulari.
3499 1698 3735 1769 Semper

440 1784 723 1855 impietate
750 1798 1039 1855 pervorsus
1070 1795 1173 1840 est.
1206 1785 1367 1841 Juxta
1401 1786 1757 1857 tropologiam
1784 1799 2022 1857 quoque,
2054 1788 2102 1848 B
2130 1788 2330 1845 veritas
2379 1802 2542 1859 supra
2595 1797 2700 1857 est,
2752 1790 3121 1862 deorsumque
3176 1793 3537 1849 mendacium.
3576 1794 3733 1866 135

441 1876 583 1932 velle
633 1875 803 1935 Deum
848 1884 904 1931 et
950 1875 1241 1933 haereticos
1286 1877 1516 1939 salvari.
1546 1887 1601 1933 et
1626 1876 2031 1933 ecclesiasticos

443 1979 789 2039 peccatores,
839 1979 893 2024 et
916 1983 1109 2025 omnes
1138 1984 1239 2026 suo
1265 1969 1534 2025 vocabulo
1562 1968 1886 2040 nuncupari.
1928 1968 2032 2037 Qui

441 2070 620 2119 autem
666 2077 795 2118 vere
840 2072 1064 2119 sanctus
1106 2072 1224 2132 est,
1277 2079 1384 2119 non
1424 2063 1729 2118 circumdat
1764 2063 1932 2119 Deum
1977 2064 2030 2120 in

444 2155 727 2212 mendacio
751 2196 767 2221 ,
810 2155 904 2211 sed
932 2156 984 2210 in
1010 2156 1259 2224 veritate,
1293 2155 1578 2211 Psalmista
1610 2155 1872 2213 dicente:
1920 2155 2032 2211 Po-

445 2259 555 2305 tens
584 2263 659 2313 cs,
690 2248 908 2305 Domine
927 2264 947 2304 :
994 2257 1041 2304 st
1068 2250 1258 2304 ueritas
1289 2258 1377 2304 tua
1399 2250 1454 2304 in
1480 2249 1700 2304 circuitu
1730 2256 1820 2304 tuo
1852 2248 2030 2322 (Psal.

443 2357 700 2408 usxvnt,
735 2341 817 2414 9).

516 2435 674 2510 (Cap.
706 2435 826 2497 XII.
847 2465 921 2484 -~
949 2436 1105 2493 Vers.
1142 2436 1222 2508 Ι.)
1248 2436 1501 2511 Ephraim
1525 2439 1690 2508 pascit
1722 2447 1950 2503 uentum,
1983 2449 2032 2495 et

444 2530 681 2598 sequitur
707 2538 892 2586 ustum
939 2545 958 2584 :
1003 2538 1112 2586 tota
1155 2531 1240 2586 die
1282 2532 1612 2587 mendacium
1659 2541 1705 2587 et
1748 2533 2041 2588 vastitatem

447 2625 804 2699 multiplicat:
831 2639 878 2683 et
909 2629 1076 2702 fatdus
1102 2645 1222 2684 cum
1251 2631 1481 2702 Assyriis
1516 2630 1634 2685 iniit
1662 2638 1749 2684 τοι
1780 2630 1950 2684 oleum
1984 2631 2044 2685 in

443 2719 743 2793 Afgyptum
772 2723 984 2795 ferebat.
1031 2722 1177 2780 LXX
1211 2742 1225 2779 :
1270 2724 1524 2797 Ephraim
1566 2732 1742 2781 autem
1787 2725 2043 2795 possimus

448 2813 688 2883 spiritus,
719 2826 1021 2887 prosecutus
1043 2827 1115 2871 est
1144 2826 1326 2873 castum
1352 2833 1368 2871 :
1392 2825 1499 2871 tota
1522 2817 1608 2874 dis
1628 2819 1806 2873 inania
1834 2825 1883 2873 ot
1912 2830 2047 2874 uana

2131 1882 2334 1938 Omnes
2364 1882 2485 1939 aliae
2521 1884 2754 1952 species,
2788 1885 2840 1940 id
2882 1895 2989 1954 est,
3024 1885 3290 1953 haereses,
3322 1902 3448 1958 quae
3485 1902 3592 1942 non
3633 1888 3736 1941 ha-

2133 1973 2285 2043 bent,
2315 1984 2373 2031 ut
2397 1977 2659 2045 diximus,
2691 1980 2875 2035 oleum
2907 1978 3176 2047 veritatis,
3208 1988 3441 2051 possunt
3468 1980 3570 2035 sibi
3598 1980 3736 2035 mis-

2134 2070 2267 2133 ceri,
2298 2077 2354 2125 et
2391 2068 2461 2126 de
2494 2070 2745 2142 pluribus
2777 2087 2943 2128 unum
2972 2071 3116 2128 allici
3142 2086 3366 2144 corpus.
3398 2072 3507 2129 Sed
3541 2072 3738 2127 harum

2134 2162 2318 2218 oleum
2370 2164 2514 2234 quod
2573 2165 2822 2222 defertur
2872 2167 2925 2222 in
2976 2166 3297 2239 Egyptum,
3352 2174 3409 2223 et
3464 2167 3534 2223 de
3589 2175 3741 2222 terra

2135 2263 2325 2310 sancta
2384 2256 2450 2311 ad
2505 2255 2807 2314 Pharaonis
2854 2274 3019 2330 regna
3078 2259 3398 2327 descendit,
3439 2258 3743 2315 detestatur

2137 2346 2419 2417 propheta,
2464 2348 2656 2405 dicens
2699 2369 2711 2405 :
2758 2351 2943 2406 Oleum
2980 2354 3266 2423 peccatoris
3305 2368 3411 2407 non
3453 2353 3743 2425 impiuguct

2139 2449 2291 2513 caput
2318 2457 2485 2497 meum
2511 2441 2629 2514 (Ps.
2659 2458 2783 2511 cn,
2812 2444 2891 2514 Β).

2214 2533 2393 2605 (Vera.
2418 2535 2475 2602 2,
2490 2537 2524 2590 5
2545 2535 2795 2609 ctseqq.)
2815 2536 3084 2593 Iudicium
3104 2555 3227 2612 ergo
3249 2538 3462 2594 Domini
3484 2538 3594 2612 [ΑΙ.
3621 2538 3743 2607 Dei]

2141 2644 2255 2682 cum
2280 2627 2425 2683 Iuda
2452 2647 2472 2684 :
2500 2638 2546 2683 et
2577 2631 2807 2685 visitatio
2836 2648 2993 2702 super
3018 2628 3186 2686 Jacob
3216 2647 3235 2687 :
3255 2635 3416 2706 juxta
3445 2633 3554 2687 tiles
3594 2637 3743 2705 ejus,

2142 2730 2189 2774 et
2202 2722 2359 2793 juxta
2386 2723 2780 2780 adiuuentloues
2808 2727 2921 2797 ejus
2947 2727 3128 2781 reddet
3168 2725 3278 2798 [AL
3307 2726 3545 2800 reddere]
3576 2727 3642 2782 ei.
3676 2726 3748 2782 In

2143 2823 2289 2869 utero
2315 2816 2665 2887 supplantavit
2688 2821 2905 2889 fratrem
2936 2836 3087 2873 suum
3112 2837 3132 2874 :
3158 2830 3205 2873 et
3236 2821 3289 2874 in
3317 2819 3628 2890 fortitudine
3650 2834 3747 2873 sua

450 2906 835 2979 multiplicauit,
862 2919 908 2964 et
938 2919 1296 2965 testamentum
1333 2926 1452 2966 cum
1481 2910 1709 2981 Assyriis
1737 2910 1952 2982 pepigit,
1995 2919 2046 2971 et
2146 2908 2372 2963 directus
2414 2919 2489 2963 est
2529 2927 2649 2965 cum
2688 2912 2893 2982 angelo,
2938 2920 2985 2965 et
3024 2912 3248 2966 invaluit
3297 2912 3365 2966 ad
3409 2912 3667 2985 angelum,
3700 2920 3747 2965 et
3790 2980 3797 2985 ν

451 3002 623 3057 oleum
650 3002 703 3056 in
736 3001 970 3075 ngypto
998 3003 1341 3060 mercabatur.
1375 3002 1544 3061 Sacra
1571 3011 1758 3058 narrat
1789 3002 2043 3070 historia,
2147 3003 2469 3073 confortatus
2503 3012 2568 3059 est
2596 3020 2614 3058 :
2639 3005 2799 3076 ﬂwlt,
2832 3013 2879 3058 et
2903 3006 3101 3076 rogauit
3129 3021 3267 3073 eum,
3299 3006 3355 3059 in
3384 3003 3568 3059 Bst/sel
3607 3004 3752 3057 inue-

454 3096 720 3152 Manalien
750 3112 934 3167 regem
980 3097 1172 3165 Israel,
1225 3113 1360 3168 pace
1417 3097 1552 3153 facta
1585 3110 1711 3155 cum
1744 3099 1934 3162 Assur,
1976 3099 2045 3152 ab
2148 3098 2223 3151 nit
2254 3114 2390 3167 eum,
2416 3108 2464 3155 et
2492 3097 2562 3153 ibi
2586 3098 2787 3152 locutus
2816 3106 2891 3150 cst
2920 3096 3213 3165 uobiscum,
3246 3106 3294 3153 et
3323 3096 3578 3150 Dominus
3610 3093 3748 3150 Deus

453 3188 725 3261 Egyptiis
753 3189 1013 3246 auxilium
1039 3191 1343 3261 postulasse
1369 3191 1460 3260 (IV
1492 3190 1622 3264 Reg.
1648 3191 1769 3262 xv),
1812 3190 1970 3264 13‘.
1990 3199 2046 3247 et
2072 3181 2118 3246 C
2149 3196 2481 3257 exercituum,
2527 3190 2781 3246 Dominus
2811 3189 3113 3246 momoriale
3140 3192 3275 3262 ejus,
3307 3199 3355 3245 et
3395 3200 3450 3244 tu
3480 3188 3551 3243 ad
3584 3188 3748 3242 Deum

453 3280 555 3335 hoc
582 3281 832 3351 estquod
865 3297 1008 3337 nunc
1038 3283 1259 3348 dicitur,
1290 3282 1549 3354 prraim
1582 3298 1807 3353 pascere
1828 3289 2042 3349 ventos,
2148 3299 2295 3345 tuum
2324 3289 2634 3343 converteris
2658 3301 2675 3340 :
2699 3286 3108 3343 misericordiam
3142 3294 3193 3339 et
3214 3284 3476 3358 judicium
3517 3281 3742 3348 custodi,

452 3375 505 3429 id
531 3385 635 3438 est,
668 3389 768 3446 spe
810 3391 947 3432 vana
981 3391 1042 3432 se
1079 3376 1356 3446 decipere.
1407 3378 1673 3449 sequique
1710 3386 1737 3417 κ
1782 3378 2044 3446 καύσωνα,
2147 3389 2196 3436 et
2223 3397 2372 3454 spera
2404 3382 2459 3435 in
2500 3378 2607 3433 Deo
2634 3387 2722 3434 tuo
2750 3395 2971 3452 semper.
3008 3376 3153 3434 LXX
3188 3394 3202 3431 :
3238 3375 3306 3431 Et
3325 3376 3594 3449 judicium
3634 3372 3747 3429 Do.

455 3467 557 3522 hoc
593 3478 700 3535 est,
732 3476 935 3535 aestum,
970 3478 1027 3524 et
1067 3469 1143 3525 ire
1173 3469 1239 3523 ad
1272 3470 1575 3537 Meridiem,
1618 3468 1862 3540 nihilque
1898 3469 2045 3525 aliud
2146 3475 2287 3529 mino
2326 3472 2437 3546 [ΑΙ.
2485 3470 2719 3545 Domini]
2768 3488 2884 3526 cum
2927 3470 3100 3537 Juda,
3143 3478 3198 3527 ut
3240 3470 3530 3524 ulciscatur
3556 3466 3745 3534 Jacob,

451 3574 615 3630 agere
646 3568 755 3614 tota
780 3560 869 3616 die
912 3562 1015 3615 nisi
1047 3561 1149 3616 sibi
1189 3561 1437 3618 illudere.
1472 3562 1537 3617 Et
1583 3561 1708 3617 dum
1743 3560 1848 3617 huc
1889 3562 2049 3617 illuc-

455 3666 563 3721 que
588 3651 882 3718 discurrat,
910 3653 1227 3710 vastitatem
1250 3664 1305 3709 et
1322 3655 1664 3711 eversionem
1685 3655 1802 3711 suis
1822 3654 2047 3711 urbibus

456 3760 789 3817 praeparare.
835 3745 1031 3803 Annon
1075 3755 1163 3803 est
1205 3748 1428 3803 vastitas
1464 3758 1629 3818 atque
1659 3747 2001 3804 mendacium
2029 3791 2044 3817 ,

458 3842 730 3911 pepigisse
775 3841 954 3897 lmdus
994 3857 1117 3897 cum
1148 3841 1407 3914 Assyriis,
1456 3851 1512 3898 et
1539 3842 1720 3898 oleum
1764 3841 1954 3897 tulisse
1993 3841 2047 3896 in

460 3932 795 4004 Egyptumi
820 3934 1201 4008 συνεκδοχικῶς
1228 3951 1256 3989 a
1285 3944 1437 4006 parte
1467 3944 1661 4003 totum,
1690 3935 1831 4006 quod
1859 3934 2050 3991 videli-

457 4036 543 4081 cet
571 4042 793 4084 tuunera
818 4027 1088 4100 Egyptiis
1111 4030 1338 4085 miserit.
1358 4028 1511 4084 Licet
1536 4028 1757 4098 quidam
1782 4028 2050 4084 arbitren-

457 4130 545 4176 tur
565 4122 709 4191 quod
740 4136 1080 4194 nequaquam
1108 4124 1157 4178 in
1185 4124 1423 4195 Egypto
1447 4123 1626 4178 oleum
1649 4122 1922 4193 gignitur;
1953 4121 2051 4178 sed

460 4216 922 4284 pretiosissimum
976 4217 1204 4273 missum
1254 4232 1378 4273 esse
1424 4217 1495 4274 ab
1547 4216 1801 4286 Ephrsim
1830 4257 1846 4283 ,
1899 4216 2053 4286 cujus

460 4318 604 4365 terra
628 4309 872 4365 Samaria
901 4310 1012 4367 olei
1042 4310 1376 4367 fertilissima
1407 4321 1514 4368 est.
1546 4311 1719 4368 Porro
1748 4309 2050 4370 secundum

2137 3571 2296 3640 juxta
2323 3566 2433 3619 vias
2473 3566 2605 3637 ejus,
2633 3574 2681 3620 ot
2703 3568 2863 3638 juxta
2892 3564 3279 3619 adiuvcutioncs
3308 3564 3421 3633 ejus
3457 3558 3634 3617 reddet
3678 3559 3745 3613 ei.

2148 3657 2217 3713 In
2251 3669 2393 3712 utero
2429 3656 2783 3729 supplantavit
2820 3658 3035 3727 fratrem
3078 3670 3228 3710 suum
3271 3661 3320 3709 et
3354 3655 3407 3707 in
3438 3652 3614 3709 labore
3655 3667 3750 3706 suo

2150 3749 2419 3821 prtcvaluit
2463 3749 2590 3816 Deo,
2630 3758 2674 3804 et
2710 3750 3034 3819 confortatus
3062 3756 3137 3802 est
3172 3762 3289 3801 cum
3317 3745 3525 3818 angelo,
3564 3752 3611 3797 ct
3651 3759 3747 3814 po.

2150 3845 2246 3898 tuit
2268 3860 2287 3898 :
2315 3846 2563 3915 ﬂeverunt
2592 3852 2640 3896 et
2669 3842 2933 3914 deprecati
2954 3848 3074 3897 sunt
3099 3854 3219 3895 me:
3246 3840 3298 3892 in
3336 3838 3489 3893 domo
3520 3834 3586 3892 ὢν
3610 3836 3753 3889 inve.

2151 3948 2336 3994 nerunt
2378 3954 2476 4005 nte,
2521 3946 2569 3992 et
2606 3937 2676 3991 ibi
2705 3935 2901 3991 dictum
2932 3946 3008 3990 ost
3037 3935 3105 3989 ad
3135 3950 3219 3989 eos
3251 3948 3267 3986 :
3300 3931 3553 3988 Dominus
3579 3937 3749 3985 autem

2152 4030 2294 4086 Deus
2317 4030 2633 4100 omnipotens
2661 4028 2757 4083 erit
2784 4026 3085 4082 memoriale
3106 4029 3242 4097 ejus,
3271 4033 3323 4079 et
3352 4034 3410 4078 tu
3436 4023 3494 4077 in
3527 4020 3632 4076 Deo
3663 4029 3751 4075 tuo

2151 4122 2484 4186 converteris,
2518 4118 2922 4174 misericordiam
2951 4127 2996 4171 ct
3023 4116 3279 4184 iudicium
3306 4116 3508 4172 custodi
3538 4128 3554 4169 :
3583 4122 3629 4169 et
3658 4130 3753 4185 apo

2151 4214 2445 4287 propinqua
2474 4208 2586 4267 Deo
2613 4221 2703 4266 tuo
2736 4226 2957 4281 seraper.
3003 4208 3262 4279 Ephraim
3302 4206 3472 4264 semel
3497 4214 3752 4285 pascente

2152 4313 2367 4370 ventos,
2397 4312 2454 4361 et
2481 4313 2745 4374 sequente
2775 4300 3145 4366 mendacium,
3184 4299 3279 4370 qui
3310 4299 3363 4355 in
3407 4307 3614 4355 tantam
3658 4313 3754 4355 ve-

455 4402 816 4474 tropologiam
829 4417 1020 4460 omnes
1035 4403 1274 4459 haeretici
1292 4404 1525 4473 pessimo
1539 4402 2054 4474 daemonumspiritu
2157 4401 2239 4456 ait
2267 4400 2584 4463 amentiam,
2620 4406 2680 4455 ut
2715 4398 2862 4454 inter
2891 4396 3027 4453 duas
3055 4401 3251 4467 gentes
3280 4392 3625 4450 advel-sarias
3655 4390 3754 4445 duo

456 4494 831 4561 continentur,
865 4495 933 4551 de
974 4510 1086 4566 quo
1122 4504 1181 4551 et
1214 4496 1266 4551 in
1312 4497 1580 4566 Apostoio
1623 4497 1886 4566 scriptum
1921 4503 2049 4555 est:
2156 4495 2279 4550 bius
2330 4493 2653 4559 ﬂuctuaret,
2706 4491 2911 4547 iaciens
2953 4504 3141 4559 pacem
3187 4503 3311 4545 cum
3371 4486 3647 4558 Assyriis,
3699 4493 3757 4540 et

456 4586 713 4642 Adversus
738 4587 1038 4658 spiritualia
1063 4590 1306 4661 nequitia:
1328 4591 1382 4645 in
1404 4590 1691 4646 calestibus
1716 4589 1940 4661 (Ephes.
1973 4605 2050 4657 vt,
2078 4578 2133 4642 D
2158 4589 2336 4644 oleum
2375 4597 2602 4659 portans
2631 4588 2684 4641 in
2716 4584 3008 4656 Egyptum
3031 4625 3046 4649 ,
3077 4597 3221 4639 nunc
3257 4579 3388 4639 mihi
3420 4593 3581 4635 omne
3611 4577 3757 4647 judi-

458 4680 571 4751 i0).
597 4682 664 4737 Et
692 4683 1001 4739 immundus
1022 4685 1244 4754 spiritus
1266 4700 1392 4741 cum
1422 4685 1617 4743 exierit
1636 4686 1705 4739 ab
1727 4684 1968 4751 homine,
1994 4693 2051 4741 et
2150 4682 2296 4737 cium
2326 4691 2414 4737 est
2440 4694 2563 4736 cum
2593 4678 2756 4743 luds,
2790 4689 2841 4730 et
2870 4676 3115 4731 visitatio
3140 4688 3306 4743 super
3334 4672 3525 4730 Iacob.
3560 4670 3756 4727 Visita-

459 4776 701 4844 requiem
747 4792 857 4833 non
908 4778 1202 4845 invenerit,
1250 4786 1457 4849 septem
1506 4779 1645 4835 alios
1686 4779 1916 4850 spiritus
1947 4793 2049 4834 ne-
2157 4773 2359 4830 tionem
2390 4782 2572 4828 autem
2610 4777 2773 4826 vocat
2813 4767 3023 4840 ﬂagella
3059 4775 3225 4834 atque
3255 4763 3547 4835 supplicia.
3576 4772 3637 4817 υι
3662 4762 3755 4831 (illi

456 4869 677 4940 quiores
718 4885 779 4926 se
814 4869 918 4925 sibi
948 4874 1199 4942 copulat.
1233 4882 1289 4930 et
1317 4873 1385 4930 ad
1422 4874 1709 4946 pristinam
1759 4874 2054 4931 revertitur
2159 4867 2416 4937 Epitraim
2463 4865 2723 4933 reddidit,
2774 4864 2922 4936 quod
2956 4862 3295 4927 merebatur,
3325 4859 3478 4917 ludat
3518 4872 3752 4927 quoque,

458 4962 678 5017 domum
709 4962 862 5035 (Luc.
896 4964 1017 5033 xit).
1044 4965 1250 5036 Spiritu
1284 4966 1451 5038 igitur
1490 4968 1727 5038 pessimo
1756 4977 2057 5038 sequuntur
2159 4961 2252 5030 qui
2279 4958 2347 5015 de
2376 4959 2548 5015 Jacob
2575 4969 2730 5028 ortus
2758 4965 2845 5013 est
2873 4957 3111 5020 semine,
3143 4952 3336 5011 reddat
3360 4953 3511 5022 juxta
3547 4952 3663 5004 vias
3703 4957 3759 5004 et

456 5062 716 5129 καύσωνα,
746 5060 798 5116 id
826 5070 930 5127 est,
960 5061 1277 5127 ariditatem,
1304 5063 1420 5118 sive
1448 5072 1655 5117 ventum
1679 5070 1927 5125 urentem,
1960 5058 2053 5130 qui
2156 5053 2306 5123 juxta
2336 5050 2761 5107 adinventioncs
2800 5063 2929 5106 suas
2956 5090 2970 5115 ,
3008 5048 3102 5119 qui
3146 5061 3252 5104 non
3283 5053 3491 5104 tantum
3536 5043 3757 5098 fortuito

455 5154 768 5210 contrarius
808 5153 1035 5210 tioribus
1081 5164 1187 5226 est,
1219 5162 1273 5211 et
1309 5155 1671 5226 germinantia
1711 5160 1909 5210 cuncta
1946 5152 2059 5208 dis.

460 5247 659 5318 perdit,
700 5256 808 5304 tota
840 5248 930 5305 die
969 5248 1150 5304 inania
1191 5262 1466 5319 vacuaque
1495 5256 1755 5313 sectatur,
1791 5259 1892 5301 nec
1932 5260 2056 5314 pros

457 5342 578 5411 prio
623 5355 814 5397 errore
854 5351 1144 5398 contentus
1193 5349 1298 5403 est.
1345 5340 1439 5396 sed
1492 5340 1691 5395 multos
1733 5337 2054 5408 discipulos,

455 5436 625 5492 immo
665 5436 900 5492 comites
926 5450 1039 5492 sua:
1070 5434 1323 5491 vanitatis
1358 5434 1672 5503 errorisque
1713 5431 2053 5503 multiplicat.

459 5526 662 5583 Foedus
692 5541 909 5599 quoque
943 5527 1071 5583 facit
1094 5542 1215 5583 cum
1245 5525 1505 5598 Assyriis,
1539 5540 1769 5596 quorum
1800 5524 2055 5594 princeps

454 5628 541 5676 est
568 5635 765 5676 sensus
810 5634 1059 5690 magnus,
1092 5630 1148 5674 ut
1180 5634 1533 5692 quaecumque
1568 5616 1809 5687 litaret-it,
1841 5616 2059 5686 sapien-

451 5741 802 5814 ἕπικρᾲτειαιῃ
829 5756 848 5814 :_
870 5740 1121 5814 Martiali.
1166 5740 1397 5814 retinuit
1422 5738 1691 5814 vitiosum
1712 5736 2020 5814 ἓπιὲρὰτων.

2161 5159 2353 5201 errore
2380 5144 2641 5214 deceptus
2663 5151 2771 5212 est,
2804 5152 2864 5199 et
2887 5142 3129 5221 humana
3157 5138 3399 5197 concidit
3430 5136 3755 5204 fragilitate;

2159 5237 2259 5294 sed
2289 5238 2568 5307 inquisivit
2589 5245 2645 5292 et
2671 5236 2955 5293 adinvenit
2978 5235 3032 5292 in
3062 5233 3257 5306 quibus
3286 5239 3538 5301 peccaret
3559 5239 3613 5285 et
3637 5245 3758 5282 rue—

2163 5338 2267 5386 ret.
2303 5331 2542 5399 Esponit
2570 5338 2751 5386 autem
2781 5337 2981 5399 quanta
3010 5328 3149 5383 bona
3179 5323 3370 5389 ludas,
3401 5323 3505 5378 hoc
3531 5329 3636 5384 est,
3668 5320 3759 5375 Ja-

2164 5424 2266 5481 cob
2296 5424 2593 5494 acceperit,
2624 5431 2679 5480 et
2705 5424 2760 5478 in
2793 5432 2949 5492 patre
2980 5420 3124 5475 illius
3158 5418 3501 5480 staminatur,
3533 5413 3761 5468 veteris-

2164 5534 2270 5591 que
2295 5519 2616 5574 recordatur
2637 5516 2902 5580 historite,
2935 5523 2991 5569 ut
3013 5522 3067 5569 et
3096 5513 3188 5568 Dei
3223 5507 3601 5566 misericordia
3632 5519 3759 5574 erga

2163 5612 2353 5681 Jacob,
2386 5621 2444 5669 et
2482 5611 2630 5669 illius
2676 5619 2868 5666 contra
2907 5607 3193 5662 Dominum
3224 5602 3425 5663 duritia
3463 5612 3758 5671 cognosca-

525 5755 802 5814 ικρατιιαον
829 5756 841 5790 :
870 5755 1121 5795 mruan.
1166 5755 1397 5794 retinuit
1425 5755 1691 5793 Vitiosum
1712 5755 2020 5868 ηιέῡατων.

525 5818 550 5845 ⁸·
583 5811 730 5868 Unus
759 5809 994 5868 Palatia.
1020 5818 1212 5883 καῦμα,
1247 5813 1392 5885 quod
1420 5811 1564 5870 idem
1590 5817 1771 5868 sonat.
1848 5806 2037 5879 tpault

2139 5809 2226 5872 ist,
2252 5798 2316 5854 At
2356 5813 2460 5853 non
2487 5805 2560 5851 est
2593 5811 2607 5850 :
2635 5792 2733 5863 al.,
2766 5792 2868 5847 Aut
2892 5795 3088 5864 non-cst
3116 5784 3354 5851 uastitas,
3379 5790 3489 5840 etc.
