4120 6342
415 277 521 335 925

1264 271 1914 333 COMMENTARIOBUH
1957 271 2024 331 IN
2063 268 2247 331 OSEE
2285 270 2415 331 LIB.
2459 269 2545 328 lll.
2590 268 2746 327 CAP.
2789 268 2907 327 XII.

3611 268 3719 326 θειθ

414 402 520 447 tur.
550 391 688 447 Dum
721 389 899 446 adhuc
931 400 1078 447 esset
1109 389 1163 447 in
1195 399 1352 448 utero
1384 391 1671 457 Rebeccae,
1701 388 2015 461 supplanta-
2046 392 2091 455 Α
2123 387 2225 444 hoc
2254 386 2465 443 dixisse
2490 386 2751 455 sufﬁciat,
2785 387 2881 445 sed
2915 386 3012 443 Dei
3043 402 3201 445 serva
3234 386 3511 457 mandata,
3545 386 3629 442 iac
3665 388 3719 443 in

411 485 489 539 vit
516 484 742 541 fratrem
772 499 930 541 suum
956 484 1100 541 Esau
1123 482 1280 555 (Gen.
1316 483 1468 553 xxv),
1503 497 1610 538 non
1636 482 1825 552 utique
1854 480 2011 537 forti-

412 578 602 635 tudine
629 579 873 650 prapria,
906 581 995 648 qui
1026 580 1231 636 sentire
1265 595 1369 635 non
1399 587 1645 649 poterat;
1673 578 1768 634 sed
1797 578 2013 635 miseri-

408 672 596 733 cordia
645 675 780 739 Dei,
813 674 904 743 qui
933 674 1211 745 cognoscit
1234 683 1288 731 et
1330 674 1506 745 diligit
1547 689 1665 736 eos.
1708 688 1843 743 quos
1874 688 2015 743 prm-

407 767 725 825 desttnavit.
755 768 913 840 136
934 768 1000 824 Et
1023 784 1128 824 non
1160 768 1333 824 solum
1366 769 1420 824 in
1446 778 1606 823 utero
1634 768 2011 836 supplantavit

408 859 636 917 fratrem
658 872 850 925 suum;
880 860 975 916 sed
1000 859 1053 917 in
1078 861 1396 917 fortitudine
1416 875 1638 931 quoque
1667 860 1903 915 directus
1927 869 2012 916 est

407 967 531 1011 cum
578 954 796 1022 angelo,
831 954 1051 1020 quando
1077 954 1142 1009 ad
1176 964 1478 1011 torrentem
1508 955 1677 1013 Jacob
1718 955 2009 1011 adversum

407 1049 661 1117 angelum
694 1056 804 1103 tota
846 1058 1005 1105 nocte
1048 1050 1300 1119 pugnavit
1344 1048 1500 1119 (Gen.
1546 1048 1740 1118 xxxii).
1776 1049 1846 1105 Et
1884 1050 2009 1117 quia

405 1138 650 1195 directus
690 1149 780 1195 est
818 1155 942 1195 cum
991 1142 1204 1212 angelo,
1252 1151 1537 1212 propterea
1580 1144 1859 1198 εὐθυτάτου
1898 1140 2005 1214 [AL

407 1233 720 1305 εὐθύτατον],
766 1235 909 1304 quod
958 1235 1225 1293 Hebraice
1272 1238 1473 1293 dicitur
1512 1252 1633 1293 lSAB
1674 1237 1854 1307 ('ttzt'l),
1907 1240 2010 1297 hoc

407 1337 512 1393 est,
545 1328 838 1400 dirigentis,
869 1330 984 1384 sive
1019 1330 1224 1396 directi,
1257 1346 1455 1386 nomen
1484 1332 1716 1401 accepit.
1752 1330 1821 1387 Et
1858 1333 2006 1387 inva-

406 1417 530 1486 luit,
563 1419 760 1489 inquit,
791 1422 1061 1476 adversum
1084 1421 1361 1493 angelum;
1392 1433 1446 1478 et
1473 1424 1591 1493 ejus
1625 1423 2009 1481 benedictione

403 1527 568 1580 quem
599 1513 825 1577 vicerat,
853 1514 1197 1571 confortatus
1219 1526 1325 1573 est.
1356 1516 1542 1573 Flevit
1564 1532 1802 1587 quoque,
1842 1528 1897 1574 et
1920 1534 2010 1573 ro-

403 1604 553 1675 gavit
572 1620 723 1673 eum,
752 1605 801 1659 id
826 1616 930 1672 est,
953 1608 1230 1678 angelum,
1256 1609 1444 1666 dicens
1470 1628 1483 1667 :
1511 1609 1635 1665 Non
1658 1620 1706 1666 te
1726 1612 2005 1680 dimittam,

405 1700 507 1755 nisi
526 1698 653 1755 mihi
679 1700 995 1757 benedixeris
1024 1700 1214 1776 (Ibid..
1244 1720 1392 1761 vers.
1424 1706 1543 1776 26).
1575 1706 1819 1778 Cumque
1837 1709 2006 1777 patris

406 1794 709 1863 matrisque
737 1794 971 1851 consilio
1000 1797 1053 1851 in
1086 1797 1540 1867 Mesopotamiam
1588 1799 1817 1869 fugeret,
1855 1801 2005 1857 inve-

406 1886 488 1943 nit
524 1887 781 1943 eumdem
817 1888 1070 1957 angelum
1101 1888 1154 1945 in
1196 1890 1413 1957 Bethel,
1443 1893 1533 1961 qui
1567 1893 1782 1950 locutus
1813 1902 1898 1950 est
1936 1895 2002 1951 ad

403 1991 552 2042 eum,
585 1976 798 2033 locutus
826 1986 907 2035 est
950 1979 1253 2045 nobiscum,
1288 1980 1337 2036 id
1373 1991 1477 2048 est,
1512 1984 1563 2037 in
1598 1992 1749 2052 patre
1790 1984 2004 2041 locutus

404 2078 461 2125 et
508 2068 634 2125 filiis
674 2079 781 2136 est,
823 2080 878 2126 et
919 2071 973 2128 in
1014 2071 1183 2127 Jacob
1212 2072 1406 2129 dilexit
1432 2084 1486 2129 et
1516 2073 1709 2130 Judam
1746 2093 1758 2128 :
1798 2090 1862 2131 ex
1896 2091 2005 2145 quo

405 2171 653 2230 tempore
684 2177 858 2233 usque
887 2164 954 2218 ad
998 2179 1265 2234 praesens,
1310 2165 1548 2221 nominis
1590 2166 1707 2237 ejus
1735 2167 1879 2238 quod
1924 2168 2004 2224 illi

402 2251 472 2305 ab
498 2252 704 2322 Angela
732 2263 789 2309 et
813 2268 843 2309 a
874 2254 987 2311 Deo
1019 2255 1336 2323 impositum
1370 2269 1451 2313 εει
1476 2299 1490 2325 ,
1524 2259 1789 2316 memoria
1823 2275 2006 2329 perse-

401 2354 579 2407 verat.
605 2346 738 2403 Cum
780 2348 897 2405 haec
921 2364 983 2407 se
1013 2350 1255 2409 habeant
1286 2354 1357 2409 ita
1386 2395 1398 2417 .
1430 2361 1484 2411 et
1518 2363 1595 2420 tu,
1627 2371 1660 2409 o
1687 2355 1845 2423 Juda,
1883 2358 2007 2415 imi-

399 2449 518 2497 tare
548 2451 833 2511 parentem
872 2451 1043 2513 tuum,
1075 2446 1228 2514 plora
1268 2457 1323 2502 et
1350 2463 1478 2517 roga
1514 2448 1805 2504 Dominum
1848 2466 2005 2507 exer-

399 2535 625 2601 cituum,
652 2545 708 2593 et
733 2536 798 2593 ad
828 2552 950 2593 eum
982 2549 1327 2597 convertere.
1363 2539 1586 2600 Custodi
1617 2552 1672 2598 et
1694 2544 2003 2601 misericor-

399 2627 542 2683 diam
578 2637 633 2687 et
666 2628 956 2698 judicium,
991 2640 1043 2686 et
1076 2646 1199 2687 cum
1233 2641 1524 2705 utrumque
1572 2635 1770 2691 feceris
1795 2676 1808 2700 ,
1841 2651 2002 2705 spera

401 2718 454 2774 in
487 2720 594 2775 Deo
620 2729 713 2777 tuo
743 2737 980 2791 semper,
1009 2723 1164 2779 bonis
1197 2725 1454 2793 operibus
1484 2726 1549 2781 ad
1591 2728 1797 2795 majora
1843 2729 2006 2798 profi-

398 2814 567 2871 ciens.
600 2816 703 2871 Pro
733 2831 800 2873 eo
829 2816 971 2886 quod
1003 2817 1056 2873 in
1089 2818 1353 2875 Hebraico
1379 2819 1562 2886 habet,
1595 2822 1730 2890 ﬂevit
1762 2832 1812 2875 et
1840 2840 1998 2895 roga-

399 2908 468 2959 vit
496 2923 613 2961 eum
640 2924 657 2962 :
686 2910 740 2963 in
773 2908 951 2963 Bethel
992 2910 1184 2967 inrenit
1217 2928 1357 2980 eum,
1390 2922 1434 2966 et
1467 2912 1536 2966 ibi
1566 2911 1769 2967 loeutus
1802 2925 1874 2969 est
1904 2931 2001 2969 no-

398 2998 615 3067 biseum,
663 3000 893 3071 legimus
940 3001 993 3059 iu
1037 3001 1279 3060 editione
1327 3003 1551 3075 Vulgata
1595 3024 1608 3061 :
1651 3008 1899 3076 ﬂeverunt
1950 3016 1999 3063 et

397 3103 708 3165 ragaverunt
740 3112 836 3159 me,
870 3095 925 3149 in
953 3096 1105 3150 domo
1135 3095 1202 3153 ὢν
1229 3099 1530 3154 invenerunt
1570 3116 1669 3168 me,
1703 3109 1749 3154 et
1786 3101 1857 3155 ibi
1888 3102 1998 3155 dic-

2114 488 2256 545 alios
2283 486 2734 556 misericordiam,
2771 496 2829 542 ut
2858 496 2911 543 et
2955 488 3074 558 ipse
3110 484 3548 547 misericordiam
3585 499 3720 545 con-

2112 580 2384 650 sequaris.
2416 578 2697 639 Judicium
2731 592 2924 635 verum
2950 577 3156 650 judice,
3188 587 3249 635 ut
3276 579 3333 637 in
3368 593 3479 649 quo
3502 576 3718 648 judica-

2112 675 2283 741 veris,
2311 673 2587 743 judicetur
2619 673 2690 729 de
2726 682 2797 729 te.
2830 671 2897 727 Et
2919 687 3083 743 spera
3117 673 3172 731 in
3199 673 3307 731 Deo
3341 683 3435 729 tuo
3471 686 3713 739 semper,

2113 767 2233 822 sive
2262 765 2636 837 appropinqua
2679 763 2793 823 Deo
2824 773 2915 825 tuo
2938 763 3165 835 jugiter,
3202 773 3263 820 ut
3288 765 3438 821 omni
3469 772 3720 836 tempore

2115 859 2166 913 in
2199 858 2401 917 virtute
2425 857 2742 927 proficiens,
2774 857 3319 928 appropinquespeo
3350 866 3464 913 tuo.

2183 951 2366 1023 (Vers.
2396 953 2446 1017 7,
2479 950 2559 1023 8.)
2591 949 2841 1008 Chanaan
2866 952 2919 1005 in
2946 967 3103 1007 manu
3132 955 3247 1024 ejus
3271 959 3467 1007 statera
3489 949 3709 1018 dolosa,

2112 1046 2426 1103 calumniam
2476 1045 2683 1115 dilexit,
2726 1056 2772 1099 et
2820 1045 2952 1101 dixit
3000 1044 3291 1116 Ephraitn:
3348 1044 3717 1103 Verumtamen

2112 1138 2247 1193 dives
2272 1136 2484 1207 e/I'ectus
2513 1155 2648 1209 sum,
2690 1139 2857 1195 inveni
2882 1138 3083 1194 idolum
3111 1140 3257 1209 mihi,
3291 1155 3467 1197 omnes
3510 1137 3715 1197 labores

2110 1235 2208 1288 mei
2265 1251 2366 1295 non
2411 1235 2667 1291 invenient
2736 1234 2863 1289 mihi
2911 1234 3233 1305 iniquitatem
3275 1250 3430 1306 quam
3485 1235 3713 1303 peccavi.

2111 1326 2257 1383 L’XX
2287 1346 2299 1381 :
2332 1326 2581 1383 Chanaan
2611 1328 2665 1383 in
2697 1344 2856 1383 manu
2884 1332 3001 1400 ejus
3023 1336 3221 1383 statera
3248 1328 3564 1400 iniquitatis,
3615 1345 3715 1398 op-

2111 1421 2333 1491 primere
2381 1438 2473 1492 per
2517 1422 2799 1492 potentiam
2838 1421 3066 1479 dilexit:
3109 1431 3159 1477 et
3217 1420 3348 1476 dixit
3408 1419 3710 1490 Ephraim:

2117 1512 2485 1569 Verumtamen
2505 1515 2643 1569 dives
2671 1512 2881 1585 e/feetus
2911 1529 3027 1569 sum
3050 1529 3069 1571 .°
3094 1513 3263 1569 inveni
3292 1513 3526 1584 requiem
3550 1511 3701 1583 mihi,

2112 1620 2283 1661 Omnes
2313 1603 2515 1662 labores
2535 1608 2648 1678 ejus
2678 1622 2784 1661 non
2815 1606 3135 1663 invenientur
3157 1607 3229 1673 ei,
3266 1614 3476 1678 prapter
3511 1606 3709 1677 iniqui-

2113 1708 2240 1757 tates
2262 1701 2313 1755 in
2346 1700 2531 1772 quibus
2559 1700 2804 1771 peccavit.
2831 1699 3117 1757 Monuerat
3161 1699 3354 1759 Judam
3383 1708 3442 1756 ut
3480 1714 3710 1755 conver-

2037 1780 2080 1841 Β
2111 1802 2317 1853 teretur
2346 1794 2414 1849 ad
2460 1795 2748 1851 Dominum
2780 1796 2945 1851 Deum
2974 1810 3152 1862 suum,
3189 1802 3244 1851 et
3274 1793 3705 1851 misericordiam

2106 1896 2351 1943 servaret
2374 1895 2537 1961 atque
2558 1887 2845 1957 judicium,
2876 1895 2932 1942 et
2955 1896 3202 1958 speraret
3229 1887 3282 1942 in
3307 1886 3538 1945 Domino
3561 1902 3707 1945 sem-

2109 1996 2223 2048 per,
2277 1982 2393 2037 sive
2454 1982 2921 2052 appropinquaret
2985 1981 3038 2037 ei
3114 1981 3336 2052 jugiter.
3411 1980 3565 2036 Nunc
3639 1979 3709 2039 ad

2105 2072 2380 2140 Epitraim,
2416 2072 2520 2130 hoc
2549 2081 2652 2134 est.
2678 2073 2743 2128 ad
2770 2073 2958 2131 decem
2991 2072 3167 2130 tribus
3197 2087 3381 2129 sermo
3425 2071 3703 2129 converti-

2106 2175 2211 2235 tur,
2241 2182 2404 2239 quem
2437 2167 2891 2233 vocathanaan,
2918 2169 3078 2240 juxta
3112 2167 3242 2223 illud
3270 2167 3415 2238 quod
3469 2165 3710 2238 loquitur

2106 2259 2297 2317 Daniel
2345 2260 2412 2317 ad
2464 2262 2864 2333 presbyterum,
2901 2261 2993 2333 qui
3032 2262 3219 2333 utique
3260 2270 3378 2317 erat
3401 2261 3467 2317 de
3499 2263 3712 2318 semine

2103 2351 2237 2407 Juda
2272 2372 2283 2409 ε
2316 2354 2505 2411 Semen
2535 2353 2808 2421 Chanaan,
2850 2364 2895 2409 et
2924 2371 3028 2409 non
3072 2352 3239 2423 Juda,
3270 2354 3469 2424 species
3510 2354 3713 2426 decepit

2104 2454 2153 2500 te
2182 2443 2347 2517 (Dan.
2379 2461 2494 2514 χιιι,
2524 2446 2640 2515 56).
2672 2446 2739 2501 Et
2782 2446 2836 2503 in
2892 2445 3142 2504 Ezechiel
3176 2446 3242 2501 ad
3288 2445 3590 2503 Jerusalem
3627 2443 3709 2501 di-

2103 2547 2249 2592 ctum
2297 2537 2530 2607 legimus
2559 2555 2573 2593 :
2607 2537 2769 2593 Pater
2800 2546 2920 2594 tuus
2960 2538 3317 2605 Amorrhwus,
3345 2547 3391 2592 et
3432 2545 3593 2591 mater
3621 2544 3713 2593 tua

2105 2630 2309 2689 Cet/iam
2339 2630 2552 2706 (Ezech.
2590 2648 2700 2695 xvi,
2722 2631 2801 2704 5).
2833 2634 2898 2687 Et
2924 2634 2974 2687 in
3003 2632 3139 2687 lsaia
3167 2631 3365 2689 dicitur
3394 2630 3461 2685 ad
3495 2629 3696 2689 tribum

2102 2725 2236 2779 Juda
2266 2745 2276 2779 :
2312 2726 2501 2781 Audite
2528 2725 2735 2781 verbum
2763 2723 2996 2793 Domini,
3025 2724 3281 2795 principes
3314 2723 3707 2781 Sodomorum:

2103 2820 2350 2891 percipite
2388 2819 2599 2874 auribus
2642 2819 2804 2893 legem
2850 2817 3063 2873 Domini
3109 2817 3297 2887 nostri,
3342 2816 3573 2889 populus
3598 2814 3710 2871 Go-

2102 2913 2324 2965 morrlta:
2372 2909 2526 2981 (Isai.
2568 2927 2605 2978 ι,
2653 2909 2766 2981 10).
2797 2910 2854 2965 In
2887 2909 3158 2965 Zachariae
3194 2923 3411 2979 quoque
3456 2919 3707 2963 extremo

2104 3003 2369 3059 versiculo
2396 3004 2624 3074 legimus
2657 3020 2670 3057 2
2701 3001 2766 3056 Et
2814 3020 2917 3058 non
2947 3004 3040 3056 erit
3094 3000 3417 3057 Chanana’us
3457 3002 3597 3056 ultra
3650 3002 3705 3056 in

2102 3095 2255 3147 domo
2285 3093 2492 3148 Domini
2521 3094 2641 3166 [ΑΙ.
2676 3092 2753 3147 De
2790 3093 3024 3167 civitate}
3056 3093 3240 3166 (Zach.
3275 3109 3394 3161 xw,
3418 3092 3530 3165 Si).
3564 3093 3707 3149 Dicit

397 3195 507 3241 tum
538 3196 609 3242 est
642 3189 710 3245 ad
740 3205 824 3243 eos
845 3206 863 3256 ;
887 3188 953 3247 ὢν
984 3190 1387 3261 interpretatur
1413 3192 1581 3248 dolor.
1609 3193 1663 3249 Si
1694 3195 1816 3264 quis
1845 3196 2001 3265 igitur
2030 3178 2075 3241 C
2108 3194 2288 3242 autem
2315 3187 2598 3253 Chanaan,
2635 3187 2737 3242 hoc
2772 3197 2877 3253 est,
2908 3186 3192 3256 Ephraim,
3226 3186 3429 3240 habere
3459 3185 3511 3238 in
3545 3200 3707 3239 manu

401 3276 514 3346 flet,
557 3289 611 3334 et
641 3280 750 3350 agit
788 3282 1192 3350 paenitentiam,
1232 3292 1291 3338 et
1330 3285 1615 3341 Dominum
1648 3286 1998 3358 deprecatur,

401 3372 648 3431 inveniet
677 3389 801 3429 eum
845 3376 897 3428 in
930 3375 1120 3431 dolore
1149 3376 1334 3432 cordis
1378 3378 1481 3445 sui,
1517 3387 1571 3433 et
1608 3394 1728 3433 cum
1772 3396 1895 3436 eum
1932 3382 2005 3438 in-

401 3466 698 3531 vocaverit,
736 3466 841 3521 sibi
874 3467 1061 3523 audiet
1107 3468 1557 3539 respondentem.
1587 3471 1882 3527 Possumus
1911 3473 2005 3529 Ju-

400 3555 522 3611 dam
549 3556 991 3613 Ecclesiasticum
1017 3558 1191 3615 virum
1226 3560 1561 3631 intelligere,
1592 3562 1680 3632 qui
1712 3578 1741 3617 a
1772 3562 2003 3619 Domino

400 3649 718 3718 corripitur,
746 3650 891 3719 quod
918 3667 1028 3707 non
1058 3652 1129 3709 sit
1152 3652 1510 3721 pristinorum
1538 3653 1591 3709 in
1616 3669 1676 3710 se
1706 3654 2005 3711 beneficio-

402 3757 519 3797 rum
547 3742 665 3812 ejus
696 3758 926 3808 memor,
956 3744 1052 3801 sed
1078 3745 1319 3816 quotidie
1349 3748 1590 3818 peccatis
1622 3758 1842 3817 peccata
1872 3764 2003 3805 con-

400 3835 601 3902 societ,
632 3844 685 3891 et
714 3836 937 3907 exponit
959 3852 1080 3907 qua:
1108 3838 1214 3892 sint
1248 3839 1364 3908 ipsa
1398 3838 1665 3894 beneﬁcia
1697 3856 1711 3893 :
1744 3839 1878 3894 Cum
1916 3850 1997 3909 te,

402 3928 594 3998 inquit,
642 3938 955 3987 nascentem
1004 3930 1058 3985 in
1087 3929 1194 3985 fide
1233 3931 1480 3987 EcClesia
1512 3933 1832 4001 parturiret,
1873 3948 2001 4005 sup-

404 4020 654 4089 plantasti
694 4021 940 4078 Judzeum
988 4023 1105 4079 sive
1150 4023 1413 4094 gentilem
1447 4024 1670 4080 fratrem
1726 4035 1907 4094 tuum,
1947 4036 2001 4083 et

400 4114 518 4183 ejus
548 4115 803 4187 accepisti
837 4117 1200 4186 primogenita
1224 4160 1238 4183 ,
1270 4124 1324 4171 et
1364 4117 1418 4172 in
1448 4117 1769 4173 fortitudine
1802 4127 1891 4173 tua
1919 4118 2003 4173 di-

400 4211 581 4258 rectus
607 4219 666 4260 es
691 4219 812 4260 cum
839 4205 1055 4275 angelo,
1088 4208 1171 4261 vel
1202 4206 1427 4262 vincens
1453 4206 1801 4263 atlversarias
1844 4207 1999 4263 forti-

403 4295 635 4362 tudines,
678 4297 766 4352 vel
810 4297 1101 4353 roboratus
1132 4298 1613 4355 benedictionibus
1658 4302 1861 4372 angeli,
1909 4302 2001 4372 qui

399 4391 517 4458 ipse
538 4400 622 4447 est
648 4391 812 4457 Deus,
839 4400 893 4447 et
921 4392 1191 4447 invaluisti
1220 4409 1318 4467 per
1346 4394 1572 4464 figuram
1601 4403 1790 4448 contra
1831 4410 1999 4465 ange-

403 4484 538 4551 lum,
576 4491 635 4539 ut
665 4484 1032 4540 invalesceres
1053 4495 1240 4541 contra
1283 4486 1556 4553 ltotltines,
1580 4494 1635 4542 et
1662 4488 1998 4543 confortatus

2108 3294 2203 3332 sua
2234 3289 2494 3335 stateram
2520 3280 2790 3345 dolosam,
2820 3280 2938 3336 sive
2972 3280 3236 3351 iniquam,
3261 3278 3489 3349 jubente
3514 3277 3705 3347 Scrip-

2110 3381 2245 3439 tura,
2304 3371 2478 3445 .lfqua
2521 3373 2621 3429 sint
2663 3373 2758 3427 tibi
2787 3373 3017 3445 pondera
3069 3372 3260 3444 (Levit.
3294 3371 3454 3443 snt);
3496 3378 3551 3427 et
3598 3386 3705 3426 non

2108 3463 2281 3517 Solum
2325 3462 2529 3520 habere
2576 3474 2834 3521 stateram
2885 3466 3121 3536 iniquam
3165 3480 3227 3518 ac
3274 3465 3567 3529 dolosam;
3606 3464 3704 3520 sed

2106 3555 2335 3625 diligere
2356 3555 2714 3625 calumniam,
2740 3566 2791 3611 et
2816 3558 3125 3629 opprimere
3150 3556 3398 3612 homines
3424 3571 3519 3627 per
3547 3554 3706 3629 138

2110 3647 2425 3716 potentiam.
2458 3648 2522 3704 Et
2556 3664 2621 3704 ne
2649 3657 2964 3720 putaremus
2992 3646 3249 3704 Chanaan
3281 3647 3450 3703 alium
3503 3664 3698 3717 quem-

2106 3743 2246 3813 piam
2274 3742 2644 3811 sentiendum,
2671 3744 2822 3815 ponit
2852 3743 3193 3799 manifestius
3217 3742 3309 3813 qui
3341 3743 3412 3797 sit
3442 3741 3542 3797 iste
3565 3739 3704 3796 Cita-

2109 3849 2268 3889 naan.
2320 3835 2464 3890 Dixit
2514 3834 2821 3905 Ephraim:
2885 3834 3249 3890 Verumtamen
3295 3835 3434 3891 dives
3495 3833 3711 3903 e/fectus

2106 3944 2265 3995 sum;
2300 3936 2466 3985 etest
2520 3943 2715 3987 sensus
2749 3946 2760 3983 :
2797 3928 2913 3984 Non
2955 3928 3125 3985 refert
3167 3928 3313 3984 unde
3368 3927 3706 3998 possideam,

2105 4022 2403 4078 dummodo
2432 4023 2765 4094 possideam.
2792 4022 2907 4079 lfoc
2937 4024 3129 4078 morbo
3159 4023 3413 4078 laborant
3452 4021 3705 4095 plurimi,

2104 4115 2171 4171 de
2212 4115 2409 4186 quibus
2446 4119 2709 4189 scriptum
2755 4127 2883 4173 est:
2926 4116 3141 4173 Diritite
3167 4125 3490 4191 congregata:
3534 4116 3711 4188 inique

2104 4222 2402 4267 evomentur
2431 4207 2552 4283 (Job
2576 4226 2666 4281 xx,
2694 4210 2785 4284 15)
2814 4230 2828 4266 :
2863 4209 3165 4283 Redemptio
3195 4211 3334 4266 enim
3374 4211 3561 4264 anima:
3590 4209 3709 4274 viri,

2103 4303 2545 4375 propritedivitiw
2575 4302 2759 4379 (Prov.
2801 4320 2921 4372 xm,
2954 4304 3033 4377 8).
3080 4303 3234 4361 Unde
3279 4303 3616 4374 prtecipitur,
3650 4312 3710 4358 ut

2104 4394 2367 4452 faciamus
2396 4395 2550 4452 nobis
2581 4396 2786 4453 amicos
2813 4396 2880 4451 de
2899 4398 3086 4466 iniquo
3108 4410 3443 4459 mammona,
3480 4396 3571 4466 qui
3605 4409 3707 4451 nos

2106 4488 2316 4557 possint
2349 4489 2596 4559 recipere
2634 4488 2685 4541 in
2724 4496 2934 4542 aeterna
2975 4486 3319 4543 tabernacula
3363 4484 3517 4558 (Luc.
3569 4484 3707 4557 xvi),

400 4592 479 4633 es.
520 4578 760 4649 Cumque
787 4592 937 4633 esses
978 4579 1257 4636 victoriam
1306 4591 1654 4646 consecutus,
1695 4580 1913 4646 flevisri,
1952 4592 2006 4639 et
2033 4561 2086 4621 Ῑ)
2113 4577 2369 4648 Ephraim
2394 4590 2573 4634 autem
2604 4580 2696 4649 qui
2743 4578 3012 4651 gloriatur
3041 4587 3096 4633 et
3132 4577 3306 4633 dicit:
3343 4577 3708 4633 Verumtamen

400 4671 605 4741 rogasti
629 4670 884 4740 angelum
918 4671 1158 4739 Domini,
1188 4681 1243 4728 et
1265 4683 1612 4743 peceatorum
1644 4683 1891 4729 veterum
1922 4691 2007 4731 re-

400 4760 681 4826 cordatus,
722 4761 976 4817 iuvenisti
1000 4776 1123 4816 eum
1165 4764 1218 4817 in
1242 4762 1454 4828 Bethel,
1491 4763 1595 4818 hoc
1620 4775 1722 4829 est,
1753 4764 1807 4818 in
1840 4765 2003 4843 domo

406 4854 520 4923 Dei,
544 4868 663 4926 quae
677 4852 1034 4922 estEcclesia,
1056 4854 1207 4928 137
1229 4855 1343 4910 sive
1362 4855 1413 4910 in
1434 4855 1595 4910 domo
1615 4854 1703 4922 ὢν,
1729 4857 1930 4913 doloris
1948 4866 2004 4914 et

403 4945 765 5016 laerymarum
789 4956 843 5001 et
866 4948 1224 5017 paenitentiae.
1254 4947 1317 5001 Et
1344 4955 1401 5001 ut
1422 4948 1684 5004 sciremus
1708 4950 1829 5017 quis
1855 4958 2003 5006 esset

403 5038 505 5093 iste
524 5037 712 5103 Judas,
738 5038 831 5104 ibi,
859 5038 1055 5110 inquit,
1084 5039 1301 5095 locutus
1328 5051 1411 5094 est
1434 5042 1735 5107 nobiscum,
1770 5043 1873 5099 hoc
1895 5050 2003 5107 est,

406 5130 563 5185 nobis
603 5130 956 5201 Christianis,
990 5139 1046 5186 et
1075 5147 1142 5187 ex
1185 5147 1252 5187 eo
1284 5142 1527 5203 tempore
1564 5148 1734 5203 usque
1776 5136 1827 5190 in
1863 5152 2004 5203 pra:-

404 5232 615 5279 scntem
643 5225 810 5292 diem,
843 5224 1043 5279 Christi
1084 5239 1375 5282 censemur
1407 5228 1647 5292 nomine,
1681 5239 1734 5284 et
1772 5230 1892 5300 ipso
1922 5229 2007 5286 di-

402 5316 614 5387 rigente
653 5319 998 5388 corrigimur.
1042 5321 1085 5376 0
1122 5321 1326 5390 itaque,
1372 5323 1456 5377 vir
1484 5324 1889 5390 Ecclesiaszice,
1915 5329 2008 5395 qui

403 5411 694 5479 appellaris
738 5412 927 5481 Judas,
970 5424 1027 5470 et
1061 5417 1351 5486 conﬁtens,
1394 5429 1721 5476 convertere
1759 5420 2032 5490 quotidie,

406 5519 502 5573 per
528 5507 898 5574 paenitentiam
931 5508 997 5563 ad
1027 5509 1316 5566 Dominum
1350 5522 1520 5579 tuum,
1549 5524 1603 5569 et
1625 5514 1667 5569 si
1707 5516 1847 5570 forte
1879 5531 2004 5584 pec-

406 5600 648 5664 caveris,
690 5600 905 5656 imitare
939 5603 1259 5673 prophetam
1304 5606 1576 5662 dicentem
1613 5626 1623 5661 :
1657 5607 1913 5662 Laboravi
1950 5611 2005 5664 in

406 5691 597 5758 gemitu
625 5706 762 5758 meo,
792 5693 974 5747 lavabo
1004 5711 1095 5766 per
1116 5697 1353 5770 singulas
1388 5708 1562 5754 noctes
1590 5701 1777 5754 lectum
1811 5718 1999 5770 meum,

408 5783 651 5853 larrymis
691 5785 816 5840 meis
849 5795 1069 5841 stratum
1108 5804 1272 5845 meum
1308 5792 1488 5864 rigabo
1519 5791 1637 5863 (Ps.
1675 5809 1747 5860 γι,
1786 5792 1862 5863 7).
1894 5793 2005 5853 Nec

2108 4673 2247 4725 dives
2278 4670 2487 4738 elfectus
2519 4687 2662 4737 sum,
2690 4671 2859 4725 inveni
2887 4671 3083 4725 idolum
3110 4671 3271 4737 mihi,
3296 4668 3413 4726 sive
3437 4671 3707 4745 ἀνωφελὲς,

2107 4762 2210 4817 hoc
2234 4772 2337 4829 est,
2364 4779 2504 4819 aven
2534 4761 2687 4853 (rei),
2713 4763 2857 4835 quod
2888 4778 2994 4818 non
3017 4764 3191 4833 prosit
3212 4763 3538 4835 possidenti,
3582 4778 3708 4819 cas-

2108 4870 2168 4911 so
2197 4855 2387 4912 labore
2430 4855 2663 4912 sudavit.
2713 4856 2866 4913 Sicut
2913 4867 3094 4913 autem
3143 4856 3318 4929 gulosi
3355 4866 3410 4913 et
3441 4855 3703 4913 luxuriosi

2106 4960 2295 5006 venter
2320 4950 2454 5008 deus
2480 4959 2586 5019 est,
2632 4950 2704 5007 ita
2743 4959 2797 5007 et
2838 4965 3037 5006 avarus
3084 4951 3273 5007 adorat
3314 4952 3435 5006 auri
3466 4950 3699 5018 idolum,

2111 5054 2163 5101 et
2187 5030 2319 5099 dicit
2358 5044 2409 5100 in
2448 5043 2614 5099 corde
2644 5060 2781 5099 suo:
2831 5044 3015 5099 inveni
3042 5044 3185 5116 quod
3226 5043 3579 5115 quaerebam:
3612 5043 3711 5100 sed

2108 5140 2334 5195 audiet:
2391 5139 2584 5209 Stulte,
2640 5140 2737 5194 hac
2778 5148 2927 5194 nocte
2970 5141 3204 5212 rapietur
3239 5142 3416 5193 anima
3449 5147 3539 5192 tua
3563 5147 3667 5192 ate
3690 5153 3710 5193 :

2108 5248 2224 5304 qua:
2266 5243 2438 5285 autem
2485 5232 2812 5301 praeparasti,
2853 5234 3003 5302 cuius
3047 5241 3194 5286 erunt
3237 5228 3391 5303 (Luc.
3433 5244 3532 5296 xu,
3577 5227 3710 5299 20)?

2108 5324 2349 5397 Cumque
2378 5325 2550 5380 semel
2596 5325 2782 5379 oculos
2834 5324 2951 5392 ejus
3002 5322 3342 5390 divitiarum,
3389 5336 3497 5375 non
3529 5319 3706 5375 dicam

2110 5418 2309 5489 fulgor,
2342 5417 2436 5471 sed
2465 5416 2685 5473 circitas
2708 5415 3011 5486 occuparit,
3057 5414 3337 5485 loquitur:
3379 5413 3582 5467 Omnes
3633 5412 3713 5466 la-

2109 5510 2273 5565 bores
2295 5509 2401 5564 mei
2428 5524 2533 5563 non
2565 5508 2844 5563 invenient
2887 5505 3228 5577 iniquitatem
3272 5519 3471 5567 meam,
3508 5505 3559 5558 in
3602 5519 3709 5573 qua

2110 5606 2352 5676 peccavi.
2387 5606 2452 5660 Et
2482 5587 2565 5660 est
2587 5617 2823 5660 sensus:
2871 5600 3133 5671 quidquid
3170 5612 3496 5670 peccavero,
3530 5597 3578 5651 si
3620 5601 3717 5651 ha-

2109 5701 2278 5755 buero
2302 5699 2517 5755 divitias
2538 5698 2606 5753 ab
2633 5697 2736 5764 bis,
2764 5696 2856 5766 qui
2884 5709 3004 5750 meo
3034 5694 3281 5764 indigent
3310 5691 3533 5759 auxilio,
3578 5690 3711 5749 mihi

2110 5809 2216 5850 non
2236 5794 2436 5863 poterit
2464 5789 2740 5860 imputari,
2770 5789 3065 5848 secundum
3098 5786 3232 5847 illud
3264 5785 3407 5860 quod
3439 5785 3718 5859 jscriptum
