4100 6336
465 266 572 325 927

1703 274 1763 335 S.
1805 272 2075 333 EUSEBII
2113 272 2503 333 HlERONYMl

3653 275 3755 334 928

457 383 571 457 esti:
604 384 672 442 Et
695 386 785 458 qui
807 387 989 459 iniqua
1014 388 1163 461 gerit,
1188 389 1502 446 benedicitur
1525 388 1646 461 (Ps.
1668 391 1785 464 1x):
1818 391 2055 449 Divitum
2083 393 2135 455 Α
2163 391 2367 450 latione
2392 401 2446 449 et
2464 393 2752 465 angustiis,
2779 400 2833 449 et
2864 393 3185 449 imminente
3220 391 3572 464 captivitate,
3602 391 3651 448 si
3682 401 3759 450 ta—

462 476 610 534 enim
641 479 799 535 amici
830 480 1007 537 multi.
1040 480 1192 538 Unde
1220 491 1276 538 et
1300 482 1367 538 ad
1395 483 1684 541 haereticos
1734 485 1838 541 hoc
1881 486 2060 557 ipsum

465 570 722 629 refertur.
757 572 1009 629 Chanaan
1061 576 1259 646 quippe
1302 575 1648 649 interpretari
1684 588 1885 649 potest,
1914 581 2065 651 quasi

466 676 744 723 moventes.
782 667 850 724 Et
880 679 1007 725 nota
1042 670 1189 741 quod
1211 670 1430 739 dixerit,
1460 674 1615 746 quasi
1642 684 1904 731 moventes
1948 675 2064 747 [ΑΙ.

465 758 760 832 mouentis],
804 776 915 818 non
961 773 1238 819 moventes.
1290 765 1578 823 Moventes
1604 775 1751 833 sunt,
1790 782 1887 825 eos
1927 782 2065 839 quos

465 852 807 925 deceperint,
830 856 983 927 quasi
1012 864 1316 925 moventes,
1362 858 1488 914 illos
1517 874 1655 930 quos
1709 860 2061 917 tentaverint.

468 946 575 1004 Sed
624 949 750 1020 quia
797 948 1005 1007 fundati
1062 962 1187 1007 sunt
1227 966 1393 1023 super
1431 962 1641 1024 petram
1685 953 1904 1027 (Matth.
1944 958 2061 1027 vn),

468 1041 619 1096 nullo
663 1053 891 1113 possunt
927 1045 1143 1102 turbine
1182 1048 1420 1115 concuti,
1464 1062 1565 1103 nec
1597 1049 1795 1119 pedum
1838 1065 2062 1106 suorum

466 1143 681 1191 mutare
703 1137 1009 1208 vestigium.
1038 1139 1095 1194 In
1127 1140 1432 1197 istiusmodi
1454 1141 1707 1198 Chanaan
1748 1159 1931 1212 manu,
1961 1144 2065 1201 hoc

465 1238 571 1297 est,
597 1231 873 1301 operibus,
901 1241 1101 1289 statera
1124 1234 1313 1291 dolosa
1345 1244 1431 1292 est
1453 1244 1510 1292 et
1531 1238 1715 1309 iniqua
1747 1256 1761 1305 ;
1803 1239 2064 1310 quidquid

466 1323 611 1379 enim
638 1324 924 1382 haereticus
952 1326 1228 1399 loquitur,
1272 1329 1373 1386 Dei
1418 1330 1683 1401 justitiam
1724 1346 1831 1388 non
1870 1332 2059 1402 habet,

466 1423 524 1471 et
552 1416 771 1485 plenum
804 1427 886 1475 est
907 1419 1015 1476 doli
1045 1430 1100 1477 et
1129 1420 1396 1477 fraudium
1430 1438 1445 1489 ;
1478 1421 1620 1479 unde
1646 1432 1701 1480 et
1733 1424 2062 1481 calumniam

466 1508 718 1581 diligunt,
750 1513 876 1568 dum
907 1514 1217 1586 deprimunt
1242 1518 1580 1586 innocentes,
1609 1518 1724 1575 sive
1750 1519 2066 1592 opprimunt

466 1617 562 1659 eos
593 1619 691 1676 per
717 1606 1033 1675 potentiam.
1063 1606 1402 1678 Opprimitur
1431 1624 1636 1680 pauper
1663 1610 2065 1668 ecclesiasticus

465 1696 801 1754 verbositate
854 1707 907 1753 et
946 1700 1171 1769 argutiis
1217 1700 1619 1767 haereticorum,
1649 1703 1739 1773 qui
1777 1712 2061 1773 postquam

2169 502 2295 544 men
2350 487 2546 544 feceris
2583 503 2706 558 qute
2753 487 3010 559 praecepi.
3062 485 3179 558 Ego
3206 486 3348 543 enim
3387 501 3507 543 sum
3547 485 3758 557 quiper

2167 594 2359 638 omnes
2387 581 2676 652 prophetas
2698 590 2754 637 et
2781 581 2926 636 varia
2947 595 3147 651 genera
3176 580 3445 636 visionum
3484 578 3755 635 assimila-

2168 680 2256 729 tus
2283 688 2403 729 sum
2434 672 2769 739 hominibus,
2802 683 2856 730 et
2883 684 2934 728 te
2960 672 3028 727 ad
3062 672 3438 742 paenitentiam
3492 685 3759 741 provocas

2168 765 2242 820 vi.
2274 764 2357 821 An
2389 782 2497 822 non
2522 776 2606 822 est
2630 768 2877 822 humanae
2907 764 3299 833 similitudinis,
3331 764 3551 836 quando
3597 764 3754 837 Moy-

2166 872 2257 914 ses
2279 860 2331 913 in
2363 859 2530 914 altum
2579 859 2850 916 extollens
2891 873 3086 914 manus
3114 864 3256 926 orat,
3287 866 3346 912 ut
3387 856 3547 913 Jesus
3574 856 3759 913 vincat

2167 953 2390 1009 Amalec
2420 953 2619 1025 (Exod.
2660 954 2831 1025 xvn),
2887 961 2943 1009 et
2989 952 3169 1007 crucis
3219 951 3271 1006 in
3305 964 3373 1007 eo
3421 960 3757 1007 sacramenta

2167 1055 2541 1104 monstrentur
2566 1049 2589 1102 ?
2614 1048 2806 1104 Nonne
2834 1047 2887 1103 in
2920 1045 3171 1102 manibus
3212 1042 3599 1115 prophetarum
3625 1042 3761 1100 assi-

2166 1140 2384 1198 milatur
2415 1141 2573 1214 ιω
2598 1142 2762 1206 Deus,
2793 1140 3014 1212 quando
3046 1138 3211 1195 Jonas
3236 1138 3409 1194 tribus
3459 1136 3651 1193 diebus
3696 1152 3760 1193 ac

2167 1235 2418 1291 noctibus
2448 1238 2500 1291 in
2525 1234 2793 1306 profundo
2822 1244 2929 1301 est,
2952 1241 3013 1288 ut
3034 1232 3322 1288 Dominum
3370 1230 3643 1301 significet
3669 1229 3759 1286 die

2171 1329 2330 1385 tertia
2358 1330 2427 1385 ab
2467 1328 2659 1385 inferis
2703 1337 3079 1398 resurgentem
3110 1326 3134 1380 ?
3160 1323 3541 1395 Multiplicatas
3580 1330 3760 1379 autem

2164 1424 2402 1480 visiones
2455 1424 2509 1479 in
2558 1424 2809 1479 omnibus
2860 1421 3141 1493 prOphetis
3215 1420 3490 1491 legimus,
3540 1416 3759 1488 quando

2166 1515 2194 1557 δ
2215 1515 2468 1573 Ezechiel
2497 1516 2781 1572 Dominum
2805 1516 2983 1572 cernit
3014 1515 3065 1569 in
3095 1513 3297 1585 auriga:
3316 1510 3537 1567 modum
3560 1509 3759 1566 seden-

2167 1621 2274 1668 tem
2303 1627 2467 1682 super
2494 1610 2788 1667 Cherubim
2829 1607 3046 1681 (Ezech.
3084 1606 3242 1680 xvn).
3270 1605 3335 1661 Et
3384 1604 3573 1672 Isaias,
3614 1601 3759 1669 Vidi,

2166 1706 2367 1776 inquit,
2402 1703 2685 1760 Dominum
2712 1704 2970 1758 sedentem
3002 1718 3156 1774 super
3208 1700 3453 1753 thronum
3502 1696 3763 1753 excelsum

462 1786 674 1859 aliquos
712 1788 1049 1860 deceperint,
1091 1792 1270 1848 solent
1299 1792 1483 1849 dicere
1509 1809 1523 1847 :
1556 1793 1758 1849 Divites
1806 1792 1933 1851 facti
1964 1810 2057 1850 su-
2088 1788 2138 1849 B
2164 1811 2212 1854 et
2227 1801 2499 1868 eleuatum,
2540 1808 2587 1854 et
2616 1799 2718 1854 duo
2750 1795 3025 1868 Seraphim
3050 1797 3107 1851 in
3136 1794 3361 1849 circuitu
3390 1795 3505 1863 ejus
3526 1791 3758 1846 claman-

464 1896 606 1949 mus,
643 1883 904 1940 habemus
934 1886 1221 1957 plurimam
1272 1886 1712 1954 multitudinem;
1766 1888 2062 1958 discipulo-

464 1990 585 2033 rum
619 1976 773 2033 turba
803 1992 902 2034 nos
931 1981 1179 2051 sequitur
1209 1996 1223 2045 ;
1273 1980 1576 2035 invenimus
1621 1980 1826 2036 idolum
1854 1981 1938 2037 vel
1981 1996 2062 2039 re-

468 2068 749 2142 frigerium
779 2072 955 2128 nobis.
989 2072 1198 2130 Idcirco
1244 2074 1390 2129 enim
1421 2074 1504 2129 vel
1542 2075 1781 2131 maxime
1829 2074 2065 2134 haereses

466 2175 886 2235 componuntur,
945 2177 1007 2223 ut
1061 2168 1327 2225 devorent
1368 2168 1560 2225 domos
1607 2169 1915 2238 viduarum,
1944 2187 2065 2243 quas

464 2272 681 2329 semper
710 2259 948 2339 discunt,
990 2272 1044 2318 et
1092 2276 1383 2333 numquam
1426 2261 1496 2318 ad
1544 2263 1828 2320 scientiam
1874 2280 2067 2335 perve-

464 2352 620 2408 niunt
649 2352 806 2427 139
825 2354 1070 2410 veritatis
1092 2354 1163 2427 (ll
1182 2353 1316 2409 Tim.
1347 2354 1447 2427 ut).
1482 2355 1549 2410 Et
1586 2356 1835 2426 pulchre,
1871 2359 2062 2426 inveni,

469 2445 565 2515 ait,
590 2443 790 2500 idolum
820 2445 965 2501 mihi.
998 2446 1187 2503 Omnia
1214 2447 1357 2503 enim
1387 2447 1765 2505 haereticorum
1809 2449 2066 2523 figmenta

468 2539 616 2596 idola
643 2554 769 2597 sunt
794 2552 849 2597 et
872 2542 1160 2598 simulacra
1189 2542 1474 2613 gentilium
1503 2561 1516 2599 :
1544 2558 1646 2600 nec
1684 2544 1913 2600 multum
1965 2544 2068 2601 dif-

463 2632 647 2690 ferunt
693 2635 745 2690 in
788 2636 1091 2706 impietate,
1138 2636 1266 2692 licet
1308 2638 1360 2692 in
1395 2638 1615 2694 nomine
1643 2636 1952 2709 discrepare
1989 2639 2070 2695 vi-

466 2726 716 2784 deantur.
749 2728 1050 2799 Solentque
1094 2730 1300 2800 dicere,
1347 2731 1608 2803 quidquid
1656 2732 1860 2801 fecero,
1910 2732 2070 2804 quid-

467 2819 594 2891 quid
627 2835 809 2891 egero,
834 2821 965 2876 mihi
1004 2837 1111 2878 non
1145 2824 1347 2893 poterit
1373 2823 1671 2894 imputari:
1723 2825 1893 2881 habeo
1922 2826 2067 2882 enim

467 2913 690 2969 divitias
710 2929 884 2981 meas,
915 2928 1232 2988 argumenta
1262 2916 1735 2990 philosophorum,
1769 2919 1947 2975 habeo
1976 2936 2072 2990 po-

466 3006 581 3076 puli
615 3006 1041 3077 multitudinem,
1077 3025 1236 3081 quam
1260 3012 1351 3083 qui
1381 3013 1677 3082 aspexerit,
1707 3028 1795 3069 me
1836 3028 2070 3084 peccare

466 3115 575 3156 non
609 3101 985 3159 arbitrabitur.

2166 1895 2239 1949 tia
2267 1894 2335 1947 ad
2381 1894 2615 1961 invicem,
2662 1899 2894 1959 sanctus,
2952 1898 3161 1945 sanctus
3187 1932 3202 1957 ,
3244 1895 3457 1943 sanctus
3505 1883 3764 1939 Dominus

2166 1984 2307 2041 Deus
2336 1985 2567 2041 Sabaoth
2606 1983 2759 2057 (lsai.
2805 2000 2878 2050 VI,
2925 1985 2980 2053 l,
3008 1982 3088 2054 2).
3115 1983 3181 2037 Et
3226 1980 3453 2037 Abacuc
3488 1977 3669 2035 stabat
3709 1976 3766 2033 in

2167 2078 2385 2149 specula
2418 2078 2525 2150 [ΑΙ.
2559 2074 2838 2149 spelunca]
2869 2089 2988 2144 sua,
3021 2084 3079 2129 ut
3109 2087 3313 2129 cornua
3333 2071 3545 2128 videret
3567 2072 3619 2125 in
3649 2084 3766 2125 ma-

2169 2172 2326 2227 nibus
2357 2170 2679 2234 Salvatoris,
2711 2170 2764 2224 in
2808 2168 3006 2238 quibus
3044 2165 3363 2223 abscondita
3392 2174 3476 2221 est
3501 2163 3771 2221 fortitudo

2169 2266 2285 2334 ejus
2315 2264 2499 2335 (Abac.
2534 2264 2639 2333 Ill).
2669 2262 2825 2321 Unde
2853 2272 2909 2317 et
2958 2260 3245 2316 Psalmista
3280 2260 3624 2315 conclamat:
3657 2259 3771 2311 Au-

2169 2358 2310 2412 diam
2337 2358 2461 2425 quid
2488 2358 2733 2429 loquatur
2762 2356 2814 2410 in
2837 2371 2918 2409 me
2938 2352 3192 2409 Dominus
3218 2350 3360 2407 Deus
3388 2350 3509 2424 (Ps.
3538 2364 3763 2418 Lxxxtv,

2168 2450 2261 2521 9).
2298 2449 2366 2505 Ut
2390 2458 2574 2505 autem
2604 2448 2843 2504 sciamus
2874 2459 3094 2501 omnem
3120 2442 3460 2516 prophetiam
3514 2445 3569 2499 in
3616 2440 3767 2498 Scri‘

2170 2542 2343 2614 pturis
2370 2542 2571 2597 sanctis
2592 2539 2858 2610 appellari
2889 2537 3152 2593 visionem
3190 2553 3203 2589 :
3238 2534 3306 2589 Et
3328 2535 3519 2605 omnis,
3565 2533 3761 2605 inquit,

2170 2634 2397 2710 papulas
2422 2635 2624 2690 videbat
2672 2649 2840 2688 vocem
2890 2630 3102 2686 Domini
3131 2627 3333 2702 (Exod.
3379 2644 3570 2696 xxvm,
3624 2628 3767 2700 18):

2171 2730 2317 2786 unde
2344 2739 2397 2786 et
2426 2728 2709 2802 prophetae
2735 2735 2861 2782 ante
2887 2724 3213 2781 dicebantur
3242 2722 3509 2779 videntes.
3556 2720 3640 2777 Ad
3671 2734 3769 2777 eos

2170 2838 2387 2895 quoque
2417 2824 2506 2894 qui
2545 2823 2614 2878 ab
2638 2821 2910 2877 haereticis
2936 2818 3147 2876 seducti
3176 2826 3326 2884 sunt,
3348 2816 3546 2873 dicitur
3591 2822 3647 2872 ut
3675 2828 3769 2871 re-

2171 2926 2455 2972 vertantur
2501 2906 2568 2971 ad
2619 2915 2929 2983 Dominum,
2989 2912 3082 2984 qui
3133 2912 3342 2967 mavult
3392 2908 3766 2983 paenitentiam

2172 3011 2499 3083 peccatoris,
2549 3025 2711 3080 quam
2785 3016 3018 3064 mortem
3072 3004 3291 3075 (Ezech.
3336 3004 3527 3075 xvnt):
3587 3002 3767 3072 ipsum

2171 3106 2315 3162 enim
2344 3120 2463 3161 esse
2485 3104 2575 3175 qui
2614 3118 2711 3160 eos
2740 3101 2996 3159 eduxerit
3016 3100 3084 3156 de
3120 3109 3262 3155 terra
3292 3097 3533 3169 Egypti,
3576 3094 3630 3151 id
3657 3103 3768 3163 est,

538 3192 721 3266 (Vers.
747 3196 779 3251 9
810 3206 865 3252 et
909 3197 1024 3269 l0.)
1065 3197 1130 3252 Et
1179 3215 1272 3272 ego
1322 3198 1573 3254 Dominus
1602 3200 1742 3255 Deus
1792 3210 1909 3255 tuus
1931 3210 1957 3239 α
1978 3204 2066 3271 qui
2092 3180 2138 3244 Ο
2170 3199 2239 3257 de
2262 3200 2501 3257 tenebris
2531 3209 2587 3255 et
2613 3211 2803 3253 errore
2824 3194 3127 3267 gentilium.
3164 3192 3232 3248 Et
3259 3206 3327 3247 ne
3372 3190 3599 3245 forsitan
3630 3203 3768 3259 pec-

465 3289 620 3343 edu.ri
649 3298 697 3343 te
715 3290 779 3344 de
806 3299 946 3345 terra
983 3290 1227 3363 ngypti,
1276 3293 1451 3347 adhuc
1496 3293 1672 3349 sedere
1697 3302 1746 3348 te
1783 3295 1974 3366 faciant
2009 3295 2063 3349 in

465 3378 813 3435 tabernaculis
838 3382 974 3435 sicut
1011 3383 1064 3436 in
1099 3381 1277 3436 diebus
1308 3384 1621 3453 festivitatis,
1642 3395 1688 3439 et
1724 3385 1922 3441 locutus
1949 3403 2064 3441 sum

464 3487 620 3544 super
647 3472 955 3544 prophetas,
1012 3483 1060 3527 et
1109 3489 1201 3545 ego
1228 3475 1478 3530 visionem
1525 3476 1883 3547 multiplicavi,
1930 3480 2063 3534 etin

460 3579 619 3618 manu
650 3565 1023 3635 prophetarum
1043 3566 1364 3622 assimilatas
1406 3586 1540 3625 sum.
1574 3569 1757 3627 LXX:
1808 3570 1922 3645 Ego
1965 3588 2064 3627 au-

465 3669 565 3713 tem
616 3658 873 3715 Dominus
912 3658 1053 3715 Deus
1099 3670 1218 3717 tuus
1261 3662 1421 3718 eduxi
1469 3673 1516 3718 te
1544 3665 1608 3719 de
1634 3676 1769 3720 terra
1801 3666 2020 3739 Az'gypti
2044 3684 2063 3721 :

463 3754 638 3809 adhuc
660 3755 895 3810 habitare
925 3767 973 3811 te
994 3758 1182 3828 faciam
1204 3761 1258 3813 in
1282 3760 1652 3829 tabernaculis,
1705 3762 1837 3815 sicut
1876 3762 1929 3815 in
1954 3762 2065 3814 die-

462 3847 555 3902 bus
586 3850 945 3917 solemnitatis,
979 3861 1024 3905 et
1048 3852 1233 3921 loquar
1250 3854 1317 3906 ad
1336 3852 1632 3923 praphetas,
1655 3862 1705 3909 et
1731 3870 1822 3926 ego
1843 3854 2064 3909 visiones

464 3939 835 4009 multiplicavi,
871 3953 917 3995 et
945 3944 998 3999 in
1038 3945 1276 4000 manibus
1318 3946 1689 4016 praphetarum
1744 3947 2062 4002 assimilatus

466 4048 602 4087 sum.
636 4032 714 4088 Tu
748 4033 965 4103 quidem
990 4046 1137 4091 tanta
1159 4039 1422 4107 peccasti,
1455 4047 1514 4093 ut
1540 4038 1806 4095 laetareris
1838 4042 1891 4095 in
1943 4056 2064 4097 sce-

465 4123 601 4193 lere,
636 4133 692 4181 et
718 4125 1117 4184 multitudinem
1149 4139 1488 4199 peccatorum
1532 4138 1750 4201 putares
1776 4146 1897 4188 esse
1924 4132 2065 4189 divi-

464 4219 591 4284 tias,
623 4229 680 4276 et
725 4221 939 4280 diceres
968 4241 980 4279 :
1007 4225 1167 4281 Dives
1192 4224 1419 4281 effectus
1444 4241 1590 4294 sum,
1631 4226 1812 4283 inveni
1857 4227 2063 4284 idolum

468 4314 603 4370 mihi
629 4332 641 4369 :
668 4331 861 4373 omnes
884 4318 1097 4374 labores
1127 4319 1235 4375 mei
1258 4328 1476 4389 peccata
1508 4333 1626 4375 mea
1654 4320 1903 4377 invenire
1954 4336 2063 4378 non

464 4415 739 4476 poterunt.
794 4408 907 4480 Ego
945 4420 1127 4488 autem
1191 4411 1452 4465 Dominus
1500 4411 1644 4466 Deus
1689 4421 1813 4469 tuus
1875 4414 1964 4483 qui
2011 4422 2065 4469 te

463 4500 624 4557 eduxi
657 4502 725 4559 de
758 4512 903 4559 terra
936 4503 1151 4576 Ευριὶ
1183 4504 1378 4575 (Exod.
1411 4504 1488 4577 v),
1536 4506 1756 4577 quando
1785 4506 2065 4564 servicbas

2167 3292 2274 3347 cati
2309 3306 2583 3347 memores
2624 3290 2833 3345 tardius
2878 3293 3267 3343 revertantur:
3314 3283 3512 3347 adhuc,
3570 3282 3767 3355 inquit,

2166 3383 2365 3440 sedere
2410 3398 2506 3438 vos
2546 3381 2744 3436 faciam
2780 3380 2834 3434 in
2882 3377 3269 3442 tabernaculis,
3302 3377 3444 3431 sicut
3487 3375 3542 3431 in
3575 3375 3770 3431 diebus

2167 3475 2475 3532 festivitatis
2506 3490 2519 3528 :
2549 3483 2609 3529 ut
2633 3471 2779 3545 quod
2803 3471 2935 3527 facit
2960 3470 3254 3539 baptisma,
3280 3469 3385 3523 hoc
3410 3466 3576 3523 faciat
3596 3468 3771 3538 ι)ωηί-

2165 3571 2356 3638 tentia,
2400 3577 2454 3623 et
2499 3568 2747 3623 habitent
2789 3567 2842 3621 in
2894 3564 3262 3619 tabernaculis
3309 3562 3632 3631 Salvatoris,
3664 3561 3770 3618 hoc

2165 3672 2267 3730 est,
2300 3662 2350 3716 in
2383 3659 2670 3725 Ecclesiis,
2694 3658 2762 3714 de
2791 3656 2988 3728 quibus
3024 3655 3223 3712 dicitur
3252 3672 3264 3708 :
3298 3652 3553 3722 ,Ριαηταιὶ
3590 3656 3643 3708 in
3670 3655 3770 3709 do-

2165 3771 2249 3810 mo
2294 3754 2538 3821 Domini,
2601 3754 2651 3807 in
2702 3751 2849 3806 atriis
2901 3751 3085 3805 domus
3141 3748 3239 3803 Dei
3296 3748 3460 3802 nostri
3511 3747 3768 3817 ﬂorebunt

2166 3847 2286 3922 (Ps.
2311 3864 2422 3914 xei,
2459 3850 2523 3903 lli
2548 3848 2590 3920 ).
2619 3848 2684 3902 Et
2730 3860 2800 3901 ne
2848 3851 3063 3915 putent,
3088 3840 3488 3897 haeresiarchas
3536 3848 3593 3896 et
3618 3842 3769 3911 prin-

2165 3944 2316 4013 cipes
2354 3942 2558 3998 erroris
2603 3941 2719 4007 sui,
2757 3938 2854 3993 Dei
2898 3939 3110 3993 locutos
3154 3935 3396 4007 spiritu:
3449 3934 3564 4005 Ego
3618 3948 3763 4002 sum,

2166 4035 2363 4105 inquit,
2395 4037 2485 4107 qui
2517 4035 2728 4091 locutus
2756 4047 2875 4088 sum
2902 4032 2966 4087 ad
2998 4031 3312 4101 prophetas.
3342 4039 3528 4085 etnon
3558 4027 3625 4083 ad
3656 4042 3766 4117 ma-

2166 4130 2369 4203 gistros
2420 4140 2669 4185 vestros:
2723 4138 2779 4184 et
2803 4142 2905 4199 ego
2933 4126 3173 4182 visiones
3218 4124 3595 4195 multiplicavi,
3625 4133 3680 4179 et
3710 4124 3763 4180 in

2166 4237 2330 4277 manu
2385 4220 2770 4292 prophetarum
2819 4233 3064 4275 meorum
3100 4216 3195 4289 qui
3246 4216 3465 4274 suntin
3513 4215 3765 4273 Ecclesia

2166 4314 2470 4380 constituti,
2500 4312 2837 4370 assimilatus
2866 4325 3006 4367 sum.

2240 4408 2423 4483 (Vers.
2453 4408 2568 4479 ll.)
2610 4406 2670 4463 Si
2724 4405 2933 4461 Galaad
2981 4404 3203 4474 idolum,
3261 4418 3381 4474 ergo
3407 4401 3519 4476 [AL
3572 4400 3765 4475 tamen]

2169 4505 2367 4575 frustra
2395 4509 2544 4557 erant
2566 4501 2617 4554 in
2641 4498 2832 4571 ϐαιᾳαί
2855 4497 3017 4553 bobus
3039 4497 3367 4553 immolantes
3394 4513 3413 4563 ;
3444 4512 3563 4552 nam
3584 4505 3633 4551 et
3679 4494 3767 4549 al-

466 4593 756 4662 Pharaoni,
806 4605 862 4652 et
892 4573 1200 4652 aedificabas
1228 4596 1296 4654 de
1351 4573 1480 4654 luto
1511 4573 1570 4655 et
1592 4600 1760 4671 paleis
1784 4601 2057 4667 civitates,
2090 4573 2142 4633 θ
2168 4573 2301 4649 toria
2329 4610 2505 4649 eorum
2534 4593 2680 4664 quasi
2707 4592 2877 4647 acervi
2899 4607 3054 4663 super
3097 4588 3271 4645 sulcos
3292 4588 3424 4660 agri.
3470 4586 3615 4644 LXX
3640 4606 3652 4643 :
3693 4586 3756 4643 Si

467 4685 643 4740 adhuc
672 4687 850 4743 tribuo
880 4688 976 4743 tibi
1008 4688 1184 4743 locum
1218 4690 1579 4763 ptenitentite,
1612 4702 1670 4749 et
1693 4693 2064 4765 magnitudine

464 4777 859 4849 promissorum
889 4780 1098 4849 hortor,
1146 4792 1203 4838 ut
1231 4783 1297 4839 ad
1331 4800 1417 4841 me
1447 4785 1642 4842 redeas
1663 4828 1679 4853 ,
1710 4787 1888 4843 adhuc
1915 4788 2062 4844 enim

464 4872 659 4928 sedere
693 4882 744 4929 te
770 4873 965 4930 faciam
990 4875 1041 4931 in
1073 4879 1435 4935 tabernaculis
1464 4880 1607 4937 sicut
1631 4880 1685 4936 in
1720 4881 1911 4937 diebus
1953 4882 2064 4938 fes-

466 4963 711 5020 tivitatis.
740 4965 891 5021 Diem
923 4967 1251 5037 festivitatis,
1279 4970 1667 5044 Scenopegiam
1692 4984 1870 5039 vocat,
1890 4976 2067 5045 septi-

467 5070 558 5110 mo
583 5070 791 5120 mense,
836 5056 1233 5127 quintadecima
1296 5061 1385 5117 die
1430 5065 1659 5132 mensis,
1726 5065 1945 5136 quando
1995 5068 2064 5121 de

469 5146 706 5219 Egypto
734 5152 937 5220 egressi
967 5162 1094 5207 sunt
1123 5153 1213 5208 lilii
1248 5153 1436 5213 Israel.
1465 5158 1638 5228 Sicut,
1668 5157 1866 5230 inquit,
1922 5158 1973 5213 in
1999 5173 2067 5213 eo

468 5248 713 5310 tempore
748 5250 801 5297 te
841 5242 911 5300 de
939 5243 1179 5317 IEgypto
1224 5247 1480 5316 liberavi,
1510 5259 1565 5304 et
1594 5250 1848 5305 habitasti
1902 5251 1955 5305 in
1990 5259 2070 5307 ta-

465 5331 773 5391 bernaculis
798 5337 865 5392 ad
912 5346 1114 5394 terram
1154 5348 1421 5405 sanctam,
1454 5353 1511 5397 et
1550 5342 1619 5398 ad
1648 5342 1825 5398 locum
1873 5344 2065 5414 templi

465 5428 547 5485 ire
576 5430 841 5487 festinans
870 5447 887 5487 :
915 5432 997 5490 sic
1024 5433 1190 5490 etiam
1220 5449 1363 5490 nunc
1402 5434 1630 5492 educam
1680 5445 1735 5493 te
1770 5437 1840 5493 de
1887 5437 2062 5493 tribu-

535 5596 561 5624 ⁸
600 5586 803 5667 Verba,
826 5592 915 5663 qui
934 5592 1093 5667 eduxi
1124 5602 1193 5660 te,
1226 5592 1403 5667 Hebr;
1418 5601 1473 5650 et
1503 5594 1728 5667 Yulgata
1750 5593 1919 5667 editio
1948 5610 2047 5667 pe-

463 5658 610 5714 nitus
631 5658 907 5739 nesciunt.
935 5662 1149 5739 Legunt
1177 5658 1328 5737 vero,
1354 5663 1470 5739 Ego
1496 5658 1751 5725 Dominus
1770 5665 1915 5724 Deus
1941 5658 2061 5725 tuus

463 5739 695 5816 επιερίνᾳ
725 5732 972 5816 :‘Egypti,
999 5732 1106 5794 etc.

532 5800 560 5842 δ
593 5800 905 5865 Delevimu's
953 5800 1031 5877 in,
1074 5810 1549 5882 praepositionem,
1589 5828 1710 5884 quae
1753 5827 1975 5871 sensum
2006 5814 2058 5869 in

2166 4704 2269 4743 non
2293 4686 2500 4743 Galaad
2532 4696 2628 4756 est,
2658 4703 2779 4757 ergo
2802 4684 2927 4759 falsi
2957 4694 3104 4739 erant
3135 4685 3188 4739 in
3234 4681 3459 4756 Galgala
3504 4681 3767 4754 principes

2164 4783 2510 4849 immolantes,
2562 4788 2608 4835 et
2661 4779 2852 4835 altaria
2906 4794 3081 4833 eorum
3100 4778 3254 4850 quasi
3290 4777 3574 4831 testudines
3613 4793 3771 4848 super

2164 4876 2425 4930 desertum
2447 4875 2583 4947 agri.
2611 4873 2719 4929 Pro
2740 4888 2806 4929 eo
2835 4872 2982 4944 quod
3008 4886 3107 4927 nos
3158 4871 3556 4939 transtulimus,
3585 4869 3766 4937 bobus,

2166 4970 2261 5041 qui
2331 4970 2601 5026 Hebraiee
2666 4969 3012 5040 appellantur
3068 4983 3227 5024 sumat
3277 4968 3559 5041 (mare),
3626 4968 3772 5025 LXX

2166 5063 2511 5133 interpretati
2572 5071 2736 5131 sunt,
2789 5061 3069 5133 principes,
3128 5062 3219 5132 qui
3278 5070 3542 5119 vocantur
3611 5077 3771 5118 SMth

2170 5156 2400 5229 (ειν-πω)
2444 5198 2458 5223 ,
2538 5155 2687 5210 verbi
2758 5153 3116 5210 similitudine
3186 5162 3350 5223 atque
3418 5154 3771 5227 ambiguitate

2169 5249 2402 5318 decepti.
2476 5248 2710 5304 Rursum
2790 5247 2883 5303 ubi
2948 5261 3049 5302 nos
3118 5247 3453 5317 posuimus,
3515 5264 3770 5315 aceruos,

2173 5339 2327 5414 ιιι
2355 5340 2447 5412 qui
2471 5340 2734 5397 llebraice
2760 5339 3105 5412 appellantur
3132 5354 3329 5398 castris
3362 5324 3531 5413 (Diu)
3564 5349 3619 5396 et
3648 5356 3774 5412 ρτο-

2170 5434 2290 5507 prie
2319 5445 2341 5475 ο
2374 5436 2514 5499 θῖνας
2540 5432 2871 5507 significant,
2903 5433 3006 5489 hoc
3048 5441 3154 5500 est,
3205 5448 3273 5490 ex
3323 5446 3491 5489 arena
3537 5433 3773 5490 tumulos

2156 5594 2510 5651 Benedictina
2538 5594 2779 5653 editione
2808 5593 3178 5665 pervertebat.

2245 5678 2267 5707 ο
2326 5668 2435 5724 Aut
2490 5668 2539 5723 sl
2590 5666 2764 5724 mavis
2812 5666 2981 5734 eam,
3037 5680 3364 5736 quamquam
3420 5681 3556 5724 mss.
3607 5668 3775 5729 θεῖνας

2170 5738 2467 5809 przeferunt
2516 5758 2529 5793 :
2580 5739 2723 5794 male
2782 5737 2928 5793 enim
2994 5736 3246 5793 Martian.
3315 5740 3478 5801 θινὰς.
3536 5738 3778 5795 Consule

2166 5811 2452 5869 Commeu.
2489 5811 2760 5871 Ezechiel.
2821 5821 2985 5881 xcv",
3016 5809 3073 5878 8,
3099 5818 3154 5866 et
3202 5809 3344 5868 infra
3365 5810 3419 5870 in
3440 5809 3555 5869 Joel
3598 5826 3676 5873 tu.
3712 5814 3771 5869 ιιι
