4120 6342
359 264 466 323 929

1182 257 1839 321 COMMENTARIORUM
1881 257 1947 316 IN
1986 254 2164 318 OSEE
2203 255 2335 315 LIB.
2378 256 2470 314 Ill.
2512 255 2668 316 CAP.
2710 258 2827 317 ΧΠ.

3545 266 3652 325 950

358 385 738 452 congregatos,
772 380 863 449 qui
896 379 1131 437 maxime
1164 381 1218 435 in
1240 381 1481 447 deserto,
1515 388 1571 436 et
1598 380 1651 434 in
1684 378 1958 434 littoribus
1987 377 2035 438 A
2066 389 2191 431 rare
2223 392 2237 428 :
2269 375 2414 445 quod
2463 378 2645 431 statim
2690 377 2877 443 solvit,
2907 374 2997 448 qui
3044 389 3207 448 supra
3260 376 3329 434 de
3378 378 3546 437 Jacob
3576 381 3657 437 lc-

357 472 524 527 flaute
574 478 760 538 vento,
791 472 879 527 vel
934 482 1196 543 augentur
1231 512 1247 538 ,
1276 473 1362 528 vel
1418 471 1755 539 minuuntur,
1809 467 1955 525 LXX

358 568 772 634 transtulerunt,
786 568 1065 624 testudines
1081 568 1360 641 (χελῶνας)
1375 583 1391 622 :
1406 582 1506 639 pro
1533 566 1730 639 quibus
1750 574 1776 602 α
1798 564 1957 637 Sym-

356 658 604 727 machus,
654 675 865 715 aceruos
918 660 1169 731 lapidum,
1195 662 1582 731 interpretatus
1624 660 1706 714 est
1737 675 1748 711 :
1779 655 1958 713 Theo-

358 750 509 808 dotio
530 750 707 807 colles.
733 750 804 807 Et
824 766 1016 808 revera
1045 752 1090 807 si
1112 756 1255 814 θῖνας
1277 751 1560 822 respicias,
1585 750 1787 806 habent
1809 749 1958 805 simi-

358 844 645 902 litudinem
695 860 1020 916 magnarum
1072 845 1402 900 testudinum
1434 845 1489 899 in
1542 844 1759 899 deserto
1802 856 1952 913 agro,

360 938 451 995 vel
482 938 538 994 in
560 937 699 1008 ripis
728 946 891 1010 atque
915 938 1190 994 littoribus
1216 937 1496 1009 paululum
1525 937 1692 994 humo
1714 936 1958 994 eminen-

358 1031 513 1087 tium.
538 1030 696 1100 Quod
721 1045 852 1102 ergo
879 1029 1034 1098 dicit,
1081 1031 1185 1086 hoc
1210 1038 1315 1099 est,
1344 1031 1388 1083 si
1414 1029 1467 1084 in
1505 1028 1732 1097 Galaad,
1766 1029 1833 1085 de
1854 1043 1957 1099 qua

357 1124 624 1195 scriptum
640 1132 724 1180 est
748 1139 762 1177 :
790 1122 996 1178 Galaad
1022 1123 1201 1178 civitas
1231 1122 1553 1193 operantium
1584 1120 1807 1187 idolum,
1834 1137 1960 1189 sup-

360 1222 601 1293 plantata
630 1220 897 1291 sanguine,
929 1218 1053 1274 falsi
1104 1227 1229 1274 sunt
1257 1217 1330 1273 dii
1361 1226 1419 1273 et
1445 1230 1700 1287 perversa
1743 1214 1955 1286 religio,

358 1320 415 1369 et
439 1320 525 1369 est
548 1320 702 1368 trans
722 1310 1015 1368 Jordanem
1044 1309 1131 1365 ubi
1161 1310 1280 1365 dum
1328 1308 1502 1364 tribus
1549 1306 1819 1373 habitant,
1849 1306 1959 1362 Ru-

357 1405 469 1464 ben
498 1414 555 1462 et
575 1404 717 1472 Gad,
742 1414 797 1461 et
827 1403 1049 1460 dimidia
1082 1403 1254 1459 tribus
1294 1402 1565 1467 Manasse,
1597 1416 1727 1471 ergo
1746 1407 1803 1456 et
1826 1399 1957 1456 Gal-

357 1497 442 1570 gal
463 1496 532 1553 de
570 1511 673 1569 qua
705 1497 759 1552 in
809 1496 913 1552 hoc
939 1494 1130 1551 eodem
1164 1494 1424 1565 propheta
1471 1493 1702 1564 legimus
1736 1510 1748 1546 :
1777 1491 1957 1547 Omnis

357 1592 559 1648 maiitia
584 1591 828 1647 eorumin
849 1588 1093 1663 Galgala,
1118 1605 1233 1661 qua:
1271 1599 1345 1643 est
1393 1596 1507 1660 post
1545 1596 1743 1660 tergum
1772 1586 1960 1641 Betha-

355 1702 488 1753 uen;
518 1686 840 1757 quicumque
864 1686 1006 1741 idola
1037 1686 1242 1755 colunt,
1281 1700 1389 1741 non
1433 1685 1598 1740 boves
1627 1684 1731 1739 diis
1766 1684 1960 1740 immo-

2056 466 2205 539 gisse
2234 482 2293 524 se
2312 469 2560 524 meminit
2582 468 2645 525 :I
2648 488 2679 525 η
2703 480 2849 526 utero
2870 469 3221 543 supplantavit
3243 474 3457 542 fratrem
3478 490 3647 541 suum,

2058 570 2106 615 et
2129 561 2186 615 in
2204 562 2514 631 fortitudine
2539 580 2633 617 sua
2647 565 2871 619 directus
2896 574 2971 620 est
2988 581 3105 619 cum
3133 565 3342 637 angelo,
3365 574 3413 621 et
3440 566 3662 622 invaluit

2058 652 2129 705 ad
2158 654 2417 725 angelum,
2440 664 2491 710 et
2514 660 2839 727 confortatus
2876 665 2951 712 est
2979 672 2998 712 :
3028 658 3169 727 ﬂevit
3217 666 3265 713 et
3294 659 3496 730 rogavit
3516 676 3662 729 eum,

2056 747 2113 801 in
2133 745 2317 804 Bethel
2343 749 2689 816 inveniteum,
2709 760 2758 806 et
2784 750 2856 805 ibi
2890 751 3098 807 locutus
3122 762 3198 808 est
3228 754 3516 810 nobiscum.
3547 756 3657 814 Iste

2060 835 2225 908 igitur
2253 838 2423 897 Jacob
2453 857 2565 897 non
2605 843 2803 899 frustra
2839 842 2908 898 ab
2938 844 3138 913 angelo
3167 846 3504 905 confortatus
3532 857 3616 905 est
3641 866 3656 917 ;
3742 910 3749 915 ,

2060 930 2157 985 sed
2188 933 2313 1001 quia
2356 942 2466 989 tota
2502 943 2659 992 nocte
2698 935 2977 1007 pugnavit,
3008 947 3064 993 et
3094 938 3225 994 vicit
3255 939 3655 1011 adversarium,

2062 1032 2119 1078 ut
2147 1039 2216 1080 ex
2245 1024 2351 1081 hoc
2379 1024 2606 1083 fratrem
2644 1028 2886 1085 disceret
2921 1043 3033 1085 non
3067 1030 3281 1100 timere,
3329 1033 3482 1105 cujus
3513 1044 3663 1093 metu

2062 1114 2116 1170 in
2135 1115 2349 1188 Syriam
2376 1118 2587 1190 fugeret
2624 1121 2690 1177 ad
2739 1121 2924 1177 Laban
2955 1122 3285 1178 avunculum
3312 1138 3470 1182 suum
3494 1125 3656 1200 (Gen.

2062 1211 2258 1282 xxvn),
2284 1220 2338 1268 et
2362 1212 2588 1270 servivit
2623 1215 2677 1271 in
2702 1231 2878 1272 uxore
2900 1216 3108 1272 Rachel
3148 1226 3356 1287 septem
3393 1221 3572 1290 annis,
3603 1230 3662 1278 et

2061 1318 2163 1374 pro
2195 1303 2294 1361 Lia
2326 1320 2457 1362 oves
2502 1306 2680 1362 soceri
2725 1306 2932 1374 Laban,
2966 1308 3160 1364 eodem
3183 1324 3453 1366 annorum
3482 1313 3663 1383 spatio

2064 1398 2381 1455 custodivit.
2415 1399 2486 1455 Et
2515 1401 2638 1471 quia
2688 1403 2860 1458 semel
2898 1401 3068 1459 Jacob
3089 1403 3303 1460 dixerat
3328 1403 3522 1473 Israel,
3564 1420 3662 1475 pa-

2064 1500 2202 1548 trem
2242 1493 2490 1565 ﬁliosque
2540 1495 2841 1567 conjungit,
2898 1504 2954 1552 et
3007 1497 3293 1568 sequentis
3339 1497 3659 1555 recordatur

2063 1582 2328 1653 historiae,
2361 1586 2580 1656 quando
2630 1587 2682 1643 in
2722 1588 2988 1659 propheta
3019 1589 3206 1662 Moyse
3262 1590 3447 1647 eduxit
3476 1591 3660 1648 Domi-

2062 1692 2166 1732 nus
2198 1678 2363 1733 lsrael
2385 1678 2453 1734 de
2498 1678 2757 1752 Egypto,
2793 1690 2849 1737 et
2883 1680 3171 1738 duodecim
3197 1682 3390 1755 tribus,
3422 1699 3544 1756 quae
3568 1699 3664 1756 ge-

356 1780 491 1850 lant,
516 1779 611 1836 sed
635 1779 810 1837 bobus
833 1778 1069 1835 offerunt
1096 1778 1379 1847 sacrificia,
1414 1778 1689 1833 imitantes
1713 1792 1962 1832 errorem

2069 1780 2274 1825 neratae
2313 1771 2531 1827 suntde
2568 1772 2758 1842 lsrael,
2793 1775 3056 1846 propheta
3089 1775 3359 1834 educente
3382 1823 3397 1848 ,
3431 1788 3661 1835 servata:

356 1872 639 1930 Samaria.
664 1870 744 1929 Eo
772 1872 917 1928 enim
952 1881 1198 1942 tempore
1250 1885 1358 1940 quo
1388 1868 1507 1925 haec
1556 1869 1960 1940 prophetaban-

358 1973 467 2032 tur,
490 1962 693 2021 Gaiaad
737 1965 791 2019 in
823 1978 996 2034 regno
1016 1964 1206 2020 decem
1238 1962 1474 2019 tribuum
1506 1971 1661 2029 erat;
1693 1971 1750 2019 et
1771 1963 1957 2033 Galgal

356 2057 458 2112 sub
520 2055 750 2128 imperio
794 2056 1025 2112 duarum
1070 2056 1335 2125 tribuum,
1373 2069 1496 2126 quae
1544 2055 1960 2126 appellabantur

355 2147 517 2205 Juda.
549 2148 691 2220 Ergo
719 2155 775 2204 et
824 2147 1013 2204 decem
1053 2147 1226 2203 tribus
1255 2154 1311 2203 et
1336 2146 1461 2202 duae
1489 2145 1607 2218 pari
1638 2146 1958 2203 idololatrias

356 2255 547 2299 errore
573 2240 816 2311 deceptae
857 2249 1004 2307 sunt,
1037 2248 1093 2296 et
1118 2238 1313 2295 altaria
1345 2253 1536 2295 eorum
1593 2240 1734 2295 sicut
1780 2240 1957 2297 acervi

357 2344 416 2391 et
464 2333 656 2390 tumuli
711 2332 783 2390 de
809 2332 1081 2404 lapidibus
1109 2331 1448 2404 congregati,
1486 2331 1603 2388 sive
1652 2331 1721 2389 de
1750 2333 1953 2389 arenis.

357 2425 603 2498 Cumque
630 2435 686 2482 et
715 2425 797 2481 illi
820 2434 871 2481 et
903 2424 959 2480 hi
982 2426 1036 2481 in
1065 2423 1437 2496 captivitatem
1469 2422 1673 2479 fuerint
1713 2424 1952 2495 abducti,

358 2534 471 2575 arae
498 2517 770 2591 quondam
811 2532 1001 2574 eorum
1031 2518 1237 2585 absque
1271 2514 1575 2572 cultoribus
1626 2518 1953 2573 testudinum

357 2612 446 2669 vel
476 2611 813 2671 tumulorum
843 2609 1121 2667 habebunt
1161 2609 1601 2667 similitudinem.
1642 2610 1779 2677 Quia
1825 2625 1957 2666 vero

358 2705 567 2762 Gaiaad
596 2706 1011 2778 interpretatur,
1036 2704 1313 2759 translatio
1336 2705 1638 2772 testimonii,
1654 2715 1709 2761 et
1738 2703 1951 2776 Galgal,

358 2801 706 2867 volutabrum,
761 2800 866 2856 hoc
911 2800 1096 2856 dicere
1134 2814 1445 2871 possumus,
1475 2799 1616 2871 quod
1683 2800 1957 2870 principes

361 2893 743 2950 haereticorum
768 2893 1081 2949 testimonia
1099 2893 1345 2949 veritatis
1370 2892 1701 2948 transferant
1722 2893 1777 2948 in
1799 2908 1955 2950 men-

361 2987 600 3055 daciunt,
631 2994 687 3042 et
714 2985 972 3058 quidquid
1005 2987 1213 3053 colunt,
1248 2985 1452 3042 idolum
1483 2983 1575 3054 sit,
1605 2994 1660 3041 et
1690 2984 1953 3041 sacriﬁcia

365 3094 553 3137 eorum
580 3079 817 3135 habeant
841 3078 1278 3146 similitudinem,
1304 3078 1389 3135 vel
1423 3093 1747 3135 acervorum
1780 3078 1848 3135 de
1874 3079 1955 3134 la-

2062 1872 2210 1918 sunt.
2265 1862 2385 1920 Non
2436 1866 2643 1921 errabit
2671 1868 2761 1938 qui
2813 1869 3285 1939 supplantatorem
3337 1870 3506 1927 Jacob
3540 1912 3556 1939 ,
3607 1880 3666 1929 et

2063 1956 2230 2013 lsrael
2254 1956 2527 2015 videntem
2561 1961 2755 2027 Deum,
2785 1961 2840 2018 in
2871 1972 2999 2035 typo
3030 1965 3248 2021 Domini
3294 1966 3498 2024 dixerit
3518 1983 3658 2038 pra:-

2059 2049 2313 2119 cessisse,
2345 2060 2401 2109 ct
2444 2052 2649 2109 Rachel
2681 2053 2917 2125 primum
2956 2057 3198 2114 sterilem
3251 2069 3414 2130 atque
3466 2060 3663 2119 formo~

2059 2157 2201 2213 sam,
2223 2159 2388 2216 quam
2416 2146 2713 2216 plurimum
2762 2148 2951 2205 dilexit
2976 2149 3168 2217 Iacob,
3202 2152 3511 2224 significare
3551 2154 3658 2211 Ec-

2061 2237 2284 2295 clesiam
2319 2256 2331 2293 :
2365 2239 2519 2295 Liam
2542 2244 2749 2314 autem;
2769 2242 3121 2314 lippientibus
3148 2246 3320 2302 oculis
3340 2254 3507 2318 atque
3526 2245 3665 2304 feto-

2059 2346 2195 2399 sam,
2225 2332 2523 2406 Synagogae
2569 2346 2909 2391 sacramenta
2937 2349 3264 2402 monstrare,
3295 2348 3351 2395 et
3376 2341 3521 2411 quod
3545 2341 3661 2413 ipse

2058 2423 2397 2481 credentium
2427 2427 2683 2497 populum
2718 2427 2971 2484 eduxerit
2994 2429 3064 2486 de
3099 2430 3255 2503 143
3288 2433 3530 2490 tenebris
3559 2433 3662 2490 hu-

2054 2518 2142 2589 jus
2173 2520 2379 2586 szeculi,
2438 2529 2493 2576 et
2548 2521 2616 2575 ad
2662 2521 2979 2579 dulcissima
3023 2523 3303 2595 Jordanis,
3351 2527 3405 2583 id
3434 2538 3539 2597 est,
3570 2528 3668 2585 ba-

2060 2611 2238 2681 ptismi
2268 2612 2471 2669 ﬂuenta
2498 2616 2839 2684 pervenerit.

2134 2705 2311 2775 (Vers.
2348 2705 2463 2778 M.)
2491 2709 2573 2763 Ad
2600 2710 2927 2766 iracundiam
2956 2727 3037 2767 me
3065 2713 3360 2785 provocavit
3406 2715 3664 2785 Ephraim

2058 2798 2111 2851 in
2140 2798 2569 2855 amaritudinibus
2606 2803 2735 2871 suis,
2770 2815 2819 2860 et
2860 2805 3075 2878 ‘sanguis
3098 2807 3212 2877 ejus
3237 2825 3395 2880 super
3435 2826 3552 2865 eum
3575 2828 3667 2867 ve-

2058 2889 2184 2958 niet,
2211 2900 2258 2945 et
2306 2894 2639 2966 opprobrium
2680 2896 2825 2951 illius
2850 2899 3087 2954 restituet
3133 2900 3183 2955 ei
3211 2899 3470 2960 Dominus
3513 2921 3660 2962 suus.

2056 2979 2085 3020 ι’
2104 2981 2249 3038 LXX
2268 2984 2824 3059 similiter.Cum_ergo
2849 2989 3105 3061 Ephraim
3121 2999 3267 3048 tanta
3290 2997 3662 3066 praestiterim,

2058 3084 2120 3131 ut
2144 3076 2347 3132 nudum
2389 3089 2443 3133 et
2487 3080 2730 3135 exsulem
2769 3092 2821 3137 et
2850 3082 3051 3151 solum,
3093 3083 3317 3142 divitem
3348 3087 3665 3145 dominum-

364 3174 582 3246 pidibus
633 3182 1111 3246 congregatarum,
1150 3173 1237 3229 vel
1289 3172 1642 3229 testudinum.
1673 3173 1958 3240 Quomodo
1986 3167 2033 3232 C
2062 3183 2168 3239 que
2192 3169 2534 3236 reducerem,
2559 3181 2614 3229 et
2639 3174 2931 3231 multorum
2960 3177 3198 3234 filiorum
3233 3193 3539 3253 parentem,
3571 3183 3667 3241 de-

363 3267 511 3323 enim
550 3268 680 3329 θίνες
711 3266 820 3339 [AL
848 3265 1049 3340 θεῖναι],
1080 3274 1136 3322 et
1164 3268 1345 3322 acervi
1372 3265 1500 3321 hinc
1528 3274 1693 3337 atque
1713 3265 1863 3322 illinc
1892 3269 1960 3323 de

363 3358 638 3431 lapidibus
657 3367 713 3415 et
740 3359 933 3415 sabulo
957 3367 1357 3430 congregantur
1389 3375 1403 3412 :
1434 3358 1509 3413 ita
1537 3368 1591 3415 et
1620 3358 1862 3415 haeretici
1891 3359 1961 3416 de

363 3451 632 3524 sapientia
654 3452 902 3508 saeculari
925 3457 982 3507 et
1002 3451 1231 3523 argutiis
1253 3450 1555 3517 hominum,
1581 3448 1772 3506 fraude
1799 3460 1961 3520 atque

364 3545 650 3605 mendacio
679 3544 972 3601 simulacra
1019 3552 1376 3615 componunt.
1411 3541 1479 3598 Et
1506 3557 1631 3598 cum
1663 3542 1765 3599 hoc
1815 3543 1962 3599 fece-

363 3640 494 3704 rint,
525 3636 694 3693 tardis
718 3635 1002 3709 gressibus
1055 3636 1112 3691 in
1157 3653 1266 3692 uno
1293 3627 1582 3692 maventur
1611 3637 1755 3703 loco,
1800 3647 1855 3693 et
1881 3646 1963 3693 to-

366 3740 482 3788 tum
513 3730 703 3787 orbem
755 3744 1025 3800 occupare
1061 3727 1217 3801 142
1252 3742 1357 3784 non
1413 3737 1660 3799 possunt.
1721 3728 1961 3785 Testudo

365 3822 675 3895 tardigrada
703 3831 757 3879 et
782 3830 1030 3889 onerata,
1066 3822 1237 3878 immo
1266 3835 1530 3893 oppressa
1558 3820 1799 3892 pondere
1836 3837 1955 3891 suo,

365 3933 477 3975 non
507 3927 619 3973 tam
647 3910 895 3972 ambulat
932 3932 1094 3989 quam
1130 3921 1403 3982 movetur,
1433 3915 1813 3971 haereticorum
1840 3930 1960 3988 gra-

364 4014 587 4071 vissima
616 4022 838 4086 peccata
865 4011 1200 4084 significans,
1234 4009 1328 4082 qui
1369 4010 1482 4065 suis
1510 4010 1564 4065 in
1598 4024 1756 4067 coeno
1782 4018 1840 4068 et
1862 4026 1962 4067 vo-

368 4111 583 4169 lutabro
636 4110 733 4167 luti
775 4109 1055 4167 erroribus
1105 4108 1411 4177 immolant,
1461 4106 1756 4163 adorantes
1792 4121 1960 4177 opera

367 4221 626 4264 manuum
686 4219 931 4271 suarum,
973 4213 1028 4259 et
1049 4202 1226 4258 instar
1254 4202 1417 4259 boum
1440 4210 1636 4258 cuncta
1667 4215 1766 4272 pro
1794 4210 1962 4257 terre-

368 4300 455 4357 nis
486 4298 729 4369 frugibus
755 4296 1088 4353 laborantes.

439 4390 626 4462 (V’ers.
662 4390 730 4444 12
759 4398 814 4444 et
844 4387 964 4459 i5.)
1007 4386 1172 4459 Fugit
1194 4385 1360 4441 Jacob
1389 4387 1441 4441 in
1463 4386 1727 4458 regionem
1766 4384 1957 4457 Syriae,

369 4492 421 4540 et
442 4482 645 4539 ser-vivit
670 4479 841 4535 Israel
862 4482 915 4534 in
942 4495 1124 4548 uxore,
1153 4487 1204 4535 et
1228 4480 1281 4534 in
1311 4494 1470 4533 uxore
1493 4478 1735 4533 servavit.
1752 4476 1823 4531 In
1839 4494 1959 4549 pro-

2064 3264 2235 3319 seruit
2278 3281 2364 3321 me
2395 3265 2681 3338 prraim,
2715 3271 2882 3325 immo
2929 3271 2997 3327 ad
3030 3272 3368 3331 iracundiam
3400 3292 3669 3348 provoca-

2064 3356 2140 3411 vit
2168 3372 2182 3409 :
2211 3366 2265 3413 et
2289 3360 2655 3419 amaritudine
2683 3378 2779 3419 sua
2805 3380 3047 3422 amarum
3080 3366 3211 3424 fecit
3236 3385 3359 3428 esse
3384 3372 3668 3443 quidnlcis

2063 3465 2204 3506 sum.
2237 3449 2396 3508 Unde
2421 3456 2643 3525 sanguis
2682 3457 2805 3527 ejus
2853 3474 3020 3531 super
3070 3476 3193 3517 eum
3245 3464 3447 3534 veniet,
3483 3466 3534 3522 id
3559 3475 3665 3538 est,

2062 3544 2182 3615 ipse
2211 3546 2316 3603 erit
2343 3562 2503 3604 causa
2553 3552 2749 3608 mortis
2776 3566 2911 3623 suae,
2961 3554 3261 3611 secundum
3308 3556 3362 3612 id
3389 3558 3536 3629 quod
3562 3558 3669 3616 Da-

2066 3638 2153 3694 vid
2181 3640 2421 3711 loquitur
2445 3642 2514 3699 ad
2541 3658 2686 3710 eum,
2720 3646 2810 3717 qui
2840 3645 3021 3704 Saulis
3048 3649 3319 3705 nuntiavit
3360 3650 3663 3725 interitum,

2062 3740 2120 3789 et
2139 3748 2170 3788 a
2198 3747 2260 3790 se
2288 3748 2474 3805 regem
2499 3737 2664 3792 lsrael
2686 3752 2862 3795 etnsus
2886 3754 3009 3797 esse
3030 3742 3367 3800 memorabat
3392 3762 3406 3799 :
3437 3746 3670 3819 Sanguis

2062 3836 2184 3881 tuus
2209 3839 2364 3898 super
2385 3838 2538 3901 caput
2565 3838 2711 3885 tuum
2741 3830 2814 3902 (ll
2844 3830 2975 3904 Reg.
3007 3848 3047 3901 ι,
3083 3833 3198 3905 16).
3221 3834 3340 3892 Non
3383 3853 3503 3895 mea
3540 3853 3669 3897 sen-

2065 3920 2256 3988 tentia,
2278 3921 2377 3977 sed
2404 3922 2582 3980 Saulis
2602 3923 2711 3997 [Αι.
2734 3939 2834 3995 pro
2859 3926 3063 4001 Saulis]
3094 3931 3358 4001 sanguine
3382 3942 3507 3991 tuus
3535 3951 3591 3991 sa
3602 3953 3665 3992 n-

2063 4014 2183 4084 guis
2211 4014 2539 4072 eﬂ‘undetur.
2596 4017 2863 4090 Quodque
2893 4024 3143 4092 sequitur
3172 4040 3185 4077 :
3231 4023 3300 4078 Et
3326 4029 3667 4099 approbrium

2062 4106 2175 4177 ejus
2209 4107 2440 4162 restituet
2471 4107 2520 4164 ei
2550 4106 2828 4177 Dominus,
2854 4110 2932 4165 illi
2982 4114 3167 4168 sensui
3210 4119 3470 4188 congruit
3503 4135 3668 4192 quem

2062 4197 2272 4255 Nathan
2299 4199 2541 4271 loquitur
2583 4201 2650 4257 ad
2686 4201 2853 4259 David
2887 4218 2902 4257 :
2945 4203 3081 4271 Quia
3113 4206 3471 4279 blasphemare
3496 4214 3665 4284 fecisti

2060 4291 2297 4347 inimicos
2328 4309 2511 4349 nomen
2530 4292 2759 4361 Domini,
2792 4305 3005 4368 propter
3031 4298 3165 4354 hanc
3195 4316 3304 4356 rem
3328 4302 3371 4375 (Ι
3390 4303 3661 4380 Reg.xn),

2064 4382 2167 4441 hoc
2224 4395 2341 4453 est,
2398 4395 2619 4458 propter
2667 4388 2773 4444 hoc
2826 4398 3113 4459 peccatum
3180 4407 3289 4462 quo
3345 4394 3671 4456 interfecisti

2067 4477 2274 4546 Uriam,
2308 4479 2421 4549 ipsa
2451 4478 2787 4550 blasphemia
2815 4490 2979 4552 atque
3024 4481 3402 4552 opprobrium,
3435 4503 3543 4558 quo
3570 4506 3668 4561 per

365 4576 527 4651 pheta
567 4584 739 4629 autem
779 4573 957 4629 eduxit
986 4572 1242 4627 Dominus
1289 4571 1459 4627 Israel
1506 4572 1573 4625 de
1620 4570 1875 4645 IEggpto,
1907 4580 1955 4626 et
1982 4563 2114 4627 D-te
2144 4568 2402 4625 Dominus
2425 4570 2833 4641 blasphematus
2861 4579 3211 4640 est,vertetur
3231 4575 3285 4631 in
3312 4589 3473 4650 caput
3496 4590 3667 4638 tuum.

368 4671 427 4726 in
457 4666 708 4741 prapheta
754 4673 984 4721 servatus
1034 4674 1127 4721 est.
1156 4664 1301 4720 LXX
1328 4680 1342 4719 :
1371 4663 1443 4718 Et
1464 4665 1672 4719 recessit
1720 4662 1886 4718 Jacob
1913 4665 1967 4718 in

372 4777 610 4835 campum
631 4759 739 4833 [ΑΙ.
755 4758 987 4833 campos]
1012 4759 1202 4831 Syriae,
1217 4766 1265 4813 et
1285 4758 1490 4813 seruiuit
1519 4756 1691 4813 Israel
1711 4758 1765 4812 in
1781 4773 1963 4826 uxore,

2075 4662 2306 4732 Semper
2331 4661 2577 4719 haeretici
2624 4662 2692 4719 ad
2722 4664 3060 4721 iracundiam
3094 4681 3395 4738 provocant
3425 4672 3673 4731 clemen-

2077 4764 2184 4810 tem
2216 4754 2602 4822 Dominum,ct
2625 4771 2751 4813 eum
2781 4757 2873 4828 qui
2904 4759 3110 4815 mavult
3129 4763 3505 4831 paenitentiam
3538 4784 3671 4839 pec-

374 4856 495 4910 etin
526 4868 689 4910 uxore
711 4853 1011 4919 custodiuit,
1034 4861 1083 4907 et
1112 4852 1167 4906 in
1197 4850 1455 4922 propheta
1490 4850 1671 4905 eduxit
1712 4848 1966 4905 Dominus
2071 4847 2297 4917 catoris,
2343 4865 2501 4919 quam
2558 4860 2816 4919 mortem,
2852 4853 3053 4911 duritia
3094 4857 3281 4914 cordis
3331 4861 3417 4916 sui
3475 4864 3671 4933 punire

374 4948 548 5004 Israel
575 4948 639 5003 de
666 4945 923 5020 Egypto,
953 4953 1000 4999 et
1030 4945 1085 5001 in
1114 4942 1364 5018 propheta
1408 4950 1638 4998 servatus
1678 4950 1773 4997 est.
1809 4941 1971 4999 Vide-
2069 4943 2430 5013 compellunt,
2458 4952 2514 4999 ct
2550 4944 2775 5016 sanguis
2802 4960 3016 5017 eorum,
3043 4964 3153 5020 quo
3178 4958 3235 5005 et
3256 4965 3414 5008 suum
3446 4964 3500 5011 et
3531 4958 3675 5013 mul-

377 5050 465 5099 tur
486 5042 693 5114 absque
718 5041 933 5097 ratione
963 5048 1021 5096 et
1055 5038 1252 5096 ordine
1276 5036 1586 5109 prOphetali
1617 5047 1742 5107 post
1763 5036 1967 5093 idolum
2069 5044 2249 5093 torum
2290 5035 2598 5093 effuderunt
2643 5039 2962 5111 sanguinem
3001 5081 3018 5107 ,
3058 5043 3247 5100 veniet
3297 5059 3464 5117 super
3508 5057 3678 5120 caput

377 5135 577 5193 Gaiaad
605 5146 662 5192 et
691 5134 881 5206 Galgal
911 5143 967 5191 ct
994 5134 1185 5190 altaria
1225 5132 1443 5189 acervis
1469 5131 1709 5203 lapidum
1741 5130 1961 5200 similia,
2066 5146 2278 5198 eorum,
2328 5140 2383 5186 et
2411 5130 2707 5201 opprobria
2736 5131 2938 5203 quibus
2968 5133 3262 5192 Dominum
3316 5137 3668 5211 blaSphema-

376 5229 556 5287 subito
594 5228 877 5285 historiam
918 5227 1194 5285 Geneseos
1244 5226 1313 5283 de
1342 5225 1514 5282 Jacob
1561 5224 1802 5281 voluisse
1842 5239 1967 5282 nar-
2069 5232 2289 5293 verunt,
2319 5224 2573 5280 restituet
2593 5223 2675 5279 eis
2704 5223 2969 5282 Dominus
2998 5241 3152 5294 suus,
3178 5244 3289 5285 non
3311 5230 3454 5301 quod
3482 5247 3672 5292 eorum

448 5371 565 5428 alEx
582 5386 688 5428 uno
712 5370 883 5428 Palat.
902 5369 1101 5441 ms.qui
1125 5368 1306 5435 habet,
1322 5384 1414 5441 pro
1427 5366 1613 5441 quibus
1634 5366 1980 5441 ngmacltns
2083 5365 2252 5441 habet
2301 5363 2807 5441 codexhexaplaris
2831 5362 3189 5441 Barberinius
3202 5383 3236 5441 Aa
3266 5367 3674 5432 Montfauconio

376 5459 581 5517 acervos
606 5444 973 5517 interpretatus
1002 5436 1095 5509 est,
1125 5436 1333 5496 armos
1363 5436 1641 5517 _l_apidum,
1667 5436 1974 5517 ᾘιιξοιίοιὶο2
2082 5436 2360 5505 laudatus,
2396 5436 2486 5517 ubi
2518 5436 2560 5492 Τ
2565 5436 2821 5517 heodotio
2844 5451 3027 5517 ranas,
3054 5438 3249 5508 Aquila
3276 5441 3457 5517 pulpes
3481 5443 3675 5502 dicun-

379 5526 517 5583 etc.,
552 5515 711 5572 facile
741 5508 1006 5583 coniicias
1034 5508 1233 5569 numen
1258 5511 1527 5568 excidisse
1565 5509 1799 5583 Aquilae,
1830 5510 1975 5579 quod
2083 5516 2171 5583 tur
2207 5508 2711 5583 transtulisse._Sed
2746 5508 3046 5583 Ezechielis
3072 5525 3246 5579 xcv",
3270 5511 3326 5581 8,
3352 5508 3573 5571 versum
3605 5518 3674 5576 ab

378 5589 453 5645 ita
498 5578 730 5644 fortasse
775 5578 1136 5656 supplendum
1162 5593 1247 5641 est
1276 5624 1312 5656 ,A
1350 5578 1713 5656 Symmachus,
1741 5578 1969 5656 aceruos,
2079 5580 2449 5656 Aquilaﬂiuuc
2474 5579 2720 5656 nihilest
2748 5578 2992 5635 dubium.

380 5660 569 5731 Aquila
612 5674 815 5715 aceruos
845 5650 1250 5731 'tapidum,_etc.
1274 5650 1530 5731 Concinit
1573 5650 1772 5731 fercct
1796 5650 1969 5731 Palat.
2137 5650 2541 5731 _1_*_Addidimus
2570 5650 2670 5731 hic
2704 5666 2923 5731 quoque
2951 5666 3018 5731 ex
3041 5666 3177 5731 mss:
3211 5654 3401 5731 verba,
3430 5656 3576 5716 LXX
3598 5661 3670 5717 δὶα

381 5722 544 5798 alter,
572 5732 666 5802 qui
716 5739 837 5800 post
864 5722 1176 5802 Simmacbi
1206 5741 1403 5802 nomen
1431 5726 1593 5781 inane
1620 5724 1971 5802 restituenda:
2079 5723 2267 5780 militer
2290 5741 2310 5779 :
2338 5739 2459 5795 quae
2492 5724 2547 5779 in
2571 5722 2816 5795 Vulgatis
2845 5722 3003 5783 libris
3023 5722 3497 5786 desiderabantur.

382 5796 607 5863 lectiuni
646 5796 879 5874 spatium
906 5796 1145 5871 reliquit.
1195 5798 1539 5869 Quamquam
1591 5810 1750 5853 secus
1802 5796 1972 5852 multo
