4100 6336
465 236 573 296 935

1712 234 1770 292 S.
1813 232 2085 293 EUSEBII
2125 234 2514 295 HIERONYMI

3660 243 3769 314 956

464 346 694 403 stiarum
712 343 987 416 scripsere
1006 342 1404 414 naturis,inter
1418 358 1612 403 omnes
1626 346 1919 404 t‘erasnihil
1941 362 2064 404 esse
2090 351 2145 414 Α
2169 351 2385 419 abstuli,
2420 353 2612 425 inquit,
2645 353 2699 410 in
2745 352 3120 427 indignatione
3164 369 3286 413 mea
3334 371 3514 431 regem
3540 399 3556 428 ,
3605 360 3765 416 vide-

468 454 599 496 ursa
624 438 824 495 suavius
854 453 977 493 cum
1020 436 1326 508 perdiderit
1360 439 1610 506 catulos,
1643 442 1729 497 vel
1769 441 2070 511 indiguerit

468 533 643 598 cibis;
672 543 728 588 et
758 546 865 587 non
896 533 1075 587 solum
1109 532 1418 602 panther:e,
1450 534 1637 604 pardi,
1668 545 1722 589 et
1754 549 1897 590 ursa:
1928 536 2069 589 tero-

468 625 610 681 ciam
650 624 1038 692 comminatur,
1080 624 1177 681 sed
1225 626 1398 681 leonis
1447 642 1670 698 quoque
1719 636 1775 684 et
1824 628 2068 683 omnium

465 719 789 789 bestiarum,
820 734 943 791 quae
986 720 1284 791 gignuntur
1328 721 1382 775 in
1428 721 1701 777 saltibus:
1754 731 1809 779 et
1850 722 1904 777 in
1950 722 2068 777 hazc

463 815 651 872 omnia
685 813 823 871 dicit
859 829 919 870 se
962 826 1087 869 esse
1116 812 1443 870 vertendum
1469 860 1483 884 ,
1527 815 1745 885 quando
1793 815 1959 872 ierint
1998 813 2069 870 ad

466 904 722 978 Assyrios
756 924 768 959 :
823 920 891 959 ne
942 920 1064 959 cum
1114 904 1188 960 ibi
1216 904 1353 960 dura
1391 904 1595 961 iuerint
1634 908 1916 979 perpessi,
1958 919 2066 961 non

474 999 633 1073 149
658 999 914 1070 potentiae
943 1006 999 1053 et
1028 996 1392 1068 indignationi
1423 998 1660 1067 Domini,
1696 1000 1792 1055 sed
1824 1000 2065 1056 hostium

464 1090 777 1148 fortitudini
806 1092 1090 1162 assignent
1118 1091 1374 1147 miserias
1397 1106 1545 1147 suas.
1576 1092 1862 1164 Simulque
1886 1095 2071 1149 consi-

468 1184 747 1248 deremus,
777 1182 923 1254 quod
956 1183 1048 1253 qui
1080 1186 1134 1237 in
1164 1183 1464 1255 Evangelio
1494 1185 1854 1242 credentibus
1886 1186 2067 1259 loqui-

468 1286 558 1333 tur
584 1295 596 1331 :
634 1277 814 1332 Venite
836 1276 905 1330 ad
926 1293 1007 1331 me
1029 1292 1209 1331 omnes
1238 1277 1327 1348 qui
1350 1276 1597 1333 laboratis
1618 1289 1665 1334 et
1686 1281 1887 1335 onerati
1911 1284 2031 1338 estis
2049 1326 2064 1352 ,

471 1383 521 1427 et
552 1390 642 1444 ego
690 1373 924 1443 reficiam
952 1388 1040 1428 vos
1086 1387 1104 1427 :
1124 1375 1321 1445 jugum
1349 1375 1487 1427 enim
1531 1390 1703 1428 meum
1730 1391 1887 1430 suave
1917 1386 1991 1432 est
2018 1388 2066 1433 et

467 1485 597 1524 onus
628 1484 797 1523 meum
838 1468 946 1521 leve
988 1465 1207 1539 (Matth.
1237 1482 1329 1533 x1,
1357 1466 1451 1532 28,
1486 1465 1604 1538 29),
1637 1482 1784 1522 nunc
1814 1483 1909 1538 per
1938 1484 2066 1540 pro-

465 1561 688 1634 phetam
709 1560 1027 1626 incredulis,
1051 1569 1106 1617 et
1130 1560 1448 1617 nolentibus
1468 1575 1633 1633 agere
1655 1562 2061 1633 paenitentiam,

459 1653 718 1725 panther,
752 1652 985 1723 pardus},
1020 1667 1151 1708 ursa
1196 1661 1253 1708 et
1293 1652 1381 1708 leo
1419 1650 1655 1709 efﬁcitur
1683 1673 1694 1708 :
1720 1669 1829 1711 non
1887 1657 2066 1712 solum

2170 446 2295 500 licet
2325 445 2637 503 Sedeciam:
2660 456 2719 504 ut
2746 464 2907 520 quem
2935 464 3059 506 cum
3088 450 3272 508 furore
3298 450 3581 521 dederam,
3605 453 3765 509 tolle-

2170 552 2282 592 rem
2324 553 2447 593 cum
2494 540 2883 611 indignatione.
2935 540 3043 596 Alii
3095 542 3435 599 arbitrantur
3477 543 3666 599 datum
3706 543 3765 600 in

2169 626 2352 683 lurore
2380 644 2561 701 regem
2589 631 2880 688 Jeroboam
2900 632 3067 688 tilium
3093 632 3328 701 Nabath,
3357 643 3415 690 et
3441 634 3680 692 ablatum
3707 636 3766 692 in

2168 721 2539 794 indignatione
2568 724 2708 781 Osee
2732 726 2983 781 ultimum
3018 742 3200 798 regem
3252 728 3442 785 decem
3494 730 3761 785 tribuum.

2168 812 2283 869 Hoc
2311 816 2454 886 quod
2477 817 2853 887 exposuimus,
2885 819 3011 875 dedi
3040 819 3134 875 tibi
3164 835 3352 893 regem
3375 830 3430 877 et
3450 823 3650 878 abstuli
3680 838 3766 879 re-

2165 922 2288 977 gem
2312 907 2365 961 in
2394 908 2765 981 indignatione
2792 926 2938 977 mea,
2976 911 3193 968 Hebraei
3243 913 3311 969 ad
3343 913 3584 970 futurum
3627 924 3768 972 tem-

2169 1013 2269 1069 pus
2299 1002 2562 1057 referunt.
2599 1003 2701 1069 Eo,
2737 1005 2935 1075 inquit,
2964 1015 3209 1076 tempore
3238 1022 3346 1078 quo
3392 1006 3654 1064 dicebas:
3695 1008 3766 1067 da

2168 1095 2299 1151 mihi
2330 1113 2513 1169 regem
2537 1108 2592 1155 et
2630 1100 2945 1172 principes;
2971 1117 3072 1173 ego
3103 1102 3197 1158 tibi
3228 1105 3626 1176 respondebam
3666 1121 3767 1177 per

2168 1187 2502 1260 Samuelem,
2534 1192 2680 1263 quod
2712 1193 2935 1249 daturus
2967 1194 3063 1251 tibi
3093 1209 3275 1251 essem
3299 1197 3352 1252 in
3386 1198 3576 1255 furore
3615 1214 3763 1265 meo,

2169 1289 2223 1336 et
2250 1282 2529 1338 ablaturus
2554 1284 2607 1340 in
2641 1284 3012 1357 indignatione
3041 1302 3180 1344 mea.
3202 1287 3456 1346 Perditus
3484 1300 3569 1347 est
3588 1292 3767 1347 omnis

2167 1374 2457 1432 haereticus
2486 1386 2544 1433 et
2565 1379 2902 1451 corruptioni
2932 1380 3198 1446 traditus;
3229 1382 3320 1452 qui
3351 1383 3498 1439 enim
3519 1386 3767 1456 corrupit

2172 1469 2431 1539 templum
2464 1470 2579 1539 Dei,
2606 1481 2920 1543 corrumpet
2941 1473 3092 1529 illum
3122 1474 3411 1533 Dominus:
3436 1488 3491 1533 et
3521 1478 3573 1533 in
3613 1479 3764 1535 nullo

2168 1562 2277 1616 alio
2303 1563 2464 1620 habet
2484 1565 2745 1621 auxilium
2772 1609 2786 1634 ,
2835 1567 2939 1622 nisi
2972 1569 3023 1623 in
3054 1568 3170 1624 sola
3213 1570 3589 1628 misericordia
3620 1574 3714 1630 Dei
3745 1615 3762 1642 ,

2168 1671 2330 1727 quam
2362 1657 2705 1727 paenitudine
2733 1661 3108 1732 consequitur.
3143 1662 3316 1733 Hujus
3342 1680 3441 1721 rex
3466 1675 3522 1721 et
3553 1666 3766 1738 judices

464 1744 883 1817 lsraelitisﬁquia
907 1744 1015 1818 [ΑΙ.
1038 1745 1152 1818 qui]
1177 1756 1395 1816 propter
1417 1746 1781 1802 idololatriam
1807 1750 1860 1804 in
1883 1750 2066 1805 Medo-
2093 1747 2143 1809 B
2170 1749 2417 1806 diabolus
2440 1761 2528 1808 est
2552 1764 2606 1809 et
2626 1753 2927 1821 daemones,
2951 1756 3074 1813 sive
3116 1772 3307 1814 omnes
3325 1760 3609 1831 principes
3634 1762 3766 1835 dog-

463 1853 586 1894 rum
610 1837 837 1894 urbibus
862 1839 977 1894 sive
1004 1838 1282 1895 montibus
1305 1838 1561 1894 collocati
1587 1850 1715 1896 sunt
1739 1860 1753 1897 :
1780 1843 1877 1897 sed
1901 1844 2065 1899 etiam

465 1932 776 1999 haereticis;
806 1931 935 2004 quia
963 1930 1071 2005 [AL
1106 1930 1220 2003 qui]
1253 1939 1480 2003 propter
1508 1933 1707 1989 mentis
1729 1935 2063 2006 superbiam,

465 2037 522 2086 et
550 2027 819 2085 falsorum
870 2027 1188 2098 dogmatum
1236 2027 1555 2094 vanitatem,
1601 2027 1757 2083 obliti
1797 2039 1925 2085 sunt
1970 2030 2067 2087 Dei

466 2122 587 2193 sui,
616 2132 642 2159 ⁸
673 2120 951 2177 ﬂuxerunt
982 2119 1127 2175 idola
1149 2160 1163 2183 ,
1192 2128 1248 2175 et
1272 2118 1447 2175 secuti
1478 2131 1605 2175 sunt
1628 2120 1764 2177 deos
1793 2122 2025 2180 alienos.

541 2215 736 2289 (Vers.
788 2216 821 2271 9
846 2254 863 2283 ,
911 2213 980 2270 10
1022 2222 1076 2269 et
1116 2213 1202 2268 11.
1236 2211 1255 2284 )
1284 2211 1521 2267 Perditio
1555 2222 1644 2268 tua
1668 2255 1683 2280 ,
1739 2212 1931 2285 Israel,
1952 2225 2069 2272 tan-

466 2311 732 2368 tummodo
752 2310 807 2364 in
836 2324 917 2363 me
938 2306 1197 2362 auxilium
1222 2316 1389 2361 tuum.
1428 2306 1527 2362 Ubi
1554 2317 1630 2362 est
1653 2324 1748 2364 rex
1775 2312 1930 2364 tuus?
1956 2328 2067 2365 ma-

462 2407 599 2461 xime
614 2422 750 2460 nunc
762 2413 809 2460 te
820 2402 1021 2460 salvum
1035 2400 1101 2476 [V
1111 2400 1408 2474 ulg.salvet]
1424 2402 1585 2472 faciat
1601 2404 1655 2457 in
1668 2404 1908 2460 omnibus
1922 2405 2065 2460 urbi-

468 2501 560 2556 bus
582 2498 716 2567 tuis;
741 2508 788 2555 et
804 2499 1016 2572 judices
1038 2497 1133 2565 tui,
1168 2496 1234 2550 de
1251 2497 1436 2567 quibus
1463 2497 1676 2553 dixisti:
1707 2496 1793 2551 Da
1833 2498 1958 2553 mihi
1986 2515 2065 2553 re-

464 2611 580 2667 gem
601 2604 649 2650 et
676 2590 1127 2666 principes:dabo
1160 2588 1251 2643 tibi
1295 2604 1464 2659 regem
1516 2589 1569 2643 in
1617 2590 1795 2659 furore
1841 2608 1974 2657 meo,
2015 2600 2065 2647 et

460 2690 698 2760 auferam
726 2688 781 2743 in
802 2686 1165 2759 indignatione
1183 2700 1317 2738 mea.
1333 2681 1479 2738 LXX
1503 2700 1516 2737 :
1544 2681 1875 2755 Corruptioni
1917 2695 2020 2740 tute
2043 2725 2060 2754 ,

465 2779 660 2848 Israel,
688 2780 805 2850 quis
853 2777 1242 2833 auxiliabitur?
1291 2776 1379 2831 ubi
1430 2784 1504 2831 est
1531 2792 1623 2832 rex
1666 2786 1783 2832 tuus
1831 2778 1974 2832 iste?
2016 2788 2063 2832 et

463 2876 665 2932 salvum
718 2884 766 2929 te
810 2874 970 2944 faciat
1021 2874 1077 2927 in
1127 2871 1321 2926 cunctis
1366 2870 1587 2940 urbibus;
1617 2872 1760 2926 tuis:
1791 2872 1986 2940 iudicet
2017 2882 2064 2926 te

466 2968 533 3023 de
583 2982 686 3039 quo
722 2964 939 3020 dixisti:
986 2962 1073 3018 Da
1124 2963 1251 3017 mihi
1289 2979 1458 3035 regem
1486 2961 1512 3001 ι)
1560 2972 1607 3018 et
1654 2964 1961 3036 principem,
2013 2973 2063 3020 et

463 3061 586 3117 dedi
644 3060 736 3115 tibi
786 3075 957 3132 regem
1003 3068 1050 3113 et
1105 3057 1432 3129 principem,
1496 3068 1543 3113 et
1591 3056 1710 3113 dedi
1754 3058 1845 3112 tibi
1895 3074 2065 3130 regem

2167 1851 2372 1898 malum
2405 1860 2809 1915 perversorum,
2850 1849 2941 1919 qui
2984 1864 3080 1905 eos
3118 1858 3366 1921 tempore
3421 1855 3765 1912 necessitatis

2166 1944 2221 1991 et
2248 1938 2515 2007 angustia:
2544 1938 2783 1997 liberare
2812 1956 2918 1996 non
2951 1950 3235 2012 poterunt,
3268 1945 3360 2015 qui
3391 1945 3502 2001 dati
3528 1956 3656 2003 sunt
3700 1948 3758 2003 in

2166 2027 2372 2097 furore,
2396 2041 2449 2085 et
2479 2030 2795 2087 auferantur
2828 2034 2882 2088 in
2911 2033 3321 2105 indignatione:
3348 2052 3456 2094 non
3483 2040 3627 2110 quod
3661 2039 3766 2097 Do-

2166 2122 2347 2179 minus
2376 2125 2509 2180 tales
2542 2140 2637 2182 eos
2662 2128 2897 2184 voluerit
2920 2129 3126 2186 habere
3148 2146 3338 2203 reges:
3369 2133 3608 2205 alioquin
3655 2152 3765 2192 non

2167 2214 2410 2271 auferret;
2435 2232 2572 2288 quos
2625 2230 2824 2289 Sponte
2870 2220 3121 2287 dederat,
3161 2224 3258 2301 se‘d
3307 2225 3450 2296 quod
3498 2226 3767 2285 dimiserit

2167 2321 2263 2363 eos
2284 2308 2659 2367 voluntatibus
2684 2312 2799 2368 suis
2825 2332 2835 2367 :
2867 2321 2925 2368 ut
2949 2314 3297 2372 comedentes
3342 2328 3397 2374 et
3452 2320 3766 2378 incrassatis

2165 2405 2865 2475 carnibus,nauseareut,et
2894 2421 3213 2467 evomerent
3243 2427 3344 2483 per
3367 2429 3533 2470 nares
3554 2425 3767 2481 suas,et

2166 2495 2349 2554 odisse
2373 2499 2676 2570 inciperent
2700 2516 2820 2568 eos,
2841 2518 2979 2574 quos
3000 2513 3154 2559 tanto
3174 2505 3355 2561 studio
3378 2507 3761 2578 sequebantur.

2237 2590 2421 2661 (Vers.
2477 2592 2546 2647 i2
2568 2601 2626 2650 et
2652 2594 2767 2667 15.)
2798 2593 3061 2669 Colligata
3085 2608 3158 2651 est
3199 2598 3445 2669 iniquitas
3466 2598 3724 2670 Ephraim
3746 2617 3766 2657 :

2164 2683 2521 2739 absconditum
2542 2696 2809 2757 peccatum
2824 2691 2937 2761 ejus
2953 2704 2971 2743 :
2985 2688 3196 2745 dolores
3219 2693 3555 2761 parturientis
3567 2694 3768 2750 venient

2165 2777 2231 2844 ei,
2264 2777 2373 2844 ipse
2404 2777 2547 2845 ﬁlius
2589 2794 2695 2831 non
2744 2779 2954 2848 sapiens
2980 2796 2998 2833 :
3051 2797 3190 2835 nunc
3222 2783 3357 2837 enim
3407 2800 3507 2838 non
3532 2785 3684 2839 stabit
3714 2787 3769 2840 in

2165 2870 2476 2925 contritione
2535 2870 2785 2939 filiorum.
2848 2870 3030 2927 LXX:
3095 2874 3435 2947 Congregatio
3477 2877 3766 2946 iniquitatis

2166 2961 2454 3032 Ephraim:
2497 2965 2858 3019 absconditum
2910 2976 2984 3020 est
3037 2977 3307 3036 peccatum
3349 2973 3510 3039 eius:
3562 2970 3767 3027 dolores

2164 3056 2311 3127 quasi
2334 3057 2665 3127 parturientis
2679 3057 2879 3111 venient
2903 3058 2950 3111 ei
2968 3072 2987 3111 :
3004 3058 3098 3113 iste
3120 3068 3193 3113 est
3221 3060 3362 3129 ﬁlius
3380 3070 3497 3116 tuus
3517 3063 3726 3133 sapiens
3745 3079 3763 3118 .·

460 3153 516 3208 δη
569 3153 648 3207 ενα
690 3168 822 3221 mea,
870 3161 919 3206 et
966 3150 1122 3205 habui
1168 3152 1222 3205 in
1272 3154 1447 3221 furore
1492 3166 1623 3205 meo.
1673 3151 1778 3207 Pro
1806 3166 1871 3207 eo
1911 3151 2056 3224 quod
2086 3140 2131 3205 C
2160 3150 2894 3221 quianuncnonsustinebitin
2911 3152 3766 3225 contritioneﬁliorum.Quomodo

461 3246 609 3305 LXX
630 3246 971 3318 interpretati
1000 3238 1129 3301 sunt
1177 3245 1376 3314 habui,
1422 3260 1615 3302 omnes
1645 3246 1835 3303 abstuli
1883 3256 2061 3303 trans-

463 3340 727 3397 tulerunt.
756 3338 953 3395 Infelix
980 3336 1155 3393 Israel
1185 3348 1241 3393 et
1267 3337 1465 3409 dignus
1505 3338 1890 3395 maledictione
1938 3356 2065 3411 per-

460 3445 645 3509 petua,
668 3436 760 3507 qui
788 3435 843 3491 in
870 3441 1079 3490 tantum
1097 3432 1396 3505 impietatis
1411 3432 1695 3489 descendit
1710 3435 2057 3505 profundum,

460 3539 521 3587 ut
542 3531 711 3587 solius
738 3529 833 3585 Dei
858 3529 1102 3586 salvetur
1151 3526 1549 3584 misericordia.
1583 3527 1766 3585 Potest
1791 3539 1976 3585 autem
2007 3531 2058 3583 in

460 3624 697 3683 Hebraeo
722 3633 779 3681 et
801 3623 907 3680 hoc
932 3637 1103 3679 sensu
1132 3622 1235 3693 legi
1268 3638 1282 3675 :
1321 3621 1633 3692 Dispereas,
1691 3622 1856 3678 Israel
1884 3664 1899 3690 ,
1932 3623 2059 3692 quia

459 3717 598 3774 nihil
632 3717 726 3773 tibi
755 3716 1029 3788 reliquum
1053 3724 1138 3771 est
1166 3715 1273 3770 nisi
1302 3722 1360 3770 ut
1393 3729 1513 3771 mea
1550 3715 1729 3771 solum
1769 3715 2059 3770 clementia

458 3811 827 3869 conserveris.
860 3810 915 3866 In
949 3808 1095 3865 LXX
1120 3819 1302 3865 autem
1323 3808 1463 3864 alter
1508 3818 1593 3864 est
1648 3823 1870 3863 sensus:
1924 3806 2056 3863 Cor-

458 3905 691 3976 ruptioni
720 3914 843 3970 tute,
864 3901 1052 3973 Israel,
1077 3902 1190 3973 quis
1215 3901 1600 3957 auxiliabitur?
1622 3901 1672 3957 id
1697 3910 1801 3969 est,
1831 3902 2061 3972 captivi-

458 3999 558 4054 tati
590 4006 695 4052 tuae
718 4005 773 4052 et
804 3995 1011 4053 ultima:
1032 3993 1278 4051 servituti
1319 3993 1441 4065 quis
1492 3994 1631 4048 ferre
1661 3991 1862 4063 poterit
1896 3993 2056 4048 anxi-

454 4090 585 4147 lium
625 4105 811 4146 eorum
833 4131 848 4155 ,
906 4103 1044 4161 quos
1073 4088 1168 4145 tibi
1200 4087 1462 4159 praesules
1485 4087 1805 4143 aestimasti?
1833 4087 1931 4143 Ubi
1974 4097 2057 4144 est

456 4199 561 4242 rex
593 4193 738 4251 tuus,
769 4183 837 4238 de
861 4197 969 4254 quo
998 4182 1217 4237 dicebas
1243 4181 1309 4236 ad
1338 4178 1556 4237 Samuel
1576 4197 1589 4233 :
1609 4179 1878 4235 Constitue
1904 4197 2058 4251 super

459 4292 553 4332 nos
575 4292 770 4348 regem,
799 4284 856 4329 ut
875 4274 1083 4348 judicet
1112 4291 1207 4330 nos
1232 4291 1251 4328 :
1280 4275 1413 4328 sicut
1442 4282 1490 4329 et
1512 4282 1684 4345 gentes
1740 4274 1925 4329 habent
1956 4292 2055 4331 cte-

457 4380 583 4429 terte
604 4372 671 4445 (ll
705 4372 833 4445 Reg.
861 4386 977 4439 νιιι,
1010 4368 1089 4442 5).
1122 4367 1365 4440 Cumque
1394 4368 1489 4425 ille
1511 4369 1940 4437 contradiceret,
1974 4386 2055 4425 re-

454 4466 796 4538 spondebas:
818 4480 1181 4537 nequaquam,
1205 4464 1301 4520 sed
1324 4477 1417 4518 rex
1440 4463 1543 4519 erit
1569 4465 1749 4533 nobis,
1772 4474 1824 4521 ct
1848 4465 2050 4522 erimus

2165 3244 2210 3298 si
2237 3243 2433 3315 ligetur
2462 3242 2591 3315 quid
2626 3243 2677 3299 in
2705 3242 2930 3310 saeculo,
2963 3255 3344 3313 conservatur,
3388 3258 3441 3302 et
3475 3264 3585 3303 non
3626 3248 3768 3319 perit

2165 3338 2213 3394 ei
2237 3340 2324 3393 cui
2355 3338 2575 3409 ligatum
2607 3346 2724 3393 est:
2758 3337 2837 3392 sic
2867 3336 3048 3392 omnis
3081 3338 3341 3408 iniquitas
3364 3355 3469 3408 qua
3500 3339 3553 3395 in
3596 3341 3763 3397 Deum

2166 3430 2410 3498 peccavit
2436 3428 2729 3499 Ephraim,
2779 3429 3038 3499 colligata
3088 3437 3173 3485 est
3220 3429 3291 3498 ei,
3342 3439 3401 3486 et
3447 3431 3764 3490 abscondita

2164 3523 2316 3594 quasi
2350 3522 2403 3577 in
2436 3522 2713 3592 marsupio
2742 3530 3081 3577 reservatur.
3108 3522 3352 3594 Denique
3378 3538 3503 3580 cum
3534 3524 3655 3582 dies
3681 3526 3765 3582 ul-

2163 3616 2327 3673 tionis
2351 3618 2658 3683 advenerit,
2692 3626 2747 3673 et
2768 3626 3010 3674 extrema
3034 3619 3343 3703 captivitas,
3369 3620 3591 3677 dolores
3610 3623 3762 3692 quasi

2162 3710 2519 3780 parturientis
2537 3712 2762 3767 venient
2779 3710 2852 3776 ei,
2880 3710 2996 3767 sive
3014 3712 3429 3782 apprehendent
3451 3715 3625 3770 illum.
3646 3716 3763 3772 Mu-

2160 3801 2263 3857 licr
2290 3803 2445 3875 151
2470 3802 2782 3873 parturiens
2811 3802 2987 3857 multo
3009 3811 3299 3875 antequam
3334 3806 3529 3876 pariat,
3583 3822 3649 3864 ex
3691 3824 3758 3865 eo

2160 3904 2405 3965 tempore
2426 3910 2534 3966 quo
2556 3896 2832 3966 concepit,
2858 3896 2959 3951 scit
2982 3910 3042 3951 se
3069 3910 3192 3952 esse
3224 3897 3552 3967 parituram,
3585 3909 3641 3955 et
3666 3916 3761 3983 ex-

2159 3999 2368 4059 spectat
2392 3990 2637 4060 quotidie
2659 4000 2903 4048 extrema
2929 3999 3202 4047 tormenta
3225 3992 3611 4065 cruciatusque
3623 4009 3758 4051 ven-

2158 4097 2332 4145 turos.
2359 4089 2433 4144 ita
2462 4097 2517 4145 et
2553 4089 2814 4159 prraim
2838 4089 2981 4145 (ilius
3033 4089 3319 4161 insipiens,
3353 4092 3424 4148 de
3453 4108 3561 4163 quo
3591 4096 3759 4164 supra

2157 4181 2409 4237 dixerat:
2443 4181 2697 4254 Ephraim
2725 4182 2963 4237 columba
2987 4183 3259 4252 insipiens,
3292 4200 3400 4239 non
3433 4184 3626 4241 habens
3671 4203 3760 4241 cor

2153 4278 2207 4332 in
2220 4277 2527 4332 contritione
2551 4276 2780 4347 ﬁliorum
2806 4285 2854 4331 et
2876 4276 3057 4347 papuli
3076 4274 3322 4344 sui,Cum
3343 4290 3364 4317 ε
3393 4277 3510 4335 dies
3526 4278 3759 4350 parturi-

2157 4373 2321 4429 tionis
2332 4380 2454 4428 ctca
2464 4372 2721 4443 ptivitatis
2732 4371 3289 4438 advenerit,autstare
3300 4380 3394 4428 aut
3406 4371 3632 4429 sufferre
3647 4389 3756 4430 non

2154 4467 2375 4538 poterit.
2403 4466 2509 4521 Pro
2537 4464 2826 4537 Insipiente
2849 4464 2962 4534 ﬁlio
2995 4463 3050 4518 in
3095 4462 3241 4519 LXX
3271 4480 3369 4534 per
3407 4464 3636 4521 ironiam
3676 4467 3754 4522 le-

453 4534 622 4618 etiam
650 4575 749 4617 nos
781 4534 922 4617 sicut
942 4569 995 4615 et
1012 4534 1199 4631 gentes
1229 4572 1443 4625 omnes,
1470 4568 1524 4614 et
1542 4556 1806 4629 judicabit
1826 4573 1924 4615 nos
1950 4574 2052 4615 rex
2075 4534 2129 4595 D
2154 4534 2326 4631 gitur:
2359 4556 2467 4614 Iste
2496 4534 2890 4629 ﬁlius-sapiens,
2943 4556 3048 4613 hoc
3094 4566 3180 4613 est
3232 4572 3395 4629 quem
3451 4560 3751 4630 sapientem

452 4664 666 4723 noster,
702 4665 757 4711 et
788 4653 1101 4726 egredietur
1122 4660 1250 4707 ante
1275 4666 1402 4720 nos,
1429 4660 1485 4707 et
1514 4653 1782 4724 pugnabit
1812 4668 1911 4724 pro
1954 4669 2054 4710 no-

451 4746 559 4804 bis.
595 4748 671 4803 De
698 4762 806 4819 quo
850 4760 982 4818 ergo
1029 4745 1125 4800 tibi
1177 4743 1529 4816 promiseras,
1581 4745 1728 4817 quod
1770 4756 1857 4802 tua
1910 4747 2052 4803 bella

450 4840 702 4906 bellaret,
730 4855 879 4896 nunc
900 4839 955 4895 in
983 4837 1315 4895 necessitate
1338 4838 1647 4905 subveniat,
1690 4849 1745 4896 et
1773 4841 2053 4897 universas

447 4937 617 4995 urbes
643 4945 762 4993 tuas
789 4935 985 4993 liberet
1013 4934 1083 4991 de
1103 4933 1386 4991 servitute.
1416 4934 1519 4991 Ubi
1545 4945 1672 4991 sunt
1697 4934 1910 5006 judices
1940 4937 2053 4993 tui?

447 5032 540 5090 ubi
572 5031 762 5104 reges?
795 5031 954 5104 150
980 5028 1060 5086 Tu
1088 5028 1235 5085 enim
1263 5027 1479 5084 dixisti:
1512 5029 1595 5083 Da
1625 5030 1751 5085 mihi
1779 5045 1949 5101 regem
1996 5042 2046 5086 et

446 5124 947 5198 principes:itaque
968 5122 1093 5179 dedi
1138 5121 1231 5179 tibi
1284 5120 1501 5177 Saulem
1547 5138 1733 5195 regem
1782 5123 1837 5178 in
1860 5122 2043 5180 furore

443 5232 609 5284 meo;
666 5218 934 5272 intantum
982 5226 1040 5271 ut
1093 5216 1146 5270 in
1186 5214 1377 5270 diebus
1408 5215 1605 5271 messis
1659 5216 1895 5285 pluviam
1943 5216 2041 5273 de-

446 5319 820 5369 monstrarem
842 5320 1032 5368 contra
1059 5319 1312 5366 naturam
1360 5308 1564 5365 Judmze
1603 5312 1921 5380 provinciae.
1973 5310 2042 5367 Et

519 5506 548 5568 ρ
576 5497 694 5554 Duo
722 5513 854 5554 mss.
888 5507 935 5553 et
965 5498 1343 5568 conﬁnxerunt,
1372 5506 1421 5550 et
1450 5496 1613 5550 seculi
1641 5502 1897 5563 sunt,etc.

513 5567 543 5607 ι)
575 5568 771 5625 Totam
798 5568 941 5625 hanc
974 5566 1317 5640 pericopent,
1373 5579 1418 5624 et
1448 5567 1757 5640 principem,
1823 5577 1871 5622 et
1928 5566 2049 5622 dedi

445 5636 537 5714 tibi
563 5648 743 5713 regem:
764 5650 809 5696 et
835 5636 1148 5714 principem,
1163 5636 1220 5697 et
1250 5640 1378 5714 dedi
1402 5636 1493 5694 tibi
1540 5636 1711 5708 regem
1738 5685 1752 5708 ,
1789 5655 1911 5710 qua:
1958 5654 2049 5714 so-

446 5711 844 5785 lemni'errore'
870 5713 940 5785 ob
977 5712 1223 5785 ejusdem
1262 5711 1415 5767 vocis
1452 5727 1623 5785 regem
1652 5726 1938 5767 occursum
1988 5712 2043 5766 in

448 5784 795 5842 Benedictina
828 5783 1070 5841 editione
1097 5784 1273 5841 fuerat
1308 5783 1700 5855 praetermissa,
1728 5793 2041 5841 nostrorum

2156 4655 2409 4727 putabas,
2444 4663 2497 4711 ut
2525 4653 2840 4711 econtrario
2881 4652 3220 4723 intelligatur
3252 4651 3537 4723 insipiens.
3568 4654 3757 4710 Omni-

2156 4750 2259 4805 bus
2288 4758 2468 4804 autem
2503 4747 2779 4805 hxreticis
2834 4746 3098 4817 iniquitas
3146 4744 3403 4816 colligata
3429 4755 3534 4817 est,
3590 4763 3751 4817 quam

2155 4842 2211 4897 in
2242 4841 2463 4897 excelso
2491 4841 2656 4896 locuti
2690 4849 2846 4895 sunt:
2876 4838 3325 4905 etabsconditum
3357 4847 3441 4894 est
3469 4849 3750 4909 peccatum

2155 4950 2367 5000 eorum,
2390 4933 2517 4989 dum
2549 4948 2608 4989 se
2640 4941 2829 5004 putant
2848 4946 3056 4988 venena
3079 4931 3161 4986 sui
3193 4929 3375 4987 cordis
3402 4932 3749 4990 abscondere

2152 5040 2207 5087 et
2235 5032 2436 5087 habere
2466 5037 2712 5088 secreta:
2746 5044 2868 5100 qua:
2894 5043 3018 5085 cum
3059 5028 3178 5084 dies
3227 5026 3605 5097 parturitionis
3649 5026 3748 5082 ad~

2150 5126 2410 5192 venerit,
2460 5124 2653 5180 dolore
2703 5121 3199 5193 ejulationibusque
3257 5119 3589 5190 pandentur.
3639 5120 3749 5175 Iste

2149 5217 2406 5287 Ephraim
2437 5216 2579 5273 titius
2600 5216 2868 5287 insipiens
2896 5224 3001 5282 est,
3028 5213 3157 5285 quia
3179 5212 3273 5269 Dei
3304 5214 3629 5283 sapientiam
3653 5212 3749 5270 de-

2147 5310 2390 5382 reliquit,
2421 5309 2491 5367 de
2510 5326 2616 5381 quo
2643 5311 2699 5366 in
2740 5308 2975 5367 Jeremia
3028 5307 3295 5378 scriptum
3337 5314 3454 5365 est:
3507 5306 3748 5363 Nouissi-

2159 5495 2403 5551 eodicnm
2432 5509 2535 5566 ope
2565 5492 2899 5551 sull‘ecimus.

2234 5578 2256 5607 ε
2284 5564 2611 5622 Particulam
2644 5566 2720 5633 in,
2752 5580 2912 5635 quam
2941 5580 3061 5620 cum
3094 5564 3251 5620 bona:
3296 5564 3592 5621 locutionis
3649 5564 3745 5622 da-

2157 5654 2285 5695 mno
2314 5638 2669 5695 Benedictina
2690 5636 3022 5693 obtrudebat
3044 5635 3236 5705 editio,
3270 5645 3397 5707 post
3438 5636 3740 5694 Victoriam

2153 5711 2220 5767 ad
2251 5725 2384 5767 mss.
2415 5709 2573 5766 ﬁdem
2605 5709 2927 5765 delevimus.
2961 5708 3231 5780 Pleraque
3252 5716 3435 5765 autem
3470 5709 3522 5764 id
3567 5725 3743 5781 genus

2151 5783 2259 5840 alia
2288 5781 2430 5839 taciti
2471 5782 2822 5852 castigamus.
