4120 6342
290 269 393 329 9'57
1098 258 1756 325 COMMENTARIORUM
1797 255 1865 320 ΙΝ
1902 252 2083 320 OSEE
2120 257 2251 319 LIB.
2290 256 2379 319 Ill.
2426 260 2581 320 CAP.
2625 261 2764 320 XIII.
3474 268 3581 329 9‘58

292 400 433 439 mum
481 383 593 456 ejus
623 379 980 452 eritinsipiens
1011 381 1031 453 (
1055 380 1353 454 Jer.xvn),
1385 384 1516 440 etin
1556 383 1887 439 contritione
1914 379 1970 443 Α
1994 386 2209 450 tempus
2254 380 2556 450 impinguat
2585 382 2768 437 fauces
2797 378 3127 450 insipientis,
3153 380 3452 440 novissime
3491 400 3590 441 au-

290 474 529 533 ﬁliorum
558 492 779 531 suorum
812 492 949 548 quos
974 476 1267 547 interfecit,
1297 492 1435 549 quos
1468 477 1734 549 jugulavit
1792 475 1890 531 Dei

293 570 431 626 iram
460 568 737 624 sustinere
765 583 873 625 non
903 571 1121 639 poterit.

377 662 562 735 (Vers.
596 660 713 733 M.)
743 661 821 716 De
844 678 1002 717 manu
1023 664 1204 718 mortis
1224 664 1453 719 liberabo
1479 680 1563 717 eos
1588 680 1606 717 :
1636 663 1700 716 de
1730 673 1894 716 morte

294 757 547 811 redimam
570 770 676 810 eos.
693 752 803 810 Ero
830 771 966 809 mors
1003 765 1113 823 tua,
1147 772 1177 809 ο
1203 771 1341 809 mors
1365 770 1384 809 :
1410 771 1500 808 ero
1521 770 1721 808 morsus
1751 763 1891 821 tuus,

292 848 519 916 inferne.
542 845 847 902 Consolatio
869 846 1177 902 abscondita
1207 849 1361 901 estab
1384 846 1552 900 oculis
1583 847 1705 901 meis
1735 847 1898 916 :quia

295 942 406 1012 ipse
424 940 557 995 inter
569 940 757 1011 fratres
779 940 969 995 dividet
986 939 1095 1013 [AL
1112 939 1340 1013 dividit].
1356 939 1500 996 LXX
1516 958 1529 994 :
1548 940 1627 995 De
1642 957 1798 995 manu
1815 940 1898 992 in-

301 1038 437 1107 ferni
463 1034 690 1091 liberabo
701 1035 886 1103 eos,de
910 1045 1070 1090 morte
1088 1036 1341 1090 redimam
1368 1036 1486 1090 illos
1504 1052 1521 1089 :
1537 1036 1622 1089 ubi
1643 1044 1715 1089 est
1738 1050 1899 1088 causa

304 1136 417 1194 tua,
440 1144 576 1184 mors
589 1128 612 1183 ?
624 1127 711 1182 ubi
732 1137 805 1182 est
827 1130 1040 1183 aculeus
1057 1137 1198 1196 tuus,
1212 1128 1445 1200 inferne?
1469 1127 1760 1182 consolatio
1781 1128 1899 1182 abs-

304 1221 512 1275 condita
535 1229 610 1275 est
652 1221 713 1275 ab
740 1222 903 1276 oculis
930 1223 1092 1277 meis:
1124 1224 1245 1294 quia
1270 1224 1380 1295 ipse
1400 1223 1535 1276 inter
1552 1224 1739 1294 fratres
1763 1220 1899 1275 divi-

305 1312 390 1366 det
418 1310 772 1385 [ALdividit].
804 1312 1111 1367 Secundum
1159 1324 1447 1384 utramque
1489 1313 1902 1384 intelligentiam

306 1403 425 1474 Eph
436 1405 592 1471 raim,
609 1404 710 1458 hoc
728 1412 832 1472 est,
848 1412 903 1460 et
922 1404 1110 1461 decem
1131 1406 1391 1470 tribuum,
1414 1413 1471 1461 et
1491 1406 1897 1472 haereticorum,

306 1499 396 1568 qui
414 1498 683 1553 sustinere
702 1512 809 1553 non
827 1507 1089 1569 poterunt
1108 1500 1157 1553 in
1176 1498 1504 1555 contritione
1520 1498 1758 1554 filiorum
1777 1512 1906 1552 suo-

308 1604 454 1656 rum,
478 1605 599 1644 cmn
616 1588 832 1645 dolores
849 1590 1004 1661 quasi
1025 1592 1384 1660 parturientis
1412 1590 1761 1659 advenerint,
1797 1590 1906 1644 Do-

312 1682 491 1736 minus
513 1682 802 1753 pollicetur
824 1681 892 1737 de
909 1698 1074 1737 manu
1091 1684 1283 1739 mortis
1311 1699 1370 1740 se
1398 1698 1496 1740 eos
1522 1684 1903 1750 liberaturum,

1997 482 2104 529 tem
2137 474 2381 529 amarius
2411 474 2539 530 felle
2574 474 2874 543 invenitur,
2904 486 2960 530 et
2990 477 3203 532 acutius
3227 478 3399 548 magis
3420 495 3586 546 quam

1996 565 2501 638 gladiusutrimque
2529 580 2721 622 acutus
2754 566 2933 639 (Prov.
2963 567 3042 640 v).
3069 568 3413 640 Quicumque
3442 569 3594 626 terri-

1998 676 2137 732 gena
2164 671 2267 730 est,
2300 671 2353 716 et
2378 662 2442 716 de
2464 661 2601 717 coelo
2630 676 2733 714 non
2768 661 3043 730 nascitur,
3097 662 3423 717 interficitur
3472 663 3593 733 ejus

1998 754 2364 822 amplexibus,
2397 761 2452 809 et
2480 753 2677 822 ligatur
2706 752 2910 808 institis
2940 753 3265 810 lectulorum
3291 797 3306 820 ,
3351 765 3408 810 et
3463 754 3598 810 insi-

2002 846 2217 915 pientia:
2246 847 2413 917 pedes
2440 845 2721 901 deducunt
2748 861 2865 912 eos,
2898 844 2992 915 qui
3038 855 3264 902 utuntur
3309 863 3374 903 ea
3404 887 3419 911 ,
3472 862 3594 903 cum

2002 947 2177 993 morte
2202 936 2267 991 ad
2298 936 2529 996 inferos.
2560 937 2709 993 Inter
2758 945 2991 992 mortem
3047 946 3232 992 autem
3260 947 3316 992 et
3353 938 3559 995 inferos
3580 981 3596 1007 ,

2004 1029 2109 1086 hoc
2162 1031 2420 1086 interest:
2481 1031 2630 1085 Mors
2677 1039 2799 1097 est,
2850 1045 2955 1101 qua
3004 1031 3183 1084 anima
3239 1041 3526 1099 separatur
3565 1046 3599 1086 a

2003 1138 2237 1194 corpore
2280 1142 2294 1177 :
2352 1122 2616 1186 infernus,
2654 1122 2804 1177 locus
2847 1123 2900 1177 in
2926 1137 3034 1193 quo
3081 1123 3276 1176 anima:
3306 1123 3601 1178 recludun-

2004 1224 2133 1283 tur,
2208 1218 2322 1272 sive
2393 1218 2445 1271 in
2496 1216 2781 1287 refrigerio
2827 1215 2886 1285 δ,
2945 1218 3059 1272 sive
3109 1216 3162 1271 in
3227 1217 3442 1286 plenis,
3501 1234 3603 1288 pro

2005 1312 2267 1381 qualitate
2322 1310 2666 1367 meritorum.
2703 1311 2816 1366 Hoc
2842 1311 3078 1365 diximus
3105 1356 3118 1380 ,
3166 1320 3221 1366 ut
3283 1314 3603 1368 ostendere-

2007 1419 2127 1459 mus
2153 1446 2167 1471 ,
2214 1404 2266 1459 id
2304 1404 2756 1468 mortemfacere,
2778 1404 2919 1475 quod
2937 1405 3280 1461 meretricem
3297 1407 3604 1461 mulierem.

2010 1499 2155 1553 Mors
2176 1500 2320 1554 enim
2343 1498 2538 1553 dividit
2575 1498 2794 1566 fratres,
2818 1498 2921 1553 hoc
2942 1507 2997 1553 et
3024 1500 3224 1555 mulier
3246 1500 3392 1555 facit.
3421 1499 3477 1554 In
3497 1500 3606 1556 fra-

2008 1592 2202 1661 tribus,
2220 1606 2437 1648 omnem
2453 1591 2694 1661 intellige
2710 1591 3062 1657 cbaritatem,
3090 1592 3232 1661 quod
3256 1602 3311 1648 et
3329 1602 3503 1648 mater
3524 1592 3607 1647 di-

2004 1684 2221 1739 vidatur
2248 1702 2277 1739 a
2302 1686 2435 1749 lilia,
2468 1694 2522 1741 et
2547 1694 2742 1754 patera
2762 1686 2890 1749 lilio,
2916 1686 3155 1741 etfrater
3180 1702 3211 1740 a
3237 1686 3603 1755 fratre.Quod

310 1783 367 1831 et
392 1774 460 1830 de
477 1783 655 1830 morte
688 1774 1122 1846 redempturum.
1143 1776 1359 1831 Manum
1390 1784 1572 1831 autem
1602 1774 1793 1830 mortis
1815 1789 1905 1844 ap-
1932 1781 1979 1841 B
2010 1789 2189 1835 autem
2218 1779 2368 1833 aliud
2396 1779 2467 1833 sit
2489 1794 2656 1846 mors,
2682 1788 2738 1833 et
2768 1778 2915 1833 aliud
2944 1778 3216 1845 infernus,
3243 1789 3297 1835 et
3321 1780 3606 1849 psalmista

312 1869 480 1941 pellat
508 1885 674 1940 opera
704 1870 899 1940 quibus
923 1850 1206 1939 interﬁeil,
1230 1870 1390 1940 juxta
1416 1869 1548 1924 illud
1581 1869 1725 1940 quod
1766 1868 1905 1923 scri-

312 1974 464 2036 ptum
478 1974 587 2019 est:
610 1962 677 2019 In
691 1982 849 2020 manu
864 1965 1061 2039 lingute
1083 1983 1220 2020 mors
1235 1977 1282 2021 et
1294 1967 1399 2020 vita
1416 1964 1607 2036 (Prov.
1626 1981 1779 2035 xvm,
1794 1963 1908 2035 21).

316 2058 589 2116 Liberavit
635 2068 816 2117 autem
859 2076 1051 2118 omnes
1103 2062 1410 2128 Dominus,
1462 2070 1517 2117 et
1570 2060 1805 2117 redemit
1859 2060 1911 2114 in

318 2153 569 2221 passione
595 2154 774 2208 crucis
804 2163 860 2208 et
885 2153 1150 2209 effusione
1184 2154 1467 2225 sanguinis
1518 2154 1603 2209 sui
1637 2170 1650 2207 :
1695 2151 1914 2222 quando

315 2245 495 2299 anima
530 2248 652 2314 ejus
698 2244 983 2302 descendit
1036 2247 1089 2301 in
1137 2246 1410 2303 infernum
1441 2289 1455 2314 ,
1508 2255 1563 2302 et
1613 2261 1742 2301 caro
1796 2246 1914 2316 ejus

317 2353 425 2393 non
471 2339 604 2392 vidit
665 2340 1111 2411 corruptionem,
1177 2350 1235 2396 et
1303 2340 1370 2395 ad
1432 2342 1601 2410 ipsam
1681 2348 1914 2395 mortem

316 2437 481 2501 atque
524 2429 683 2503 152
726 2431 997 2487 infernum
1047 2432 1263 2488 loculus
1293 2441 1407 2488 est:
1442 2432 1549 2487 Ero
1602 2448 1740 2486 mors
1780 2440 1869 2485 tua
1897 2473 1912 2499 ,

318 2537 347 2575 ο
398 2538 556 2575 mors.
615 2523 823 2578 Idcirco
868 2524 1014 2579 enim
1065 2536 1314 2580 mortuus
1368 2540 1488 2580 sum
1522 2569 1536 2593 ,
1595 2533 1652 2579 ut
1690 2534 1748 2579 tu
1794 2538 1916 2579 mea

324 2626 504 2670 morte
534 2615 812 2671 moriaris.
847 2615 957 2672 Ero
986 2634 1186 2673 morsus
1215 2629 1358 2687 tuus,
1398 2619 1603 2691 inferne
1630 2660 1645 2685 ,
1674 2618 1765 2689 qui
1801 2633 1918 2672 om-

320 2725 419 2765 nes
448 2711 553 2764 tuis
584 2710 833 2766 faucibus
859 2711 1188 2768 devorabas.
1227 2713 1541 2784 Videasque
1571 2713 1765 2768 mortis
1812 2712 1916 2767 du-

323 2817 438 2857 ram
466 2805 882 2872 necessitatem,
913 2806 1136 2878 etquod
1168 2807 1350 2862 nullus
1386 2808 1455 2862 sit
1504 2806 1783 2862 hominum
1827 2806 1918 2878 qui

326 2898 471 2952 vivat
490 2908 669 2954 etnon
691 2900 877 2956 videat
906 2914 1138 2959 mortem
1159 2902 1334 2975 (Psal.
1369 2903 1656 2976 Lxxxvm),
1680 2905 1921 2959 clemen-

328 2991 571 3047 tissimus
606 3002 762 3062 pater
806 2995 1091 3051 sententia:
1139 2998 1458 3051 recordatur
1480 2997 1747 3065 antiquae:
1791 2995 1919 3066 quia

325 3078 434 3151 [Αι.
458 3080 585 3153 qua]
612 3081 664 3135 in
692 3080 865 3137 Adam
897 3098 1091 3141 omnes
1123 3085 1390 3140 morimur
1412 3084 1473 3153 (Ι
1502 3084 1626 3141 Cor.
1656 3084 1771 3157 xv).
1796 3084 1922 3139 Sive

2022 1873 2177 1947 153
2226 1874 2598 1940 demonstrat,
2656 1873 2843 1928 dicens
2888 1892 2901 1927 :
2954 1872 3076 1927 Non
3126 1882 3200 1928 est
3229 1874 3283 1927 in
3315 1885 3478 1928 morte
3520 1873 3612 1943 qui

2016 1982 2211 2021 memor
2234 1967 2299 2021 sit
2328 1966 2401 2021 tui
2434 1983 2452 2020 :
2485 1967 2539 2020 in
2578 1967 2785 2037 inferno
2811 1975 2980 2020 atttem
3018 1967 3135 2038 quis
3166 1966 3491 2032 conﬁtebitur
3522 1965 3615 2019 tibi

2021 2061 2140 2134 (Ps.
2171 2076 2246 2128 Vl,
2277 2062 2379 2133 6)?
2408 2061 2478 2116 Et
2505 2062 2559 2115 in
2589 2060 2695 2116 alio
2726 2061 2845 2115 loco
2878 2079 2890 2115 :
2927 2060 3112 2115 Veniat
3154 2078 3291 2115 mors
3321 2078 3475 2131 super
3502 2077 3610 2125 eos,

2018 2163 2064 2209 et
2087 2156 2399 2209 descendant
2439 2154 2493 2207 in
2522 2155 2785 2224 infernum
2812 2156 3035 2209 viventes
3062 2154 3179 2225 (Ps.
3213 2170 3321 2220 le,
3352 2155 3461 2224 16).
3510 2154 3616 2209 Pro

2017 2264 2084 2304 eo
2107 2248 2249 2319 quod
2281 2262 2379 2303 nos
2424 2247 2764 2318 interpretati
2794 2262 2981 2303 sumus
3025 2266 3038 2302 :
3091 2246 3195 2301 Ero
3236 2264 3372 2302 mors
3417 2258 3529 2313 tua,
3584 2263 3614 2300 ο

2015 2359 2150 2396 mors
2185 2359 2202 2394 :
2229 2359 2319 2397 ero
2342 2358 2544 2396 morsus
2575 2352 2711 2409 tuus,
2742 2342 2964 2411 inferne,
2991 2340 3159 2406 LXX,
3183 2341 3611 2396 transtulerunt:

2023 2435 2121 2491 Ubi
2143 2445 2217 2490 est
2248 2452 2406 2489 causa
2447 2446 2557 2500 tua,
2587 2451 2617 2489 ο
2645 2451 2783 2489 mors
2805 2437 2828 2489 Σ)
2852 2436 2939 2488 ubi
2970 2445 3041 2488 est
3084 2436 3324 2489 stimulus
3364 2444 3504 2501 tuus,
3536 2436 3619 2489 in-

2019 2532 2164 2601 ferne
2190 2532 2214 2583 ?
2239 2529 2344 2585 Pro
2373 2546 2480 2600 quo
2506 2530 2801 2599 Apostolus
2834 2530 3014 2599 posuit
3048 2548 3058 2583 :
3092 2530 3348 2598 Absorpta
3377 2538 3449 2584 est
3478 2546 3617 2583 ntors

2018 2624 2073 2677 in
2102 2632 2126 2662 ο
2151 2624 2514 2689 contentione;
2542 2622 2629 2675 ubi
2654 2631 2749 2689 est,
2784 2639 2939 2689 mors,
2966 2624 3229 2678 contentio
3262 2626 3389 2679 tua?
3410 2623 3495 2677 ubi
3522 2633 3618 2691 est,

2021 2731 2183 2784 mors,
2213 2717 2424 2771 aculeus
2457 2726 2572 2770 tuus
2596 2715 2636 2785 (Ι
2670 2715 2788 2769 Cor.
2819 2731 2907 2779 xv,
2941 2715 3010 2769 54
3040 2726 3090 2770 et
3120 2713 3326 2785 seqq.)?
3359 2715 3427 2768 Et
3457 2732 3617 2787 expo-

2024 2826 2160 2867 nens
2190 2811 2444 2866 virtutem
2480 2810 2776 2866 testimonii
2805 2810 2984 2863 intulit
3008 2826 3020 2862 :
3043 2808 3266 2864 Aculens
3294 2819 3465 2864 autem
3488 2828 3625 2864 mor-

2024 2904 2091 2959 tis
2118 2914 2384 2974 peccatum
2430 2911 2525 2971 est,
2569 2903 2729 2957 virtus
2770 2918 2885 2957 vero
2922 2902 3262 2972 prccatilex;
3310 2902 3418 2957 Dea
3451 2914 3623 2957 autem

2024 2994 2250 3063 gratias.
2291 2992 2381 3063 qui
2419 2990 2560 3044 dedit
2600 2990 2746 3045 nobis
2786 2991 3050 3045 victoriam
3088 3008 3178 3062 per
3218 2989 3500 3046 Dominum
3531 3010 3628 3049 no-

2026 3090 2190 3133 strum
2213 3077 2393 3133 Iesum
2412 3076 2697 3131 Christum.
2721 3077 2905 3147 Itaque
2923 3079 3064 3148 quod
3088 3078 3177 3133 ille
3192 3078 3245 3133 in
3265 3080 3624 3137 resurremio-

325 3172 590 3240 prOpbeta
623 3172 935 3243 intelligens
965 3173 1318 3245 fragilitatem
1350 3190 1527 3241 suam,
1559 3184 1615 3230 et
1651 3174 1916 3230 conditio-
1949 3174 1995 3239 C
2029 3185 2152 3225 nem
2186 3169 2576 3236 interpretatus
2598 3176 2682 3222 est
2705 3167 2937 3232 Domini,
2969 3183 3067 3222 nos
3097 3168 3257 3223 aliter
3280 3172 3625 3240 interpretari

326 3272 452 3313 nem
480 3258 659 3313 carnis
690 3260 969 3316 humanm:
1000 3259 1332 3331 Consolatio,
1373 3262 1470 3331 ait,
1498 3263 1807 3317 abscondita
1844 3271 1919 3317 est

328 3348 390 3400 ab
421 3348 584 3401 oculis
626 3349 749 3403 meis
774 3392 788 3417 ,
823 3360 877 3406 et
904 3359 989 3406 est
1029 3366 1255 3407 sensus:
1287 3352 1406 3407 Non
1422 3352 1583 3413 valeo
1606 3354 1920 3420 consolari,

333 3435 598 3506 quidquid
630 3448 811 3493 mente
839 3454 1170 3510 concepero,
1199 3440 1446 3498 dolorem
1473 3457 1653 3497 meum
1686 3457 1793 3498 non
1827 3457 1921 3511 po-

332 3534 440 3580 test
483 3526 734 3598 mitigare
760 3566 775 3592 ,
807 3530 1087 3583 cernentis
1118 3528 1228 3601 [Αι.
1259 3529 1514 3601 cernens]
1538 3571 1551 3595 ,
1595 3530 1922 3586 charissima

332 3616 474 3670 inter
496 3628 557 3669 se
582 3616 801 3670 nomina
823 3626 1001 3671 morte
1027 3617 1269 3689 seiungi:
1294 3617 1411 3688 ipse
1437 3618 1580 3673 enim
1599 3616 1706 3691 [ΑΙ.
1724 3618 1923 3690 inquit]

332 3704 586 3760 infernus
609 3704 758 3760 inter
788 3704 987 3761 fratres
1013 3707 1231 3764 dividit.
1258 3706 1532 3779 Quidquid
1573 3708 1737 3779 igitur
1767 3724 1925 3780 sepa-

334 3793 673 3861 ratfratres,
706 3794 957 3851 infernus
1004 3805 1088 3851 est
1127 3796 1493 3866 appellandus
1530 3815 1540 3850 :
1592 3806 1647 3853 et
1692 3800 1927 3858 maxime

335 3887 532 3942 mulier
562 3886 845 3946 meretrix.
878 3902 1001 3953 quae
1048 3901 1253 3942 vocans
1301 3888 1652 3957 insipientem
1706 3889 1773 3943 ad
1822 3906 1882 3947 se
1910 3936 1924 3959 ,

335 3976 467 4047 dicit
490 3977 543 4031 in
558 3976 751 4047 opibus
771 3975 1106 4047 prudentiae:
1134 3976 1308 4031 Panes
1332 3976 1574 4031 occultos
1594 3977 1831 4034 libenter
1854 3992 1929 4037 at-

338 4068 545 4138 tingite,
577 4075 635 4123 et
682 4082 835 4137 aqua:
878 4064 1098 4121 furtiva:
1138 4064 1487 4121 dulcedinem
1542 4075 1567 4101 ἰ
1622 4066 1830 4123 bibite:
1874 4078 1930 4124 et

338 4159 510 4215 nescit
540 4156 828 4227 insipiens,
858 4157 1115 4225 quoniam
1140 4155 1603 4226 terrigenaejapud
1635 4173 1753 4213 eam
1798 4175 1924 4228 per-

338 4259 496 4315 eunt,
525 4256 582 4302 et
616 4249 667 4301 in
702 4244 1029 4316 profundum
1077 4244 1280 4300 inferni
1318 4245 1629 4300 incurrunt.
1656 4245 1930 4318 Quidquid

338 4338 479 4393 enim
511 4351 616 4391 non
649 4334 799 4401 licet,
835 4336 1005 4405 magis
1036 4333 1401 4398 desideratur,
1437 4340 1494 4388 et
1519 4332 1663 4403 quod
1704 4337 1929 4393 raritate

338 4427 493 4483 dulce
524 4434 626 4492 est,
655 4424 976 4481 assiduitate
1004 4424 1057 4477 in
1089 4421 1506 4478 amaritudinem
1557 4424 1811 4481 vertitur.
1862 4428 1930 4483 Et

339 4522 447 4578 mel
474 4519 707 4575 distillat
733 4517 801 4572 de
823 4517 980 4572 labiis
1008 4517 1253 4571 mulieris
1285 4516 1592 4572 meretricis
1621 4557 1638 4584 ,
1690 4535 1811 4589 qua:
1862 4520 1928 4576 ad

2031 3276 2131 3316 nec
2160 3273 2469 3329 possumus,
2507 3271 2608 3312 nec
2632 3256 2915 3311 audemus.
2961 3257 3145 3313 Potest
3172 3273 3343 3324 mors,
3378 3268 3433 3313 et
3464 3259 3602 3315 infer

2031 3365 2134 3405 nus
2160 3359 2215 3404 et
2253 3346 2505 3403 diabolus
2534 3345 2739 3415 accipi,
2781 3348 2871 3416 qui
2900 3344 3103 3399 Christi
3148 3357 3322 3402 morte
3348 3347 3627 3420 jugulatus

2030 3449 2135 3505 est,
2169 3438 2239 3494 de
2267 3454 2373 3506 quo
2402 3447 2456 3493 et
2487 3434 2651 3491 Isaias
2679 3436 2918 3504 loquitur
2952 3452 2966 3487 :
2998 3434 3273 3492 Devoravit
3310 3455 3446 3494 mors
3479 3442 3629 3495 iuva-

2031 3525 2391 3599 lescens(1sai.
2419 3540 2552 3591 xxv,
2579 3526 2632 3591 8,
2667 3541 2768 3579 sec.
2798 3522 2987 3593 LXX).
3023 3526 3088 3580 Et
3115 3536 3302 3595 postea
3336 3529 3582 3599 sequitur
3611 3547 3625 3586 :

2032 3618 2258 3681 Abstulit
2309 3617 2561 3670 Dominus
2602 3631 2803 3669 omnem
2842 3616 3123 3685 lacrymam
3169 3620 3233 3673 ab
3278 3620 3420 3673 omni
3472 3620 3625 3689 facie.

2035 3709 2180 3764 Duos
2203 3718 2381 3762 autem
2412 3705 2609 3760 fratres
2632 3705 2773 3759 inter
2802 3720 2863 3759 se
2895 3714 3068 3761 morte
3092 3705 3317 3773 divisos,
3361 3707 3514 3777 juxta
3548 3710 3632 3763 hi-

2032 3797 2260 3851 storiam
2292 3794 2437 3849 illius
2466 3792 2762 3861 temporis,
2792 3790 3011 3861 quidam
3049 3794 3213 3848 Israel
3241 3804 3294 3848 et
3321 3794 3512 3851 ludam
3548 3798 3633 3851 in-

2035 3888 2285 3957 telligunt
2318 3902 2331 3939 :
2380 3893 2439 3938 ut
2484 3882 2628 3953 quod
2670 3890 2797 3937 tunc
2828 3882 3164 3952 figurabalur
3192 3885 3243 3938 in
3279 3898 3451 3954 parte,
3487 3903 3629 3942 nunc

2032 3977 2299 4030 sentiatur
2326 3974 2378 4026 in
2412 3980 2549 4035 toto,
2573 3980 2627 4024 et
2652 3984 2775 4024 cum
2804 3970 2947 4022 omni
2980 3969 3220 4026 humano
3242 3988 3443 4043 genere
3464 3974 3629 4033 Israel

2035 4076 2089 4122 et
2112 4058 2613 4121 Judasliberandus
2647 4062 2716 4114 sit
2738 4071 2789 4115 et
2817 4060 3188 4116 redimendus.
3219 4063 3275 4116 In
3310 4078 3375 4118 eo
3398 4063 3538 4131 loco,
3574 4067 3629 4121 in

2036 4174 2143 4227 quo
2166 4153 2309 4210 LXX
2344 4151 2760 4215 transtulerunt,
2785 4148 2871 4203 ubi
2900 4159 2973 4202 est
2996 4166 3154 4204 causa
3182 4154 3306 4206 tua?
3331 4161 3385 4208 et
3414 4169 3512 4208 nos
3540 4155 3625 4209 di-

2037 4248 2238 4311 ximus,
2278 4260 2365 4299 ero
2395 4258 2533 4296 mors
2562 4251 2651 4294 tua
2677 4256 2695 4293 :
2722 4240 3081 4311 Symmachus
3110 4241 3495 4311 interpretatus
3523 4253 3629 4313 est,

2037 4352 2123 4390 ero
2169 4335 2327 4406 plaga
2366 4342 2453 4385 tua
2488 4347 2506 4384 :
2554 4328 2749 4397 Quinta
2790 4328 2956 4383 editio
2987 4338 3042 4385 et
3069 4328 3263 4399 Aquila
3312 4350 3325 4384 :
3376 4332 3465 4386 ubi
3511 4345 3632 4388 sunt

2036 4444 2295 4484 sermones
2338 4425 2458 4479 tui?
2503 4421 2530 4460 ἀ
2560 4422 2700 4493 quod
2756 4422 3021 4478 Hebraice
3067 4423 3326 4478 scribitur
3355 4442 3632 4484 naeanscn

2038 4520 2233 4605 (τιτι)
2258 4538 2269 4574 :
2301 4520 2541 4589 legentes
2590 4531 2785 4583 DABAR,
2810 4514 2911 4570 hoc
2933 4525 3037 4581 est,
3062 4517 3290 4583 verbum,
3319 4534 3415 4588 pro
3436 4536 3630 4589 essen,

414 4671 442 4735 tl
473 4659 707 4714 Verbum
751 4659 931 4728 bibite,
963 4675 1136 4731 neque
1156 4659 1434 4716 Victorius
1458 4700 1473 4726 ,
1531 4675 1706 4732 neque
1756 4666 1927 4721 nostri
1959 4675 2006 4735 ι)
2033 4659 2722 4735 [Cor.xv,ll_ieronymum
2756 4656 2959 4735 legisse
2976 4666 3167 4735 vetitos,
3191 4661 3496 4725 contentio,
3524 4680 3630 4721 non

342 4734 545 4789 habent
576 4744 705 4783 mss.

414 4802 442 4841 ι)
481 4804 555 4856 De.
592 4802 883 4873 purgatorii
937 4801 1059 4857 loco
1107 4811 1230 4870 post
1281 4802 1419 4857 hanc
1442 4804 1640 4869 vitam,
1702 4819 1768 4859 ex
1822 4805 1925 4863 hoc

346 4875 660 4945 Hieronymi
704 4872 1012 4928 testimonio
1060 4873 1591 4945 Victoriusprolixe
1642 4875 1919 4945 disputat:

346 4946 488 5016 quod
523 4944 579 4998 ut
609 4945 852 5014 apposite
882 4946 1109 5011 faceret,
1139 4953 1193 4999 et
1223 4944 1674 5011 luculentissima,
1704 4950 1815 5001 otio
1841 4957 1920 5004 ta-

346 5033 468 5072 men
493 5017 759 5080 abutatur,
794 5017 884 5085 qui
928 5018 979 5069 in
1016 5031 1133 5071 eam
1184 5030 1295 5068 rem
1346 5017 1589 5072 conferre
1621 5017 1722 5071 huc
1744 5020 1873 5073 velit
1900 5062 1913 5085 ,

346 5104 467 5158 qua:
520 5089 607 5142 vix
669 5088 883 5156 proprio
931 5102 1134 5155 Opere,
1180 5087 1484 5156 ingentibus
1532 5100 1711 5143 autem
1767 5090 1917 5145 libris

348 5159 587 5229 theologi
616 5159 946 5231 disseruere.
979 5160 1114 5226 Quid
1149 5173 1274 5212 vero
1296 5158 1339 5212 si
1373 5160 1517 5213 nulla
1546 5160 1632 5214 h.-c
1660 5172 1911 5231 purgato.

348 5231 410 5285 rii
443 5234 507 5284 sit
543 5230 789 5286 mentio?
823 5230 1080 5299 Equidem
1107 5232 1301 5298 opinor
1330 5231 1475 5297 quod
1511 5234 1584 5285 ait
1621 5230 1835 5286 llieron.
1866 5234 1919 5286 in

349 5302 644 5374 refrigerio,
677 5301 953 5356 beatorum
984 5302 1142 5374 sedes
1168 5299 1522 5366 intellexisse,
1548 5303 1745 5373 quibus
1762 5319 1922 5373 oppo-

350 5375 432 5427 nit
461 5373 839 5427 damnatorum
867 5388 1074 5434 pmnas.
1105 5373 1272 5428 Nemo
1298 5385 1380 5427 est
1410 5387 1588 5428 autem
1646 5375 1921 5429 hominum

350 5445 440 5513 qui
474 5445 708 5509 nesciat,
740 5459 1030 5501 commune
1050 5459 1172 5501 esse
1202 5443 1438 5512 praemiis
1455 5461 1519 5499 ac
1538 5446 1817 5515 suppliciis
1837 5445 1930 5501 de-

353 5516 609 5587 nomndis
643 5515 833 5570 inferni
862 5532 1056 5571 nomen
1095 5534 1108 5570 :
1141 5532 1241 5572 nec
1262 5517 1407 5570 aliud
1452 5520 1702 5585 primitus
1756 5518 1926 5587 signi-

351 5586 513 5641 ficare
534 5604 692 5657 quam
710 5632 723 5653 ,
749 5589 891 5655 quod
925 5592 1036 5658 ipse
1061 5598 1208 5644 notat
1227 5588 1285 5643 S.
1309 5590 1528 5656 Doctor,
1555 5586 1927 5658 separatorum

351 5662 650 5712 animorum
681 5658 877 5713 locum.

426 5742 449 5769 ο
499 5729 589 5785 Sic
636 5742 791 5801 vetus
835 5730 1041 5785 ferebat
1074 5731 1257 5787 Latina
1308 5732 1679 5801 interpretatio
1713 5749 1726 5786 :
1760 5730 1930 5788 Porro

355 5799 646 5867 Victorius,
690 5800 950 5869 Clarum,
1005 5805 1209 5873 inquit,
1271 5819 1338 5860 ex
1388 5799 1491 5859 hoc
1541 5805 1664 5861 loco
1708 5812 1931 5875 apparet

636 5895 909 5956 l’unoL.
944 5894 1149 5956 XXV.

2032 4742 2169 4795 νῖκος
2197 4730 2461 4794 victoria,
2493 4728 2547 4781 ut
2575 4739 2660 4783 est
2692 4730 2743 4781 in
2781 4728 3007 4799 Vulgata
3035 4730 3310 4794 editione,
3342 4740 3397 4786 et
3434 4736 3628 4793 eodem

2032 4812 2194 4860 modo
2224 4806 2398 4875 locum
2432 4800 2567 4875 citat
2598 4815 2689 4853 xm
2720 4799 2870 4875 Isaias
2897 4801 3077 4875 capite
3098 4841 3113 4865 ,
3141 4804 3377 4875 secunda
3408 4810 3629 4875 exposi-

2030 4879 2196 4941 tione,
2239 4873 2487 4925 scribeos
2536 4869 2620 4923 hlS
2648 4870 2828 4944 verbis
2864 4889 2875 4923 :
2914 4869 3146 4944 Undeiet
3175 4870 3450 4944 Apostolus
3478 4869 3626 4934 Pau-

2026 4949 2123 5011 lus,
2158 4944 2422 5019 interfecta
2454 4950 2637 5019 morte,
2669 4942 2737 4995 ad
2759 4958 2913 5011 quam
2942 4961 3033 5013 per
3060 4943 3187 4997 Osee
3213 4942 3379 4998 sermo
3405 4957 3628 5019 prop/ig.

2023 5021 2155 5072 tiens
2187 5011 2487 5077 loquebttur
2516 5029 2534 5066 :
2565 5011 2671 5065 Ero
2718 5030 2853 5066 mors
2899 5011 3005 5075 tua,
3042 5032 3070 5067 ο
3102 5032 3275 5081 mors;
3303 5011 3626 5078 ero'mo'rsus
3652 5050 3659 5057 -

2023 5100 2164 5154 tuus,
2194 5084 2666 5158 iuferne:loquitur
2686 5085 2753 5158 ad
2780 5101 2891 5138 eam
2918 5103 2937 5139 :
2972 5085 3069 5140 Ubi
3096 5096 3189 5145 est.
3222 5103 3381 5154 mors,
3409 5103 3621 5148 conten-

2023 5161 2231 5214 tiotua?
2251 5156 2336 5233 ubi
2361 5166 2457 5222 est,
2490 5172 2646 5233 mors,
2669 5156 2908 5233 stimulus
2935 5158 3475 5233 tmtsz'l‘ertttllianus
3498 5180 3625 5233 quo-

2025 5248 2129 5301 que
2156 5231 2351 5286 eodem
2384 5227 2545 5301 modo
2573 5226 2753 5301 locum
2778 5231 2929 5301 citat.
2967 5230 3033 5283 Et
3064 5228 3373 5298 Cyprianus
3404 5235 3468 5285 ad
3496 5226 3627 5299 Qui-

2026 5297 2204 5375 riuum
2247 5303 2317 5353 ita
2350 5300 2539 5353 scribit
2581 5316 2591 5350 :
2630 5297 2771 5375 Τξιιισ
2818 5300 2903 5368 ﬁet
2948 5297 3159 5375 verbum]
3197 5302 3335 5375 ιιτέρέί
3375 5297 3623 5375 scriptum

2028 5374 2389 5438 est.Absorpta
2407 5380 2650 5447 estmors
2677 5371 2732 5422 in
2754 5374 3125 5447 contentionem
3155 5386 3172 5424 :
3208 5370 3427 5447 Ubi__est,
3459 5370 3619 5447 mors,

2029 5448 2240 5500 aculeus
2265 5442 2427 5496 tuus?
2452 5440 2535 5494 ubi
2552 5452 2653 5507 est,
2672 5457 2829 5507 mors,
2854 5444 3112 5495 contentio
3138 5452 3225 5495 tua
3256 5442 3281 5495 ?
3310 5440 3623 5505 Vetustissi;

2032 5534 2150 5572 mus
2178 5516 2443 5572 Vaticana:
2475 5513 2817 5566 bibliothecae
2861 5512 3084 5568 Grazeus
3114 5513 3285 5568 codex
3328 5514 3463 5573 hanc
3492 5525 3623 5576 reti-

2036 5592 2152 5643 nuit
2188 5590 2475 5643 lectionem
2510 5601 2524 5637 :
2556 5586 2628 5644 εἰς
2656 5592 2815 5646 νεῖκος
2854 5586 3000 5637 enim
3036 5584 3217 5652 habet,
3254 5585 3342 5639 ubi
3377 5605 3475 5645 nos
3516 5592 3618 5647 ha-

2038 5661 2224 5733 bemus
2252 5661 2324 5733 εἰς
2348 5664 2484 5733 nixo:
2509 5672 2523 5720 ;
2554 5667 2635 5710 est
2667 5670 2846 5710 autem
2884 5664 3047 5733 asino;-
3075 5666 3615 5733 pugnatcontemio,

2035 5732 2279 5808 λοιδορία,
2299 5729 2563 5808 jurg‘ium,
2595 5735 2651 5781 ut
2675 5741 2841 5795 penes
2885 5727 3259 5808 llomerumin
3285 5730 3547 5808 Odyssea.

2108 5801 2135 5841 ἀ
2171 5800 2336 5873 Legit
2376 5800 2737 5869 Hieronymus
2785 5814 2935 5855 more
2980 5800 3272 5857 Chaldaico
3321 5800 3617 5877 Dabaraclt,

3102 5890 3182 5953 30
