4100 6336
494 237 598 298 959

490 445 724 518 legimus
759 465 772 500 :
801 443 1024 501 Mortem
1049 446 1187 500 misit
1216 443 1471 498 Dominus
1500 443 1553 496 in
1583 441 1770 511 Jacob,
1807 454 1854 498 et
1881 445 2016 498 uenit
2047 445 2101 498 in

495 537 668 594 Israel
689 535 847 608 (lsai.
871 539 972 610 ιχ),
1005 538 1106 593 hac
1129 545 1232 605 est,
1255 536 1431 605 deber,
1464 551 1561 606 pro
1585 551 1691 606 quo
1717 551 1818 592 nos
1836 537 2104 606 interpre-

491 633 588 688 tati
618 647 806 687 sumus
837 648 850 686 :
888 629 1114 686 Verbum
1141 631 1283 686 misit
1307 637 1345 684 ⁸.
1366 628 1622 686 Dominus
1651 630 1705 684 in
1729 629 1913 698 Jacab,
1943 640 1988 685 et
2020 646 2102 686 vo-

491 723 569 780 nit
602 725 656 779 in
682 721 874 794 Israel,
903 723 956 780 id
990 732 1093 794 est,
1129 723 1314 779 dabor.
1339 722 1446 780 Pro
1475 722 1666 780 aculeo
1683 737 1920 793 quoque,
1940 737 2099 793 quem

495 836 599 876 nos
625 836 857 876 ntorsum
898 820 1277 876 transtulimus
1322 835 1335 874 :
1390 817 1750 892 Symmachus
1799 819 2099 889 ἀπάντημα,

493 911 547 968 id
579 918 685 978 est,
710 929 982 968 occursum
1027 929 1042 966 :
1083 911 1422 968 Theodotion
1451 920 1506 966 et
1549 911 1741 982 quinta
1767 910 1956 980 editio,
1986 909 2104 981 pla-

501 1023 641 1080 gam,
671 1013 718 1060 et
740 1006 1124 1062 conclusionem
1150 1005 1495 1076 interpretati
1524 1013 1674 1061 sunt.

566 1100 878 1173 (Vers.15.)
897 1100 1055 1174 155
1065 1101 1298 1157 Adducet
1312 1109 1536 1159 urentem
1548 1110 1751 1155 uentum
1767 1099 2019 1155 Dominus
2039 1100 2105 1154 de

501 1194 700 1252 deserto
727 1197 1106 1263 ascendentem,
1131 1206 1179 1250 et
1200 1196 1410 1250 siccabit
1434 1212 1584 1252 venas
1611 1198 1746 1268 ejus,
1781 1205 1828 1250 et
1854 1195 2105 1250 desolabit

491 1291 686 1360 fontem
717 1291 850 1361 ejus,
893 1299 944 1344 et
966 1292 1075 1360 ipse
1099 1290 1309 1358 diripiat
1340 1289 1642 1344 thesaurum
1671 1291 1835 1344 omnis
1861 1291 1994 1344 vasis
2016 1290 2107 1345 de-

487 1381 803 1438 siderabilis.
848 1381 993 1438 LXX
1024 1400 1036 1435 z
1069 1383 1306 1438 Adducet
1346 1391 1572 1438 urentem
1619 1392 1821 1436 ventum
1851 1381 2104 1437 Dominus

492 1473 556 1528 de
589 1474 790 1528 deserta
818 1491 975 1547 super
1006 1491 1118 1542 eos,
1146 1486 1196 1528 et
1234 1474 1444 1529 siccabit
1487 1491 1640 1531 venas
1684 1478 1817 1548 ejus,
1851 1474 2104 1530 desolabit

491 1568 660 1636 fontes
691 1564 836 1622 illius
863 1584 882 1634 ;
909 1568 1005 1623 iste
1030 1567 1276 1640 arefaciet
1319 1578 1511 1622 terram
1537 1567 1671 1638 eius,
1701 1575 1749 1621 et
1779 1568 1957 1622 omnia
1984 1583 2107 1622 vasa

491 1653 877 1713 desiderabilia.
931 1657 1058 1729 Legi
1098 1660 1150 1714 in
1181 1658 1466 1729 cujusdam
1496 1657 1940 1728 Commentariis,
1969 1674 2104 1712 ven-

1756 230 1818 292 Βο
1859 228 2138 294 ΕῙΙΒΕΒΠ
2176 227 2564 294 HIERONYMI

485 353 633 424 quod
682 350 1075 423 interpretatur
1100 363 1238 406 mors
1281 347 1484 420 :juxta
1522 344 1657 404 illud
1701 348 1843 418 quod
1876 350 1930 404 in
1963 350 2097 405 Isaia
2126 354 2258 416 Aet
2309 361 2502 407 ventus
2550 346 2858 406 ascendens
2903 347 3101 404 dicitur
3153 364 3168 404 :

3699 231 3798 291 ΜΘ

3219 347 3348 420 quia
3378 348 3448 408 de
3495 349 3800 408 humilitate

2202 443 2382 499 carnis
2409 443 2478 498 ad
2507 443 2721 499 excelsa
2745 441 3087 509 conscendit,
3119 452 3173 497 et
3203 457 3301 498 nos
3328 457 3512 499 secum
3548 444 3708 498 duxit
3735 440 3801 497 ad

2200 535 2441 604 Patrem,
2474 537 2663 592 dicens
2709 537 2761 591 in
2797 536 3094 605 Evangelia
3132 552 3146 590 :
3177 535 3304 592 Cum
3329 538 3588 592 excitatus
3633 538 3798 608 fuero,

2201 632 2375 686 omnia
2402 629 2606 684 traham
2625 631 2693 685 ad
2719 646 2800 684 me
2827 627 3010 701 (Joan.
3044 645 3137 696 ait,
3174 631 3286 702 3%).
3323 627 3444 699 Ipse
3467 630 3622 701 quasi
3650 631 3802 686 radix

2205 723 2466 780 ascendet
2495 723 2563 780 de
2595 731 2741 779 terra
2772 723 3132 790 iuhahitabili,
3182 731 3238 778 et
3284 737 3624 794 nequaquam
3657 737 3804 778 mars

2204 815 2260 872 in
2290 831 2414 872 eum
2441 857 2456 883 ,
2490 815 2586 872 sed
2634 817 2751 886 ipse
2793 815 2954 871 morti
2995 817 3385 887 superveniet,
3432 830 3611 888 neque
3657 815 3805 873 enim

2205 924 2356 968 mors
2387 910 2438 964 in
2469 925 2538 966 eo
2568 909 2730 968 ullam
2758 923 2870 966 suae
2893 911 3179 981 potestatis
3204 911 3345 966 viam
3376 912 3602 982 reperit,
3628 911 3808 968 ethoc

2205 1013 2309 1072 est,
2342 1004 2489 1075 quod
2523 1006 2575 1059 in
2599 1004 2922 1062 Proverbiis
2949 1005 3148 1060 dicitur
3179 1021 3194 1058 :
3244 1001 3571 1078 lmpossitttte
3620 1015 3694 1060 est
3720 1019 3810 1060 su-

2203 1112 2296 1168 per
2323 1105 2527 1167 petram
2550 1098 2804 1170 serpentis
2829 1098 3059 1153 invenire
3087 1097 3514 1170 sestigia(Pros.
3543 1099 3705 1169 xxx).
3741 1100 3808 1154 Et

2205 1189 2324 1258 ipse
2370 1189 2605 1258 loquitur
2644 1189 2698 1244 in
2748 1189 3048 1260 Evangelia
3091 1206 3106 1243 :
3169 1189 3306 1244 Ecce
3349 1191 3511 1245 ueniet
3567 1191 3809 1260 prinreps

2204 1280 2385 1336 mundi
2413 1281 2594 1353 hujus,
2627 1291 2674 1337 et
2703 1283 2922 1337 inueniet
2946 1283 3004 1337 in
3031 1297 3113 1337 me
3150 1283 3282 1350 nihil
3310 1281 3490 1354 (Joan.
3523 1295 3642 1349 xlv,
3675 1283 3805 1354 30).

2206 1371 2313 1428 Iste
2359 1372 2590 1428 siccabit
2632 1388 2798 1430 venas
2829 1376 3042 1440 martis,
3071 1384 3126 1430 et
3166 1373 3435 1430 desolahit
3461 1375 3641 1432 fontes
3668 1375 3804 1445 ejus.

2205 1464 2375 1521 Vena:
2403 1466 2596 1522 mortis
2639 1476 2694 1522 et
2740 1466 2916 1523 fontes
2949 1478 3005 1522 et
3028 1469 3272 1537 aculeus,
3303 1477 3526 1540 peccata
3567 1469 3637 1524 ab
3666 1472 3811 1540 Apa-

2207 1558 2350 1613 stolo
2380 1558 2730 1614 nominantur
2760 1578 2772 1614 :
2806 1560 3006 1630 quibus
3051 1559 3308 1616 arefactis
3334 1599 3350 1628 ,
3397 1571 3548 1616 mars
3593 1573 3810 1633 quoque

2205 1649 2323 1720 ipsa
2350 1649 2664 1706 siccabitur.
2698 1649 2964 1721 Quodque
2995 1652 3278 1722 sequitur:
3309 1651 3432 1725 Ipse
3461 1653 3670 1722 diripiet
3698 1655 3810 1708 the-

494 1758 612 1806 tum
644 1760 890 1807 "reme",
941 1767 1103 1823 quem
1152 1751 1384 1809 adduce;
1431 1751 1695 1808 Dominus
1740 1750 1810 1807 de
1852 1751 2096 1816 deserto,
2131 1752 2178 1812 Β
2212 1755 2428 1794 saurum
2454 1743 2620 1794 euntis
2644 1742 2779 1796 vasis
2801 1742 3178 1823 desiderabilis,
3201 1740 3496 1812 dupliciter
3519 1743 3838 1815 accipitur,

499 1841 653 1899 illum
693 1859 816 1900 esse
862 1845 954 1915 qui
1001 1845 1333 1915 percusserit
1371 1843 1590 1900 domum
1620 1843 1722 1900 Job
1771 1844 1824 1900 in
1868 1853 2100 1913 quatuor

492 1935 727 2010 angulis,
753 1947 809 1994 et
829 1935 1022 1995 fecerit
1045 1954 1164 1994 eam
1199 1953 1363 2010 super
1384 1937 1525 1994 filios
1555 1952 1716 1994 ruere
1745 1937 2100 1992 convivantes

493 2029 638 2102 (Job.
670 2028 732 2103 1),
765 2040 819 2086 et
849 2047 1016 2085 unum
1049 2045 1170 2086 esse
1198 2031 1267 2086 de
1315 2031 1400 2086 his
1445 2029 1645 2096 ventis,
1673 2043 1811 2101 quas
1842 2029 1894 2083 in
1925 2029 2101 2084 Evan-

497 2123 643 2196 gelia
686 2122 915 2194 legimus
954 2121 1088 2178 [lare
1135 2134 1190 2178 et
1235 2123 1423 2179 venire
1453 2137 1578 2178 cum
1631 2120 1870 2187 turbine,
1901 2119 2101 2190 pluviis

491 2225 652 2288 atque
685 2213 1022 2284 ﬂuminibus,
1057 2216 1459 2272 utsubvertant
1499 2215 1743 2280 domum,
1775 2230 1896 2284 qua:
1936 2228 2102 2284 super

494 2320 707 2379 petram
741 2307 1006 2365 mditicata
1037 2318 1143 2375 est,
1173 2310 1289 2363 sive
1315 2322 1484 2379 super
1512 2322 1705 2362 arenas
1729 2305 1944 2379 (Matth.
1980 2304 2098 2375 vn).

495 2401 650 2469 Quod
693 2416 1033 2472 nequaquam
1062 2400 1198 2458 mihi
1233 2399 1449 2455 videtur
1485 2417 1498 2454 :
1532 2413 1709 2472 neque
1735 2398 1878 2454 enim
1911 2399 1964 2454 in
1998 2393 2103 2452 Job

496 2495 762 2563 scriptum
791 2504 893 2563 est,
928 2493 1072 2566 quod
1097 2505 1316 2550 ventum
1343 2494 1414 2550 de
1443 2493 1662 2549 deserto
1693 2493 1954 2550 Dominus
2002 2493 2098 2547 adn

495 2585 750 2651 duxerit;
797 2586 892 2641 sed
936 2602 1138 2642 nomen
1169 2587 1381 2641 Domini
1415 2585 1635 2642 tacitum
1666 2595 1774 2648 est.
1824 2597 1881 2640 ut
1911 2595 2103 2640 ventus

496 2677 566 2735 de
591 2677 906 2748 solitudine,
941 2677 1035 2748 qui
1074 2687 1266 2734 eontra
1306 2687 1552 2733 sanctum
1593 2677 1770 2732 virum
1797 2691 1893 2732 sua
1936 2691 2100 2732 vene-

497 2779 584 2824 rat
615 2769 918 2836 voluntate,
969 2767 1242 2824 contraria
1293 2770 1465 2840 possit
1512 2769 1682 2840 accipi
1734 2768 2016 2835 fortitudo,
2051 2776 2106 2823 et

501 2863 647 2917 venti
679 2861 772 2932 qui
816 2859 1099 2917 domorum
1130 2859 1476 2917 fundamenta
1526 2861 1872 2926 subvertant,
1921 2860 2104 2930 utique

499 2953 570 3010 ad
595 2954 789 3010 bonam
821 2963 1036 3026 partem
1067 2972 1172 3009 non
1209 2965 1469 3026 poterunt
1505 2954 1716 3010 referri.
1755 2954 2016 3025 Superest
2047 2961 2106 3008 ut

498 3053 721 3100 ventum
755 3053 1004 3100 urentem
1035 3060 1195 3116 quem
1229 3045 1460 3101 adducet
1487 3046 1751 3102 Dominus
1777 3045 1845 3102 de
1883 3044 2103 3102 deserto

2209 1834 2328 1888 sive
2358 1832 2501 1903 quod
2533 1833 2914 1890 desiderabilia
2945 1819 3074 1890 tum
3105 1836 3211 1901 his,
3241 1837 3334 1907 qui
3365 1838 3418 1894 in
3450 1848 3627 1892 morte
3657 1837 3815 1894 habt-

2205 1935 2338 1992 tant,
2369 1926 2486 1984 sive
2517 1941 2646 1984 vasa
2676 1927 3067 1986 desiderabilia
3090 1946 3213 2000 qu
3239 1929 3292 1985 in
3319 1931 3579 1987 thesauro
3608 1933 3810 1988 retine-

2203 2018 2403 2074 bantur
2451 2019 2676 2085 inl'erni,
2723 2033 2941 2077 sanctas
2970 2022 3344 2093 intelligimus,
3393 2037 3532 2094 quas
3562 2025 3813 2096 alligatos

2201 2110 2349 2168 forte
2378 2113 2641 2170 Dominus
2691 2125 2712 2154 ο
2745 2116 2951 2187 eripuit
2976 2126 3030 2173 et
3059 2117 3182 2172 tulit
3207 2117 3278 2174 de
3319 2118 3536 2186 inferis,
3573 2127 3628 2176 et
3654 2122 3811 2191 quasi

2203 2221 2332 2262 vasa
2384 2208 2782 2275 pretiosissima
2831 2223 3017 2264 secum
3068 2212 3322 2281 perduxit
3361 2215 3413 2268 in
3469 2214 3804 2285 paradisum.

2204 2295 2312 2352 Pro
2342 2299 2605 2364 thesauro,
2636 2298 2780 2354 LXX
2809 2310 3001 2355 terram
3033 2304 3423 2359 transtulerunt
3450 2323 3464 2361 :
3489 2316 3635 2361 terra
3667 2308 3808 2362 haud

2203 2391 2428 2447 dubium
2459 2391 2486 2430 ἀ
2518 2393 2647 2462 quin
2693 2405 2920 2452 mortem
2955 2397 3245 2467 signiﬁcet.
3277 2398 3348 2453 Et
3379 2399 3431 2453 in
3461 2395 3693 2456 Psalmis
3734 2401 3814 2456 le.

2204 2486 2381 2556 gimus
2411 2503 2424 2540 :
2458 2483 2625 2541 Credo
2655 2488 2825 2544 uidere
2853 2488 2989 2544 bona
3023 2489 3233 2544 Domini
3279 2493 3330 2545 in
3375 2495 3514 2546 terra
3537 2493 3814 2548 viventium

2207 2575 2380 2649 (Psal.
2417 2594 2567 2642 ιικνι,
2603 2580 2713 2652 i3).
2741 2581 2808 2635 Et
2833 2581 2989 2651 juxta
3019 2581 3373 2653 Evangellum
3407 2599 3418 2637 :
3461 2581 3616 2639 Miles
3645 2587 3815 2655 possi-

2207 2671 2399 2726 debunt
2430 2682 2616 2727 terram
2648 2673 2871 2746 (Matth.
2899 2675 2978 2746 ν).
3025 2676 3351 2734 Ecoutrario
3377 2675 3638 2735 debemus
3663 2680 3777 2735 accl
3795 2711 3807 2718 -

2205 2777 2340 2833 pere
2369 2771 2567 2820 terram
2601 2764 2801 2822 inferni
2828 2782 2933 2822 non
2961 2779 3087 2824 esse
3118 2779 3321 2825 terram
3351 2772 3673 2838 viventium,
3713 2771 3812 2826 sed

2207 2864 2570 2923 mortuarum,
2619 2873 2741 2929 quae
2787 2859 3040 2930 diripitur
3089 2873 3254 2932 atque
3281 2873 3550 2932 vastatur,
3595 2866 3812 2935 quando

2207 2961 2384 3004 marte
2413 2951 2611 3006 Christi
2647 2954 2841 3008 vincta:
2865 2953 3005 3024 apud
3035 2954 3238 3011 inferos
3263 2957 3458 3012 animus
3482 2958 3811 3014 liberantur.

2206 3043 2513 3100 Secundum
2545 3047 2907 3118 trapologiam
2938 3047 2991 3102 in
3021 3049 3229 3104 eisdem
3256 3049 3277 3122 (
3302 3052 3369 3106 de
3410 3052 3607 3121 quibus
3647 3067 3812 3122 supra

499 3133 885 3194 ascendentem
906 3182 920 3208 ,
950 3137 1097 3194 illum
1125 3140 1516 3212 intelligamus,
1557 3141 1624 3196 de
1653 3156 1762 3212 quo
1793 3152 1849 3197 et
1888 3141 1938 3196 in
1966 3140 2104 3196 Alia-
2139 3140 2184 3206 C
2214 3135 2496 3210 diximus)
2545 3139 2967 3197 Commentariis
3015 3143 3244 3210 legimus
3284 3147 3505 3200 vetitum
3535 3147 3810 3210 urentem",

494 3246 596 3288 cuc
647 3231 877 3303 legimus
909 3251 922 3288 :
969 3231 1110 3288 Deus
1149 3234 1212 3288 ab
1250 3235 1441 3288 Austro
1489 3236 1674 3300 veniet,
1713 3247 1761 3288 et
1802 3243 2012 3290 sanctus
2043 3238 2106 3288 de

499 3336 670 3381 monte
701 3323 920 3380 Pharan
945 3326 1128 3398 (Abas.
1151 3341 1234 3390 tu,
1262 3329 1316 3396 5)
1339 3343 1351 3380 :
1376 3326 1468 3396 qui
1497 3326 1685 3395 utique
1733 3326 1787 3381 in
1817 3325 2109 3381 solitudine

495 3427 550 3474 et
580 3419 630 3473 in
665 3413 893 3496 meridie
923 3420 1058 3474 situs
1087 3429 1194 3475 est.
1242 3419 1309 3474 Et
1336 3419 1394 3474 in
1419 3418 1650 3475 Cantica
1691 3419 1923 3490 legimus
1955 3435 1968 3474 :
2007 3417 2109 3474 Ubi

500 3513 690 3582 pascis,
724 3513 809 3567 ubi
839 3515 994 3567 cubas
1022 3514 1074 3567 in
1102 3512 1316 3568 meridie
1342 3511 1518 3585 (Cant.
1549 3527 1588 3578 t,
1620 3512 1720 3584 6)?
1751 3512 1907 3568 liunc
1926 3512 2110 3582 itaque

497 3617 723 3664 ventum
752 3617 1019 3676 urentem,
1051 3609 1145 3678 qui
1185 3609 1354 3664 siccet
1392 3623 1558 3664 venas
1586 3609 1800 3672 mortis,
1834 3620 1890 3663 et
1931 3606 2112 3662 fontes

513 3702 633 3771 ejus
682 3701 964 3768 arei’acial,
1014 3701 1247 3758 adducet
1277 3702 1536 3757 Dominus
1581 3702 1650 3758 de
1679 3703 1900 3758 deserto
1923 3718 2111 3758 ascen-

511 3793 730 3848 dentem
765 3811 778 3845 :
823 3791 892 3848 de
921 3792 1137 3848 deserto
1168 3801 1350 3849 autem
1385 3794 1602 3849 humani
1632 3795 1874 3864 generis,
1925 3795 1975 3848 in
2004 3807 2111 3864 qua

511 3895 564 3938 ct
605 3883 851 3939 diabolus
897 3898 1150 3953 qurereus
1193 3886 1458 3955 requiem.
1491 3886 1737 3940 invenire
1775 3901 1880 3940 non
1915 3888 2109 3954 potuit.

511 3972 643 4030 Sive
687 3973 968 4030 desertum
1001 3974 1358 4047 intelligimus
1407 3985 1610 4031 sat-tetra
1666 3976 1847 4032 Marias
1896 3983 2108 4033 uterum

509 4065 852 4135 virginalem,
883 4066 1028 4136 quod
1058 4068 1266 4138 absque
1295 4067 1502 4123 semine
1535 4067 1771 4122 humana
1801 4068 1948 4122 nulla
1983 4067 2108 4140 [ΑΙ.

509 4154 680 4227 nulla}
705 4155 906 4212 frutice
937 4157 1292 4226 pullulaverit
1325 4173 1338 4211 :
1381 4159 1475 4213 sed
1510 4159 1659 4228 virga
1687 4158 1916 4228 sin-iplex
1948 4167 2112 4228 atque

508 4247 801 4319 purissima
831 4258 888 4304 et
914 4247 942 4286 ιι
972 4248 1173 4304 unione
1217 4249 1446 4304 fecunda
1489 4249 1724 4305 ediderit
1769 4263 1892 4304 eum
1925 4249 2113 4305 liorem

514 4343 606 4412 qui
649 4341 780 4396 dicit
806 4343 859 4397 in
902 4342 1126 4398 Cantica
1170 4341 1502 4398 canticorum
1533 4359 1546 4396 :
1597 4339 1710 4418 Ego
1739 4344 1837 4413 ﬂos
1868 4346 2037 4410 campi
2068 4353 2114 4398 et

511 4432 683 4488 lilium
709 4433 1021 4490 eont’alliutn
1053 4432 1246 4506 (Cant.
1281 4447 1340 4501 li,
1365 4433 1402 4488 ’Ξ
1427 4435 1466 4504 ).
1521 4435 1590 4489 Et
1639 4434 1861 4504 pulchre
1908 4443 2015 4490 tam
2062 4437 2112 4492 in

2210 3228 2488 3286 diabolum
2520 3231 2750 3303 intelligi
2783 3243 2852 3288 et
2897 3234 3144 3304 singulas
3189 3235 3601 3292 haeresiarchas.
3651 3235 3810 3306 Quod

2212 3321 2370 3378 nobis
2395 3322 2646 3392 displicet
2677 3344 2690 3380 :
2725 3323 2913 3395 Neque
2941 3329 3090 3380 etiim
3117 3324 3368 3382 diabolus
3411 3338 3576 3382 venas
3622 3327 3815 3383 martis

2209 3411 2493 3484 fontesque
2524 3415 2729 3470 erroris
2769 3417 2980 3472 siccare
3022 3425 3201 3486 potest
3233 3433 3245 3472 :
3279 3429 3402 3473 cum
3439 3416 3559 3490 ipse
3597 3419 3716 3476 fons
3761 3430 3819 3476 et

2210 3506 2426 3562 initium
2458 3517 2794 3563 mortuorum
2825 3510 2916 3565 sit.
2951 3509 3135 3582 Itaque
3162 3523 3350 3568 sermo
3372 3513 3812 3584 Ecclesiasticus,

2212 3615 2378 3656 urens
2407 3600 2789 3672 intelligendus
2819 3611 2903 3658 est
2933 3614 3146 3674 ventus,
3181 3605 3271 3676 qui
3315 3607 3496 3663 omnia
3528 3603 3820 3666 luet-etian-

2211 3709 2332 3750 rum
2359 3695 2612 3765 dogmata
2643 3697 2903 3754 arefaciat
2929 3709 2982 3754 et
3027 3703 3289 3770 perducat
3335 3703 3400 3758 ad
3451 3697 3713 3773 nihilum,
3761 3717 3821 3763 et

2214 3787 2432 3860 diripiat
2469 3803 2568 3845 eos
2605 3801 2764 3862 atque
2806 3789 3106 3864 dispergat,
3151 3797 3241 3864 qui
3292 3793 3676 3854 haereticorum
3717 3798 3818 3855 da-

2214 3883 2391 3938 ctrina
2417 3884 2472 3938 in
2500 3893 2674 3940 marte
2702 3883 2917 3941 fuerant
2943 3887 3276 3957 congregati.

2287 3974 2461 4047 (Cap.
2490 3973 2630 4032 XIV.
2665 4008 2733 4019 —-
2765 3975 2923 4034 Vers.
2957 3975 3050 4050 1.)
3100 3977 3259 4054 156
3302 3975 3488 4036 Pereat
3523 3980 3766 4040 Samaria
3797 4002 3814 4038 :

2215 4071 2460 4140 quoniam
2482 4071 2550 4126 ad
2580 4073 2976 4128 amaritudinem
3007 4073 3276 4130 concitavit
3315 4073 3481 4132 Deum
3520 4094 3671 4132 suum
3701 4095 3718 4130 :
3763 4079 3819 4133 in

2216 4163 2390 4235 gladio
2413 4175 2622 4236 pereant
2645 4179 2664 4218 .'
2685 4167 2886 4238 parvuli
2917 4183 3093 4220 eorum
3137 4166 3403 4223 eliduntur
3424 4213 3438 4237 ,
3471 4177 3520 4223 et
3548 4169 3682 4241 [cette
3707 4171 3820 4241 ejus

2217 4253 2598 4311 discindantur.
2647 4253 2838 4314 LXX:
2883 4255 3225 4330 Disperdetur
3277 4261 3520 4318 Samaria
3569 4264 3814 4332 quoniam

2217 4349 2400 4403 restitit
2426 4345 2534 4403 Deo
2563 4367 2680 4419 suo,
2709 4352 2766 4406 in
2791 4350 2969 4424 gladio
2995 4359 3254 4420 corruant,
3287 4362 3334 4407 et
3364 4351 3609 4410 lactentes
3638 4372 3818 4410 coruus

2221 4439 2475 4496 elidentur
2505 4442 2575 4496 ad
2607 4453 2631 4481 θ
2661 4454 2880 4513 petram,
2906 4453 2953 4499 et
2977 4445 3218 4500 habentes
3247 4447 3300 4500 in
3327 4456 3472 4502 utero
3493 4448 3821 4520 disrumpen-

521 4523 681 4597 155
727 4523 884 4592 Isaia,
937 4541 1098 4596 quam
1129 4527 1180 4580 in
1211 4525 1471 4598 praesenti
1509 4526 1659 4597 loco,
1685 4523 1785 4582 llos
1815 4527 2117 4586 ascendens
2145 4536 2199 4598 Ι)
2222 4541 2323 4588 tur.
2353 4533 2509 4606 Saepe
2535 4535 2770 4592 diximus
2801 4533 2988 4592 decem
3023 4537 3194 4594 tribus
3219 4538 3486 4609 appellari
3515 4539 3817 4596 Samariam

513 4763 622 4820 non
657 4747 952 4820 Devareclia
991 4747 1149 4817 juxta
1201 4749 1660 4820 Massoretharum
1699 4752 2112 4820 punetatioiiem

515 4819 859 4893 hodiernam.
896 4819 1073 4893 MART_.
1104 4848 1172 4893 -_-
1198 4819 1455 4893 Fortasse
1487 4819 1750 4876 Dabarich
1791 4824 2014 4893 scripsit
2055 4823 2111 4878 S.

515 4890 719 4980 Doctor
753 4931 766 4954 ,
802 4905 922 4942 nam
950 4901 1000 4944 et
1031 4890 1224 4980 Deberi
1265 4891 1440 4980 nostri
1475 4893 1667 4980 legunt
1698 4909 1830 4980 mss.
1863 4890 2118 4980 ρι’]ν-ιτιΊ

516 4961 815 5016 hodiernus
841 4976 1054 5034 quoque
1082 4969 1262 5034 textus
1294 4961 1592 5019 lieliraicus
1624 4965 1874 5034 prmfert.
1947 4965 1956 4977 ⁸

595 5042 620 5069 ο
657 5033 850 5086 Deerat
877 5032 964 5085 hic
993 5031 1244 5086 Dominus
1270 5035 1411 5100 quod
1445 5031 1700 5103 supplent
1725 5051 1856 5091 mss.
1898 5037 2002 5092 Pro
2037 5055 2122 5095 re—

518 5108 592 5158 nit
623 5103 1030 5172 Hieronymian.
1060 5103 1242 5158 versia
1267 5104 1378 5174 ipsa
1413 5107 1620 5162 cecidit.

595 5174 620 5212 ι)
656 5175 889 5255 Scilicet
936 5174 1019 5228 sui
1046 5175 1440 5265 singp’l'alritnte,
1494 5180 1872 5265 aut_unitate,_
1912 5181 2114 5265 alisque

518 5245 1130 5321 haminiscammerria.
1150 5245 1299 5321 _V_l_ide
1321 5262 1440 5321 qua:
1462 5249 1838 5304 annotavimus
1862 5251 1912 5321 in
1941 5245 2111 5321 Epist.

517 5332 628 5372 nu
659 5315 722 5370 ad
756 5316 1019 5370 Eustach.
1053 5317 1123 5370 de
1150 5315 1492 5384 Virginitate,
1529 5333 1679 5373 noni.
1715 5320 1880 5384 i9,ad
1911 5337 1971 5376 ea
1990 5315 2116 5378 ’τριε-

514 5387 581 5442 ba
602 5406 632 5463 ,τι
663 5386 828 5463 Virga
859 5387 1028 5441 Mater
1059 5397 1130 5441 est
1162 5387 1394 5463 Domini,
1428 5387 1668 5458 simplest,
1698 5405 1854 5463 pura,
1892 5393 2115 5461 sincera,

517 5458 666 5512 nullo
693 5460 1006 5512 extrinsecus
1039 5461 1261 5528 germine
1298 5461 1605 5528 cohrerente,
1640 5458 1794 5516 et'ad
1815 5458 2118 5519 similitudiL

515 5546 632 5583 nent
657 5528 752 5581 Dei
781 5543 974 5584 υιιιοιικ
1004 5531 1250 5583 secunda.

593 5615 612 5638 ιτ
645 5600 723 5655 Ex
747 5598 847 5680 hoc
873 5601 992 5680 loco
1021 5603 1187 5655 multa
1205 5600 1308 5657 abs
1345 5602 1534 5680 oriora
1563 5603 2114 5680 apodliieronyinum

517 5683 642 5726 sunt
681 5670 1042 5744 explananda.
1093 5689 1217 5729 natu
1248 5676 1532 5744 conceptis
1567 5670 1745 5730 verbis
1773 5670 1972 5732 asserit
2003 5680 2115 5735 ani-

515 5754 633 5796 mas
665 5743 874 5799 vinctas
915 5745 1058 5815 apud
1104 5745 1312 5801 inieras
1361 5743 1539 5800 marte
1587 5745 1789 5804 Christi
1831 5748 2115 5808 liberatas.

2219 4754 2564 4834 ΜΑβτςε-τδίρ
2585 4775 2718 4815 mss.
2739 4769 2899 4816 antea
2924 4771 3040 4818 erat
3060 4763 3277 4833 eripuit,
3311 4774 3360 4819 et
3382 4767 3576 4834 rapuit,
3612 4777 3656 4820 et
3677 4768 3814 4823 tulit.

2297 4825 2322 4866 ἀ
2350 4825 2554 4910 Eadem
2593 4836 2804 4910 est‘_iu_
2830 4834 3098 4910 Apologia
3137 4825 3398 4910 Pamphili
3433 4825 3532 4907 pro
3559 4825 3813 4910 Origene.

2221 4915 2383 4982 quam
2433 4901 3459 4982 RutiliusLatine’vertit,tropologics
3509 4901 3816 4978 ltujus'senQ

2224 4975 2410 5050 tentias
2439 4975 2728 5050 expositio,
2765 4985 2822 5030 ut
2853 4986 3004 5050 terra
3034 4977 3099 5050 ad
3133 4975 3368 5033 mortem
3408 4975 3814 5050 significandam

2224 5044 2544 5125 accipiatur.
2573 5045 2751 5125 _Unde
2793 5049 3013 5103 minime
3045 5047 3300 5125 ferendus
3329 5059 3414 5105 est
3440 5044 3692 5125 Drusius,
3721 5057 3814 5125 qui

2224 5113 2544 5189 Hieronymi
2573 5117 2710 5174 hanc
2742 5120 3272 5189 interpretationem,
3307 5124 3456 5189 quasi
3491 5113 3690 5179 novam
3733 5113 3816 5180 iit-

2226 5199 2330 5260 que
2357 5187 2908 5260 alnior_niem,sannis
2929 5207 2992 5246 ac
3023 5193 3135 5247 risu
3162 5187 3402 5260 excepit.
3435 5195 3491 5249 In
3521 5211 3630 5250 una
3665 5197 3819 5252 Pela-

2226 5258 2323 5310 tin.
2357 5273 2488 5335 mss.
2519 5258 2662 5335 haud
2684 5260 2896 5335 dubium
2923 5262 3044 5331 quin
3067 5266 3246 5319 mortis
3274 5258 3548 5335 signiﬁcet.

2303 5337 2326 5364 θ
2359 5325 2627 5410 Victorius
2655 5334 2882 5410 corrigit
2911 5325 2977 5387 ad
2999 5342 3211 5410 terram,
3242 5325 3344 5404 prii
3367 5325 3585 5408 petram,
3614 5353 3679 5393 ea
3703 5338 3814 5410 ipsa

2226 5396 2540 5473 Hieronymi
2591 5396 2930 5473 expositione
2998 5396 3282 5468 subnexa}
3333 5396 3391 5462 et
3435 5396 3631 5464 navem
3683 5396 3812 5466 niss.

2225 5471 2678 5551 e'xeiii‘iilat'ibus,‘
2697 5474 2904 5551 Brittius
2935 5477 3192 5545 quinque,
3241 5477 3529 5551 Florentius
3557 5491 3812 5551 quatuor.

2227 5539 2342 5621 vox
2374 5539 2563 5598 Graeca
2592 5555 2674 5601 est
2705 5539 3098 5621 idupta'en'o'srati
3128 5567 3162 5621 :_
3186 5550 3455 5620 significat
3480 5539 3666 5608 autem
3699 5553 3815 5609 ἐδα-

2227 5616 2351 5686 φίζω
2393 5623 2702 5692 prosterno,
2741 5616 3006 5686 terraeque
3037 5619 3204 5675 allida
3239 5616 3260 5675 Ξ
3303 5623 3503 5692 quippe
3547 5639 3668 5680 cum
3697 5623 3818 5681 ἔδαι

2225 5705 2315 5756 eo;
2343 5689 2522 5766 stilum
2545 5689 3027 5766 pavimentumque
3054 5700 3226 5759 notet,
3245 5689 3360 5766 non
3382 5689 3602 5766 petram.
3634 5695 3816 5751 Suidze

2227 5755 2442 5828 quaque
2469 5755 2674 5833 ἰδάφος,
2711 5760 2811 5818 tioc
2843 5755 2953 5828 est,
2971 5770 3136 5832 terra,
3165 5755 3482 5836 espaait'ur,
3503 5779 3614 5823 non
3639 5775 3812 5838 petra.
