4120 6342
407 243 508 302 9M

1195 238 1846 304 COMMENTARIOBUM
1886 241 1951 302 IN
1991 237 2171 302 οδω
2211 237 2342 300 LIB.
2383 239 2471 299 lll.
2513 238 2668 301 CAP.
2709 241 2848 302 XIV.

3598 256 3704 314 94:!

405 371 434 408 ει
469 352 758 424 metropoli
789 353 1055 423 Samaria,
1100 368 1223 428 qum
1248 369 1313 411 ex
1355 357 1574 414 nomine
1602 357 1829 428 Augusti
1856 370 1997 412 nunc
2021 353 2079 416 Α
2100 353 2190 421 qui
2240 354 2294 408 in
2347 363 2396 408 te
2423 363 2500 410 est
2555 357 2878 414 miserebitur
2905 361 3112 432 pupilli.
3139 360 3410 422 Pereunte
3433 366 3701 436 Samaria,

405 459 630 505 vocatur
655 447 911 519 Augusta,
941 448 993 504 id
1021 455 1125 514 est,
1149 449 1394 506 Sebaste.
1419 449 1530 506 Cur
1550 461 1726 507 autem
1756 450 1999 507 Samaria

402 541 543 596 dicta
573 541 646 597 sit
674 540 885 610 civitas,
920 540 974 598 in
1011 539 1216 612 Regum
1240 542 1513 600 volumine
1543 543 1793 614 legimus.
1825 543 2000 613 Impe—

400 644 486 688 rat
529 633 691 705 igitur
722 633 987 704 propheta
1019 675 1033 700 ,
1066 643 1154 700 et,
1187 641 1246 689 ut
1292 633 1477 691 verius
1507 635 1681 690 dicam
1710 680 1725 704 ,
1756 637 1998 706 optativo

402 726 566 782 modo
597 726 853 796 loquitur,
903 735 959 781 ut
1009 724 1255 783 Samaria
1305 735 1509 796 pereat.
1563 727 1661 784 Cui
1704 743 1826 783 cum
1855 728 2000 783 Deus

402 829 545 876 tanta
579 820 900 892 praeparavit
930 819 1094 886 bona,
1143 819 1232 876 illa
1279 828 1470 877 contra
1501 821 1668 878 Deum
1718 821 1897 888 faciat,
1944 830 2000 878 et

398 915 572 984 magis
640 915 946 972 dminonum
991 913 1278 970 simulacra
1327 923 1586 972 sectetur.
1639 915 1995 989 Symmachus

397 1016 574 1063 autem
605 1024 712 1064 non
742 1007 870 1063 dixit
901 1020 1072 1082 pereat
1100 1049 1114 1075 ,
1146 1009 1240 1066 sed
1271 1012 1630 1085 μεταμελήσει,
1668 1011 1720 1066 id
1744 1021 1846 1080 est,
1878 1021 1996 1083 aget

393 1103 762 1174 paenitentiam,
795 1102 986 1173 suique
1018 1117 1134 1158 eam
1159 1103 1686 1174 pmnitebiterroris,
1715 1104 1856 1175 quod
1875 1103 1998 1160 dul—

394 1193 673 1250 cissimum
721 1195 895 1253 Deum
952 1196 1004 1250 in
1047 1195 1464 1252 amaritudinem
1511 1196 1755 1262 verterit,
1807 1196 1881 1250 ita
1935 1205 1996 1250 ut

394 1284 698 1342 bellatores
725 1285 847 1358 ejus
896 1285 950 1342 in
983 1287 1160 1356 gladio
1193 1297 1440 1356 pereant,
1471 1288 1680 1360 parvuli
1705 1297 1760 1346 et
1788 1288 1996 1344 lacten-

395 1387 476 1438 tes
525 1379 800 1436 elidantur
839 1380 906 1437 ad
963 1389 1188 1448 terram,
1238 1388 1293 1438 et
1339 1381 1466 1438 fetae
1498 1382 1616 1451 ejus
1643 1391 1805 1452 atque
1845 1397 1982 1452 prte-

392 1479 620 1543 gnantes
668 1472 1082 1542 disrumpantur
1123 1472 1178 1528 in
1227 1482 1482 1528 mortem.
1533 1473 1663 1542 Quae
1709 1474 1889 1530 omnia
1938 1475 1991 1529 ei

392 1564 656 1621 accidisse
685 1565 1014 1622 credendum
1045 1573 1131 1621 est
1159 1573 1404 1635 tempore
1433 1566 1762 1635 captivitatis
1813 1575 1865 1622 et
1894 1583 1990 1621 an-

391 1658 608 1728 gustite,
657 1659 870 1728 quando
917 1672 1068 1713 suam
1119 1659 1350 1730 patriam
1384 1658 1760 1730 perdiderunt,
1802 1665 1858 1713 et
1898 1659 1988 1728 qui

2103 453 2160 501 et
2179 445 2312 501 viris
2333 445 2474 516 ejus,
2495 449 2799 518 etparvulis
2813 461 2867 507 et
2889 453 3296 523 praegnantibus
3319 457 3537 522 occisis,
3555 461 3702 515 elisis

2100 547 2263 610 atque
2290 538 2558 606 discissis,
2617 551 2761 598 totus
2790 541 2954 600 lsrael
2981 545 3046 599 ad
3078 548 3459 616 paenitentiam
3495 565 3692 620 prom-

2099 640 2288 690 catur:
2322 643 2374 690 ut
2405 637 2497 705 qui
2527 633 2831 692 inﬁrmatus
2853 645 2959 704 est,
2983 638 3099 694 sive
3119 641 3329 696 corruit
3359 642 3413 697 in
3446 643 3700 713 iniquita-

2100 726 2244 782 tibus
2273 727 2408 794 suis,
2454 737 2763 783 revertatur
2813 727 2881 784 ad
2913 730 3184 787 medicum
3211 743 3266 786 et
3295 734 3525 805 recipiat
3554 737 3703 792 sani-

2101 828 2290 886 tatem,
2324 821 2405 875 vel
2437 830 2582 878 SIare
2606 821 2827 891 incipiat
2853 823 2945 893 qui
2989 835 3315 882 corruerat:
3358 828 3700 902 doceturque

2102 912 2378 984 quomodo
2408 913 2608 970 debeat
2646 929 2809 986 agere
2836 915 3233 986 pmnitentiam.
3267 920 3476 989 Tollite,
3506 924 3705 995 inquit,

2098 1005 2356 1061 vobiscum
2381 1008 2555 1074 verba,
2608 1008 2662 1064 id
2703 1016 2810 1074 est.
2859 1024 3074 1079 preces,
3103 1022 3159 1066 et
3214 1011 3540 1070 delictorum
3572 1032 3704 1072 con-

2095 1096 2416 1165 fessionem,
2449 1109 2505 1154 et
2534 1101 2918 1160 convertimini
2948 1101 3015 1156 ad
3048 1101 3341 1158 Dominum
3373 1114 3480 1160 tam
3510 1109 3696 1163 verbis

2096 1205 2254 1258 quam
2275 1190 2566 1260 operibus;
2591 1201 2644 1248 et
2663 1191 2834 1248 dicite
2847 1195 2898 1248 oi
2916 1211 2929 1247 :
2950 1193 3164 1250 Omnem
3187 1198 3338 1266 aufer
3349 1198 3692 1269 iniquitatem,

2095 1281 2521 1354 nihillanguoris
2541 1283 2598 1340 in
2613 1283 2771 1340 nobis
2792 1294 2846 1339 et
2863 1287 3037 1340 ruinae
3059 1285 3305 1355 pristinae
3321 1286 3695 1359 derelinquas,

2095 1389 2164 1430 ne
2186 1390 2401 1432 rursum
2421 1374 2547 1430 mali
2569 1375 2794 1432 seminis
2817 1375 3084 1446 pullulent
3105 1375 3352 1434 rediviva
3381 1378 3689 1448 plantaria:

2092 1482 2141 1527 et
2189 1474 2386 1546 accipe,
2429 1474 2638 1544 inquit,
2695 1475 2885 1530 bonum
2923 1491 2936 1529 :
2987 1474 3101 1530 Nisi
3131 1477 3279 1532 enim
3317 1476 3514 1532 tuleris
3553 1475 3694 1530 mala

2093 1579 2302 1636 nostra,
2333 1569 2532 1625 bonum
2565 1569 2663 1625 tibi
2690 1569 2836 1638 quod
2863 1567 3177 1637 otferamus,
3203 1569 3409 1626 habere
3431 1586 3540 1626 non
3569 1585 3697 1641 pos-

2093 1675 2306 1730 sumus,
2331 1662 2484 1732 juxta
2517 1661 2651 1716 illud
2677 1662 2824 1732 quod
2846 1661 2978 1716 alibi
3004 1663 3270 1732 scriptum
3303 1671 3388 1718 est
3423 1679 3436 1716 :
3475 1663 3691 1717 Declina

393 1764 616 1806 evasere
657 1749 914 1819 gladium,
951 1754 1002 1805 in
1034 1751 1350 1807 servitutem
1390 1761 1707 1822 perpetuam
1736 1762 1862 1806 sunt
1890 1751 1987 1806 ab-
2015 1736 2063 1802 Β
2091 1771 2123 1809 u
2144 1755 2304 1822 malo,
2331 1765 2379 1811 et
2401 1757 2485 1826 fac
2506 1755 2716 1826 bonum,
2734 1765 2781 1811 et
2801 1756 3095 1824 reddemus,
3121 1757 3215 1826 ait,
3236 1757 3422 1812 vitulos
3443 1757 3698 1811 labiorum

389 1843 559 1898 ducti.
593 1843 668 1898 De
703 1843 970 1899 limreticis
1003 1843 1176 1899 facilis
1206 1843 1562 1914 intelligentia
1586 1853 1694 1911 est,
1724 1843 1870 1916 quod
1901 1859 1987 1898 γο-

388 1944 580 1993 centur
625 1935 866 1992 Samaria
888 1977 904 2002 ,
955 1953 1022 1991 eo
1052 1936 1194 2006 quod
1237 1937 1330 1990 Dei
1366 1945 1635 2007 prmcepta
1666 1950 1889 1992 servare
1926 1950 1988 1992 se

382 2029 612 2102 jactent,
645 2043 754 2084 non
777 2027 919 2098 quod
947 2028 1207 2084 custodes
1233 2029 1342 2083 sint
1366 2029 1524 2099 Legis
1546 2027 1695 2097 ejus;
1727 2028 1821 2082 sed
1841 2026 1984 2097 quod

387 2122 493 2179 hoc
538 2137 660 2178 esse
691 2137 749 2177 sc
778 2121 984 2187 dicant,
1019 2122 1069 2175 in
1103 2121 1516 2177 similitudinem
1543 2121 1852 2178 schismatis
1879 2121 1986 2176 No-

385 2209 749 2279 vatiauoruut,
797 2214 884 2282 qui
918 2221 973 2268 et
1002 2212 1106 2283 ipsi
1132 2215 1406 2288 καθαροὺς,
1441 2211 1492 2267 id
1520 2224 1601 2269 est
1631 2212 1874 2280 mundos,
1925 2227 1984 2268 se

384 2313 599 2368 vocant,
630 2318 751 2358 enm
801 2304 910 2359 sint
960 2306 1202 2360 omnium
1240 2303 1686 2372 immundissimi,
1726 2313 1985 2374 negantes

383 2396 781 2466 pmnitentiam,
827 2411 922 2466 per
971 2409 1132 2470 quam
1165 2403 1388 2466 peccata
1421 2394 1756 2449 mundantur
1779 2435 1793 2460 ,
1829 2393 1985 2464 juxta

380 2486 510 2545 illud
534 2489 678 2560 quod
710 2490 970 2562 scriptum
1002 2500 1088 2547 est
1119 2508 1131 2544 :
1168 2489 1386 2544 Lavabis
1412 2507 1508 2553 me,
1543 2499 1593 2542 et
1622 2505 1779 2559 super
1819 2489 1985 2542 nivem

381 2587 703 2658 dealbabor(
734 2587 828 2644 Ps.
864 2605 894 2643 κ
921 2589 966 2657 ).
1014 2589 1080 2642 Et
1125 2589 1179 2642 in
1222 2589 1357 2644 Isaia
1394 2604 1406 2641 :
1461 2586 1758 2653 Lavamini,
1805 2585 1984 2640 mundi

383 2690 542 2736 estote
573 2678 730 2752 (Isai.
760 2698 795 2748 t,
834 2679 948 2752 16).
975 2680 1275 2736 Lavacrum
1301 2690 1484 2735 autem
1518 2695 1625 2734 non
1655 2679 1985 2749 baptismum

382 2782 561 2840 vocat,
613 2772 706 2828 sed
739 2787 955 2829 omnem
993 2771 1412 2842 ptenitudinem,
1447 2786 1570 2842 qum
1601 2769 1790 2826 sordes
1817 2769 1988 2826 abluit

385 2875 749 2938 peccatorum.
815 2866 1009 2924 Pereat
1049 2867 1215 2938 igitur
1260 2864 1642 2936 hujuscemodi
1696 2863 1981 2920 Samaria:

384 2960 508 3029 quia
535 2959 791 3030 quidquid
824 2959 1087 3030 loquitur,
1133 2966 1400 3030 repugnat
1447 2957 1561 3014 Deo
1606 2970 1728 3025 suo,
1777 2965 1833 3012 et
1876 2958 1985 3011 cle-

383 3053 641 3110 mentiam
673 3053 790 3124 ejus
819 3053 982 3109 vertit
1013 3053 1064 3108 in
1097 3052 1501 3119 crudelitatem,
1532 3065 1706 3119 usque
1735 3050 1898 3118 adeo,
1929 3060 1987 3104 ut

2092 1861 2386 1904 nostrorum
2423 1847 2543 1920 (Ps.
2570 1865 2757 1914 “XVI,
2782 1849 2897 1920 27).
2939 1849 3048 1904 Pro
3083 1849 3268 1904 vitulis
3305 1849 3398 1920 qui
3427 1850 3696 1906 l‘lebraice

2091 1943 2430 2014 appellantur
2467 1941 2626 2014 158
2667 1955 2870 1998 ruant:
2913 1935 3110 2014 (ετ-πε)
3137 1983 3152 2010 ,
3204 1942 3430 2011 fructum
3469 1943 3697 2012 Septua-

2089 2035 2238 2106 ginta
2286 2036 2688 2092 transtulerunt
2739 2037 2834 2105 qui
2882 2034 3086 2092 dicitur
3135 2050 3294 2091 suam
3352 2035 3523 2108 (τηε),
3571 2035 3688 2090 falsi

2089 2130 2358 2184 sermonis
2379 2127 2760 2184 similitudine.
2790 2128 2959 2184 Vituli
2983 2138 3166 2185 autem
3189 2130 3480 2195 labiorum,
3509 2130 3696 2185 laudes

2091 2221 2145 2276 in
2179 2220 2290 2278 Deo
2315 2231 2444 2276 sunt
2494 2230 2551 2276 et
2601 2222 2898 2292 gratiarum
2927 2223 3075 2278 actio
3113 2239 3127 2274 :
3179 2222 3513 2293 Sacriﬁcium
3561 2225 3699 2278 enim

2093 2311 2208 2370 Deo
2237 2314 2455 2384 spiritus
2479 2315 2863 2369 contribulatus
2887 2313 3010 2385 (Ps.
3037 2331 3088 2381 L,
3123 2314 3236 2384 i9).
3269 2317 3434 2386 Igitur
3463 2317 3557 2372 illo
3583 2319 3693 2386 jam

2091 2415 2340 2473 tempore
2369 2404 2680 2460 carnalibus
2731 2403 2971 2460 victimis
3021 2405 3348 2473 reprobatis,
3412 2407 3698 2475 placabilis

2087 2497 2206 2554 Deo
2255 2500 2430 2555 hostia
2485 2509 2573 2555 est
2623 2513 2757 2568 pura
2811 2499 3106 2554 confessio.
3163 2498 3268 2566 Qui
3302 2499 3612 2555 reddituros
3639 2516 3700 2557 se

2089 2605 2213 2648 esse
2240 2591 2433 2648 dicunt
2453 2591 2726 2647 labiorum
2771 2589 2995 2654 vitulos,
3023 2598 3080 2645 et
3109 2589 3202 2644 Dei
3247 2589 3436 2645 laudes
3489 2595 3699 2661 perpeti

2090 2699 2224 2740 voce
2245 2694 2524 2750 carituros,
2545 2685 2713 2741 etiam
2756 2683 2890 2740 illud
2917 2684 3308 2754 repromittunt
3326 2686 3472 2758 quod
3495 2703 3598 2756 neq
3609 2703 3702 2743 ua-

2089 2793 2251 2846 quam
2307 2778 2361 2832 iu
2387 2777 2632 2848 Assyriis
2681 2791 2835 2846 spem
2885 2777 3146 2842 habeant,
3197 2793 3303 2832 nec
3328 2793 3498 2848 super
3527 2796 3697 2851 equos

2090 2868 2399 2944 Egyptios,
2423 2872 2547 2944 quia
2569 2871 2734 2927 fallax
2753 2887 2928 2943 equus
2945 2871 3009 2926 ad
3025 2871 3256 2928 salutem
3279 2871 3453 2944 (Psal.
3499 2892 3563 2929 xx
3577 2892 3604 2929 it
3617 2880 3697 2943 ιι),

2090 2974 2146 3018 ει
2168 2964 2307 3018 ultra
2335 2981 2442 3020 non
2467 2964 2704 3020 adorent
2731 2977 2899 3034 opera
2927 2980 3183 3019 manuum
3215 2978 3436 3021 suarum
3456 3009 3469 3032 ,
3497 2968 3702 3025 vitulos

2091 3074 2308 3125 aureos,
2351 3074 2491 3130 quos
2519 3061 2572 3114 in
2598 3059 2712 3114 Dan
2743 3059 3050 3128 Betlietque
3075 3059 3483 3129 conﬂaverant,
3517 3073 3568 3115 et
3619 3063 3701 3118 id-

383 3146 473 3218 QUi
503 3145 602 3200 viri
630 3154 756 3202 sunt
783 3145 924 3216 apud
955 3145 1101 3200 illam
1143 3154 1199 3200 et
1245 3143 1313 3199 ad
1360 3143 1582 3198 malilim
1607 3141 1714 3216 [ΑΙ.
1748 3141 1981 3215 militiae]
2011 3124 2056 3190 ε
2086 3151 2259 3216 circo,
2279 3124 2930 3222 inq-uiunt:Nequaquam
2948 3124 3698 3222 operimanuumnostrarum

385 3247 598 3294 aetatem
628 3253 834 3294 venere
863 3237 1184 3308 perfectam,
1229 3235 1500 3306 spirituali
1540 3250 1802 3292 mucrone
1835 3245 1984 3290 trun-

387 3339 600 3386 centur.
655 3330 812 3404 157
863 3331 965 3398 Qui
1020 3338 1201 3386 autem
1253 3329 1460 3399 parvuli
1492 3339 1655 3399 atque
1693 3329 1980 3394 lactentes,

386 3423 662 3479 elidantur
687 3424 753 3479 ad
783 3434 1019 3495 petram.
1066 3424 1144 3480 De
1185 3422 1378 3494 quibus
1419 3430 1475 3479 et
1522 3425 1575 3477 in
1609 3422 1818 3494 psalmo
1849 3424 1980 3493 legi-

385 3534 507 3574 mus
544 3537 556 3574 :
599 3516 788 3574 Beatus
833 3517 920 3589 qui
952 3517 1134 3573 tenebit
1163 3527 1210 3572 et
1247 3515 1428 3574 allidet
1463 3517 1706 3589 parvulos
1751 3532 1872 3572 suos
1913 3516 1985 3570 ad

386 3620 584 3684 petram
609 3609 730 3683 (Ps.
755 3626 975 3677 cxxxvt,
999 3608 1076 3683 9).
1103 3609 1250 3668 Feta:
1279 3624 1494 3682 quoque
1514 3609 1631 3680 ejus
1659 3617 1819 3681 atquo
1847 3623 1986 3680 prae-

387 3712 613 3774 gnantes
639 3719 758 3775 quae
795 3702 865 3760 de
893 3702 1035 3757 malo
1061 3702 1271 3758 semine
1299 3709 1691 3770 conceperunt,
1721 3697 1846 3756 ideo
1875 3699 1985 3756 dis-

387 3809 728 3868 rumpentur,
763 3813 830 3854 ne
863 3797 1127 3868 pessimos
1171 3796 1373 3852 liberos
1419 3795 1636 3852 faciant.
1686 3794 1815 3850 Tale
1857 3795 1985 3866 quid

389 3893 523 3948 etin
550 3874 843 3964 Evangelio
891 3891 1046 3946 nobis
1073 3890 1397 3960 subjicitur:
1457 3889 1550 3944 Vas
1595 3888 1987 3961 praegnantibus

390 3993 437 4038 et
465 3985 807 4041 nutrientibus
835 3985 888 4040 in
921 3984 1098 4041 diebus
1127 3982 1236 4039 illis
1267 3984 1284 4054 (
1301 3982 1432 4037 Luc.
1461 3997 1579 4048 xxx,
1608 3982 1718 4051 25)
1751 3998 1763 4035 :
1797 3980 1986 4036 diebus

388 4077 641 4136 videlicet
669 4079 1036 4136 tribulationis
1055 4086 1110 4134 et
1135 4077 1420 4149 angustiae.
1452 4076 1856 4132 lnterticiuntar
1889 4089 1988 4130 au—

392 4177 503 4226 tem
533 4181 588 4226 et
618 4171 914 4228 bellatores
953 4171 1215 4228 Samaria:
1257 4168 1466 4240 gladio,
1494 4178 1552 4223 et
1583 4169 1846 4224 lactentes
1888 4167 1990 4222 eli-

391 4267 614 4338 duntur,
645 4277 706 4322 et
742 4278 1089 4339 prmgnantes
1114 4265 1528 4334 disrumpuntur
1561 4281 1574 4317 :
1609 4273 1698 4328 ut,
1727 4273 1988 4334 pereunte

391 4361 536 4416 malo
577 4359 808 4425 semine,
856 4359 1186 4428 zizaniisque
1229 4358 1350 4427 ejus
1389 4357 1627 4423 exustis,
1679 4357 1853 4412 solum
1902 4372 1989 4412 re-

392 4462 610 4510 maneat
639 4453 896 4516 triticum,
921 4453 1142 4523 quodin
1175 4453 1389 4508 Domini
1415 4451 1609 4508 horrea
1638 4451 1984 4508 recondatur.

421 4605 424 4610 _
465 4545 648 4618 (Vers.
669 4546 726 4612 2,
750 4547 784 4602 5
804 4555 860 4602 et
882 4544 963 4616 4.)
1015 4544 1344 4613 Convertere,
1374 4543 1566 4611 Israel,
1601 4545 1670 4599 ad
1700 4542 1987 4598 Dominum

393 4637 563 4695 Deum
587 4645 751 4704 tuum,
780 4639 1024 4710 quoniam
1046 4640 1286 4693 corruisti
1308 4639 1359 4692 in
1390 4636 1662 4706 iniquitate
1683 4644 1790 4716 tua,
1821 4636 1988 4690 tollite

393 4735 651 4788 uobiscum
678 4732 848 4802 verba,
869 4743 916 4788 et
935 4735 1290 4788 convertimini
1312 4734 1381 4786 ad
1405 4733 1707 4797 Dominum;
1733 4733 1890 4786 dicite
1909 4733 1988 4788 ei:

398 4825 614 4883 Omnem
637 4828 788 4899 aufer
804 4829 1150 4899 iniquitatem,
1171 4826 1619 4899 etaccipebonum,
1649 4837 1697 4881 et
1717 4827 1992 4884 reddemus

395 4919 584 4974 vitulos
600 4920 855 4974 Iabiorum
869 4921 1353 4975 nostrorum.Assur
1366 4935 1466 4973 non
1484 4919 1696 4973 salvabit
1711 4937 1823 4986 nos,
1838 4937 1992 4992 super

395 5029 578 5086 equum
598 5027 701 5069 non
730 5013 1088 5088 ascendemus,
1129 5029 1221 5070 nec
1251 5013 1478 5067 dicemus
1507 5013 1683 5069 ultra:
1715 5011 1803 5067 Dii
1831 5014 1996 5067 nostri

398 5121 554 5176 opera
565 5123 812 5162 manuum
825 5117 1139 5173 nostrarum,
1153 5107 1276 5179 quia
1288 5108 1400 5178 ejus
1409 5111 1496 5176 qui
1513 5107 1566 5171 in
1580 5115 1625 5160 te
1639 5115 1712 5162 est
1726 5106 1996 5162 miarebe-

400 5199 672 5271 rispupilli
685 5199 794 5273 [ΔΙ.
815 5200 1042 5273 populi].
1065 5199 1239 5256 LXX:
1257 5197 1588 5266 Convertere,
1607 5198 1629 5250 Ι
1639 5199 1794 5265 sraet,
1807 5203 1877 5252 ad
1889 5197 1996 5253 Do-

399 5292 597 5346 minum
623 5294 789 5350 Deum
818 5305 980 5360 tuum,
1009 5295 1130 5366 quia
1149 5291 1443 5363 inﬁrmatus
1463 5307 1515 5348 es
1542 5293 1595 5346 in
1634 5290 1997 5363 iniquitatibus

403 5387 535 5443 tuis:
555 5391 738 5442 sumite
758 5389 1017 5444 vobiscum
1037 5403 1316 5454 sermones,
1337 5397 1382 5440 et
1410 5385 1800 5440 revertintiniad
1817 5383 1994 5439 Domi-

401 5495 546 5547 num,
576 5481 726 5536 dicite
745 5481 794 5535 ei
821 5489 875 5536 ut
904 5498 1006 5535 non
1033 5481 1229 5536 tollatis
1243 5479 1589 5550 iniquitatem,
1618 5478 1708 5533 sed
1723 5478 2001 5532 (tssumatis

403 5573 555 5642 bona,
570 5584 613 5628 et
627 5575 896 5630 reddemus
909 5574 1134 5643 fructum
1151 5573 1400 5628 (abiaram
1411 5571 1886 5626 nostrorumAssur
1902 5585 2005 5624 non

405 5670 618 5725 saluabit
637 5687 756 5734 nos,
777 5685 931 5740 super
957 5687 1144 5740 equum
1165 5686 1268 5724 non
1297 5669 1651 5733 ascendemus,
1683 5681 2007 5738 nequaquam

410 5764 549 5817 ultra
569 5764 828 5818 dicemus:
847 5758 936 5814 Dii
953 5763 1154 5831 nostrii,
1169 5761 1409 5833 aperibus
1428 5778 1674 5817 manuum
1689 5770 2010 5816 nostrarum:

2091 3246 2338 3302 dicemus
2365 3263 2380 3300 :
2411 3246 2486 3300 dii
2516 3245 2710 3313 nostri,
2742 3245 2870 3316 quia
2896 3254 2948 3299 tu
2973 3244 3091 3312 ejus
3106 3245 3200 3315 qui
3232 3247 3286 3300 in
3319 3256 3369 3300 te
3389 3258 3474 3302 est
3507 3249 3698 3318 pupilli

2091 3337 2199 3412 [AL
2235 3337 2445 3410 pepuli]
2495 3337 2874 3401 misereberis,
2917 3339 3022 3392 boc
3048 3346 3151 3402 est,
3174 3337 3362 3406 populi
3405 3337 3599 3403 Israel,
3629 3339 3696 3394 dc

2089 3447 2200 3503 quo
2237 3431 2458 3486 dixeras
2490 3448 2504 3485 :
2533 3429 2705 3485 Filius
2731 3430 3104 3500 primogenitae
3123 3445 3269 3485 meus
3298 3430 3471 3486 Israel
3490 3431 3688 3503 (Exod.

2089 3537 2165 3589 ιν,
2196 3522 2314 3586 22).
2352 3523 2418 3576 Et
2453 3540 2465 3576 :
2517 3519 2689 3576 Filios
2720 3522 2874 3593 genui
2915 3531 2964 3575 et
3011 3521 3259 3588 exaltari,
3291 3523 3390 3594 ipsi
3418 3535 3589 3578 autem
3617 3541 3698 3580 me

2089 3624 2386 3686 spreverunt
2416 3612 2574 3687 (Isai.
2608 3630 2645 3680 ι,
2687 3613 2770 3686 2).
2812 3613 2883 3668 Ει
2931 3613 2985 3668 in
3039 3613 3148 3668 alio
3190 3614 3350 3671 loco:
3382 3614 3513 3672 Filii
3539 3617 3699 3672 alieni

2089 3709 2290 3764 mentiti
2333 3719 2452 3764 sunt
2501 3707 2627 3762 mihi
2680 3706 2801 3779 (Ps.
2847 3722 2998 3774 xvu,
3051 3706 3169 3778 46).
3219 3707 3467 3778 Pupillus
3517 3718 3697 3766 autem

2092 3811 2341 3868 vocatur,
2371 3802 2496 3873 quia
2519 3801 2694 3857 Deum
2721 3799 2964 3871 perdidit
2995 3809 3226 3870 patrem.
3259 3800 3486 3868 Quidam
3519 3815 3700 3861 autem

2097 3897 2367 3970 pupillum
2409 3893 2666 3965 exposuit
2703 3909 2832 3948 eum
2875 3894 2970 3963 qui
2999 3909 3027 3947 a
3053 3895 3200 3950 malo
3225 3904 3380 3965 patre
3409 3902 3704 3956 recesserit

2091 3991 2332 4055 diabolo,
2361 3998 2419 4045 et
2447 3988 2658 4044 idcirco
2683 3987 2782 4043 Dei
2809 3987 3190 4044 misericordia
3231 3989 3567 4048 sublevetur.
3617 3995 3700 4050 Ad

2092 4098 2256 4140 omne
2303 4096 2519 4152 quoque
2563 4080 2761 4150 dogma
2799 4093 3115 4150 perversum
3155 4081 3403 4150 quotidie
3433 4085 3698 4156 propheta

2090 4176 2356 4246 loquitur,
2380 4181 2435 4230 et
2458 4180 2756 4228 sectatores
2775 4171 2991 4242 ejus:ad
3015 4173 3397 4243 paenitentiam
3417 4187 3699 4245 provocat,

2092 4269 2284 4326 dicens
2314 4286 2330 4324 :
2359 4265 2759 4322 Convertimini
2798 4265 2866 4319 ad
2916 4265 3205 4320 Dominum
3233 4268 3399 4323 Deum
3428 4278 3696 4340 vestrum,

2094 4365 2186 4435 qui
2210 4361 2522 4426 corruistis,
2553 4359 2666 4414 sive
2693 4357 3036 4429 elanguistis,
3071 4359 3286 4414 Domini
3319 4361 3532 4430 perdita
3553 4365 3701 4420 sani-

2095 4464 2238 4512 tate:
2265 4454 2439 4509 totlite
2465 4453 2745 4507 vobiscum
2779 4451 2967 4515 verba,
2997 4465 3182 4504 veram
3231 4452 3353 4508 tidei
3393 4456 3698 4515 confessio-

2096 4565 2223 4603 nem
2250 4555 2306 4602 et
2323 4542 2708 4608 diciteziAuter
2733 4541 3075 4611 iniquitatem
3097 4557 3221 4612 qua
3245 4544 3296 4598 in
3319 4558 3508 4603 nostro
3530 4551 3700 4608 corde

2099 4649 2366 4707 versatur,
2396 4646 2449 4691 et
2475 4635 2661 4704 accipe
2691 4633 2889 4688 bonum
2915 4632 3072 4689 ﬁdei:
3105 4633 3242 4701 Quia
3263 4635 3526 4712 [ALquw]
3551 4645 3704 4697 corde

2101 4731 2329 4784 creditur
2353 4728 2423 4782 ad
2438 4727 2727 4800 justitiam,
2762 4742 2850 4779 ore
2877 4733 3046 4779 autem
3075 4729 3333 4798 confessio
3362 4731 3421 4801 ﬁt
3448 4734 3519 4787 ad
3562 4737 3703 4790 salu-

2103 4821 2403 4894 testimoni.
2435 4817 2511 4890 ι).
2565 4817 2728 4873 Vituli
2760 4825 2816 4872 et
2856 4818 3115 4882 victimae,
3149 4823 3265 4875 sive
3295 4821 3502 4879 fructus
3535 4827 3706 4884 labio-

2105 4929 2248 4980 rum,
2279 4922 2404 4967 sunt
2436 4911 2489 4964 in
2519 4909 2732 4965 Patrem
2759 4918 2810 4965 et
2844 4908 3038 4964 Filium
3069 4919 3123 4966 et
3149 4911 3408 4982 Spiritum
3436 4931 3706 4992 sanctum,

2103 5016 2160 5063 et
2188 5005 2241 5062 in
2279 5006 2584 5078 passionem
2615 5015 2670 5060 et
2691 5003 3156 5060 resurrectionem
3187 5006 3404 5064 Domini
3439 5015 3665 5071 credere
3693 5037 3704 5072 :

2103 5118 2262 5174 quam
2287 5102 2375 5171 qui
2405 5100 2664 5155 obtulerit
2718 5099 2792 5164 ei,
2837 5114 3178 5170 nequaquam
3203 5105 3448 5173 sperabit
3491 5110 3540 5163 in
3576 5126 3704 5183 rege

2106 5196 2352 5267 Assyrio,
2371 5195 2438 5249 de
2459 5207 2569 5264 quo
2596 5193 2792 5248 crebro
2818 5191 3074 5249 diximus.
3129 5193 3247 5251 Nec
3265 5199 3525 5260 aswndet
3543 5219 3706 5276 super

2103 5305 2304 5362 equum
2333 5303 2494 5358 quem
2526 5285 2772 5358 praecipit
2813 5286 3076 5343 Dominus
3121 5304 3468 5362 nequaquam
3519 5301 3706 5356 mum.

2111 5381 2419 5454 plicandum
2449 5379 2629 5452 (Deut.
2663 5380 2816 5450 xvii),
2874 5395 3036 5449 quem
3061 5381 3273 5438 habens
3303 5385 3535 5458 Pharao,
3585 5408 3706 5450 cum

2114 5492 2214 5533 suo
2245 5485 2328 5531 est
2357 5469 2637 5530 demersus
2667 5472 2912 5542 equitatu
2945 5469 3144 5541 (Exod.
3171 5477 3306 5547 xlv).
3353 5479 3544 5540 Omnis
3559 5488 3708 5544 enim

2117 5569 2403 5624 haereticus
2447 5565 2699 5622 ascendit
2751 5578 2923 5634 equus
2953 5581 3054 5632 per
3105 5570 3436 5642 superbiam,
3493 5593 3627 5647 quos
3659 5585 3711 5640 in

2118 5674 2306 5718 more
2327 5673 2432 5713 suo
2478 5657 2592 5727 ipse
2616 5656 2919 5726 generavit.
2979 5655 3045 5710 Et
3075 5672 3415 5732 nequaquam
3456 5671 3599 5725 ultra
3630 5674 3715 5728 di-

2123 5763 2248 5812 cent
2273 5753 2531 5822 operibus
2562 5766 2815 5806 manuum
2842 5767 3080 5820 suarum,
3109 5769 3229 5825 quae
3252 5755 3352 5829 ipsi
3385 5764 3577 5822 artifici
3608 5771 3722 5825 clo-
