4120 6342
421 250 526 307 945

1672 240 1729 296 S.
1774 233 2046 296 EUSEBll
2088 234 2464 295 lllERO-NYMI

3636 232 3761 293 9M

414 365 545 437 quio
567 362 978 425 confinxerunt,
1000 358 1073 414 dii
1098 355 1293 413 nostri.
1322 355 1515 413 Gulosi
1538 362 1734 412 venter
1750 355 1883 411 deus
1900 362 2015 410 est:
2046 354 2102 417 Α
2124 354 2321 422 lilium,
2374 355 2655 411 imitantes
2700 352 2987 411 Dominum
3039 352 3404 420 Salvatorem,
3439 354 3533 424 qui
3605 351 3765 407 dicit

413 470 611 513 avarus
634 454 765 511 colit
787 466 1116 515 mammona,
1146 448 1438 507 luereticus
1461 449 1653 522 dogma
1668 447 1812 521 quod
1827 447 1984 503 ﬁnxit
2004 464 2019 513 ;

414 550 506 620 qui
532 548 783 603 universa
818 546 934 599 haec
962 542 1293 611 deseruerit,
1323 542 1379 598 id
1404 552 1507 610 est,
1539 544 1711 599 Assur
1741 551 1797 596 et
1822 556 2021 612 equum

414 650 470 697 ct
500 640 659 714 159
684 653 849 709 opera
884 651 1139 692 manuum
1168 650 1389 691 suarum
1421 678 1435 702 ,
1468 645 1778 692 revertetur
1802 634 1869 689 ad
1918 633 2025 687 Do-

421 736 653 801 minuut,
668 742 721 790 et
736 732 973 803 placabit
988 739 1195 802 patrem
1210 745 1369 786 suum
1384 746 1535 802 aquo
1558 730 1733 785 fuerat
1754 727 2023 799 abiectus.

498 827 681 899 (Vers.
714 828 747 881 5
775 825 955 897 seqq.)
986 824 1194 880 Sanabo
1217 824 1551 879 contritiones
1582 840 1779 891 eorum,
1810 822 2026 891 diligam

422 938 505 977 eos
527 929 833 992 spontanee,
864 919 988 990 quia
1016 936 1224 974 aversus
1247 927 1319 973 est
1342 923 1490 990 furor
1510 935 1653 974 meus
1674 919 1735 972 ab
1759 933 1817 972 eo
1839 915 2021 989 [Vulg

414 1015 541 1089 eis]:
575 1031 661 1070 ero
689 1015 837 1087 quasi
856 1030 963 1069 ros.
1000 1022 1027 1051 ει
1049 1012 1222 1068 Israel
1249 1013 1552 1085 germinabit
1574 1013 1723 1083 quasi
1750 1012 1938 1077 lilium,
1979 1017 2027 1064 et

418 1120 649 1181 erumpet
675 1110 831 1164 radiat
858 1110 969 1178 ejus
997 1116 1052 1161 ut
1075 1106 1260 1162 Libani
1297 1123 1315 1162 :
1344 1108 1488 1163 ibunt
1518 1109 1649 1162 rami
1689 1110 1822 1181 ejus,
1853 1115 1902 1160 et
1930 1104 2025 1160 erit

414 1204 563 1274 quasi
593 1202 729 1256 oliva
756 1201 924 1272 gloria
945 1204 1077 1273 ejus,
1105 1209 1151 1255 et
1192 1200 1320 1255 odor
1347 1202 1459 1273 ejus
1481 1209 1536 1254 ut
1561 1200 1771 1254 Libani.
1797 1195 2026 1253 Conuer-

413 1305 588 1350 tentur
617 1294 849 1349 sedentes
876 1294 932 1347 in
960 1293 1140 1347 umbra
1169 1297 1304 1367 ejus,
1343 1294 1509 1349 vivent
1538 1294 1729 1361 tritico,
1757 1303 1806 1347 et
1838 1291 2028 1364 germi-

417 1385 608 1440 nabunt
629 1386 775 1455 quasi
798 1385 966 1439 vinea.
995 1384 1048 1437 Μ
1057 1384 1300 1439 emoriale
1323 1386 1436 1456 ejus
1457 1386 1591 1440 sicut
1612 1386 1787 1440 vinum
1816 1383 2025 1438 Libani.

422 1476 680 1547 Ephraim
710 1475 835 1546 quid
861 1476 986 1529 mihi
1012 1477 1152 1530 ultra
1177 1474 1321 1530 idola
1349 1493 1368 1531 :
1395 1493 1488 1549 ego
1514 1476 1798 1532 exaudiam
1826 1485 1876 1529 et
1899 1473 2028 1527 diri-

422 1586 542 1639 gam
560 1585 676 1624 eum
696 1584 715 1621 :
746 1585 837 1639 ego
865 1577 920 1622 ut
944 1568 1162 1623 abietem
1184 1568 1453 1635 virentem,
1475 1584 1541 1623 ex
1568 1584 1649 1623 me
1679 1571 1880 1641 fructus
1909 1575 2029 1619 tuus

416 1664 653 1717 inventus
674 1668 769 1716 est.
798 1659 974 1715 LXX:
996 1660 1206 1718 Sanabo
1232 1660 1544 1715 habitatores
1569 1677 1747 1715 eorum
1770 1674 1789 1715 :
1810 1658 2026 1731 diligam

2128 448 2180 503 in
2212 447 2438 505 Cantico
2462 449 2836 505 canticorum:
2868 448 2982 521 Ego
3008 452 3105 521 ﬂos
3127 449 3296 521 campi
3330 458 3376 503 et
3409 449 3596 504 lilium
3621 463 3765 500 con-

2126 543 2338 596 vallium
2367 541 2541 615 (Cant.
2576 558 2638 608 ιι,
2668 544 2747 615 1),
2788 551 2844 599 et
2872 543 3113 614 loquitur
3142 540 3210 598 ad
3251 557 3511 614 sponsam
3547 554 3759 606 suam,

2126 650 2246 706 quae
2270 650 2377 690 non
2408 635 2573 692 habet
2596 651 2785 707 rugam
2814 651 2991 708 neque
3019 635 3322 692 maculam:
3371 635 3523 692 Sicut
3559 633 3766 689 lilium

2125 728 2179 781 in
2208 728 2375 783 medio
2395 731 2684 802 spinarum,
2712 730 2785 785 sic
2806 731 3041 802 proxima
3064 746 3177 785 mea
3197 731 3251 784 in
3274 729 3444 784 medio
3469 730 3762 799 ﬁliarum.

2127 824 2377 895 Curaque
2417 827 2758 883 creverimus
2802 827 2858 883 in
2891 828 3143 897 Domino,
3175 827 3457 885 mittemus
3510 825 3767 882 radices

2128 927 2346 972 nostras
2368 918 2508 991 sicut
2529 918 2756 975 arbores
2788 919 2999 985 Libani,
3026 935 3150 992 qua:
3178 931 3444 992 quantum
3476 919 3533 975 in
3568 931 3766 973 auras

2128 1011 2716 1080 consurguntvertice,
2746 1019 2953 1066 tantum
2993 1012 3233 1069 radicem
3258 1013 3312 1069 in
3372 1013 3482 1068 ima
3513 1011 3770 1067 demer-

2128 1109 2304 1171 gunt,
2356 1111 2415 1157 ut
2446 1102 2595 1158 nulla
2627 1112 2949 1175 tempestate
3000 1106 3343 1176 quatiantur,
3399 1105 3496 1162 sed
3547 1102 3769 1160 stabili

2129 1193 2275 1249 mole
2303 1194 2631 1251 consistant.
2663 1197 2867 1252 Harum
2890 1198 3149 1254 arborum
3175 1200 3314 1254 rami
3346 1198 3452 1255 huc
3482 1199 3764 1270 illucque

2132 1287 2452 1354 tenduntur,
2509 1297 2565 1344 ut
2597 1290 2819 1344 veniant
2846 1290 3085 1345 volatilia
3141 1291 3270 1347 coeli
3300 1300 3355 1346 et
3383 1291 3651 1347 habitent
3700 1291 3763 1347 in

2129 1382 2230 1437 eis.
2257 1381 2326 1437 Et
2348 1398 2417 1439 ne
2447 1381 2673 1439 forsitan
2695 1392 3031 1453 putaremus,
3057 1384 3181 1454 quia
3208 1384 3445 1452 dixerat,
3472 1391 3761 1453 erumpet

2129 1476 2280 1531 radix
2305 1476 2447 1547 ejus,
2487 1478 2604 1534 sive
2645 1478 2861 1533 emittet
2886 1478 3101 1533 radices
3131 1493 3262 1533 suas
3283 1478 3435 1549 quasi
3463 1477 3761 1543 Libanus,

2129 1568 2196 1624 de
2222 1568 2405 1624 cedris
2427 1584 2551 1624 eum
2579 1569 2729 1640 loqui
2768 1580 2823 1625 et
2858 1569 3216 1627 infructuosis
3245 1569 3541 1626 arboribus
3561 1612 3580 1637 ,
3618 1584 3763 1625 san-

2130 1671 2275 1718 ctum
2302 1662 2476 1717 virum
2500 1671 2555 1717 et
2584 1677 2912 1718 conversum
2937 1662 3003 1718 ad
3036 1663 3353 1733 Dominum,
3376 1663 3537 1718 oliva:
3562 1661 3763 1733 frugi—

417 1772 504 1810 eos
534 1755 826 1825 manifeste,
852 1754 973 1825 quia
996 1769 1180 1808 aversa
1199 1763 1273 1808 est
1299 1755 1382 1808 ira
1410 1771 1524 1809 mea
1550 1755 1613 1808 ab
1645 1757 1735 1817 eis,
1759 1769 1849 1809 ero
1878 1753 2029 1823 quasi
2056 1741 2106 1802 B
2133 1754 2262 1811 fera:
2314 1764 2616 1824 comparat,
2668 1756 2760 1827 qui
2810 1753 2940 1810 dicit
2982 1754 3034 1809 in
3088 1755 3201 1811 alio
3223 1756 3380 1811 loco:
3414 1753 3527 1826 Ego
3555 1762 3758 1808 autem

419 1867 504 1904 ros
527 1867 545 1903 :
576 1848 747 1903 Israel
777 1849 981 1918 ﬂorebit
1034 1856 1089 1902 ut
1146 1847 1333 1915 lilium,
1390 1856 1437 1902 et
1486 1849 1650 1902 mittet
1678 1848 1880 1902 radices
1900 1861 2021 1899 suas

417 1942 571 2014 quasi
584 1941 844 1996 Libanus:
874 1940 1168 1995 ibuntrami
1200 1940 1334 2011 ejus,
1359 1948 1407 1993 et
1427 1940 1524 1994 erit
1542 1940 1693 2010 quasi
1717 1937 1859 1993 oliva
1880 1941 2022 2009 fruc-

422 2034 600 2102 tifera,
632 2044 679 2089 et
705 2034 834 2089 odor
860 2033 1008 2088 illius
1032 2033 1180 2103 quasi
1198 2032 1784 2100 Libani,convertentur
1797 2039 1843 2087 et
1874 2030 2020 2084 sede-

422 2130 547 2184 bunt
572 2129 666 2183 sub
696 2128 880 2183 umbra
926 2129 1082 2198 ejus:
1134 2127 1301 2181 bibent
1339 2138 1385 2181 et
1409 2124 1438 2166 ι)
1486 2127 1881 2182 inebriabuntur
1912 2129 2021 2196 fru—

420 2232 613 2288 mento,
639 2230 685 2277 et
704 2221 959 2293 efﬂorebit
982 2228 1039 2274 ut
1059 2220 1208 2274 vinea
1228 2220 1528 2275 memoriale
1548 2224 1662 2293 ejus
1683 2220 1830 2290 quasi
1850 2219 2023 2273 vinum

428 2316 616 2370 Libani
633 2315 912 2386 Ephraim.
948 2313 1089 2381 Quid
1117 2312 1321 2370 eiultra
1342 2322 1391 2367 et
1419 2311 1608 2367 idolis?
1631 2330 1724 2384 ego
1752 2312 2024 2366 humiliavi

429 2428 569 2477 eum,
595 2418 641 2464 et
672 2426 763 2483 ego
794 2407 1095 2479 confortabo
1122 2408 1295 2471 illum,
1327 2423 1420 2478 ego
1442 2408 1576 2461 sicut
1596 2406 1875 2479 juniperus
1902 2420 2025 2459 con-

425 2504 620 2557 densa:
647 2518 709 2557 ea:
732 2518 810 2555 me
837 2501 1035 2571 fructus
1064 2508 1183 2553 tuus
1214 2501 1449 2554 inventus
1479 2509 1573 2553 est.
1633 2495 1929 2553 Conversis
1956 2494 2025 2551 ad

422 2592 826 2665 paenitentiam,
860 2600 914 2647 et
939 2591 1111 2645 instar
1140 2590 1329 2661 pupilli
1362 2597 1569 2660 patrem
1595 2591 1769 2659 quem
1788 2586 2026 2655 relique-

424 2695 552 2742 rant
606 2683 1085 2756 cognoscentibus,
1138 2682 1422 2753 respondit
1453 2683 1627 2738 Deus:
1664 2681 1873 2736 Sanabo
1904 2694 2026 2733 con-

424 2780 680 2844 tritiones,
707 2777 794 2833 vel
828 2774 1126 2830 habitacula
1154 2790 1330 2828 eorum
1362 2775 1416 2829 in
1443 2773 1644 2844 quibus
1668 2772 1881 2828 fuerant
1909 2771 2027 2826 vul-

424 2871 623 2938 ncrati,
657 2870 774 2925 sive
799 2866 1085 2933 confracti,
1136 2867 1223 2922 vel
1257 2866 1310 2920 in
1334 2866 1535 2937 quibus
1563 2874 1672 2919 tam
1700 2864 1842 2919 male
1872 2862 2027 2918 habi-

423 2975 706 3022 taverant:
764 2962 980 3034 diligam
1007 2978 1093 3015 eos
1115 2969 1436 3032 spontanee;
1484 2958 1629 3030 quod
1658 2956 1803 3013 LXX
1842 2964 2024 3012 trans-

423 3063 665 3117 tulerunt
714 3069 735 3097 ε
771 3056 1221 3130 ὁμολογουμένως,
1291 3056 1564 3125 perspicue
1608 3060 1771 3122 atque
1826 3059 2020 3123 aperte,

2122 1850 2257 1905 sicut
2285 1848 2419 1903 oliva
2444 1848 2719 1919 fructifera
2748 1850 2802 1903 in
2828 1849 2983 1903 domo
3012 1847 3110 1903 Dei
3141 1847 3324 1919 (Psal.
3349 1864 3420 1917 LI,
3446 1849 3522 1919 l).
3553 1846 3757 1919 Cujus

2123 1942 2356 1997 fructum
2410 1941 2653 2012 quinque
2701 1940 2805 1997 sibi
2827 1941 3102 2011 sapientes
3125 1941 3366 2012 virgines
3396 1947 3757 2011 paraverunt

2126 2032 2342 2105 (Matth.
2376 2031 2497 2103 25),
2520 2048 2587 2089 ex
2619 2047 2727 2103 quo
2748 2032 3040 2088 vulnerum
3066 2032 3345 2103 mitigatur
3377 2041 3580 2100 tumor,
3619 2030 3758 2085 lan-

2125 2128 2341 2198 guentis
2359 2125 2602 2182 membra
2621 2125 2995 2197 requiescunt,
3014 2125 3065 2179 in
3083 2124 3522 2181 tenebrislumen
3536 2137 3755 2180 accen-

2126 2220 2275 2276 ditur
2297 2261 2312 2288 ,
2337 2228 2611 2291 unguntur
2633 2221 2685 2275 in
2710 2234 2885 2290 agone
2910 2228 3206 2275 certantes.
3238 2218 3364 2274 llaec
3389 2217 3532 2274 oliva
3558 2217 3751 2274 habe-

2127 2312 2205 2369 bit
2234 2313 2459 2368 odorem
2483 2312 2635 2383 quasi
2668 2311 2885 2382 Libani,
2918 2312 3008 2367 vel
3039 2310 3238 2378 thuris,
3275 2310 3420 2381 quod
3442 2324 3622 2381 genus
3653 2318 3751 2366 est

2129 2405 2529 2478 thymiamatis:
2562 2406 2845 2479 ὁμωνύμως
2882 2402 2909 2441 ἀ
2932 2404 3075 2476 apud
3106 2404 3329 2461 Graecos
3371 2414 3429 2459 et
3468 2403 3751 2459 Hebraeos

2128 2509 2182 2557 et
2207 2514 2363 2554 mons
2388 2498 2720 2568 appellatur,
2744 2506 2799 2551 et
2822 2495 2969 2562 thus,
3003 2496 3090 2552 vel
3119 2503 3269 2551 certe
3290 2493 3491 2550 montis
3511 2493 3744 2563 Libani,

2126 2594 2217 2665 qui
2270 2592 2643 2649 fertilissimus
2696 2600 2752 2647 et
2798 2592 3006 2659 virens,
3070 2590 3416 2647 densissimis
3468 2589 3746 2645 arborum

2128 2688 2298 2741 comis
2330 2684 2647 2756 protegitur,
2704 2684 2775 2740 ita
2803 2693 2864 2739 ut
2903 2684 3078 2755 possit
3114 2684 3265 2739 oliva
3288 2682 3504 2740 dicere:
3539 2681 3749 2738 Christi

2132 2778 2294 2832 bonus
2318 2778 2448 2831 odor
2473 2794 2651 2832 sumus
2675 2776 2745 2849 (ll
2767 2775 2887 2832 Cor.
2919 2792 2980 2839 ιι.
3009 2775 3126 2849 16).
3148 2776 3450 2846 Quiautem
3476 2773 3747 2831 conversi

2129 2871 2335 2927 fuerint
2381 2871 2447 2926 ad
2478 2871 2794 2937 Dominum,
2852 2870 3126 2940 accipient
3177 2869 3569 2926 conversionis
3619 2882 3747 2923 suae

2130 2962 2439 3033 praemium,
2481 2972 2539 3017 ut
2572 2963 2803 3019 sedeant
2835 2962 2889 3017 in
2914 2962 3107 3018 umbra
3130 2960 3249 3031 eius
3275 2971 3332 3018 et
3359 2962 3584 3017 dicant:
3620 2959 3746 3017 Sub

2133 3056 2315 3109 umbra
2342 3059 2455 3128 ejus
2495 3055 2723 3125 requievi
2762 3064 2810 3110 et
2837 3054 2968 3121 sedi,
2997 3065 3044 3109 et
3073 3055 3274 3125 fructus
3296 3056 3408 3127 ejus
3457 3053 3629 3109 dulcis
3662 3060 3747 3108 est

422 3156 509 3211 vel
562 3154 754 3223 absque
783 3150 896 3206 ulla
941 3149 1287 3203 dubitatione.
1340 3147 1527 3216 Diligit
1563 3155 1744 3201 autem
1767 3144 2030 3199 Dominus
2054 3130 2101 3194 C
2134 3149 2188 3203 in
2234 3164 2319 3202 ore
2359 3164 2473 3202 meo
2515 3145 2688 3219 (Cant.
2717 3164 2776 3212 ιι,
2798 3148 2879 3219 5).
2908 3147 3161 3219 Cumque
3188 3148 3434 3205 sederint
3462 3148 3515 3203 in
3539 3146 3746 3202 umbra

425 3247 713 3318 diligentes
743 3258 823 3308 se,
860 3241 928 3297 de
954 3240 1152 3311 quibus
1178 3248 1235 3294 et
1264 3240 1317 3293 in
1342 3238 1451 3294 alio
1480 3237 1601 3293 loco
1622 3240 1725 3292 ait:
1759 3236 1871 3308 Ego
1909 3236 2033 3291 dili-

422 3349 597 3411 gentes
618 3353 697 3392 me
719 3335 880 3408 diligo
902 3331 1087 3404 (Prov.
1117 3347 1236 3400 VIII,
1268 3330 1380 3402 17).
1413 3330 1517 3397 Qui
1540 3330 1683 3385 enim
1712 3333 1863 3400 prius
1893 3329 2033 3385 iras-

423 3432 591 3488 cebar
620 3428 703 3485 eis
732 3435 955 3498 propter
985 3432 1207 3495 peccata
1234 3438 1354 3494 quae
1384 3421 1653 3479 fecerant:
1682 3436 1825 3477 nunc
1864 3421 2028 3477 misce

428 3524 592 3578 rebor
638 3527 864 3591 propter
913 3516 1261 3573 clementiam
1309 3529 1507 3569 meam.
1560 3514 1626 3569 Et
1666 3529 1753 3569 ero
1779 3515 1854 3568 eis
1883 3514 2033 3585 quasi

423 3632 543 3681 ros;
576 3622 635 3668 ut.
660 3610 937 3667 fornacem
968 3606 1377 3678 Babylonicam,
1412 3614 1467 3661 et
1494 3606 1766 3662 caminum
1796 3612 2032 3661 aestuan-

425 3709 498 3763 tis
544 3702 779 3762 incendii
812 3716 933 3758 meo
967 3716 1093 3757 rore
1130 3700 1489 3772 restinguam,
1551 3699 1643 3769 qui
1665 3708 1718 3755 et
1750 3713 1847 3768 per
1878 3698 2031 3753 Isaac

424 3798 794 3874 patriarcbam
826 3797 892 3852 ad
918 3795 1086 3853 Iacob
1126 3809 1345 3851 servum
1393 3808 1575 3849 meum
1623 3793 1838 3849 locutus
1872 3806 2025 3847 sum:

426 3892 643 3947 De’rore
665 3890 783 3945 caeli
818 3888 913 3942 erit
947 3884 1302 3941 habitaculum
1346 3894 1512 3939 tuum.
1560 3883 1849 3952 Quomodo
1879 3882 2026 3938 enim

426 3986 696 4042 Dominus
719 3984 780 4037 lit
802 3980 1156 4037 credentibus
1195 3980 1405 4046 lumen,
1454 3979 1561 4040 via,
1595 3980 1820 4045 veritas,
1848 3978 2025 4049 panis,

422 4083 608 4145 vinea,
636 4076 797 4147 ignis,
829 4081 1041 4144 pastor,
1073 4088 1271 4143 agnus,
1297 4071 1487 4141 ianua,
1520 4071 1750 4137 vermis,
1774 4079 1921 4126 etc.:
1956 4070 2036 4127 sic

422 4170 515 4241 qui
571 4167 883 4237 indigemus
945 4164 1090 4219 illius
1132 4163 1536 4229 misericordia,
1579 4169 1635 4218 et
1680 4172 2034 4232 peccatorum

426 4260 672 4315 febribus
693 4265 1012 4324 mstuamus,
1038 4254 1092 4309 in
1109 4269 1298 4310 rorem
1320 4255 1478 4311 nobis
1498 4254 1755 4319 vertitur,
1780 4254 1849 4310 ad
1871 4270 2035 4325 quem

431 4351 567 4408 dicit
586 4350 784 4407 Isaias:
811 4347 918 4403 Bos
938 4349 1073 4402 enim
1098 4347 1238 4418 quia
1268 4354 1315 4401 te
1342 4356 1439 4415 est,
1462 4347 1657 4401 sanitas
1684 4347 1843 4419 160
1865 4364 2042 4403 eorum

2132 3240 2300 3306 illius,
2327 3240 2518 3296 vivent
2565 3240 2656 3311 qui
2688 3241 2837 3311 prius
2881 3241 3085 3296 mortui
3134 3241 3387 3311 fuerant,
3440 3241 3557 3297 sive
3581 3240 3747 3311 juxta

2135 3332 2515 3403 Septuaginta,
2558 3330 2748 3387 bibent
2800 3340 2854 3387 et
2900 3331 3322 3389 inebriabuntur
3366 3331 3575 3397 tritico,
3634 3331 3747 3388 hoc

2132 3432 2238 3492 est,
2270 3441 2452 3482 rerum
2509 3424 2751 3481 omnium
2802 3426 3160 3481 abundantia.
3214 3426 3369 3495 Quod
3411 3434 3595 3483 autem
3648 3425 3742 3481 hic

2134 3516 2375 3572 ebrietas
2422 3533 2531 3572 non
2581 3517 2928 3574 eversionem
2972 3518 3195 3587 mentis,
3230 3518 3328 3574 sed
3386 3521 3598 3590 copiam
3647 3533 3745 3573 re-

2133 3625 2252 3666 rum
2273 3610 2427 3683 161
2455 3611 2693 3666 omnium
2713 3610 3001 3682 signiﬁcet,
3026 3610 3334 3667 versiculus
3355 3610 3451 3667 ille
3469 3608 3742 3679 declarat,

2131 3701 2363 3759 dicens:
2401 3702 2638 3757 Visitasti
2660 3710 2850 3757 terram
2876 3712 2923 3756 et
2959 3702 3227 3757 inebriasti
3265 3712 3383 3779 eam
3417 3700 3556 3773 (Ps.
3588 3715 3742 3769 LXIV,

2135 3796 2204 3852 10
2227 3796 2268 3867 ).
2301 3796 2369 3851 Et
2396 3794 2603 3866 Joseph
2628 3795 2961 3860 convivium,
2993 3797 3047 3850 in
3070 3810 3179 3865 quo
3208 3795 3511 3851 inebriasse
3540 3792 3746 3850 dicitur

2132 3889 2335 3946 fratres
2380 3903 2509 3946 suos
2536 3888 2707 3962 (Gen.
2756 3889 2949 3959 mn).
2985 3887 3055 3943 Et
3097 3888 3360 3944 Dominus
3411 3887 3640 3959 loquens
3671 3886 3746 3943 ad

2137 3982 2418 4054 apostolos
2444 4001 2456 4036 :
2489 3982 2769 4048 Comedite,
2800 3981 2955 4036 amici
2984 3981 3103 4050 mei,
3145 3992 3194 4037 et
3240 3979 3413 4047 bibite,
3442 3990 3491 4035 et
3519 3980 3749 4036 inebria-

2138 4076 2290 4145 mini,
2324 4078 2514 4147 fratres
2539 4072 2726 4146 (Cant.
2751 4090 2806 4141 v,
2831 4074 2855 4129 Ι
2884 4074 2927 4145 ).
2957 4073 3085 4129 Sive
3107 4073 3233 4145 quia
3264 4072 3529 4129 Dominus
3556 4082 3746 4129 noster

2139 4167 2259 4236 ipse
2284 4176 2369 4223 est
2396 4165 2728 4222 frumentum
2777 4175 2835 4222 et
2861 4165 3042 4234 vinea,
3077 4166 3409 4237 quicumque
3451 4165 3747 4222 crediderit

2140 4260 2195 4315 in
2226 4274 2314 4327 eo,
2351 4257 2613 4317 inebriari
2640 4258 2863 4314 dicitur.
2889 4257 3135 4329 Denique
3176 4258 3457 4329 sequitur:
3491 4257 3559 4313 Et
3586 4262 3749 4330 ﬂore-

2141 4354 2213 4408 bit
2238 4353 2390 4423 quasi
2413 4353 2561 4407 vinea
2586 4351 2888 4406 memoriale
2913 4355 3028 4422 ejus
3056 4350 3191 4405 sicut
3217 4351 3394 4405 vinum
3414 4348 3622 4405 Libani.
3645 4350 3746 4406 Vi-

439 4456 514 4500 cst
548 4442 706 4515 (Isai.
740 4457 891 4508 xxvr,
928 4440 1018 4506 19,
1062 4457 1166 4495 sec.
1220 4438 1410 4510 LXX).
1443 4440 1509 4494 Et
1538 4438 1593 4493 in
1625 4439 2033 4497 Deuteronomii
2059 4472 2115 4534 D
2140 4460 2269 4500 num
2300 4453 2481 4499 autem
2528 4442 2720 4499 Libani
2765 4457 3056 4514 possumus
3086 4442 3366 4513 appellare
3413 4443 3642 4499 mixtum
3690 4452 3747 4500 et

438 4537 668 4596 Cantico
699 4535 911 4607 Moyses
939 4533 1215 4605 loquitur:
1252 4532 1576 4587 Descendunt
1606 4533 1739 4587 sicut
1767 4550 1853 4588 ros
1881 4535 2034 4589 verba

2138 4540 2419 4597 conditum
2454 4538 2828 4611 thymiamate,
2861 4546 2919 4593 ut
2965 4537 3191 4593 odorem
3220 4537 3606 4594 suavissimum
3650 4536 3747 4594 ba-

436 4651 547 4695 mea
581 4631 761 4702 (Deut.
792 4646 965 4698 χχχιι,
990 4629 1069 4701 2).
1132 4628 1269 4685 Cum
1302 4638 1485 4685 autem
1517 4642 1618 4684 nos
1646 4627 1911 4686 Dominus
1935 4644 2037 4686 suo
2136 4635 2284 4701 beat,
2315 4632 2403 4703 ve)
2434 4633 2617 4687 vinum
2645 4631 2836 4688 Libani
2860 4630 3005 4703 quod
3034 4629 3265 4687 Domino
3296 4631 3497 4688 libatur
3524 4630 3579 4687 in
3609 4640 3748 4687 tem-

435 4742 564 4785 rore
592 4724 946 4797 resperserit,
972 4732 1029 4779 et
1057 4724 1360 4779 siccitatem
1408 4722 1646 4793 pectoris
1697 4723 1873 4778 nostri
1923 4724 2039 4779 suis
2139 4726 2251 4797 plo,
2271 4727 2339 4781 de
2352 4739 2460 4797 quo
2482 4726 2533 4779 in
2555 4724 2815 4779 Zacharia
2838 4726 2942 4780 sub
2963 4723 3157 4779 Libani
3178 4724 3445 4781 vocabulo
3470 4723 3703 4795 legimus
3728 4741 3741 4779 :

438 4818 640 4890 pluviis
665 4816 928 4888 irrigarit,
952 4814 1400 4886 germinabimus,
1428 4815 1599 4870 immo
1628 4814 1951 4871 florebimus
1983 4826 2041 4873 ut
2139 4818 2299 4892 Aperi
2322 4827 2370 4886 ε’,
2401 4817 2615 4885 Libane,
2644 4825 2816 4889 portas
2840 4825 2958 4872 tuas
2985 4816 3190 4891 (Zach.
3218 4832 3295 4889 ιιι,
3331 4816 3423 4891 1).
3453 4816 3589 4874 Cum
3615 4831 3747 4889 ergo

514 4969 539 4995 α
566 4956 883 5027 Legendum
906 4953 1353 5027 nectendumque
1368 4953 1616 5027 isocolon
1638 4954 1743 5011 ita:
1776 4954 1886 5013 Ero
1900 4959 2048 5027 quasi

435 5049 523 5088 ros
574 5025 761 5083 Israeli
786 5043 803 5080 :
831 5025 1161 5098 germinabit,
1188 5035 1296 5080 etc.
1317 5025 1557 5081 Consule
1580 5042 1700 5097 quae
1725 5029 1779 5082 in
1802 5025 2045 5086 Pseudo-

445 5103 704 5158 Rutinum
739 5099 1119 5153 observamus.

518 5173 543 5211 δ
579 5170 826 5225 Martian.
881 5168 1227 5235 inebrianlur,
1277 5175 1475 5224 contra
1522 5184 1654 5227 mss.
1704 5178 1761 5227 et
1800 5170 2053 5230 Graecum

449 5253 670 5316 textum
686 5258 700 5295 :
724 5242 1121 5316 μεθυσθήσογται.
1132 5279 1155 5316 ._
1325 5261 1342 5269 -

2156 4958 2406 5033 graecum
2452 4958 2737 5033 dumtaxat
2781 4972 3091 5033 sermonem
3144 4958 3411 5033 ᾇμὼννμον
3447 4968 3572 5011 esse
3602 4953 3748 5009 thuri

2156 5030 2607 5085 Libanumdixit:
2634 5045 2955 5099 quamquam
2972 5032 3120 5086 enim
3149 5029 3295 5085 liaud
3310 5029 3542 5093 eonStat,
3560 5034 3742 5099 utrum

2159 5102 2234 5155 ita
2267 5101 2574 5171 appellatus
2596 5117 2625 5155 a
2652 5094 2916 5156 thure'sit
2935 5101 3197 5165 Libanus,
3230 5102 3400 5156 immo
3436 5097 3660 5171 propius
3681 5094 3748 5151 ad

2159 5167 2321 5227 fidem
2341 5167 2612 5239 videatur,
2632 5188 2829 5227 nomen
2852 5173 3123 5243 sumpisse
3160 5173 3229 5229 ab
3251 5167 3520 5234 albedine,
3540 5167 3751 5243 nivium

2161 5244 2390 5317 scilicet.
2419 5244 2618 5314 quibus
2651 5244 2875 5314 tegitur,
2903 5240 3339 5317 ut‘AlpesLdictre
3359 5250 3486 5317 sunt
3504 5240 3573 5295 ab
3600 5240 3746 5317 alpo,

525 5328 547 5355 ο
580 5310 811 5371 Palatini
842 5326 976 5368 mss.
1008 5311 1286 5385 ὁμολόγως.
1327 5310 1474 5381 quod
1503 5310 1645 5366 idem
1669 5322 1774 5369 est.
2161 5314 2278 5385 sive
2307 5310 2458 5369 albo}
2504 5310 2735 5371 certum'
2766 5326 2948 5370 tamen
2991 5310 3095 5384 esi,
3144 5314 3337 5372 Graece
3363 5312 3598 5385 Libano‘n
3624 5310 3752 5385 thus

509 5412 537 5449 ἀ
572 5407 731 5481 Apud
758 5378 1215 5494 Hebms'mg,
1244 5378 1511 5471 ng—anon,
1546 5406 1821 5476 signiﬁcat
1844 5406 1969 5463 "ms
1994 5418 2053 5465 ει
2162 5384 2389 5490 άίοἰ..1η
2422 5385 2650 5441 Hebraeo
2680 5394 2864 5494 aniem.
2886 5378 3135 5491 quaedam
3158 5398 3242 5443 est
3252 5387 3408 5494 'vocis
3427 5378 3747 5494 sithilitudo,

449 5461 689 5563 monterm
712 5499 924 5565 Libani,
958 5461 1222 5572 sim'iliter
1242 5496 1383 5572 apud
1416 5497 1639 5552 Graecos
1684 5496 1913 5553 Libanus
1957 5508 2047 5572 est
2150 5492 2273 5533 "am
2295 5478 2591 5572 ίίΑηθθηὲυω
2622 5462 2784 5540 Πανιέι)
2811 5479 3032 5547 diem":
3063 5495 3221 5572 ιηοηε
3250 5481 3347 5537 me
3367 5461 3531 5572 F135-

452 5589 607 5632 mons
641 5583 694 5629 et
740 5572 1068 5641 thymiama:
1119 5569 1260 5624 unde
1283 5568 1648 5644 Hieronymus
1675 5584 1790 5644 uno
1820 5570 2043 5627 nomine
2224 5580 2248 5608 ε
2292 5570 2565 5644 Victorius
2614 5571 2689 5626 ait
2718 5590 2731 5625 :
2760 5571 2836 5628 De
2881 5572 3031 5638 vino,
3077 5571 3225 5644 quod
3274 5568 3748 5630 inter-Missarum

448 5648 581 5703 dicit
634 5639 921 5716 appellarii
954 5651 1193 5697 montem
1241 5649 1300 5716 et
1334 5639 1670 5716 thymiama.
1737 5640 1918 5716 Mser.
1972 5673 2045 5683 —
2147 5643 2427 5716 mysteria,
2462 5644 2919 5716 Christisanguis
2947 5639 3223 5713 eﬂ’ecium,
3254 5644 3749 5716 Dominolibatur,

455 5719 651 5778 Verius
666 5712 864 5773 sanein
886 5712 1306 5770 Commentariis
1330 5712 1381 5767 in
1409 5712 1644 5779 Abacuc,
1666 5726 1788 5783 cap.
1814 5728 1875 5781 ιι,
1886 5712 2041 5785 juxta
2146 5712 2502 5785 oﬂ‘erturque,
2547 5712 2837 5786 intelligit“:
2890 5714 2956 5769 de
2982 5730 3088 5787 qua
3118 5732 3179 5775 re
3210 5712 3430 5777 diserte
3469 5715 3753 5776 Malaohitc
