4100 6336
359 282 465 341 945

1160 284 1817 343 COMMENTARIOIIUM
1860 283 1927 341 IN
1964 285 2141 343 OSEE
2180 287 2311 343 LIB.
2355 288 2444 344 Ill.
2486 289 2639 345 CAP.
2687 289 2831 346 XIV.

3552 292 3658 349 946

355 405 505 453 tanta
529 410 709 453 rerum
732 396 1067 453 abundantia
1089 398 1159 453 sit
1189 399 1387 468 futura,
1410 418 1443 456 o
1468 400 1728 472 Ephraim
1752 401 1951 469 omnis,
1981 406 2032 468 Α
2060 403 2251 475 telliget
2282 406 2388 459 lucc
2411 408 2434 459 ?
2458 406 2747 480 intelligens
2774 418 2820 464 et
2850 418 3116 481 cognoscet
3142 428 3200 464 ea
3228 412 3249 466 ?
3275 411 3663 467 obscuritatem

354 490 447 563 qui
475 490 592 562 agis
624 490 1025 561 pmnitentiam,
1055 498 1109 546 ct
1136 492 1227 563 qui
1270 507 1424 549 meus
1450 508 1572 550 esse
1601 494 1839 564 coepisti,
1871 492 1956 549 di-

351 583 514 640 mitte
552 584 740 653 idola,
794 585 1088 641 simulacra
1140 596 1476 643 contemne:
1509 604 1614 659 ego
1661 589 1805 644 enim
1836 603 1957 643 sum

352 677 449 747 qui
476 676 758 732 humiliavi
792 685 874 742 te,
907 685 964 732 et
993 692 1095 748 ego
1121 678 1379 735 exaltabo
1408 690 1483 746 te,
1517 678 1632 734 sive
1658 693 1760 750 ego
1799 694 1965 735 exau-

353 773 503 831 diam
533 783 589 829 ct
617 771 868 843 dirigam,
892 780 947 827 et
972 772 1166 829 faciam
1192 789 1315 830 eum
1332 774 1488 846 quasi
1512 775 1749 829 abietem
1775 773 1964 829 viren—

357 876 494 933 tem,
528 876 589 922 ut
617 864 687 921 de
735 865 829 920 illo
862 864 1017 935 juxta
1066 864 1323 921 Hebraeos
1360 865 1574 922 dicatur
1624 865 1678 921 in
1712 866 1958 937 psalmo:

357 969 385 998 ι
411 959 565 1015 Abies
588 958 768 1013 domus
797 957 949 1031 ejus(
978 955 1076 1013 Ps.
1104 972 1216 1025 cm,
1250 958 1383 1029 18).
1416 957 1525 1013 Aut
1550 968 1703 1014 certe
1734 973 1837 1029 ego
1867 973 1961 1013 ero

354 1051 514 1124 quasi
557 1050 845 1121 juniperus
885 1049 1193 1116 condensa,
1250 1059 1309 1105 ut
1359 1051 1462 1107 sub
1496 1066 1615 1107 mea
1650 1051 1837 1106 umbra
1869 1065 1960 1105 re-

353 1146 619 1217 quiescat.
654 1143 731 1200 De
751 1147 1028 1224 ἁρκεύθοις,
1054 1144 1108 1200 id
1125 1153 1231 1210 est,
1247 1146 1532 1219 juniperis,
1556 1146 1708 1215 juxta
1732 1144 1962 1215 Septua-

354 1237 509 1310 ginta
548 1236 919 1306 Interpretes,
973 1234 1233 1293 Salomon
1279 1235 1473 1306 jauuas
1521 1235 1710 1308 templi
1761 1236 1962 1293 fecisse

352 1337 718 1397 memoratur,
746 1330 874 1400 quia
904 1330 1173 1399 Christus,
1210 1346 1306 1401 per
1334 1346 1495 1402 quem
1522 1331 1587 1385 ad
1620 1330 1837 1386 Patrem
1870 1345 1963 1387 ac-

353 1421 623 1489 cedimus,
671 1420 811 1477 hanc
860 1421 1026 1478 habet
1072 1431 1345 1490 naturam,
1387 1430 1444 1477 ut
1488 1437 1714 1493 semper
1742 1422 1958 1491 ﬂoreat,

355 1532 580 1589 semper
603 1531 773 1573 novos
802 1517 994 1574 afferat
1023 1518 1253 1587 fructus,
1300 1527 1355 1574 et
1400 1535 1692 1590 numquam
1723 1519 1963 1590 deponat

350 1611 592 1668 virorem
624 1626 801 1667 suum.
826 1611 958 1668 Haec
994 1612 1281 1684 iuniperus
1307 1612 1406 1669 sub
1435 1614 1625 1669 umbra
1657 1629 1752 1668 sua
1780 1615 1962 1685 quies-

351 1705 627 1773 centibus,
661 1720 729 1761 ne
756 1704 945 1761 mundi
966 1704 1126 1777 hujus
1156 1706 1350 1762 ardore
1371 1706 1661 1772 feriantur,
1692 1716 1748 1763 ct
1771 1723 1961 1778 percu-

2068 495 2363 551 voluminis
2391 506 2447 553 et
2479 497 2857 557 difficultatem
2888 503 3286 573 explanationis
3313 503 3575 560 ostendit.
3608 503 3667 559 Si

2065 596 2247 643 autem
2279 587 2397 658 ipse
2424 590 2512 659 qui
2543 590 2786 659 scripsit,
2818 594 2904 649 vel
2931 594 3177 665 difficile,
3207 596 3294 652 vel
3327 594 3667 665 impossibile

2064 680 2395 735 confitetur:
2430 681 2557 752 quid
2586 695 2687 738 nos
2718 683 2900 740 facere
2929 700 3244 756 possumus,
3278 689 3369 760 qui
3395 686 3672 758 lippienti-

2065 771 2165 828 bus
2187 774 2360 830 oculis
2390 784 2444 830 ct
2468 787 2814 845 peccatorum
2837 778 3093 834 sordibus
3119 780 3449 850 obscuratis,
3474 780 3673 835 claris-

2062 865 2259 921 simum
2285 867 2449 937 jubar
2475 868 2609 924 solis
2636 885 2744 925 non
2779 886 3067 941 possumus
3099 873 3324 939 intueri,
3349 873 3455 928 nisi
3486 871 3670 927 dicere

2063 958 2195 1014 illud
2225 960 2367 1030 quod
2399 962 2665 1031 scriptum
2689 971 2776 1018 est
2801 981 2813 1019 :
2843 962 2889 1018 0
2913 965 3235 1036 profundum
3258 966 3560 1020 divitiarum
3586 982 3666 1019 sa-

2061 1052 2268 1122 pientia:
2297 1063 2344 1107 et
2370 1054 2598 1109 scientia:
2630 1053 2769 1110 Dei!
2794 1074 2951 1128 quam
2981 1058 3341 1112 inscrutabilia
3371 1069 3493 1113 sunt
3514 1058 3669 1132 judi-

2063 1147 2143 1199 cia
2172 1149 2305 1218 ejus,
2330 1155 2378 1201 et
2403 1146 2777 1219 investigabiles
2794 1150 2891 1204 via:
2915 1150 3064 1223 eius(
3080 1149 3235 1205 Rom.
3262 1165 3320 1219 Il,
3353 1153 3422 1206 55
3444 1151 3461 1220 )
3487 1151 3501 1204 l
3535 1150 3669 1218 Quis

2062 1239 2205 1295 enim
2237 1249 2417 1309 potest
2442 1241 2648 1312 absque
2677 1241 2895 1297 Christo
2917 1242 3152 1299 docente
3178 1257 3511 1313 cognoscere
3538 1240 3669 1312 quid

2060 1334 2340 1405 significet
2368 1333 2573 1390 Jezrael
2606 1353 2619 1388 :
2659 1334 2789 1406 quid
2821 1350 2979 1391 soror
3010 1336 3151 1406 ejus,
3200 1351 3308 1391 non
3357 1333 3674 1390 misericor-

2062 1425 2206 1480 diam
2235 1437 2567 1482 consecuta:
2618 1428 2748 1498 quid
2805 1428 3000 1483 tertius
3052 1427 3243 1497 frater,
3292 1442 3402 1483 non
3432 1426 3670 1497 populus

2064 1534 2257 1575 meus:
2303 1533 2425 1589 qua:
2455 1519 2528 1573 sit
2553 1518 2825 1587 adultera,
2870 1536 2991 1589 quae
3038 1520 3158 1575 sine
3190 1520 3308 1591 lege
3350 1519 3447 1574 Dei
3497 1518 3670 1573 multo

2059 1624 2277 1666 sessura
2308 1610 2379 1666 sit
2409 1619 2688 1681 tempore:
2738 1612 2884 1682 quod
2926 1612 2997 1666 sit
3044 1620 3258 1681 pactum
3310 1626 3431 1665 cum
3481 1608 3677 1665 bestiis

2064 1712 2247 1770 terrm,
2270 1712 2326 1758 et
2343 1719 2465 1758 cum
2484 1703 2807 1759 volatilibus
2828 1703 2952 1760 caeli
2975 1720 2988 1756 :
3012 1704 3103 1775 qui
3123 1705 3195 1759 sit
3215 1702 3387 1758 David
3411 1701 3478 1756 ad
3506 1716 3667 1770 quem

354 1796 454 1853 tiat
480 1807 645 1852 aestus
675 1806 837 1868 caput
868 1812 1082 1866 eorum,
1118 1798 1256 1853 sicut
1281 1797 1555 1867 quondam
1607 1800 1878 1869 percussit
1907 1808 1963 1855 et
1995 1806 2038 1864 Β
2066 1797 2297 1868 populus
2317 1812 2640 1853 reversurus
2657 1798 2747 1862 sit,
2772 1797 2929 1867 cujus
2950 1796 3020 1853 sit
3039 1798 3128 1853 die
3146 1797 3302 1852 tertia
3321 1796 3673 1859 resurrectio,

350 1887 505 1945 Iona:
534 1890 553 1961 (
580 1886 710 1959 Cap.
742 1904 795 1944 tv
819 1887 839 1961 )
864 1929 881 1956 ,
912 1888 1005 1944 dat
1029 1890 1230 1959 fruges,
1256 1901 1312 1945 et
1340 1905 1447 1945 non
1483 1890 1660 1946 solum
1682 1890 1963 1947 dormien-

353 1982 502 2038 tibus
551 1981 795 2053 requiem
842 1990 898 2037 et
949 1981 1309 2049 sedentibus;
1366 1984 1463 2039 sed
1517 1993 1572 2039 et
1618 1984 1965 2039 saturitatem

353 2074 704 2131 vescentibus
722 2074 949 2145 praebet.
970 2074 1245 2147 Quidquid
1266 2076 1565 2133 secundum
1590 2080 1858 2152 ἀναγωγήν
1884 2078 1967 2133 ιη.

354 2168 637 2238 terpretati
666 2182 877 2233 sumus,
925 2167 978 2222 in
1028 2168 1269 2225 adventu
1300 2170 1519 2226 Domini
1550 2168 1879 2238 Salvatoris,
1912 2178 1970 2227 et

357 2259 413 2315 in
440 2260 800 2315 conversione
826 2258 941 2315 veri
974 2258 1164 2327 Israel,
1198 2259 1302 2315 hoc
1334 2270 1441 2316 tam
1490 2260 1557 2316 ad
1599 2260 1889 2317 hareticos
1914 2271 1969 2317 et

357 2354 600 2425 Iudaeos,
631 2368 793 2425 quam
822 2352 891 2409 ad
922 2363 1116 2425 gentes
1141 2363 1199 2410 et
1220 2354 1288 2409 ad
1312 2369 1474 2411 omne
1503 2354 1697 2426 dogma
1744 2370 1969 2426 perver-

360 2460 485 2503 sum
507 2446 704 2503 referri
728 2454 943 2517 potest:
973 2455 1032 2502 ut
1052 2462 1175 2502 cum
1204 2448 1419 2517 egerint
1445 2450 1842 2519 paenitentiam,
1878 2465 1969 2505 ve-

361 2541 509 2597 niam
538 2549 963 2611 consequantur.
1004 2542 1160 2615 162
1188 2540 1250 2599 Si
1296 2557 1428 2615 ergo
1459 2543 1746 2614 plenitudo
1778 2560 1967 2615 repro-

364 2632 644 2689 missionis
692 2632 988 2703 adimpleta
1036 2644 1123 2690 est
1171 2635 1225 2689 in
1269 2634 1503 2690 adventu
1555 2635 1879 2699 Salvatoris,
1914 2646 1969 2691 et

364 2724 612 2796 quotidie
641 2724 900 2795 impletur
942 2724 999 2780 iu
1031 2725 1298 2793 Ecclesia,
1328 2726 1660 2782 credendum
1701 2736 1784 2781 est
1824 2727 1969 2797 quod

369 2818 589 2889 plenius
638 2818 973 2889 impleatur,
1022 2817 1240 2889 quando
1287 2819 1620 2890 perfectione
1667 2819 1963 2887 veniente,

366 2910 513 2981 quod
537 2925 681 2965 nunc
709 2925 777 2965 ex
803 2918 957 2979 parte
978 2920 1083 2977 est,
1114 2910 1451 2967 destruetur.
1484 2910 1796 2966 Notandum
1825 2910 1970 2980 quod

367 3018 517 3075 saepe
540 3003 654 3073 jam
678 3002 934 3069 diximus,
964 3004 1196 3059 salutem
1225 3004 1442 3058 Israelis
1470 3011 1526 3058 et
1554 3003 1887 3059 reversiouis
1904 3003 1971 3058 ad

370 3092 681 3162 Dominum,
709 3103 766 3150 et
794 3093 862 3149 de
887 3092 1203 3164 captivitate
1232 3094 1688 3165 redemptionem,
1720 3110 1827 3150 non
1856 3109 1975 3150 car-

2065 1901 2123 1946 et
2146 1905 2400 1961 egressus
2421 1891 2539 1960 ejus
2568 1891 2809 1947 diluculo
2834 1899 3182 1961 comparetur
3208 1908 3221 1944 :
3252 1904 3373 1961 quae
3399 1889 3472 1944 sit
3492 1888 3675 1959 pluvia

2069 1986 2240 2058 prima
2264 1996 2320 2043 et
2341 1986 2633 2043 novissima
2660 2005 2672 2041 :
2697 1985 2791 2058 qui
2819 1986 2891 2041 sit
2914 2001 3075 2056 quem
3102 1983 3366 2055 propheta
3395 1982 3528 2038 dicit
3551 1996 3675 2037 esse

2069 2087 2379 2147 venturum,
2411 2078 2504 2149 qui
2528 2078 2685 2134 nobis
2709 2087 2977 2133 monstret
2998 2077 3291 2148 justitiam,
3316 2087 3409 2131 aut
3436 2076 3490 2131 in
3517 2073 3674 2145 cujus

2071 2181 2199 2245 typo
2227 2172 2394 2228 Israel
2417 2171 2684 2228 educatur
2712 2186 2779 2228 ex
2807 2170 3065 2244 Aigypto,
3100 2179 3155 2227 ct
3175 2179 3426 2241 portetur
3452 2170 3509 2225 in
3538 2170 3667 2223 bra-

2069 2265 2233 2331 chiis,
2260 2275 2317 2321 et
2343 2264 2572 2320 ducatur
2600 2265 2656 2319 in
2688 2264 2943 2320 funiculis
2991 2263 3276 2319 charitatis
3304 2281 3317 2319 :
3349 2263 3445 2332 qui
3474 2263 3548 2317 sit
3577 2262 3674 2331 qui

2077 2356 2541 2429 163fiuterficiat
2556 2364 2817 2423 mortem,
2838 2365 2892 2411 et
2912 2357 3085 2411 siccct
3100 2369 3268 2411 venas
3280 2354 3401 2425 ejus
3419 2363 3476 2410 et
3495 2352 3678 2409 fontes

2070 2450 2353 2518 arefaciat,
2382 2457 2439 2506 et
2469 2448 2689 2521 diripiat
2720 2462 2851 2504 vasa
2897 2464 3018 2519 quae
3065 2448 3117 2504 in
3151 2447 3414 2504 thesauro
3455 2445 3682 2502 condita

2071 2543 2425 2608 tenebantur,
2470 2552 2525 2597 et
2570 2552 2770 2598 caetera
2819 2557 2941 2613 qum
2989 2542 3211 2612 longum
3252 2552 3336 2597 est
3383 2538 3678 2597 retexere?

2070 2634 2229 2692 Unde
2255 2634 2586 2705 quicumque
2632 2643 2854 2689 sanctus
2893 2643 2948 2688 et
2973 2633 3157 2703 justus
3200 2641 3306 2700 est,
3338 2640 3518 2687 rectas
3557 2630 3678 2686 vias

2071 2726 2286 2783 Domini
2314 2742 2440 2783 esse
2468 2735 2781 2797 cognoscet.
2816 2724 2945 2781 Vias
2982 2736 3162 2781 autem
3190 2724 3407 2781 Domini
3437 2738 3561 2780 esse
3589 2738 3686 2779 co-

2070 2818 2385 2890 gnoscimus
2436 2818 2726 2875 lectionem
2783 2817 2987 2873 veteris
3037 2826 3093 2873 et
3133 2817 3258 2871 novi
3303 2816 3685 2881 TeStamenti,

2073 2920 2388 2968 sanctarum
2422 2911 2835 2982 intelligentiam
2885 2909 3317 2981 Scripturarum.
3359 2908 3413 2963 In
3448 2908 3534 2963 his
3578 2907 3683 2962 viis

2074 3004 2167 3075 qui
2196 3004 2459 3068 ambulat,
2496 3003 2601 3057 nisi
2650 3010 3006 3057 convertatur
3035 3000 3102 3056 ad
3132 2999 3419 3055 Dominum
3450 3008 3506 3055 et
3532 2999 3683 3053 abla-

2078 3104 2189 3150 tum
2237 3097 2306 3150 ah
2334 3110 2404 3151 eo
2454 3096 2620 3151 fuerit
2648 3096 2922 3160 velamen,
2967 3093 3113 3165 quod
3154 3101 3273 3149 erat
3320 3103 3446 3148 ante
3492 3094 3685 3149 oculos

371 3185 569 3242 naliter
601 3185 879 3256 accipere,
908 3194 970 3241 ut
993 3185 1170 3242 Judazi
1200 3195 1415 3257 putant,
1450 3186 1545 3241 sed
1593 3185 1969 3256 spiritualiter,
2003 3202 2048 3265 ρ
2084 3187 2243 3261 164
2264 3186 2678 3259 Moysi,rectum
2702 3187 2806 3242 iter
2831 3186 3198 3242 invenirenon
3223 3186 3441 3256 poterit.
3470 3186 3566 3241 Sin
3588 3201 3687 3240 au-

371 3289 437 3335 ιιι
460 3280 744 3336 verissime
773 3279 1184 3350 comprobatur.

448 3373 652 3445 ('Vers.
687 3373 820 3445 10.)
846 3374 975 3439 Quis
1004 3374 1212 3444 sapiens
1242 3383 1291 3428 et
1332 3372 1581 3444 intelliget
1609 3374 1754 3429 ista?
1780 3374 1977 3428 intelli-

371 3483 496 3539 gens
522 3476 570 3522 et
592 3469 715 3522 sciet
745 3468 1035 3538 lucc?un
1064 3477 1216 3521 recta:
1234 3467 1330 3522 riae
1356 3466 1592 3533 Domini,
1623 3475 1671 3521 et
1704 3467 1838 3537 justi
1866 3483 1979 3522 am.

375 3557 625 3613 bulabunt
670 3560 725 3612 in
757 3559 851 3625 eis,
894 3560 1317 3630 praevaricatores
1363 3574 1482 3613 vero
1522 3567 1762 3614 corruent
1789 3560 1844 3612 in
1881 3559 1975 3614 eis.

373 3651 521 3709 LXX
545 3671 560 3708 :
597 3651 726 3721 Quis
750 3653 956 3720 sapiens
982 3662 1027 3707 et
1049 3652 1300 3723 intelliget
1327 3653 1457 3715 hinc,
1491 3661 1579 3706 aut
1608 3652 1901 3724 intelligens
1929 3661 1978 3706 et

375 3752 645 3815 cognoscet
672 3744 776 3799 ea?
804 3745 924 3813 quia
953 3752 1105 3798 rectae
1132 3744 1225 3799 vice
1248 3742 1482 3808 Domini,
1511 3754 1558 3797 et
1580 3744 1717 3818 justi
1737 3745 1978 3799 ambula-

376 3835 502 3889 bunt
531 3833 660 3906 [AL
694 3833 957 3888 ambulant
984 3833 1005 3907 ]
1034 3834 1086 3888 in
1116 3836 1188 3889 eis
1212 3852 1231 3889 :
1250 3836 1337 3905 qui
1365 3844 1538 3889 autem
1562 3836 1706 3906 impii
1732 3844 1870 3902 sunt,
1898 3837 1983 3890 in-

375 3925 726 3997 ﬁrmabuntur
754 3928 807 3981 in
836 3926 963 3981 illis.
994 3926 1226 3994 Quando
1251 3928 1417 3985 dicit:
1448 3928 1576 3997 Quis
1596 3930 1799 4001 sapiens
1830 3941 1876 3985 et
1906 3931 1986 3985 in-

374 4082 554 4153 primo
573 4084 752 4150 capite
780 4082 864 4138 his
886 4083 1070 4137 verbis
1093 4083 1273 4153 prodit
1297 4101 1308 4136 :
1337 4082 1455 4137 Non
1482 4083 1536 4137 in
1561 4097 1663 4137 una
1686 4083 1833 4138 orbis
1854 4098 1981 4152 pro-

377 4152 556 4208 vincia
607 4152 818 4217 Judma,
855 4168 957 4209 nec
1004 4155 1055 4208 in
1087 4170 1189 4208 una
1228 4154 1431 4210 Iudaeae
1476 4155 1613 4209 urbe
1653 4153 1979 4220 Jerusalem,

376 4224 473 4280 sed
502 4224 554 4278 iu
585 4224 733 4279 omni
768 4226 891 4280 loco
918 4224 1104 4280 offerri
1128 4225 1481 4289 oblationem,
1510 4240 1853 4295 nequaquam
1880 4227 1982 4279 im—

380 4295 661 4357 mundam,
689 4304 747 4349 ut
776 4313 802 4346 a
834 4298 1035 4366 populo
1062 4296 1251 4361 Israel,
1283 4298 1378 4351 sed
1411 4297 1692 4359 mundam,
1718 4296 1855 4350 utin
1879 4312 1985 4350 ca:-

372 4366 639 4421 remouiis
670 4366 1129 4422 Christianorum.
1161 4368 1295 4422 Item
1330 4367 1640 4423 Ezechielis
1670 4383 1812 4422 XLVI.
1844 4386 1857 4424 :
1885 4366 1984 4423 Sa-

372 4438 640 4492 crificium
670 4437 807 4501 Deo,
855 4439 1175 4508 legitimum,
1221 4438 1371 4508 juge.
1419 4450 1581 4508 atque
1616 4449 1979 4508 perpetuum:

2082 3289 2192 3337 tem
2220 3282 2424 3337 dixerit
2452 3298 2573 3335 cum
2607 3279 2815 3336 David:
2851 3279 3041 3335 Revela
3067 3280 3243 3333 oculos
3278 3295 3439 3342 meos,
3484 3286 3532 3332 et
3563 3294 3685 3331 con-

2081 3372 2320 3427 siderabo
2348 3372 2606 3426 mirabilia
2626 3372 2690 3426 de
2712 3370 2822 3444 lege
2847 3380 2936 3426 tua
2970 3370 3109 3443 (Ps.
3142 3386 3327 3437 cxvut,
3362 3371 3474 3440 18)
3508 3414 3521 3439 ,
3570 3384 3685 3424 am-

2084 3466 2292 3523 bulabit
2319 3465 2371 3519 in
2413 3465 2512 3527 eis.
2548 3474 2604 3521 et
2632 3463 2910 3519 Christum
2945 3464 3183 3520 inveniet
3213 3482 3227 3518 :
3271 3473 3327 3521 et
3356 3464 3578 3521 Iudaeos
3604 3474 3690 3518 at-

2082 3576 2188 3630 que
2217 3558 2528 3625 haereticos,
2563 3571 2701 3627 quos
2730 3557 2815 3612 vel
2864 3557 3314 3626 praevaricatores
3353 3558 3440 3613 vel
3491 3557 3691 3626 impios

2085 3653 2367 3722 Scriptura
2410 3664 2554 3705 nunc
2584 3650 2851 3717 nominat,
2898 3649 3177 3706 offendere
3209 3650 3264 3704 in
3293 3650 3394 3716 eis,
3430 3659 3486 3705 et
3535 3649 3690 3705 inﬁr-

2086 3746 2224 3799 mari
2250 3752 2413 3812 atque
2439 3756 2698 3796 corruere
2744 3742 2967 3809 sentiet,
2995 3742 3149 3812 juxta
3181 3741 3316 3797 illud
3341 3742 3488 3814 quod
3518 3743 3691 3814 scrip-

2088 3846 2200 3892 tum
2231 3846 2352 3892 est:
2386 3834 2523 3890 Ecce
2546 3835 2642 3890 iste
2667 3836 2869 3908 positus
2900 3847 2974 3890 est
3004 3839 3061 3890 in
3090 3837 3299 3891 ruinam
3329 3847 3378 3891 et
3420 3837 3474 3891 in
3513 3852 3689 3893 resuro

2091 3931 2367 3985 rectionem
2394 3930 2674 3985 multorum
2703 3931 2758 3983 in
2779 3926 2947 3984 Israel
2977 3928 3144 3997 (Luc.
3174 3945 3236 3995 ιι,
3270 3929 3340 3985 ’54
3363 3928 3405 4000 ).

2088 4082 2250 4139 verba
2273 4091 2531 4155 quantum
2561 4080 2732 4137 nostri
2763 4082 3021 4155 temporis
3050 4081 3376 4149 Novatores,
3409 4084 3502 4153 qui
3531 4084 3703 4140 sacri-

2090 4156 2291 4220 ficium,
2325 4170 2435 4221 quo
2464 4168 2758 4222 numquam
2782 4154 2959 4208 caruit
2990 4163 3263 4209 terrarum
3295 4156 3475 4223 orbis,
3503 4156 3571 4209 ab
3598 4157 3703 4210 Ec-

2088 4226 2251 4282 clesia
2285 4226 2504 4290 tollunt,
2534 4225 2883 4289 convincam,
2910 4239 3073 4279 nemo
3104 4240 3209 4279 non
3243 4225 3415 4281 videt.

2165 4306 2189 4334 ει
2233 4296 2537 4351 Victorius:
2556 4297 2798 4361 Psalmo,
2824 4295 3016 4364 inquit,
3033 4310 3147 4357 cm,
3166 4296 3255 4349 ubi
3271 4311 3371 4351 nos
3390 4299 3540 4364 juxta
3561 4296 3703 4353 LXX

2091 4367 2361 4439 legimus:
2396 4366 2617 4421 Herodii
2646 4367 2827 4421 damus
2856 4369 2963 4420 dua:
2989 4376 3064 4420 est
3093 4381 3271 4419 eorum
3298 4385 3310 4420 :
3346 4367 3400 4421 in
3434 4367 3705 4424 IIebraico

2092 4438 2355 4508 scriptum
2378 4451 2460 4493 est
2488 4446 2630 4497 nni:
2657 4446 2879 4496 mum:
2905 4452 3055 4508 {vox
3076 4445 3258 4491 autem
3287 4448 3462 4497 tum:
3482 4438 3703 4494 abietem

373 4509 523 4577 quod
556 4509 705 4563 nulla
734 4502 1114 4563 intermittitur
1141 4502 1253 4575 die,
1284 4502 1381 4564 sed
1407 4502 1556 4564 omni
1589 4502 1835 4578 tempore
1864 4519 1985 4565 orto
2010 4502 2066 4564 D
2089 4502 2393 4578 significat,
2423 4520 2483 4563 ut
2515 4525 2568 4563 ιιι
2600 4509 2732 4577 Reg.
2768 4524 2798 4560 v
2837 4517 2895 4561 et
2926 4507 3238 4578 ligarant.
3275 4508 3406 4563 Item
3443 4508 3567 4565 ISai.
3611 4527 3702 4566 xu

375 4581 497 4633 sole
526 4594 743 4649 semper
778 4579 1023 4644 olI'ertur,
1050 4589 1111 4649 ut
1140 4581 1428 4649 impleatur
1454 4580 1599 4648 quod
1626 4580 1681 4633 in
1710 4578 1817 4635 ﬁne
1842 4582 1990 4649 capi-

380 4650 481 4721 tuli
513 4648 677 4721 hujus
721 4652 982 4719 ponitur:
1013 4648 1197 4704 Faciet
1242 4667 1431 4720 agnam
1461 4651 1517 4704 in
1556 4651 1879 4721 sacriﬁcium
1896 4648 1921 4703 :7
1941 4662 1989 4705 et

382 4719 556 4777 oleum
592 4719 774 4790 mane,
832 4738 982 4777 mane
1031 4719 1391 4777 holocaustum
1428 4722 1821 4793 sempiternum.
1854 4720 1989 4791 Quae

2095 4576 2267 4645 et'Lx,
2322 4580 2453 4634 licet
2486 4595 2591 4633 nou
2625 4576 2869 4648 ignorem
2913 4576 3085 4644 LXX,
3136 4576 3179 4634 II
3210 4578 3335 4635 Par.
3370 4596 3434 4649 ιι,
3468 4581 3701 4638 vertisse

2096 4649 2363 4730 ἄρκευθος,
2397 4650 2447 4706 id
2479 4660 2584 4719 est,
2612 4649 2929 4719 iuniperus.
