4120 6342
382 330 489 390 969
1234 326 1885 389 COMMENTARIORUM
1923 330 1971 388 ll‘

2077 328 2293 389 )ELEM
2334 332 2562 390 LIBER.
2613 335 2764 393 CAP.
2809 337 2850 393 Ι.
3578 340 3685 398 950

382 446 582 502 exhibe
610 463 624 501 ι
649 442 905 516 quodque
950 454 1159 499 sancite
1205 461 1268 502 ac
1293 446 1600 503 venerabili
1647 445 1829 501 Paula;
1876 460 1973 515 pa-
1998 444 2053 504 Δ
2078 445 2282 501 latione
2306 461 2618 516 possumus,
2651 450 2808 505 amicl
2838 448 3027 507 favore
3060 460 3330 523 sustenta,
3362 468 3464 512 nec
3494 456 3545 511 in
3578 470 3679 512 no-

381 539 526 597 renti
577 546 682 594 tute
732 536 959 606 polliciti
1010 552 1218 602 sumus,
1244 538 1367 609 pius
1416 538 1590 594 haeres
1635 540 1874 609 suscipe,
1916 547 1974 594 et
2078 539 2161 595 bis
2195 540 2342 597 vires
2373 541 2710 611 consideres,
2745 544 2838 599 sed
2864 546 3225 603 voluntatem.

378 632 639 704 quidquid
672 632 758 688 vel
789 631 1013 703 ingenio
1035 634 1119 690 vel
1142 634 1391 691 doctrina
1416 635 1599 691 minus
1632 644 1720 690 tua
1745 649 1974 707 exspec-

1410 860 2040 975 INCIPIT
2112 833 2637 976 LIBER.

376 758 3648 784 NW

448 1171 1048 1251 167(Cap.l.—Vers.
1060 1174 1085 1228 1
1098 1171 1136 1243 .)
1150 1170 1374 1227 Verbum
1388 1170 1600 1231 Domini
1609 1172 1749 1243 quod
1764 1172 1963 1243 factum

368 1277 443 1324 est
470 1268 536 1319 ad
563 1263 683 1323 Joel
702 1265 872 1329 ﬁlium
901 1273 926 1301 *ι
959 1263 1204 1323 Phatuel.
1238 1262 1595 1333 Septuaginta
1637 1264 1969 1332 interpretes

369 1375 468 1429 pro
508 1372 762 1419 ρειΑτυει
796 1338 1022 1429 (Smne)
1053 1365 1337 1415 verterunt
1362 1356 1584 1415 Bathuel
1607 1374 1627 1423 ;
1658 1356 1803 1427 quod
1827 1357 1969 1428 apud

370 1453 635 1511 llebra-os
666 1452 889 1509 omnino
939 1452 1014 1505 nil
1046 1461 1287 1508 resonat.
1320 1449 1544 1511 Phatuel
1573 1462 1753 1511 autem
1785 1453 1835 1507 in
1867 1451 1971 1511 lin-

366 1562 525 1623 guam
585 1552 827 1601 nostram
878 1544 1109 1601 vertitur
1153 1543 1379 1599 latitudo
1422 1541 1541 1608 Dei,
1593 1543 1682 1601 vel
1729 1543 1968 1615 aperiens

369 1640 530 1706 Deus,
562 1647 619 1701 ut
652 1639 704 1695 in
734 1638 917 1694 Marco
946 1637 1181 1706 legimus
1206 1636 1552 1695 Salvatorem
1581 1635 1610 1674 ι)
1645 1637 1713 1693 ad
1743 1635 1967 1695 surdum

371 1742 689 1801 mutumque
716 1729 991 1785 dicentem
1020 1749 1033 1782 :
1061 1728 1357 1785 Erarusu
1380 1728 1398 1797 (
1422 1736 1581 1793 mea:
1602 1726 1643 1799 ),
1674 1728 1819 1801 quod
1861 1736 1967 1795 est,

366 1820 850 1895 adaperire(Marc.
877 1820 998 1891 vn).
1026 1819 1161 1889 Quia
1195 1820 1340 1877 enim
1374 1834 1497 1875 Olim
1532 1820 1798 1893 Apostolo
1821 1819 1969 1877 dice-

367 1931 427 1970 re
457 1922 676 1987 poterat
711 1931 724 1971 :
755 1912 826 1971 0s
854 1923 1081 1969 nostrum
1106 1921 1245 1986 patet
1276 1911 1344 1966 ad
1364 1929 1472 1977 vos,
1508 1930 1536 1967 ο
1570 1912 1850 1982 Corinthii,
1881 1928 1970 1967 cor

366 2018 597 2063 nostrum
620 2008 899 2065 dilatatam
938 2016 1011 2063 est
1034 2005 1101 2077 (ll
1125 2004 1247 2065 Cor.
1284 2021 1359 2073 vr,
1392 2004 1483 2075 ll)
1515 2022 1527 2063 :
1562 2013 1617 2061 et
1655 2005 1908 2063 audiebat
1938 2018 1968 2061 a

372 2102 605 2157 Domino
636 2119 647 2155 :
684 2099 861 2154 Dilata
890 2116 945 2155 os
977 2109 1145 2165 tuum,
1175 2108 1221 2151 et
1250 2097 1471 2169 implebo
1498 2096 1634 2156 illud
1657 2096 1776 2177 (Ps.
1804 2114 1967 2168 Lux,

366 2193 496 2264 il):
531 2193 645 2263 ipsa
678 2205 893 2269 quoque
942 2190 1058 2245 oris
1102 2189 1409 2265 adapertio,
1442 2204 1550 2249 non
1598 2190 1652 2249 in
1708 2189 1968 2269 hominis,

366 2283 463 2339 sed
494 2285 545 2338 in
580 2283 675 2339 Dei
696 2264 976 2353 potestate
1009 2291 1113 2351 est,
1148 2264 1320 2337 Paulo
1350 2281 1568 2337 dicente
1595 2299 1607 2335 :
1638 2264 1841 2341 Ostium
1872 2282 1970 2339 mi-

366 2378 421 2431 hi
448 2386 687 2448 apertum
710 2385 785 2430 est
808 2392 1054 2448 magnum
1081 2385 1129 2429 et
1150 2374 1388 2441 evidens;
1411 2374 1501 2429 sed
1526 2375 1814 2435 adversarii
1837 2374 1973 2428 mul-

368 2471 403 2524 ti
430 2469 473 2543 (l
504 2468 861 2542 Cor.xv1,9);
890 2468 1097 2527 idcirco
1125 2468 1361 2540 aperiens
1389 2467 1589 2523 dicitur
1623 2467 1783 2527 Deus.
1806 2468 1971 2523 Cum-

367 2580 472 2633 que
504 2573 727 2620 sanctus
757 2578 975 2632 semper
1007 2562 1284 2633 proﬁciat,
1315 2577 1381 2617 ex
1431 2571 1584 2632 parte
1626 2575 1967 2633 cognoscens

367 2667 424 2715 et
455 2674 521 2713 ex
553 2667 710 2727 parte
741 2658 1103 2726 prophetans,
1126 2655 1302 2710 donec
1345 2654 1525 2709 veniat
1571 2653 1715 2723 quod
1759 2652 1972 2725 perfec-

354 2732 489 2805 ἰιιηι
507 2758 613 2817 est,
628 2747 1439 2818 delatitudineetadapertione
1454 2759 1779 2818 generatus,
1795 2745 1957 2821 appel

368 2842 512 2897 latur
527 2840 644 2899 Joel
663 2826 851 2914 (Eun),
870 2841 1013 2913 quod
1028 2840 1171 2913 apud
1187 2856 1286 2895 nos
1300 2850 1459 2894 sonat
1472 2840 1746 2910 incipiens,
1776 2841 1863 2901 vel
1892 2850 1972 2899 est

369 2936 533 3005 Deus,
564 2936 723 3013 168
744 2936 959 2991 dicente
989 2936 1256 3007 Apostolo
1288 2954 1298 2990 :
1335 2934 1584 3003 Fratres,
1618 2952 1713 3010 ego
1745 2953 1822 2989 me
1860 2952 1967 2993 non

2072 1175 2329 1231 Hebraeos
2360 1176 2633 1232 secundus
2659 1185 2763 1242 est.
2791 1191 2953 1233 omne
2978 1178 3121 1246 quod
3144 1176 3345 1234 dicitur
3385 1181 3452 1238 ad
3478 1182 3675 1241 tribum

2081 1268 2238 1334 Iuda,
2280 1278 2335 1324 et
2381 1270 2449 1323 ad
2500 1270 2808 1326 Jerusalem
2859 1272 3135 1339 pertinere
3183 1272 3517 1329 credendum
3563 1286 3670 1343 est,

2081 1369 2137 1419 et
2168 1361 2368 1417 nullam
2400 1364 2629 1417 omnino
2678 1363 2919 1428 lsraelis,
2953 1362 3010 1418 id
3060 1374 3164 1433 est,
3197 1365 3386 1422 decem
3438 1369 3681 1425 tribuum

2074 1451 2131 1509 in
2165 1453 2267 1508 hoc
2306 1454 2420 1510 lieri
2468 1456 2820 1511 mentionem.
2855 1455 3119 1526 Tempora
3147 1472 3384 1528 quoque,
3405 1459 3460 1515 in
3483 1460 3678 1529 quibus

2070 1548 2436 1617 prophetavit,
2491 1550 2681 1605 eadem
2706 1549 2970 1604 debemus
3016 1552 3295 1622 accipere,
3340 1568 3461 1623 quae
3511 1563 3565 1609 et
3620 1556 3674 1611 in

2072 1639 2213 1694 Osee
2246 1640 2480 1710 legimus
2514 1659 2528 1696 :
2563 1639 2631 1697 In
2660 1641 2841 1696 diebus
2864 1639 3026 1710 Ositc,
3052 1642 3286 1697 Joathan
3337 1654 3387 1699 et
3428 1645 3600 1699 Achaz
3630 1657 3678 1701 et

2075 1729 2333 1796 Ezechiae,
2366 1749 2544 1805 regum
2588 1733 2754 1799 Iuda,
2801 1743 2849 1789 et
2896 1734 2952 1788 in
2991 1735 3168 1790 diebus
3214 1734 3515 1803 Jeroboam,
3568 1739 3671 1809 ﬁlii

2044 1828 2045 1831 “
2073 1823 2225 1891 luas,
2253 1826 2390 1895 regis
2418 1824 2607 1883 Israel.

2148 1917 2341 1987 (Vers.
2371 1919 2427 1984 2,
2452 1918 2542 1989 ὅ.)
2584 1918 2773 1977 Audite
2794 1919 2925 1988 hoc,
2968 1937 3116 1976 senes
3135 1962 3151 1989 ,
3175 1929 3223 1975 et
3251 1922 3467 1977 auribus
3492 1925 3664 1995 perci-

2070 2012 2213 2079 pite,
2246 2028 2418 2071 omnes
2463 2012 2792 2071 habitatores
2842 2023 3025 2082 teme,
3078 2018 3122 2070 si
3174 2019 3369 2087 factum
3422 2028 3499 2072 est
3545 2018 3684 2072 illud

2074 2099 2261 2172 [ναις.
2292 2102 2488 2175 istud],
2511 2105 2563 2161 in
2588 2106 2770 2161 diebus
2800 2112 2979 2162 vestris
3004 2148 3019 2172 ,
3053 2117 3145 2162 aut
3174 2109 3227 2164 in
3255 2109 3435 2164 diebus
3460 2120 3673 2182 patrum

2070 2205 2355 2251 vestrorum
2389 2215 2590 2267 :super
2630 2200 2727 2254 hoc
2766 2200 2892 2269 ﬁliis
2939 2203 3117 2256 vestris
3166 2212 3411 2271 narrate,
3473 2216 3521 2259 et
3567 2207 3668 2275 ﬁlii

2071 2293 2223 2344 vestri
2274 2286 2549 2359 ﬁliis'suis
2576 2337 2591 2362 ,
2626 2302 2672 2347 st
2732 2294 2830 2359 lilii
2873 2310 3055 2351 eorum
3103 2297 3423 2366 ρεπεναεὶοηὶ
3483 2298 3657 2353 alteri.

2078 2380 2223 2437 LXX
2250 2398 2264 2439 ;
2296 2381 2483 2439 Audite
2504 2381 2616 2441 hazc
2644 2424 2659 2448 ,
2701 2400 2878 2449 senes,
2909 2394 2958 2441 et
2987 2386 3202 2440 auribus
3233 2388 3479 2455 psrcipite
3504 2430 3518 2452 ,
3570 2405 3679 2442 um—

2078 2493 2169 2531 nes
2211 2477 2525 2535 habitatores
2560 2486 2711 2535 terra
2737 2519 2751 2543 .
2790 2478 2838 2535 si
2885 2478 3026 2546 facta
3055 2488 3173 2534 sunt
3224 2480 3353 2534 talia
3396 2481 3451 2539 in
3492 2481 3675 2541 diebus

2076 2571 2253 2625 reatris
2276 2610 2291 2637 ,
2323 2579 2414 2624 aut
2446 2570 2500 2625 in
2522 2570 2702 2627 diebus
2730 2579 2938 2640 patrum
2964 2582 3251 2627 vestrorum
3276 2590 3294 2627 :
3325 2590 3419 2643 pro
3445 2573 3526 2629 Itis
3554 2615 3568 2639 ,
3612 2576 3676 2645 ﬁ-

2075 2659 2160 2717 liis
2190 2662 2367 2717 uestris
2384 2671 2594 2721 narrate
2619 2705 2633 2730 ,
2662 2670 2709 2717 et
2742 2664 2842 2732 ﬁlii
2864 2665 3024 2720 vestri
3051 2665 3178 2733 ﬁliis
3199 2666 3309 2720 suis
3335 2707 3349 2731 ,
3382 2674 3431 2721 et
3462 2667 3564 2736 ﬁlii
3591 2683 3679 2721 co-

2072 2771 2187 2813 rum
2220 2757 2272 2813 in
2298 2757 2677 2827 generationem
2703 2758 2941 2815 alteram.
2966 2757 3141 2815 Senes
3164 2759 3435 2828 iubentur
3463 2760 3677 2829 audire,

2077 2849 2415 2907 habitatores
2468 2859 2629 2909 terra:
2666 2852 2889 2908 auribus
2922 2852 3231 2921 percipere.
3282 2853 3515 2909 Senibus
3569 2869 3674 2910 non

2074 2943 2275 2999 dicitur
2292 2985 2305 3008 .
2331 2944 2554 3009 Audite,
2576 2960 2802 3009 omnes;
2833 2944 3236 3003 habitatoribus
3260 2954 3420 3001 terra.-
3436 2946 3678 3013 additur,

371 3030 596 3083 arbitror
616 3030 1059 3103 comprehendisse
1087 3028 1259 3103 (Phil.
1292 3045 1372 3096 ιιι,
1398 3028 1506 3099 15);
1532 3044 1635 3100 qua
1666 3029 1972 3087 humilitate
2007 3098 2044 3112 Α
2075 3036 2297 3095 Auribus
2319 3039 2591 3109 percipite,
2624 3055 2819 3095 omnes.
2846 3039 3079 3095 Auditus
3102 3042 3248 3095 enim
3282 3041 3337 3094 in
3370 3041 3682 3112 Scripturis

372 3137 723 3178 succrescens
745 3138 868 3178 cum
900 3124 1085 3194 Moyse
1116 3131 1357 3183 meretur
1388 3123 1723 3190 audire;Qui
1751 3135 1848 3191 est,
1877 3126 1974 3182 mi-
2001 3098 2047 3161 C
2080 3130 2282 3189 sanctis
2328 3146 2434 3189 non
2482 3140 2571 3187 est
2622 3133 2723 3189 iste
2752 3132 2843 3202 qui
2881 3131 2935 3187 in
2972 3146 3104 3186 aure
3144 3138 3366 3189 resonat
3398 3150 3410 3186 :
3444 3098 3541 3187 sed
3584 3132 3678 3202 qui

372 3216 437 3270 sit
490 3232 570 3269 me
601 3214 798 3289 (Exod.
843 3216 947 3288 ιιι).
985 3218 1063 3275 Ad
1119 3217 1532 3277 distinctionem
1585 3217 1733 3275 enim
1779 3233 1971 3277 eorum

375 3308 464 3377 qui
492 3323 598 3361 non
629 3317 778 3374 sunt,
811 3308 878 3363 de
917 3307 1114 3378 quibus
1161 3316 1217 3362 et
1249 3309 1303 3363 in
1353 3307 1550 3365 Esther
1577 3309 1812 3377 legimus
1845 3326 1859 3363 :
1893 3308 1976 3364 Ne

373 3398 551 3453 tradas
574 3409 832 3467 sceptrum
866 3408 1008 3453 tuum
1039 3400 1139 3465 his,
1165 3401 1253 3469 qui
1301 3416 1404 3453 non
1447 3410 1569 3454 sunt
1603 3399 1817 3471 (Esther
1856 3417 1970 3469 xlv,

376 3492 488 3562 ll),
523 3492 667 3546 Deus
705 3500 760 3546 ct
801 3492 974 3547 sancti
1027 3492 1143 3562 ejus
1190 3507 1312 3547 esse
1344 3502 1367 3530 θ
1403 3502 1797 3551 monstrantur.
1847 3493 1974 3553 llaec

373 3581 440 3636 de
474 3583 695 3637 nomine
738 3582 859 3638 Joel
892 3592 947 3637 et
976 3582 1146 3652 patris
1178 3582 1300 3655 ejus
1332 3585 1617 3653 perstricta
1650 3586 1760 3643 sint
1795 3585 1976 3645 brevi-

377 3684 481 3738 ter,
515 3684 573 3729 ut
618 3685 770 3731 recte
815 3676 1043 3746 verbum
1108 3677 1227 3743 Dei,
1260 3678 1402 3750 quod
1434 3687 1553 3733 erat
1605 3680 1656 3737 in
1707 3679 1975 3750 principio

374 3766 516 3837 apud
567 3768 761 3833 Deum,
794 3768 997 3824 factum
1029 3785 1153 3824 esse
1186 3780 1463 3839 narretur,
1488 3771 1731 3847 Baptista
1762 3773 1978 3835 Joanne

375 3862 653 3918 referente
683 3880 697 3919 :
728 3861 834 3930 Qui
862 3873 975 3937 post
1016 3880 1095 3918 me
1121 3874 1369 3919 venturus
1399 3876 1493 3932 est,
1519 3874 1638 3921 ante
1684 3884 1763 3921 me
1792 3869 1975 3936 factus

375 3965 471 4023 est,
490 3956 616 4029 quia
659 3957 801 4028 prior
840 3973 919 4009 me
963 3968 1075 4010 erat
1102 3955 1285 4030 (Joan.
1316 3974 1357 4024 ι,
1391 3957 1501 4029 50).
1555 3959 1724 4015 Porro
1773 3959 1975 4017 factum

378 4060 504 4102 esse
534 4062 847 4103 sermonem
895 4046 961 4102 ad
995 4049 1252 4102 meritum
1286 4048 1404 4123 ejus
1455 4049 1718 4119 refertur,
1749 4051 1837 4107 cui
1894 4050 1974 4115 lit,

378 4156 486 4194 non
515 4140 579 4196 ad
607 4141 976 4196 conditionem
1013 4141 1162 4197 illius
1191 4142 1282 4213 qui
1337 4141 1456 4197 ﬁeri
1486 4141 1708 4209 dicitur,
1745 4154 1821 4198 ut‘
1847 4144 1975 4200 alibi

378 4231 653 4301 legimus:
694 4232 946 4287 Dominus
1002 4233 1129 4287 mihi
1172 4234 1337 4302 factus
1383 4244 1457 4288 est
1506 4235 1557 4288 in
1606 4236 1821 4290 salutem
1853 4234 1969 4308 (Ps.

374 4338 545 4389 exvn,
576 4322 688 4396 2t).
724 4323 1009 4392 Quomodo
1038 4332 1219 4380 autem
1248 4326 1299 4379 in
1332 4325 1471 4379 Osee
1498 4325 1785 4401 propheta,
1810 4342 1972 4401 quem

384 4416 437 4470 in
484 4417 753 4487 principio
799 4416 1088 4473 duodecim
1137 4418 1523 4489 prophetarum
1570 4429 1695 4474 ante
1743 4420 1977 4479 huncli-

378 4510 536 4564 brum
565 4508 1000 4577 explanavimus,
1031 4509 1132 4565 sub
1154 4511 1376 4566 nomine
1403 4511 1665 4582 Ephraim
1689 4513 1753 4567 ad
1784 4514 1971 4571 decem

383 4600 561 4654 tribus
601 4600 879 4656 confertur
926 4603 1263 4669 vaticinium,
1293 4620 1416 4676 qua:
1458 4605 1541 4659 vel
1594 4605 1861 4674 Samaria,
1887 4608 1973 4663 vel

380 4693 546 4748 lsrael
575 4709 725 4762 saepe
753 4704 1123 4761 memorantur
1152 4715 1164 4750 :
1188 4696 1344 4775 169
1363 4698 1442 4754 sic
1468 4699 1522 4755 in
1542 4698 1686 4765 Joel,
1715 4700 1975 4773 quijuxta

382 4832 478 4887 llic
506 4846 677 4906 penes
704 4832 1090 4906 Hieronymum
1122 4850 1216 4903 pro
1239 4835 1430 4906 ψυλλέα
1451 4843 1542 4906 aut
1560 4834 1767 4906 φύλλον,
1808 4836 1970 4889 Eras-

384 4920 503 4958 mus
534 4912 590 4959 et
618 4902 827 4963 Victor.
871 4902 1418 4981 légeran_txlmpiarno,
1447 4905 1499 4960 id
1531 4902 1634 4981 est,
1661 4906 1975 4981 Sil/Il'tlgalO‘

382 4990 487 5028 rem
531 4991 549 5028 :
578 4990 715 5044 quos
760 4977 1447 5045 supra’meritu‘m'acerbc
1493 4978 1724 5048 castigat
1754 4978 1975 5035 Martia-

384 5060 555 5172 Batus,
590 5062 743 5102 suam
777 5049 893 5117 ipse
930 5049 1333 5111 annotationem
1384 5064 1414 5104 e
1463 5048 1727 5117 Calepino
1769 5049 1975 5111 descri-

422 5131 539 5171 ens.

422 5131 539 5171 ens.

458 5196 484 5231 α
515 5187 660 5243 Cave
687 5186 876 5243 falsam
907 5195 1098 5243 horum
1123 5192 1414 5245 verborum
1441 5190 1877 5256 intelligentiam,
1904 5206 1971 5245 nc

386 5260 698 5333 imperitum
741 5261 985 5319 invenias
1018 5262 1069 5315 in
1103 5264 1281 5331 lingua
1316 5262 1583 5319 llehraica
1614 5265 1670 5319 S.
1709 5263 1970 5333 Hierony—

388 5346 558 5403 mum,
589 5332 678 5400 qui
718 5340 775 5386 et
818 5334 944 5403 ipse
986 5333 1037 5387 in
1068 5333 1207 5387 libro
1253 5333 1541 5389 Nmninum
1576 5332 1970 5389 llebraicorum

388 5401 515 5454 dicit
559 5417 761 5475 nomen
796 5401 1016 5475 Bathuel
1045 5405 1351 5467 signiﬁcare
1396 5419 1457 5457 ac
1500 5419 1761 5457 resonare
1810 5403 1972 5475 virgi-

389 5489 529 5545 nem,
562 5473 678 5531 sive
705 5472 866 5540 ﬁliam
890 5473 1007 5527 Dei.
1040 5475 1223 5545 Itaque
1268 5476 1346 5529 sic
1394 5476 1655 5544 iutellige,
1687 5475 1827 5543 quod
1872 5472 1976 5527 lioc

388 5543 514 5599 loco
540 5557 735 5601 nomen
770 5546 995 5601 llatbuel
1033 5543 1384 5605 nonresonat
1418 5563 1429 5597 :
1464 5543 1639 5603 nullus
1677 5547 1821 5600 enim
1854 5561 1977 5601 sen-

390 5629 481 5685 sus
505 5630 773 5685 rongruns
801 5617 1234 5682 resimaretJoel
1262 5618 1540 5671 diceretur
1565 5618 1705 5672 lilius
1730 5617 1973 5679 Bathuel.

392 5684 443 5736 id
476 5695 576 5757 est,
612 5684 782 5757 patris
804 5686 1015 5757 virginis
1046 5685 1164 5743 Dei.
1198 5689 1377 5742 MART.
1410 5718 1480 5727 ——
1513 5688 1639 5743 Mss.
1672 5689 1840 5742 nostri
1880 5687 1979 5740 Pa-

394 5755 499 5807 tuel
529 5754 794 5827 etBatuel
820 5754 1136 5812 Constanter
1188 5761 1393 5827 absque
1433 5759 1862 5826 aspirationibus
1896 5760 1976 5812 le-

393 5836 541 5895 gunt.
576 5826 730 5893 Quod
760 5843 892 5883 vero
938 5829 1014 5882 ait
1039 5827 1094 5885 S.
1134 5826 1351 5897 Doctor,
1378 5830 1602 5886 Bathuel
1652 5830 1784 5887 nihil
1834 5829 1978 5900 apud

2075 3224 2243 3279 corde
2272 3224 2602 3292 percipitur,
2626 3224 2779 3292 juxta
2812 3223 2943 3281 illud
2976 3223 3120 3293 quod
3145 3223 3409 3279 Dominus
3438 3223 3679 3293 loquitur

2076 3316 2131 3373 in
2192 3314 2482 3383 Evangelio
2527 3331 2542 3370 :
2599 3316 2700 3383 Qui
2753 3316 2902 3373 habet
2944 3331 3097 3369 aures
3145 3316 3435 3381 (tudiendi,
3492 3316 3677 3373 audiat

2079 3407 2243 3478 (Mat.
2272 3423 2389 3473 λιιι,
2413 3406 2507 3479 9).
2542 3408 2697 3475 Quod
2726 3418 2905 3462 autem
2941 3423 3041 3463 nos
3068 3407 3420 3477 interpretati
3450 3422 3674 3472 sumus,

2075 3499 2286 3553 auribus
2331 3501 2577 3570 percipite
2604 3544 2617 3567 ,
2651 3510 2704 3555 et
2728 3500 2871 3569 apud
2898 3501 3124 3565 Graecos
3151 3509 3205 3555 et
3237 3500 3378 3567 apud
3414 3499 3678 3555 Hebrmos

2079 3605 2241 3645 unum
2270 3590 2499 3647 verbum
2529 3599 2648 3656 est,
2697 3591 2837 3659 apud
2881 3590 3103 3647 Grzacos
3129 3594 3481 3657 ἕνωτίσασθσς
3530 3592 3676 3662 apud

2079 3683 2340 3738 Hebraeos
2368 3681 2394 3719 α
2428 3698 2621 3741 EEZlNU
2648 3684 2861 3755 (unum
2892 3683 2942 3752 ),
2978 3684 3122 3753 quod
3158 3684 3379 3753 preprie
3405 3699 3512 3739 non
3547 3699 3672 3739 eor-

2077 3776 2144 3837 de
2166 3818 2180 3844 ,
2214 3776 2310 3832 sed
2348 3792 2481 3832 aure
2512 3777 2832 3847 percipitur.
2870 3778 2934 3832 Et
2954 3785 3014 3833 ut
3048 3778 3283 3833 sciamus
3316 3778 3673 3833 sacratiorem

2078 3886 2199 3931 esse
2226 3870 2501 3936 auditum,
2539 3886 2699 3941 quam
2747 3870 2801 3926 id
2852 3870 2999 3941 quod
3039 3872 3092 3925 in
3148 3871 3370 3926 auribus
3419 3881 3672 3939 resonat,

2081 3962 2216 4021 lsaia
2244 3963 2534 4033 loquente,
2562 3963 2835 4021 discamus
2864 3979 2877 4017 ι
2907 3964 3047 4017 Audi
3073 4007 3085 4029 ,
3124 3964 3306 4017 cmlum
3330 4008 3343 4030 ,
3376 3972 3427 4016 et
3452 3964 3675 4019 auribus

2079 4056 2282 4125 percipe
2308 4098 2321 4123 ,
2357 4062 2495 4113 terra
2518 4054 2684 4125 (Isai.
2717 4071 2757 4120 ι,
2787 4055 2820 4109 2
2843 4055 2886 4126 ).
2918 4056 3021 4121 Qui
3048 4069 3210 4111 senes
3240 4063 3369 4110 sunt
3397 4065 3450 4115 et
3477 4056 3675 4111 cmles-

2079 4157 2161 4204 tes
2187 4190 2201 4212 ,
2231 4147 2462 4204 audiunt
2484 4149 2838 4217 apiritaliter;
2864 4150 2955 4218 qui
3001 4149 3249 4205 habitant
3280 4149 3332 4203 in
3367 4157 3511 4203 terra
3536 4195 3548 4215 ,
3581 4164 3678 4217 ap-

2078 4240 2465 4311 pellanturque
2513 4243 2745 4307 terreni,
2780 4241 3005 4297 auribus
3032 4242 3360 4311 percipiunt.
3396 4240 3463 4295 Et
3492 4242 3593 4295 hoc
3622 4239 3678 4293 in

2077 4334 2333 4391 omnibus
2375 4333 2677 4405 Soripturis
2707 4334 3036 4398 notandum,
3093 4334 3185 4388 ubi
3219 4333 3336 4388 haec
3363 4332 3470 4387 duo
3515 4330 3681 4386 verba

2074 4425 2257 4496 juncta
2292 4437 2585 4495 ponuntur.
2616 4427 2773 4494 Quod
2808 4426 2861 4481 in
2907 4425 3145 4485 Lamecb
3183 4439 3406 4494 quoque
3445 4424 3681 4493 legimus

2080 4529 2399 4587 peccatore,
2443 4520 2535 4589 qui
2589 4520 2810 4574 locutus
2846 4527 2930 4575 est
2957 4518 3024 4573 ad
3065 4533 3269 4573 uxores
3301 4531 3431 4573 suas
3458 4516 3577 4575 Ada
3626 4527 3681 4571 et

2081 4610 2229 4667 Sella
2268 4629 2279 4664 :
2312 4611 2503 4667 Audite
2545 4612 2697 4666 verba
2726 4627 2874 4678 mea,
2914 4627 3104 4666 uxores
3148 4610 3371 4666 anech
3397 4651 3411 4678 ,
3461 4610 3677 4665 auribus

2082 4702 2331 4773 perripite
2358 4704 2509 4759 verba
2548 4718 2703 4769 mea,
2755 4705 2880 4772 quia
2937 4703 3106 4756 uirum
3157 4701 3325 4757 occidi
3374 4702 3430 4757 in
3490 4702 3679 4756 vulnus

2090 4835 2353 4888 llebrzeos
2380 4849 2658 4899 resonare,
2688 4834 2762 4890 ita
2792 4837 3024 4903 accipito
3049 4881 3062 4902 ,
3117 4846 3173 4890 ut
3226 4837 3360 4892 nihil
3413 4836 3501 4891 hic
3552 4837 3684 4895 velit

2087 4921 2229 4979 esse.
2262 4907 2413 4979 juxta
2448 4906 2767 4961 Hebraicam
2796 4907 3181 4979 etymologiam
3211 4924 3315 4974 qua
3359 4908 3591 4963 Bathuel
3620 4910 3678 4974 ﬁ—

2084 4977 2158 5031 lia
2191 4974 2286 5029 Dei
2319 4978 2709 5037 interpretatur
2743 4997 2755 5031 :
2796 4974 3095 5042 fuissetque
3130 4980 3352 5044 perinde
3377 4995 3440 5035 ac
3473 4982 3681 5045 dicere,

2081 5048 2201 5121 Jorl
2227 5048 2395 5121 ﬁlium
2420 5048 2545 5118 ﬁlia:
2572 5047 2689 5121 Dei,
2721 5050 2864 5121 quod
2905 5063 2957 5105 et
3005 5051 3251 5107 Martian.
3288 5059 3458 5109 notat.

2152 5119 2177 5156 ι’
2208 5119 2761 5193 lidilileguntllebr}
2829 5130 2988 5193 ΠΓΕἿ
3032 5120 3552 5193 ΗὶρραῑρετΙιΙινρῃηι
3596 5120 3676 5173 le-

2078 5190 2313 5265 gentium
2339 5189 2411 5265 sit
2443 5205 2538 5259 per
2562 5191 2736 5260 Alepb
2769 5194 2836 5245 ab
2861 5192 3015 5265 initio
3039 5189 3199 5265 mfli
3228 5190 3563 5265 Eppethahh,
3600 5194 3680 5244 si-

2079 5278 2142 5315 ve
2176 5260 2483 5331 liphphetha
2513 5278 2636 5317 cum
2679 5264 2932 5331 Antiquis
2985 5272 3041 5318 et
3089 5260 3432 5321 Evangelista
3466 5262 3672 5325 Marco,

2079 5348 2203 5407 cap.
2234 5347 2325 5395 γη,
2359 5348 2409 5389 V.
2428 5333 2505 5407 bis
2529 5333 2787 5407 τἘφφαθά,
2808 5334 2983 5407 (ﬁeri.
3014 5337 3358 5407 orciuoixenrt.
3386 5333 3431 5389 A
3454 5333 3681 5407 Syriaco

2083 5403 2247 5477 igitur
2298 5405 2512 5477 passivo
2552 5403 2777 5477 magna:
2812 5403 3556 5477 Etphethuhh,'upegus(fuit
3579 5446 3591 5469 ,
3624 5405 3683 5477 lit

2084 5474 2464 5547 imperativum
2522 5484 2681 5536 rima
2730 5474 3063 5547 Eppt’l/ttthh,
3120 5473 3241 5528 sive
3294 5474 3589 5545 Epphetha,
3630 5473 3681 5528 id

2084 5556 2189 5605 est.
2220 5546 2509 5617 adaperire.
2546 5549 2724 5601 Msnr.

2160 5629 2177 5653 τ
2216 5616 2383 5685 Magis
2414 5618 2656 5674 Victoria
2690 5618 2862 5687 placet
2885 5625 3256 5682 memorantur,
3290 5632 3409 5686 quas
3444 5616 3677 5671 Floren-

2086 5687 2318 5741 tinorum
2355 5699 2433 5742 est
2462 5692 2709 5743 codicum
2747 5690 2925 5742 lcetio.

2157 5757 2180 5795 ἀ
2216 5758 2361 5813 Unus
2393 5759 2625 5832 Palatio.
2664 5758 2884 5816 llieziua
2911 5802 2922 5827 ,
2956 5760 3093 5829 quod
3124 5760 3278 5814 corde
3305 5759 3511 5832 praprie
3534 5798 3549 5825 ,
3584 5774 3685 5813 non

2087 5847 2213 5885 aure
2245 5831 2547 5901 percipitur.
