4100 6336
408 292 511 350 9M
1641 285 1700 342 S.
1743 287 2016 346 EUSEBII

2135 284 2446 343 ERONYMI
3340 342 3349 355 ,
3596 284 3709 342 952

412 423 583 463 meum
603 447 619 474 ,
666 413 717 459 et
747 407 991 476 juvenem
1016 405 1071 457 in
1116 403 1329 458 livorem
1354 418 1525 458 meum
1557 401 1720 475 (Gen.
1746 418 1822 472 tv,
1852 402 1958 473 23)
1986 420 1998 456 :
2029 402 2082 464 Α
2108 400 2319 471 plenius
2348 400 2620 471 Iosephus
2648 409 2861 471 septem
2882 400 3277 469 voluminibus,
3302 400 3623 473 Vespasiani
3649 410 3703 459 et

411 501 622 557 sciebat
659 498 891 554 obscura
938 510 1061 552 esse
1111 510 1232 567 quae
1289 495 1651 566 loquebatur,
1703 505 1757 550 et
1804 494 2010 550 idcirco

416 610 616 651 uxores
647 608 771 648 suas
797 608 902 646 non
932 592 999 646 ad
1032 590 1336 659 simplicem
1366 601 1574 645 tantum
1597 590 1890 645 verborum
1924 604 2012 644 so-

418 704 589 752 num,
624 686 719 740 sed
748 684 815 739 ad
870 683 1206 739 reconditam
1254 698 1471 753 quoque
1511 683 1777 737 dictorum
1810 680 2012 736 intelli~

421 781 659 853 gentiam
692 778 1044 849 provocabat.
1075 777 1136 832 Si
1188 777 1311 847 quis
1367 776 1534 846 igitur
1586 789 1756 829 senex
1786 784 1911 839 est,
1959 781 2015 827 et

420 884 649 931 maturae
684 873 843 945 170
868 871 1045 927 aetatis
1073 872 1124 924 in
1154 869 1383 924 Domino
1406 870 1613 925 electus
1635 869 1753 940 [AL
1786 876 1834 921 et
1866 869 2014 923 (tetas

420 966 528 1039 est]
559 982 727 1021 senex
748 1007 761 1032 ,
797 974 855 1019 ut
891 965 943 1019 in
975 964 1440 1033 consequentibus
1468 964 1621 1033 juxta
1661 961 2014 1032 Septuaginta

423 1056 759 1125 Interpretes
800 1056 1063 1126 legimus,
1116 1069 1179 1110 ac
1215 1055 1564 1125 parvulorum
1595 1054 1814 1124 reliquit
1845 1053 2018 1109 infan-

424 1151 555 1205 tiam
576 1189 592 1215 ,
644 1148 827 1203 audiat
856 1165 973 1217 quae
1003 1148 1279 1204 dicuntur.
1310 1150 1411 1217 Qui
1442 1159 1621 1204 autem
1654 1148 1834 1202 adhuc
1867 1147 2018 1203 habi-

420 1250 501 1297 tat
529 1242 583 1296 in
615 1250 795 1310 terra,
848 1251 901 1295 et
944 1257 1048 1295 non
1083 1249 1266 1310 potest
1310 1241 1496 1295 dicere
1526 1258 1539 1293 :
1584 1240 1799 1294 Advena
1826 1256 1939 1294 sum
1972 1246 2018 1291 et

424 1335 727 1407 peregrinus
747 1334 877 1387 sicut
918 1351 1092 1389 omnes
1115 1344 1288 1405 patres
1328 1334 1426 1387 mei
1450 1332 1583 1407 (Ps.
1612 1348 1846 1397 xxxvm,
1880 1333 1944 1387 M
1963 1330 1983 1401 )
2003 1373 2017 1397 ,

425 1436 651 1492 auribus
682 1434 964 1507 percipiat.
996 1434 1058 1490 Si
1084 1440 1283 1506 factum
1305 1442 1410 1498 est,
1436 1432 1604 1503 inquit
1638 1478 1651 1500 ,
1676 1432 1815 1485 istud
1838 1430 1890 1483 in
1913 1430 2020 1483 die-

428 1530 525 1585 bus
552 1530 735 1583 vestris
760 1538 877 1596 ,aut
903 1531 957 1581 in
980 1529 1158 1582 diebus
1186 1538 1393 1600 patrum
1415 1535 1717 1581 vestrorum.
1748 1524 1881 1580 Arte
1903 1522 2025 1577 rhe-

429 1624 601 1681 torica
630 1638 695 1678 ex
748 1638 931 1678 rerum
985 1620 1354 1692 magnitudine
1395 1630 1661 1676 attentum
1712 1618 2021 1673 auditorem

428 1716 557 1772 facit
586 1734 600 1770 :
631 1716 776 1771 nulla
808 1717 923 1771 haec
947 1758 962 1781 ,
1022 1716 1235 1785 inquit,
1267 1724 1400 1769 tetas
1430 1712 1679 1769 meminit
1708 1754 1721 1777 ,
1762 1726 1883 1781 quae
1908 1710 2021 1765 dic-

429 1821 585 1866 ιιιιιιε
613 1827 732 1865 sum
755 1854 771 1877 ,
806 1826 909 1866 nec
938 1820 1123 1866 vestro
1142 1852 1156 1877 ,
1185 1827 1283 1867 nec
1306 1822 1518 1881 patrum
1546 1820 1849 1865 vestrorum
1866 1817 2026 1879 atque

432 1905 705 1975 majorum
754 1903 899 1960 facta
930 1914 1055 1959 sunt
1100 1912 1372 1974 tempore.
1416 1903 1606 1958 Patres
1654 1912 1834 1958 autem
1895 1916 2027 1957 avos

431 2005 736 2067 atavosque
768 2012 1038 2068 cognosce
1060 2004 1115 2051 et
1146 1996 1289 2052 filios
1315 1995 1552 2050 ﬁliorum
1580 2036 1595 2062 ,
1627 2009 1847 2050 omnem
1880 1993 2029 2048 dein-

433 2103 563 2157 ceps
604 2089 895 2157 sobolem,
948 2089 1109 2159 juxta
1161 2088 1295 2143 illud
1356 2088 1717 2159 Virgilianum
1768 2085 2023 2159 (zEneid.

435 2181 527 2237 lib.
559 2198 616 2238 ιιι
646 2182 666 2254 )
692 2203 705 2237 ;

717 2272 781 2324 Ει.
805 2274 905 2323 nati
930 2282 1171 2335 natorum,
1193 2277 1247 2323 et
1268 2275 1351 2336 qui
1375 2278 1642 2323 nascentur
1665 2272 1725 2321 ab
1746 2272 1845 2321 illis
1868 2286 1881 2324 :

510 2368 582 2422 Et
612 2381 773 2424 senes
816 2383 945 2439 ergo
967 2378 1023 2423 et
1056 2368 1393 2423 habitatores
1441 2377 1632 2436 terrm,
1684 2366 1807 2421 ﬁliis
1835 2366 2032 2421 vestris

439 2463 785 2533 posterisque
811 2471 1067 2527 narrate;
1091 2463 1183 2534 qui
1210 2477 1379 2517 senex
1402 2472 1517 2528 est,
1550 2461 1756 2517 liberos
1782 2473 1911 2515 suos
1938 2459 2034 2514 do-

440 2561 563 2608 ceat
601 2563 940 2609 sacramenta
976 2572 990 2609 :
1022 2555 1112 2625 qui
1147 2554 1421 2610 habitator
1446 2563 1529 2609 est
1569 2564 1731 2607 terrae
1753 2599 1766 2621 ,
1820 2552 2031 2622 simpli-

440 2660 561 2701 cem
586 2655 773 2701 narret
795 2646 1104 2701 historiam.
1140 2644 1496 2716 Undeusque
1527 2645 1690 2699 ltodie
1716 2660 1814 2699 nos
1842 2645 1933 2715 qui
1977 2645 2031 2698 in

440 2740 666 2795 Christo
705 2740 983 2795 credimus
1010 2781 1024 2804 ,
1068 2756 1299 2810 quorum
1327 2754 1449 2794 cum
1474 2739 1661 2811 Moyse
1691 2738 1927 2792 ablatum
1953 2745 2039 2793 est

439 2833 690 2889 velamen
711 2834 780 2887 ab
811 2836 1018 2899 oculis,
1051 2843 1105 2888 et
1137 2834 1204 2888 de
1232 2833 1429 2903 quibus
1452 2833 1652 2887 dicitur
1680 2850 1692 2886 :
1720 2832 1849 2887 Cani
1873 2832 2037 2885 homi-

438 2928 522 2983 nis
542 2930 798 2998 sapientia
827 2930 937 2997 ejus
971 2927 1233 3000 (Sapien.
1259 2944 1336 2993 tv,
1372 2927 1475 2996 8),
1526 2927 1653 2981 ﬁliis
1700 2926 1903 2981 nostris
1950 2939 2037 2982 se-

439 3031 593 3075 creta
637 3031 691 3076 et
721 3022 855 3075 mira
889 3036 1194 3074 narramus.
1226 3019 1399 3074 Judaei
1448 3029 1630 3073 autem
1664 3020 1756 3087 qui
1791 3017 2040 3071 habitant

440 3114 495 3167 in
526 3122 668 3168 terra
691 3155 705 3177 ,
758 3113 1053 3183 loquuntur
1083 3122 1296 3167 terrena
1324 3155 1339 3179 ,
1386 3118 1442 3167 et
1472 3110 1624 3165 humi
1652 3108 1983 3165 cohaerentia
2020 3151 2034 3175 ,

442 3202 514 3259 de
558 3205 757 3275 quibus
782 3203 1048 3272 scriptum
1093 3212 1178 3258 est
1210 3218 1223 3255 :
1262 3203 1364 3268 Qui
1394 3202 1458 3255 de
1488 3212 1624 3254 terra
1649 3210 1724 3255 est
1750 3241 1764 3265 ,
1818 3200 1880 3253 de
1900 3209 2037 3254 terra

443 3296 675 3366 loquitur
700 3311 719 3350 :
748 3282 839 3365 qui
868 3295 949 3357 _de
972 3294 1097 3348 caelo
1138 3294 1275 3348 venit
1303 3333 1319 3360 ,
1356 3309 1511 3361 super
1536 3308 1711 3347 omnes
1752 3301 1827 3346 est
1854 3290 2036 3363 (Joan.

436 3402 520 3453 nt,
544 3388 602 3441 31
624 3382 667 3457 ).

515 3479 707 3552 (Vers.
737 3479 821 3550 4.)
866 3480 1153 3545 Residuum
1206 3493 1374 3532 eruca:
1416 3476 1639 3531 comedit
1696 3477 1936 3543 locusta,
1992 3485 2037 3528 et

443 3575 711 3630 residuum
737 3573 948 3628 locustw
978 3572 1200 3627 comedit
1239 3571 1463 3625 bruchus
1489 3615 1503 3639 ,
1528 3581 1579 3625 et
1606 3570 1871 3623 residuum
1920 3570 2041 3621 bru—

441 3666 525 3720 chi
553 3668 771 3721 comedit
814 3666 1012 3736 rubigo.
1044 3664 1189 3719 LXX
1215 3664 1494 3718 similiter.
1523 3662 1820 3717 Exordium
1865 3661 2042 3731 sequi-

445 3767 532 3814 tur
581 3756 972 3813 narratiozibi
1020 3767 1079 3811 ut
1125 3766 1398 3809 attentum
1455 3754 1661 3808 faceret
1691 3752 2038 3818 auditorem,

441 3868 635 3923 magna
676 3862 733 3906 et
769 3850 1111 3906 incredibilia
1163 3864 1223 3904 se
1272 3849 1548 3903 dicturum
1590 3862 1711 3901 esse
1752 3844 2041 3915 promisit,

445 3960 568 4015 quae
608 3959 705 3998 nec
746 3952 903 3999 vetus
944 3943 1110 3997 sciret
1159 3940 1383 3994 historia
1410 3981 1426 4007 ,
1474 3953 1576 3994 nec
1617 3951 1860 4009 praesens
1914 3945 2044 3991 tetas

442 4038 581 4091 facta
610 4044 986 4107 cognosceret.
1012 4035 1117 4089 Hic
1144 4048 1363 4089 erucam
1385 4074 1399 4097 ,
1422 4040 1477 4085 et
1501 4032 1767 4085 locnsmm
1794 4075 1808 4097 ,
1840 4039 1893 4083 et
1917 4030 2046 4083 hru-

443 4127 607 4185 chum
636 4169 650 4195 ,
680 4138 737 4183 et
758 4128 1062 4196 rubiginem
1087 4125 1285 4194 posuit,
1321 4132 1379 4177 ut
1405 4136 1527 4192 quae
1549 4122 1757 4191 singula
1782 4134 1905 4175 raro
1927 4136 2048 4176 eve-

446 4223 641 4288 niunt,
687 4223 869 4277 omnia
897 4221 1059 4275 simul
1107 4220 1245 4273 facta
1279 4228 1653 4272 memorentur
1674 4259 1688 4284 ,
1719 4225 1774 4272 et
1801 4216 1924 4271 ideo
1945 4218 2046 4271 mi-

445 4315 638 4373 rabilia
690 4316 821 4371 sint.
852 4315 1085 4369 Erucam
1137 4328 1261 4382 quae
1306 4312 1571 4367 llebraice
1601 4326 1780 4366 omnis
1812 4310 1831 4381 (
1850 4311 1992 4381 ma)
2025 4355 2038 4375 .

441 4408 633 4465 Graece
686 4408 887 4463 dicitur
928 4410 1105 4479 κάμπη
1141 4446 1156 4471 ,
1207 4404 1422 4460 Hebraei
1455 4404 1712 4473 Assyrios
1762 4403 2042 4472 interpre-

2113 495 2219 550 Titi
2255 511 2481 551 narrans
2514 495 2845 566 triumphos.
2869 495 2977 552 Elii
3000 511 3218 568 quoque
3239 496 3495 552 Hadriani
3516 503 3706 552 contra

2114 589 2336 646 Iudaeos
2390 590 2795 661 expeditionem
2850 590 3110 662 legimus,
3168 592 3260 658 qui
3291 590 3365 646 ita
3405 590 3710 646 Jerusalem

2117 697 2409 753 murosque
2436 683 2738 748 subvertit,
2770 693 2830 737 ut
2858 682 2928 739 de
2956 684 3104 738 urbis
3126 683 3370 752 reliquiis
3390 697 3454 737 ac
3484 682 3709 749 favillis,

2115 781 2200 834 sui
2235 780 2468 835 nominis
2495 771 2665 835 Eliam
2706 781 2967 836 conderet
2995 782 3294 837 civitatem.
3329 781 3457 836 Herc
3480 789 3713 852 quatuor

2118 886 2282 943 regna
2311 887 2435 943 quae
2462 872 2784 929 subvertere
2805 872 3045 929 Judaeam
3074 915 3088 940 ,
3120 874 3172 928 in
3201 883 3433 943 quatuor
3455 873 3715 928 cornibus

2117 964 2411 1020 Zacharias
2440 965 2642 1021 vidisse
2672 981 2732 1022 se
2764 965 2983 1033 scribit,
3002 966 3219 1022 dicente
3238 965 3304 1021 ad
3326 980 3450 1020 eum
3465 966 3671 1033 Angelo
3696 983 3711 1019 :

2121 1056 2251 1112 Hazc
2281 1067 2399 1112 sunt
2421 1075 2615 1112 cornua
2636 1099 2651 1122 ,
2686 1075 2800 1129 qua:
2830 1060 3200 1113 ventitaverunt
3239 1056 3434 1111 Judam
3466 1066 3512 1110 et
3546 1054 3718 1112 Israel

2120 1150 2477 1207 etJerusalem
2502 1153 2518 1222 (
2545 1151 2770 1217 Zach.1,
2796 1151 2861 1207 19
2886 1153 2929 1221 ).
2972 1152 3042 1207 Ει
3082 1166 3340 1207 rursum:
3376 1151 3588 1218 Levavi,
3636 1151 3720 1205 in-

2122 1249 2274 1320 quit,
2308 1247 2486 1301 oculos
2515 1260 2657 1299 meos
2696 1254 2742 1299 et
2775 1244 2906 1310 vidi,
2956 1254 3003 1298 et
3024 1260 3137 1298 ecce
3183 1253 3407 1315 quatuor
3450 1241 3722 1314 quadriga:

2123 1343 2437 1415 egredientes
2486 1340 2550 1393 de
2597 1338 2766 1393 medio
2794 1338 3017 1392 duorum
3052 1337 3304 1391 montium
3328 1376 3343 1401 ,
3390 1345 3437 1390 et
3476 1344 3678 1389 montes
3703 1380 3719 1403 ,

2124 1444 2322 1491 montes
2348 1435 2474 1490 amei
2492 1451 2510 1488 :
2535 1434 2588 1487 in
2613 1434 2866 1505 quadriga
2893 1433 3065 1501 prima
3091 1471 3105 1495 ,
3140 1431 3258 1500 equi
3274 1431 3376 1499 ru/i
3400 1447 3420 1497 ;
3445 1440 3491 1483 et
3513 1430 3567 1484 in
3592 1446 3723 1499 qua-

2127 1529 2276 1602 driga
2297 1526 2526 1583 secunda
2550 1566 2565 1593 ,
2599 1532 2711 1597 equi
2742 1526 2879 1596 nigri
2904 1542 2920 1589 ;
2952 1534 3000 1578 et
3029 1524 3081 1578 in
3108 1523 3365 1593 quadriga
3384 1523 3541 1576 tertia
3560 1567 3573 1578 .
3607 1523 3727 1593 equi

2126 1624 2269 1689 albi;
2298 1632 2346 1679 et
2390 1624 2445 1677 in
2488 1622 2745 1692 quadriga
2772 1629 2980 1689 quarta,
3030 1620 3145 1688 equi
3174 1618 3308 1672 varii
3340 1620 3501 1689 fortes
3531 1615 3721 1689 (Zach.

2130 1734 2205 1782 vt,
2231 1720 2255 1773 1
2282 1716 2324 1789 ).
2370 1716 2620 1785 Cumque
2650 1718 2920 1784 propheta
2960 1714 3192 1769 dixisset
3233 1713 3301 1767 ad
3341 1713 3592 1781 angelum
3633 1710 3728 1781 qui

2131 1814 2451 1885 loquebatur
2484 1812 2537 1867 in
2582 1827 2649 1868 eo
2690 1830 2703 1864 :
2739 1810 2877 1877 Quid
2908 1821 3026 1865 sunt
3050 1810 3191 1875 htl’C,
3229 1807 3453 1863 Domine
3495 1809 3601 1861 mi?
3642 1822 3730 1863 re—

2130 1906 2351 1976 spondit
2371 1906 2601 1977 angelus
2629 1922 2642 1960 :
2668 1903 2898 1958 Istisunt
2918 1907 3140 1975 quatuor
3162 1902 3298 1957 venti
3320 1900 3455 1966 cazli,
3485 1902 3730 1973 quiegre-

2132 2002 2346 2055 diuntur
2393 2010 2447 2054 ut
2490 2008 2622 2055 stent
2658 2014 2830 2051 coram
2863 1997 3205 2051 Dominatore
3250 1996 3417 2051 omnis
3453 2003 3643 2051 lerrw:
3676 2002 3733 2050 ct

2132 2105 2218 2152 est
2242 2110 2437 2151 sensus
2475 2114 2487 2148 :
2522 2094 2615 2149 isti
2639 2103 2768 2148 sunt
2798 2093 2890 2164 qui
2923 2092 3283 2163 egrediuntur
3312 2106 3343 2145 a
3374 2090 3509 2146 facie
3537 2091 3729 2146 Domi-

2132 2190 2187 2244 ni
2216 2231 2231 2256 ,
2281 2197 2343 2243 ut
2379 2189 2501 2257 ejus
2533 2187 2799 2257 impleant
2826 2186 3197 2242 voluntatem.
3222 2186 3364 2240 Cum
3396 2184 3730 2239 habitatori-

2134 2282 2234 2337 bus
2258 2290 2421 2339 terrae
2454 2281 2800 2353 percepimus
2828 2280 3053 2335 auribus
3074 2278 3209 2349 quid
3234 2293 3395 2333 eruca
3423 2318 3438 2344 ,
3472 2277 3686 2332 locusta
3715 2317 3730 2343 ,

2134 2377 2411 2445 bruchus,
2478 2376 2691 2446 rubigo,
2720 2374 3029 2446 significent
3071 2390 3084 2428 :
3125 2388 3271 2428 nunc
3328 2387 3452 2428 cum
3507 2373 3734 2428 senibus

2134 2470 2277 2540 quod
2319 2469 2525 2524 dictum
2550 2478 2636 2524 est
2657 2466 2965 2522 audiamus.
2996 2466 3242 2533 Quatuor
3285 2464 3733 2535 esse‘perturba-

2138 2564 2315 2619 tiones
2339 2606 2352 2629 ,
2387 2563 2590 2635 quibus
2619 2563 2925 2617 animarum
2958 2562 3161 2616 sanitas
3197 2560 3545 2614 subvertatur
3569 2601 3583 2626 ,
3617 2573 3735 2613 om-

2136 2673 2235 2713 nes
2277 2656 2733 2728 philosophorum
2764 2654 2968 2708 scholae
2997 2653 3367 2708 conclamant.
3415 2652 3545 2705 Dus:
3589 2666 3759 2719 prae--

2136 2742 2324 2804 sentes
2354 2747 2566 2817 sibique
2606 2747 2901 2801 contrariae
2926 2786 2941 2811 ,
2987 2745 3108 2799 duae
3139 2744 3341 2798 futurzo
3371 2754 3557 2797 mutuo
3578 2742 3740 2797 dissi-

2138 2842 2352 2898 dentes.
2401 2841 2713 2896 Praesentes
2739 2881 2754 2907 ,
2803 2839 3070 2910 aegritudo
3101 2849 3155 2894 et
3181 2838 3462 2909 gaudium.
3495 2836 3738 2905 Egritu-

2137 2935 2317 2991 dinem
2351 2935 2519 2989 animi
2559 2934 2823 2999 dicimus,
2855 2933 3099 3003 alioquin
3128 2934 3381 3001 corporis
3425 2947 3531 2986 non
3572 2932 3736 3001 a'gri-

2138 3027 2300 3096 tudo,
2353 3026 2447 3082 sed
2482 3027 2769 3097 mgrotatio
2818 3026 3151 3079 nominatur.
3197 3028 3304 3079 Aut
3341 3025 3506 3093 igitur
3551 3024 3738 3079 tristes

2142 3135 2367 3186 sumus,
2419 3130 2472 3175 et
2515 3134 2750 3174 moerore
2793 3117 3152 3185 conﬁcimur,
3203 3129 3486 3189 statusque
3537 3127 3737 3172 nostrm

2147 3214 2345 3267 mentis
2394 3213 2702 3267 evertitur:
2744 3212 2890 3267 unde
2940 3220 2994 3265 et
3044 3212 3334 3282 Apostolus
3386 3220 3610 3278 mouet,
3666 3227 3739 3268 ne

2144 3304 2527 3359 abundantiori
2560 3303 2784 3357 tristitia
2813 3301 3173 3358 absorbeatur
3200 3304 3371 3357 frater
3410 3303 3465 3375 (l
3497 3300 3620 3357 Cor.
3652 3302 3739 3376 ιι).

2142 3400 2251 3454 Aut
2289 3397 2601 3453 econtrario
2632 3396 2955 3464 gaudemus,
3011 3397 3389 3468 geSIimusque
3440 3396 3657 3465 lautitia,
3685 3407 3741 3453 et

2142 3491 2283 3546 bona
2312 3501 2501 3545 nostra
2525 3488 2878 3544 moderanter
2902 3489 3046 3547 ferre
3070 3506 3176 3545 non
3205 3505 3533 3560 possumus;
3578 3489 3741 3560 justi-

2142 3601 2248 3656 que
2275 3596 2327 3640 et
2355 3585 2513 3641 fortis
2544 3585 2645 3639 viri
2669 3595 2753 3640 est
2777 3626 2792 3649 ,
2829 3600 2929 3639 nec
2957 3584 3205 3639 adversis
3224 3584 3395 3655 frangi
3418 3625 3434 3652 ,
3467 3600 3567 3639 nec
3612 3598 3739 3653 pro-

2143 3679 2318 3746 speris
2363 3677 2632 3732 sublevari
2662 3718 2675 3741 ,
2708 3675 2802 3731 sed
2832 3676 2887 3730 in
2936 3686 3172 3746 utroque
3204 3691 3331 3731 esse
3373 3676 3733 3731 moderatum.

2144 3773 2389 3827 Diximus
2416 3772 2482 3825 de
2514 3772 2670 3843 172
2702 3771 3118 3840 perturbatione
3152 3771 3539 3841 prmsentium;
3589 3769 3736 3823 dica.

2147 3880 2265 3918 mus
2295 3871 2349 3917 et
2392 3861 2460 3917 de
2505 3863 2813 3916 futurorum
2837 3908 2849 3930 ,
2903 3863 2955 3916 in
2983 3862 3181 3932 quibus
3214 3872 3426 3931 metus,
3484 3873 3575 3916 aut
3611 3877 3737 3929 spes

2144 3965 2246 4009 e5t.
2282 3953 2528 4008 Adversa
2559 3954 2814 4007 timemus
2840 3994 2855 4019 ,
2907 3968 3171 4022 prospera
3208 3954 3626 4022 praestolamur;
3684 3962 3737 4006 et

2147 4048 2290 4117 quod
2321 4047 2589 4118 agritudo
2612 4058 2666 4101 et
2705 4046 2962 4116 gaudium
2993 4056 3290 4116 operantur
3338 4047 3395 4101 in
3438 4046 3689 4117 praesenti
3721 4092 3733 4113 ,

2148 4122 2325 4195 metus
2355 4149 2409 4194 et
2439 4154 2563 4209 spes
2610 4138 2814 4192 faciunt
2854 4138 2922 4192 de
2956 4138 3169 4205 futuro,
3218 4138 3345 4191 dum
3377 4148 3471 4191 aut
3513 4138 3736 4192 adversa

2155 4233 2275 4301 plus
2305 4247 2465 4302 quam
2490 4231 2650 4285 decet
2691 4230 2948 4285 timemus
2979 4246 3102 4286 esse
3155 4240 3385 4285 ventura
3413 4276 3427 4300 ,
3476 4243 3567 4286 aut
3618 4250 3744 4302 prt-

2146 4341 2303 4395 spera
2325 4340 2448 4395 qua:
2474 4338 2759 4395 speramus
2788 4325 3056 4379 intantum
3085 4340 3185 4379 nos
3211 4324 3423 4381 faciunt
3442 4326 3737 4392 exsultare,

2147 4429 2206 4472 ut
2236 4432 2343 4473 non
2374 4427 2656 4472 teneamus
2688 4416 2905 4471 modum
2936 4458 2951 4483 ,
2982 4419 3219 4471 maxime
3251 4417 3304 4471 in
3335 4418 3422 4472 his
3449 4434 3570 4489 qua:
3602 4427 3627 4455 α
3654 4421 3738 4472 in-

440 4494 630 4557 tantur
655 4548 669 4571 ,
698 4502 1028 4572 Babylonios
1058 4508 1225 4569 atque
1245 4497 1532 4554 Chaldaeos
1559 4539 1573 4562 ,
1605 4496 1703 4566 qui
1732 4495 1801 4550 de
1826 4512 1933 4549 uno
1957 4511 2032 4549 or-

2145 4523 2294 4568 certa
2324 4522 2452 4567 sunt
2480 4554 2494 4578 ,
2549 4513 2676 4581 quia
2708 4510 2889 4565 futura
2922 4520 3211 4581 sperantur
3241 4513 3423 4580 potius
3454 4529 3616 4581 quam
3665 4525 3741 4567 te-

439 4595 526 4652 bis
548 4596 770 4650 climate
793 4593 1156 4661 procedentes
1180 4634 1195 4658 ,
1244 4602 1352 4646 tam
1381 4590 1570 4645 decem
1602 4587 1844 4644 tribuum
1877 4605 2037 4658 quam

442 4690 673 4744 duarum
701 4729 715 4753 ,
766 4688 869 4740 hoc
896 4694 1017 4754 est,
1072 4683 1357 4739 lsraelitici
1388 4682 1575 4753 populi
1620 4691 1817 4735 cuncta
1862 4690 2041 4735 vasta-

440 4791 592 4836 runt.
652 4780 942 4835 Locustam
991 4788 1208 4843 autem,
1269 4775 1454 4830 Medos
1504 4775 1934 4841 interpretantur
1989 4781 2042 4827 et

441 4875 640 4930 Persas
662 4919 675 4943 ,
711 4874 800 4944 qui
834 4876 1099 4928 subverso
1120 4870 1349 4941 imperio
1370 4868 1752 4923 Chaldaeorum
1775 4909 1788 4932 ,
1822 4865 2042 4921 Judaaos

443 4967 681 5021 habuere
729 4964 994 5030 captivos.
1036 4961 1340 5026 Bruchum,
1394 4960 1549 5031 171
1580 4957 1931 5019 Macedonas,
1987 4967 2042 5012 et

442 5071 637 5111 omnes
677 5055 972 5110 Alexandri
1020 5067 1407 5114 successores,
1458 5050 1803 5118 tintximcque
1858 5063 2041 5117 regem

442 5150 771 5204 Antiochum
797 5156 1164 5218 cognomento
1194 5146 1531 5214 Epiphanem
1560 5185 1574 5208 ,
1615 5144 1705 5213 qui
1735 5142 2043 5196 instarhru-

444 5242 533 5296 chi
579 5243 721 5297 sedit
756 5242 807 5293 in
840 5239 1055 5304 Jndwa,
1103 5249 1156 5293 et
1186 5252 1378 5292 omnes
1413 5237 1651 5303 priorum
1696 5249 1882 5303 regum
1912 5235 2043 5287 reli-

442 5338 599 5404 quias
629 5334 942 5396 thVtH’8Vll,
1003 5333 1103 5386 sub
1133 5347 1242 5398 quo
1271 5328 1703 5384 Machabaeorum
1736 5326 1877 5379 bella
1920 5340 2047 5380 nar-

442 5433 659 5480 rantur.
719 5424 1044 5495 Rnbiginem
1088 5422 1338 5477 referunt
1388 5420 1454 5473 ad
1508 5419 1796 5487 imperium
1838 5416 2042 5473 Roma-

444 5538 680 5586 norum,
713 5523 803 5591 qui
851 5519 1029 5589 quarti
1066 5526 1121 5571 et
1162 5515 1340 5569 ultimi
1395 5514 1665 5567 intantum
1711 5525 2038 5580 oppressere

444 5614 697 5681 JtldeS,
755 5626 811 5669 ut
858 5613 926 5668 de
974 5615 1090 5669 suis
1130 5611 1329 5667 ﬁnibus
1374 5623 1471 5665 eos
1512 5607 1799 5678 pellerent.
1834 5605 2040 5664 Scribit

2147 4616 2363 4662 nentur.
2443 4604 2552 4659 Has
2620 4605 3058 4674 perturbationes
3119 4619 3231 4659 uno
3298 4614 3353 4659 et
3411 4620 3513 4660 nec
3579 4604 3741 4674 pleno

2147 4699 2420 4753 versiculo
2471 4697 2701 4752 illustris
2752 4706 2911 4767 poeta
2970 4697 3392 4767 comprehendit
3448 4697 3466 4769 (
3514 4696 3736 4753 .Eneid.

2147 4791 2241 4845 lib.
2266 4808 2316 4845 vt
2350 4788 2405 4861 ):

2146 4907 2212 4956 Hi
2236 4912 2469 4956 metuunt
2506 4907 2810 4967 cupiuntque
2830 4905 2949 4965 (hoc
2974 4905 3036 4955 de
3051 4907 3212 4967 futuro
3229 4909 3266 4967 ),
3288 4904 3460 4967 dolent
3494 4906 3739 4967 gaudent-

2336 4981 2434 5030 que
2460 4964 2657 5033 (Itoc'de
2680 4964 2923 5031 ptiwsenti)
2952 4964 3117 5029 neque
3144 4964 3303 5025 auras,
3322 4964 3520 5029 inquit,"
3708 4964 3714 4969 ’

2140 5030 2445 5093 Respicium,
2469 5030 2621 5079 clausi
2645 5033 2868 5078 tenebris
2892 5039 2945 5079 et
2965 5042 3166 5080 carcere
3190 5044 3336 5079 caeo.

2216 5136 2316 5201 Qui
2354 5137 2501 5189 enim
2538 5134 3010 5202 perturbationum
3058 5137 3300 5190 tenebris
3323 5137 3695 5191 obvolvuntur
3722 5179 3737 5204 ,

2144 5231 2349 5282 clarum
2376 5228 2662 5297 sapientia:
2694 5228 2877 5282 lumen
2912 5245 3016 5282 non
3050 5229 3230 5283 valent
3262 5231 3485 5284 intueri.
3531 5231 3741 5287 Caven-

2143 5322 2270 5378 dum
2302 5330 2389 5378 est
2418 5324 2580 5391 igitur
2613 5338 2680 5376 ne
2711 5322 2995 5392 :cgritudo,
3023 5314 3177 5391 quasi
3211 5337 3397 5389 eruca,
3430 5337 3528 5377 nos
3558 5341 3742 5380 come-

2148 5416 2279 5482 dat;
2314 5432 2382 5471 ne
2412 5418 2621 5471 locusta
2646 5425 2820 5471 vastet
2849 5417 2898 5469 in
2924 5417 3127 5486 gaudio
3151 5455 3165 5479 ,
3190 5417 3295 5470 huc
3334 5416 3569 5486 illucque
3602 5417 3738 5472 voli-

2151 5525 2270 5569 tans
2292 5553 2309 5579 ,
2346 5523 2400 5568 et
2427 5515 2696 5583 gestiente
2726 5513 2911 5567 la-titia
2935 5554 2950 5579 ,
3002 5527 3098 5582 per
3129 5512 3340 5566 diversa
3382 5528 3442 5568 se
3480 5512 3690 5584 jactans
3722 5532 3735 5581 ;

2148 5623 2216 5663 ne
2246 5606 2486 5662 bruchus
2510 5646 2526 5673 ,
2553 5605 2607 5661 id
2629 5614 2751 5671 est,
2782 5619 2950 5676 pavor
2981 5611 3041 5660 et
3072 5605 3378 5662 futurorum
3420 5615 3623 5679 metus,
3653 5621 3743 5663 ra-

522 5785 545 5812 ι
578 5777 777 5831 lterum
815 5777 1090 5833 contrario
1122 5778 1283 5831 sensu
1314 5770 1544 5831 Palatio.
1580 5786 1679 5828 ms.
1724 5771 1774 5825 in
1818 5770 1894 5824 his
1923 5787 2036 5841 qum
2059 5780 2198 5827 certa
2225 5780 2343 5826 sunt
2377 5787 2394 5824 :
2422 5770 2653 5827 fortasse
2680 5770 2879 5829 verius.
