  <div class='ocr_page' id='page_1' title='image "/cluster/home/n/w/nwhite01/storage/ocr_20150623/25/hvd.32044015471394/484.png"; bbox 0 0 4120 6342; ppageno 0'>
   <div class='ocr_carea' id='block_1_1' title="bbox 400 310 507 370">
    <p class='ocr_par' dir='ltr' id='par_1_1' title="bbox 400 310 507 370">
     <span class='ocr_line' id='line_1_1' title="bbox 400 310 507 370; baseline -0.019 1"><span class='ocrx_word' id='word_1_1' title='bbox 400 310 507 370; x_wconf 77' lang='lat'><strong>955</strong></span> 
     </span>
    </p>
   </div>
   <div class='ocr_carea' id='block_1_2' title="bbox 1248 312 2861 378">
    <p class='ocr_par' dir='ltr' id='par_1_2' title="bbox 1248 312 2861 378">
     <span class='ocr_line' id='line_1_2' title="bbox 1248 312 2861 378; baseline 0.001 -5"><span class='ocrx_word' id='word_1_2' title='bbox 1248 314 1897 373; x_wconf 74' lang='lat' dir='ltr'><strong>COMMENTARIORUM</strong></span> <span class='ocrx_word' id='word_1_3' title='bbox 1938 313 2000 369; x_wconf 86' lang='lat' dir='ltr'><strong>IN</strong></span> <span class='ocrx_word' id='word_1_4' title='bbox 2042 312 2312 373; x_wconf 79' lang='lat' dir='ltr'><strong>JOELEM</strong></span> <span class='ocrx_word' id='word_1_5' title='bbox 2351 317 2576 375; x_wconf 79' lang='lat' dir='ltr'><strong>LIBER.</strong></span> <span class='ocrx_word' id='word_1_6' title='bbox 2618 318 2775 378; x_wconf 79' lang='lat' dir='ltr'><strong>CAP.</strong></span> <span class='ocrx_word' id='word_1_7' title='bbox 2819 321 2861 375; x_wconf 90' lang='grc' dir='ltr'><strong>Ι.</strong></span> 
     </span>
    </p>
   </div>
   <div class='ocr_carea' id='block_1_3' title="bbox 3576 319 3678 377">
    <p class='ocr_par' dir='ltr' id='par_1_3' title="bbox 3576 319 3678 377">
     <span class='ocr_line' id='line_1_3' title="bbox 3576 319 3678 377; baseline 0 -1"><span class='ocrx_word' id='word_1_8' title='bbox 3576 319 3678 377; x_wconf 70' lang='grc'><strong>954</strong></span> 
     </span>
    </p>
   </div>
   <div class='ocr_carea' id='block_1_4' title="bbox 402 429 3681 511">
    <p class='ocr_par' dir='ltr' id='par_1_4' title="bbox 402 429 3681 511">
     <span class='ocr_line' id='line_1_4' title="bbox 402 429 3681 511; baseline 0.003 -25"><span class='ocrx_word' id='word_1_9' title='bbox 402 429 553 487; x_wconf 86' lang='lat' dir='ltr'><strong>dices</strong></span> <span class='ocrx_word' id='word_1_10' title='bbox 605 430 886 501; x_wconf 76' lang='lat' dir='ltr'><strong>sapientiae</strong></span> <span class='ocrx_word' id='word_1_11' title='bbox 914 431 1175 501; x_wconf 89' lang='lat' dir='ltr'><strong>devoret,</strong></span> <span class='ocrx_word' id='word_1_12' title='bbox 1230 448 1301 489; x_wconf 90' lang='lat' dir='ltr'><strong>ne</strong></span> <span class='ocrx_word' id='word_1_13' title='bbox 1329 434 1524 506; x_wconf 82' lang='lat' dir='ltr'><strong>rubigo</strong></span> <span class='ocrx_word' id='word_1_14' title='bbox 1574 444 1629 490; x_wconf 90' lang='lat' dir='ltr'><strong>et</strong></span> <span class='ocrx_word' id='word_1_15' title='bbox 1659 433 1987 490; x_wconf 85' lang='lat' dir='ltr'><strong>desiderium</strong></span> <span class='ocrx_word' id='word_1_16' title='bbox 2014 431 2533 509; x_wconf 70' lang='lat' dir='ltr'><strong>Aexpergiscimini,</strong></span> <span class='ocrx_word' id='word_1_17' title='bbox 2577 438 2665 508; x_wconf 89' lang='lat' dir='ltr'><strong>qui</strong></span> <span class='ocrx_word' id='word_1_18' title='bbox 2706 437 2835 493; x_wconf 87' lang='lat' dir='ltr'><strong>ebrii</strong></span> <span class='ocrx_word' id='word_1_19' title='bbox 2869 439 3039 495; x_wconf 89' lang='lat' dir='ltr'><strong>estis:</strong></span> <span class='ocrx_word' id='word_1_20' title='bbox 3069 453 3409 511; x_wconf 83' lang='lat' dir='ltr'><strong>nequaquam</strong></span> <span class='ocrx_word' id='word_1_21' title='bbox 3439 439 3587 507; x_wconf 89' lang='lat' dir='ltr'><strong>vino,</strong></span> <span class='ocrx_word' id='word_1_22' title='bbox 3623 450 3681 494; x_wconf 88' lang='lat' dir='ltr'><strong>ut</strong></span> 
     </span>
    </p>
   </div>
   <div class='ocr_carea' id='block_1_5' title="bbox 400 522 1993 600">
    <p class='ocr_par' dir='ltr' id='par_1_5' title="bbox 400 522 1993 600">
     <span class='ocr_line' id='line_1_5' title="bbox 400 522 1993 600; baseline 0.003 -21"><span class='ocrx_word' id='word_1_23' title='bbox 400 522 713 579; x_wconf 79' lang='lat' dir='ltr'><strong>futurorum</strong></span> <span class='ocrx_word' id='word_1_24' title='bbox 746 540 834 581; x_wconf 88' lang='lat' dir='ltr'><strong>res</strong></span> <span class='ocrx_word' id='word_1_25' title='bbox 862 526 1080 582; x_wconf 91' lang='lat' dir='ltr'><strong>inutiles</strong></span> <span class='ocrx_word' id='word_1_26' title='bbox 1108 528 1462 599; x_wconf 76' lang='lat' dir='ltr'><strong>concupiscat</strong></span> <span class='ocrx_word' id='word_1_27' title='bbox 1489 570 1504 595; x_wconf 94' lang='lat'><strong>,</strong></span> <span class='ocrx_word' id='word_1_28' title='bbox 1532 536 1588 584; x_wconf 93' lang='lat' dir='ltr'><strong>et</strong></span> <span class='ocrx_word' id='word_1_29' title='bbox 1616 544 1717 584; x_wconf 86' lang='lat' dir='ltr'><strong>nos</strong></span> <span class='ocrx_word' id='word_1_30' title='bbox 1748 527 1993 600; x_wconf 76' lang='lat' dir='ltr'><strong>perferat</strong></span> 
     </span>
    </p>
   </div>
   <div class='ocr_carea' id='block_1_6' title="bbox 400 615 1992 692">
    <p class='ocr_par' dir='ltr' id='par_1_6' title="bbox 400 615 1992 692">
     <span class='ocr_line' id='line_1_6' title="bbox 400 615 1992 692; baseline 0.003 -22"><span class='ocrx_word' id='word_1_31' title='bbox 400 615 469 670; x_wconf 86' lang='lat' dir='ltr'><strong>ad</strong></span> <span class='ocrx_word' id='word_1_32' title='bbox 493 617 700 672; x_wconf 91' lang='lat' dir='ltr'><strong>ruinam</strong></span> <span class='ocrx_word' id='word_1_33' title='bbox 736 636 747 673; x_wconf 94' lang='lat'>:</span> <span class='ocrx_word' id='word_1_34' title='bbox 781 618 879 675; x_wconf 88' lang='lat' dir='ltr'><strong>sed</strong></span> <span class='ocrx_word' id='word_1_35' title='bbox 916 628 975 674; x_wconf 92' lang='lat' dir='ltr'><strong>ut</strong></span> <span class='ocrx_word' id='word_1_36' title='bbox 1014 620 1068 674; x_wconf 91' lang='lat' dir='ltr'><strong>in</strong></span> <span class='ocrx_word' id='word_1_37' title='bbox 1102 619 1386 684; x_wconf 88' lang='lat' dir='ltr'><strong>omnibus,</strong></span> <span class='ocrx_word' id='word_1_38' title='bbox 1427 630 1659 692; x_wconf 90' lang='lat' dir='ltr'><strong>quatuor</strong></span> <span class='ocrx_word' id='word_1_39' title='bbox 1700 620 1992 691; x_wconf 80' lang='lat' dir='ltr'><strong>quadrigas</strong></span> 
     </span>
    </p>
   </div>
   <div class='ocr_carea' id='block_1_7' title="bbox 403 714 1989 784">
    <p class='ocr_par' dir='ltr' id='par_1_7' title="bbox 403 714 1989 784">
     <span class='ocr_line' id='line_1_7' title="bbox 403 714 1989 784; baseline 0.001 -18"><span class='ocrx_word' id='word_1_40' title='bbox 403 718 453 766; x_wconf 92' lang='lat' dir='ltr'><strong>et</strong></span> <span class='ocrx_word' id='word_1_41' title='bbox 481 719 714 781; x_wconf 88' lang='lat' dir='ltr'><strong>quatuor</strong></span> <span class='ocrx_word' id='word_1_42' title='bbox 737 727 945 768; x_wconf 81' lang='lat' dir='ltr'><strong>cornua</strong></span> <span class='ocrx_word' id='word_1_43' title='bbox 970 752 984 777; x_wconf 86' lang='lat'><strong>,</strong></span> <span class='ocrx_word' id='word_1_44' title='bbox 1034 723 1089 768; x_wconf 88' lang='lat' dir='ltr'><strong>et</strong></span> <span class='ocrx_word' id='word_1_45' title='bbox 1115 724 1351 784; x_wconf 89' lang='lat' dir='ltr'><strong>quatuor</strong></span> <span class='ocrx_word' id='word_1_46' title='bbox 1379 729 1552 784; x_wconf 88' lang='lat' dir='ltr'><strong>equos</strong></span> <span class='ocrx_word' id='word_1_47' title='bbox 1580 714 1761 778; x_wconf 89' lang='lat' dir='ltr'><strong>rufos,</strong></span> <span class='ocrx_word' id='word_1_48' title='bbox 1814 723 1868 768; x_wconf 92' lang='lat' dir='ltr'><strong>et</strong></span> <span class='ocrx_word' id='word_1_49' title='bbox 1892 729 1989 768; x_wconf 86' lang='lat' dir='ltr'><strong>va-</strong></span> 
     </span>
    </p>
   </div>
   <div class='ocr_carea' id='block_1_8' title="bbox 403 804 1989 877">
    <p class='ocr_par' dir='ltr' id='par_1_8' title="bbox 403 804 1989 877">
     <span class='ocr_line' id='line_1_8' title="bbox 403 804 1989 877; baseline 0.003 -19"><span class='ocrx_word' id='word_1_50' title='bbox 403 804 519 859; x_wconf 87' lang='lat' dir='ltr'><strong>rios</strong></span> <span class='ocrx_word' id='word_1_51' title='bbox 544 849 559 873; x_wconf 93' lang='lat'><strong>,</strong></span> <span class='ocrx_word' id='word_1_52' title='bbox 603 814 657 860; x_wconf 93' lang='lat' dir='ltr'><strong>et</strong></span> <span class='ocrx_word' id='word_1_53' title='bbox 683 805 837 861; x_wconf 90' lang='lat' dir='ltr'><strong>albos</strong></span> <span class='ocrx_word' id='word_1_54' title='bbox 863 848 878 873; x_wconf 92' lang='lat'><strong>,</strong></span> <span class='ocrx_word' id='word_1_55' title='bbox 911 816 968 861; x_wconf 91' lang='lat' dir='ltr'><strong>et</strong></span> <span class='ocrx_word' id='word_1_56' title='bbox 995 806 1181 877; x_wconf 89' lang='lat' dir='ltr'><strong>nigros</strong></span> <span class='ocrx_word' id='word_1_57' title='bbox 1202 849 1216 875; x_wconf 92' lang='lat'><strong>,</strong></span> <span class='ocrx_word' id='word_1_58' title='bbox 1249 808 1303 863; x_wconf 87' lang='lat' dir='ltr'><strong>id</strong></span> <span class='ocrx_word' id='word_1_59' title='bbox 1332 820 1417 864; x_wconf 88' lang='lat' dir='ltr'><strong>est</strong></span> <span class='ocrx_word' id='word_1_60' title='bbox 1438 850 1453 873; x_wconf 93' lang='lat'><strong>,</strong></span> <span class='ocrx_word' id='word_1_61' title='bbox 1481 809 1566 864; x_wconf 88' lang='lat' dir='ltr'><strong>vel</strong></span> <span class='ocrx_word' id='word_1_62' title='bbox 1596 809 1826 865; x_wconf 88' lang='lat' dir='ltr'><strong>adversa</strong></span> <span class='ocrx_word' id='word_1_63' title='bbox 1858 851 1872 877; x_wconf 91' lang='lat'><strong>,</strong></span> <span class='ocrx_word' id='word_1_64' title='bbox 1903 809 1989 865; x_wconf 92' lang='lat' dir='ltr'><strong>vel</strong></span> 
     </span>
    </p>
   </div>
   <div class='ocr_carea' id='block_1_9' title="bbox 400 897 1987 970">
    <p class='ocr_par' dir='ltr' id='par_1_9' title="bbox 400 897 1987 970">
     <span class='ocr_line' id='line_1_9' title="bbox 400 897 1987 970; baseline 0.004 -22"><span class='ocrx_word' id='word_1_65' title='bbox 400 909 687 966; x_wconf 83' lang='lat' dir='ltr'><strong>prespera,</strong></span> <span class='ocrx_word' id='word_1_66' title='bbox 713 897 799 952; x_wconf 89' lang='lat' dir='ltr'><strong>vel</strong></span> <span class='ocrx_word' id='word_1_67' title='bbox 838 912 904 952; x_wconf 87' lang='lat' dir='ltr'><strong>ex</strong></span> <span class='ocrx_word' id='word_1_68' title='bbox 938 905 1169 969; x_wconf 91' lang='lat' dir='ltr'><strong>utroque</strong></span> <span class='ocrx_word' id='word_1_69' title='bbox 1215 899 1443 967; x_wconf 89' lang='lat' dir='ltr'><strong>sociata,</strong></span> <span class='ocrx_word' id='word_1_70' title='bbox 1480 898 1653 957; x_wconf 90' lang='lat' dir='ltr'><strong>frenis</strong></span> <span class='ocrx_word' id='word_1_71' title='bbox 1705 900 1987 970; x_wconf 75' lang='lat' dir='ltr'><strong>sapientia:</strong></span> 
     </span>
    </p>
   </div>
   <div class='ocr_carea' id='block_1_10' title="bbox 400 988 1989 1066">
    <p class='ocr_par' dir='ltr' id='par_1_10' title="bbox 400 988 1989 1066">
     <span class='ocr_line' id='line_1_10' title="bbox 400 988 1989 1066; baseline 0.005 -24"><span class='ocrx_word' id='word_1_72' title='bbox 400 988 791 1058; x_wconf 83' lang='lat' dir='ltr'><strong>gubernemus.</strong></span> <span class='ocrx_word' id='word_1_73' title='bbox 820 991 934 1061; x_wconf 84' lang='lat' dir='ltr'><strong>Ego</strong></span> <span class='ocrx_word' id='word_1_74' title='bbox 974 1006 1099 1047; x_wconf 90' lang='lat' dir='ltr'><strong>reor</strong></span> <span class='ocrx_word' id='word_1_75' title='bbox 1139 1008 1357 1048; x_wconf 89' lang='lat' dir='ltr'><strong>erucam</strong></span> <span class='ocrx_word' id='word_1_76' title='bbox 1390 1008 1514 1049; x_wconf 91' lang='lat' dir='ltr'><strong>esse</strong></span> <span class='ocrx_word' id='word_1_77' title='bbox 1554 994 1901 1066; x_wconf 87' lang='lat' dir='ltr'><strong>incipientem</strong></span> <span class='ocrx_word' id='word_1_78' title='bbox 1935 996 1989 1050; x_wconf 93' lang='lat' dir='ltr'><strong>in</strong></span> 
     </span>
    </p>
   </div>
   <div class='ocr_carea' id='block_1_11' title="bbox 402 1081 1989 1153">
    <p class='ocr_par' dir='ltr' id='par_1_11' title="bbox 402 1081 1989 1153">
     <span class='ocr_line' id='line_1_11' title="bbox 402 1081 1989 1153; baseline 0.003 -16"><span class='ocrx_word' id='word_1_79' title='bbox 402 1081 585 1137; x_wconf 85' lang='lat' dir='ltr'><strong>animo</strong></span> <span class='ocrx_word' id='word_1_80' title='bbox 618 1082 931 1151; x_wconf 85' lang='lat' dir='ltr'><strong>passionem</strong></span> <span class='ocrx_word' id='word_1_81' title='bbox 955 1122 970 1149; x_wconf 95' lang='lat'><strong>,</strong></span> <span class='ocrx_word' id='word_1_82' title='bbox 1002 1099 1124 1153; x_wconf 80' lang='lat' dir='ltr'><strong>quae</strong></span> <span class='ocrx_word' id='word_1_83' title='bbox 1146 1084 1296 1139; x_wconf 88' lang='lat' dir='ltr'><strong>tarda</strong></span> <span class='ocrx_word' id='word_1_84' title='bbox 1324 1094 1433 1153; x_wconf 88' lang='lat' dir='ltr'><strong>est,</strong></span> <span class='ocrx_word' id='word_1_85' title='bbox 1466 1095 1521 1141; x_wconf 87' lang='lat' dir='ltr'><strong>et</strong></span> <span class='ocrx_word' id='word_1_86' title='bbox 1542 1085 1852 1143; x_wconf 88' lang='lat' dir='ltr'><strong>discurrere</strong></span> <span class='ocrx_word' id='word_1_87' title='bbox 1883 1101 1989 1142; x_wconf 89' lang='lat' dir='ltr'><strong>non</strong></span> 
     </span>
    </p>
   </div>
   <div class='ocr_carea' id='block_1_12' title="bbox 402 1174 1992 1247">
    <p class='ocr_par' dir='ltr' id='par_1_12' title="bbox 402 1174 1992 1247">
     <span class='ocr_line' id='line_1_12' title="bbox 402 1174 1992 1247; baseline 0.005 -21"><span class='ocrx_word' id='word_1_88' title='bbox 402 1181 618 1244; x_wconf 84' lang='lat' dir='ltr'><strong>potest,</strong></span> <span class='ocrx_word' id='word_1_89' title='bbox 653 1182 708 1228; x_wconf 92' lang='lat' dir='ltr'><strong>et</strong></span> <span class='ocrx_word' id='word_1_90' title='bbox 734 1188 887 1229; x_wconf 87' lang='lat' dir='ltr'><strong>mora</strong></span> <span class='ocrx_word' id='word_1_91' title='bbox 916 1174 1035 1245; x_wconf 90' lang='lat' dir='ltr'><strong>ipsa</strong></span> <span class='ocrx_word' id='word_1_92' title='bbox 1067 1189 1131 1231; x_wconf 88' lang='lat' dir='ltr'><strong>ac</strong></span> <span class='ocrx_word' id='word_1_93' title='bbox 1158 1176 1453 1244; x_wconf 87' lang='lat' dir='ltr'><strong>pertinacia</strong></span> <span class='ocrx_word' id='word_1_94' title='bbox 1491 1177 1662 1232; x_wconf 86' lang='lat' dir='ltr'><strong>ebibit</strong></span> <span class='ocrx_word' id='word_1_95' title='bbox 1690 1188 1748 1234; x_wconf 89' lang='lat' dir='ltr'><strong>et</strong></span> <span class='ocrx_word' id='word_1_96' title='bbox 1778 1178 1992 1247; x_wconf 82' lang='lat' dir='ltr'><strong>exsugit</strong></span> 
     </span>
    </p>
   </div>
   <div class='ocr_carea' id='block_1_13' title="bbox 408 1267 1992 1339">
    <p class='ocr_par' dir='ltr' id='par_1_13' title="bbox 408 1267 1992 1339">
     <span class='ocr_line' id='line_1_13' title="bbox 408 1267 1992 1339; baseline 0.005 -18"><span class='ocrx_word' id='word_1_97' title='bbox 408 1280 629 1322; x_wconf 90' lang='lat' dir='ltr'><strong>omnem</strong></span> <span class='ocrx_word' id='word_1_98' title='bbox 659 1267 895 1323; x_wconf 90' lang='lat' dir='ltr'><strong>virorem</strong></span> <span class='ocrx_word' id='word_1_99' title='bbox 923 1286 935 1323; x_wconf 90' lang='lat'>:</span> <span class='ocrx_word' id='word_1_100' title='bbox 967 1284 1125 1339; x_wconf 90' lang='lat' dir='ltr'><strong>quam</strong></span> <span class='ocrx_word' id='word_1_101' title='bbox 1156 1269 1206 1324; x_wconf 90' lang='lat' dir='ltr'><strong>si</strong></span> <span class='ocrx_word' id='word_1_102' title='bbox 1236 1285 1345 1325; x_wconf 91' lang='lat' dir='ltr'><strong>non</strong></span> <span class='ocrx_word' id='word_1_103' title='bbox 1378 1271 1775 1338; x_wconf 89' lang='lat' dir='ltr'><strong>occiderimus,</strong></span> <span class='ocrx_word' id='word_1_104' title='bbox 1812 1274 1863 1327; x_wconf 93' lang='lat' dir='ltr'><strong>in</strong></span> <span class='ocrx_word' id='word_1_105' title='bbox 1894 1287 1992 1329; x_wconf 91' lang='lat' dir='ltr'><strong>no-</strong></span> 
     </span>
    </p>
   </div>
   <div class='ocr_carea' id='block_1_14' title="bbox 398 1364 1989 1440">
    <p class='ocr_par' dir='ltr' id='par_1_14' title="bbox 398 1364 1989 1440">
     <span class='ocr_line' id='line_1_14' title="bbox 398 1364 1989 1440; baseline 0.004 -21"><span class='ocrx_word' id='word_1_106' title='bbox 398 1364 483 1421; x_wconf 89' lang='lat' dir='ltr'><strong>bis</strong></span> <span class='ocrx_word' id='word_1_107' title='bbox 507 1367 708 1422; x_wconf 86' lang='lat' dir='ltr'><strong>crescit</strong></span> <span class='ocrx_word' id='word_1_108' title='bbox 732 1376 785 1422; x_wconf 90' lang='lat' dir='ltr'><strong>et</strong></span> <span class='ocrx_word' id='word_1_109' title='bbox 811 1367 996 1423; x_wconf 80' lang='lat' dir='ltr'><strong>avolat</strong></span> <span class='ocrx_word' id='word_1_110' title='bbox 1020 1410 1035 1433; x_wconf 93' lang='lat'><strong>,</strong></span> <span class='ocrx_word' id='word_1_111' title='bbox 1064 1377 1119 1423; x_wconf 90' lang='lat' dir='ltr'><strong>et</strong></span> <span class='ocrx_word' id='word_1_112' title='bbox 1149 1383 1293 1424; x_wconf 91' lang='lat' dir='ltr'><strong>nunc</strong></span> <span class='ocrx_word' id='word_1_113' title='bbox 1321 1368 1547 1424; x_wconf 84' lang='lat' dir='ltr'><strong>devorat</strong></span> <span class='ocrx_word' id='word_1_114' title='bbox 1574 1369 1833 1440; x_wconf 84' lang='lat' dir='ltr'><strong>quidquid</strong></span> <span class='ocrx_word' id='word_1_115' title='bbox 1863 1371 1989 1425; x_wconf 89' lang='lat' dir='ltr'><strong>atti-</strong></span> 
     </span>
    </p>
   </div>
   <div class='ocr_carea' id='block_1_15' title="bbox 394 1456 1991 1530">
    <p class='ocr_par' dir='ltr' id='par_1_15' title="bbox 394 1456 1991 1530">
     <span class='ocr_line' id='line_1_15' title="bbox 394 1456 1991 1530; baseline 0.001 -18"><span class='ocrx_word' id='word_1_116' title='bbox 394 1456 564 1527; x_wconf 82' lang='lat' dir='ltr'><strong>gerit,</strong></span> <span class='ocrx_word' id='word_1_117' title='bbox 588 1472 734 1513; x_wconf 91' lang='lat' dir='ltr'><strong>nunc</strong></span> <span class='ocrx_word' id='word_1_118' title='bbox 763 1472 972 1513; x_wconf 88' lang='lat' dir='ltr'><strong>semesa</strong></span> <span class='ocrx_word' id='word_1_119' title='bbox 994 1458 1275 1515; x_wconf 91' lang='lat' dir='ltr'><strong>dimittens</strong></span> <span class='ocrx_word' id='word_1_120' title='bbox 1301 1501 1316 1526; x_wconf 92' lang='lat'><strong>,</strong></span> <span class='ocrx_word' id='word_1_121' title='bbox 1352 1460 1530 1530; x_wconf 80' lang='lat' dir='ltr'><strong>pergit</strong></span> <span class='ocrx_word' id='word_1_122' title='bbox 1550 1459 1615 1513; x_wconf 90' lang='lat' dir='ltr'><strong>ad</strong></span> <span class='ocrx_word' id='word_1_123' title='bbox 1642 1459 1779 1514; x_wconf 90' lang='lat' dir='ltr'><strong>alia:</strong></span> <span class='ocrx_word' id='word_1_124' title='bbox 1805 1475 1991 1516; x_wconf 91' lang='lat' dir='ltr'><strong>rever-</strong></span> 
     </span>
    </p>
   </div>
   <div class='ocr_carea' id='block_1_16' title="bbox 396 1551 1988 1623">
    <p class='ocr_par' dir='ltr' id='par_1_16' title="bbox 396 1551 1988 1623">
     <span class='ocr_line' id='line_1_16' title="bbox 396 1551 1988 1623; baseline 0.001 -15"><span class='ocrx_word' id='word_1_125' title='bbox 396 1560 621 1623; x_wconf 88' lang='lat' dir='ltr'><strong>tensque</strong></span> <span class='ocrx_word' id='word_1_126' title='bbox 664 1551 729 1607; x_wconf 92' lang='lat' dir='ltr'><strong>ad</strong></span> <span class='ocrx_word' id='word_1_127' title='bbox 761 1552 1046 1623; x_wconf 89' lang='lat' dir='ltr'><strong>pristinam</strong></span> <span class='ocrx_word' id='word_1_128' title='bbox 1087 1552 1271 1609; x_wconf 91' lang='lat' dir='ltr'><strong>sedem</strong></span> <span class='ocrx_word' id='word_1_129' title='bbox 1316 1553 1557 1610; x_wconf 86' lang='lat' dir='ltr'><strong>bruchus</strong></span> <span class='ocrx_word' id='word_1_130' title='bbox 1596 1553 1833 1609; x_wconf 90' lang='lat' dir='ltr'><strong>efticitur</strong></span> <span class='ocrx_word' id='word_1_131' title='bbox 1860 1595 1876 1620; x_wconf 93' lang='lat'><strong>,</strong></span> <span class='ocrx_word' id='word_1_132' title='bbox 1927 1564 1988 1610; x_wconf 92' lang='lat' dir='ltr'><strong>ut</strong></span> 
     </span>
    </p>
   </div>
   <div class='ocr_carea' id='block_1_17' title="bbox 394 1646 1980 1719">
    <p class='ocr_par' dir='ltr' id='par_1_17' title="bbox 394 1646 1980 1719">
     <span class='ocr_line' id='line_1_17' title="bbox 394 1646 1980 1719; baseline 0.001 -18"><span class='ocrx_word' id='word_1_133' title='bbox 394 1660 503 1702; x_wconf 88' lang='lat' dir='ltr'><strong>non</strong></span> <span class='ocrx_word' id='word_1_134' title='bbox 529 1647 702 1703; x_wconf 91' lang='lat' dir='ltr'><strong>solum</strong></span> <span class='ocrx_word' id='word_1_135' title='bbox 734 1646 947 1716; x_wconf 83' lang='lat' dir='ltr'><strong>fruges,</strong></span> <span class='ocrx_word' id='word_1_136' title='bbox 981 1655 1038 1703; x_wconf 91' lang='lat' dir='ltr'><strong>et</strong></span> <span class='ocrx_word' id='word_1_137' title='bbox 1064 1647 1188 1702; x_wconf 84' lang='lat' dir='ltr'><strong>folia</strong></span> <span class='ocrx_word' id='word_1_138' title='bbox 1210 1656 1265 1703; x_wconf 91' lang='lat' dir='ltr'><strong>et</strong></span> <span class='ocrx_word' id='word_1_139' title='bbox 1291 1649 1532 1704; x_wconf 87' lang='lat' dir='ltr'><strong>cortices</strong></span> <span class='ocrx_word' id='word_1_140' title='bbox 1561 1688 1575 1714; x_wconf 92' lang='lat'><strong>,</strong></span> <span class='ocrx_word' id='word_1_141' title='bbox 1609 1648 1705 1703; x_wconf 90' lang='lat' dir='ltr'><strong>sed</strong></span> <span class='ocrx_word' id='word_1_142' title='bbox 1730 1657 1787 1703; x_wconf 90' lang='lat' dir='ltr'><strong>et</strong></span> <span class='ocrx_word' id='word_1_143' title='bbox 1808 1651 1980 1719; x_wconf 84' lang='lat' dir='ltr'><strong>ipsam</strong></span> 
     </span>
    </p>
   </div>
   <div class='ocr_carea' id='block_1_18' title="bbox 394 1739 1980 1811">
    <p class='ocr_par' dir='ltr' id='par_1_18' title="bbox 394 1739 1980 1811">
     <span class='ocr_line' id='line_1_18' title="bbox 394 1739 1980 1811; baseline 0.001 -18"><span class='ocrx_word' id='word_1_144' title='bbox 394 1739 686 1795; x_wconf 88' lang='lat' dir='ltr'><strong>medullam</strong></span> <span class='ocrx_word' id='word_1_145' title='bbox 742 1740 968 1796; x_wconf 88' lang='lat' dir='ltr'><strong>devoret</strong></span> <span class='ocrx_word' id='word_1_146' title='bbox 1002 1740 1282 1796; x_wconf 86' lang='lat' dir='ltr'><strong>tarditate.</strong></span> <span class='ocrx_word' id='word_1_147' title='bbox 1327 1740 1422 1797; x_wconf 91' lang='lat' dir='ltr'><strong>Sin</strong></span> <span class='ocrx_word' id='word_1_148' title='bbox 1454 1748 1635 1797; x_wconf 90' lang='lat' dir='ltr'><strong>autem</strong></span> <span class='ocrx_word' id='word_1_149' title='bbox 1687 1742 1940 1797; x_wconf 86' lang='lat' dir='ltr'><strong>evenerit</strong></span> <span class='ocrx_word' id='word_1_150' title='bbox 1966 1786 1980 1811; x_wconf 91' lang='lat'><strong>,</strong></span> 
     </span>
    </p>
   </div>
   <div class='ocr_carea' id='block_1_19' title="bbox 2096 530 3681 604">
    <p class='ocr_par' dir='ltr' id='par_1_19' title="bbox 2096 530 3681 604">
     <span class='ocr_line' id='line_1_19' title="bbox 2096 530 3681 604; baseline 0.002 -19"><span class='ocrx_word' id='word_1_151' title='bbox 2096 530 2150 585; x_wconf 90' lang='lat' dir='ltr'><strong>in</strong></span> <span class='ocrx_word' id='word_1_152' title='bbox 2174 530 2305 585; x_wconf 87' lang='lat' dir='ltr'><strong>solis</strong></span> <span class='ocrx_word' id='word_1_153' title='bbox 2327 530 2468 585; x_wconf 85' lang='lat' dir='ltr'><strong>LXX</strong></span> <span class='ocrx_word' id='word_1_154' title='bbox 2498 531 2832 599; x_wconf 89' lang='lat' dir='ltr'><strong>continetur,</strong></span> <span class='ocrx_word' id='word_1_155' title='bbox 2865 532 2962 590; x_wconf 90' lang='lat' dir='ltr'><strong>sed</strong></span> <span class='ocrx_word' id='word_1_156' title='bbox 2986 533 3132 588; x_wconf 92' lang='lat' dir='ltr'><strong>omni</strong></span> <span class='ocrx_word' id='word_1_157' title='bbox 3161 532 3569 604; x_wconf 86' lang='lat' dir='ltr'><strong>perturbatione</strong></span> <span class='ocrx_word' id='word_1_158' title='bbox 3598 533 3681 588; x_wconf 81' lang='lat' dir='ltr'><strong>vi-</strong></span> 
     </span>
    </p>
   </div>
   <div class='ocr_carea' id='block_1_20' title="bbox 2096 623 3686 697">
    <p class='ocr_par' dir='ltr' id='par_1_20' title="bbox 2096 623 3686 697">
     <span class='ocr_line' id='line_1_20' title="bbox 2096 623 3686 697; baseline 0.002 -19"><span class='ocrx_word' id='word_1_159' title='bbox 2096 623 2294 679; x_wconf 91' lang='lat' dir='ltr'><strong>tiorum</strong></span> <span class='ocrx_word' id='word_1_160' title='bbox 2324 625 2529 693; x_wconf 84' lang='lat' dir='ltr'><strong>:Flete,</strong></span> <span class='ocrx_word' id='word_1_161' title='bbox 2559 636 2612 681; x_wconf 92' lang='lat' dir='ltr'><strong>et</strong></span> <span class='ocrx_word' id='word_1_162' title='bbox 2642 627 2900 695; x_wconf 85' lang='lat' dir='ltr'><strong>plangite,</strong></span> <span class='ocrx_word' id='word_1_163' title='bbox 2931 636 2984 681; x_wconf 93' lang='lat' dir='ltr'><strong>et</strong></span> <span class='ocrx_word' id='word_1_164' title='bbox 3018 627 3161 696; x_wconf 81' lang='lat' dir='ltr'><strong>agite</strong></span> <span class='ocrx_word' id='word_1_165' title='bbox 3187 627 3561 697; x_wconf 60' lang='lat' dir='ltr'><strong>paenitentiam</strong></span> <span class='ocrx_word' id='word_1_166' title='bbox 3587 644 3600 681; x_wconf 88' lang='lat'><strong>:</strong></span> <span class='ocrx_word' id='word_1_167' title='bbox 3629 633 3686 681; x_wconf 92' lang='lat' dir='ltr'><strong>et</strong></span> 
     </span>
    </p>
   </div>
   <div class='ocr_carea' id='block_1_21' title="bbox 2096 718 3675 790">
    <p class='ocr_par' dir='ltr' id='par_1_21' title="bbox 2096 718 3675 790">
     <span class='ocr_line' id='line_1_21' title="bbox 2096 718 3675 790; baseline 0 -17"><span class='ocrx_word' id='word_1_168' title='bbox 2096 718 2357 774; x_wconf 90' lang='lat' dir='ltr'><strong>assumite</strong></span> <span class='ocrx_word' id='word_1_169' title='bbox 2390 719 2657 774; x_wconf 87' lang='lat' dir='ltr'><strong>tristitiam</strong></span> <span class='ocrx_word' id='word_1_170' title='bbox 2685 734 2805 790; x_wconf 86' lang='lat' dir='ltr'><strong>quae</strong></span> <span class='ocrx_word' id='word_1_171' title='bbox 2834 719 2986 773; x_wconf 89' lang='lat' dir='ltr'><strong>ducit</strong></span> <span class='ocrx_word' id='word_1_172' title='bbox 3028 719 3095 774; x_wconf 91' lang='lat' dir='ltr'><strong>ad</strong></span> <span class='ocrx_word' id='word_1_173' title='bbox 3129 720 3317 785; x_wconf 88' lang='lat' dir='ltr'><strong>vitam,</strong></span> <span class='ocrx_word' id='word_1_174' title='bbox 3360 728 3407 773; x_wconf 90' lang='lat' dir='ltr'><strong>et</strong></span> <span class='ocrx_word' id='word_1_175' title='bbox 3450 719 3675 787; x_wconf 88' lang='lat' dir='ltr'><strong>ululate,</strong></span> 
     </span>
    </p>
   </div>
   <div class='ocr_carea' id='block_1_22' title="bbox 2096 812 3680 885">
    <p class='ocr_par' dir='ltr' id='par_1_22' title="bbox 2096 812 3680 885">
     <span class='ocr_line' id='line_1_22' title="bbox 2096 812 3680 885; baseline 0.003 -19"><span class='ocrx_word' id='word_1_176' title='bbox 2096 828 2269 867; x_wconf 87' lang='lat' dir='ltr'><strong>omnes</strong></span> <span class='ocrx_word' id='word_1_177' title='bbox 2288 814 2375 884; x_wconf 94' lang='lat' dir='ltr'><strong>qui</strong></span> <span class='ocrx_word' id='word_1_178' title='bbox 2401 814 2569 868; x_wconf 80' lang='lat' dir='ltr'><strong>bibitis</strong></span> <span class='ocrx_word' id='word_1_179' title='bbox 2600 814 2773 867; x_wconf 88' lang='lat' dir='ltr'><strong>vinum</strong></span> <span class='ocrx_word' id='word_1_180' title='bbox 2798 813 2852 867; x_wconf 87' lang='lat' dir='ltr'><strong>in</strong></span> <span class='ocrx_word' id='word_1_181' title='bbox 2881 812 3156 869; x_wconf 83' lang='lat' dir='ltr'><strong>dulcedine</strong></span> <span class='ocrx_word' id='word_1_182' title='bbox 3177 814 3196 885; x_wconf 86' lang='lat'><strong>(</strong></span> <span class='ocrx_word' id='word_1_183' title='bbox 3218 814 3374 869; x_wconf 78' lang='lat' dir='ltr'><strong>Prov.</strong></span> <span class='ocrx_word' id='word_1_184' title='bbox 3403 829 3458 869; x_wconf 85' lang='lat' dir='ltr'><strong>tu</strong></span> <span class='ocrx_word' id='word_1_185' title='bbox 3480 815 3521 884; x_wconf 84' lang='lat'><strong>),</strong></span> <span class='ocrx_word' id='word_1_186' title='bbox 3544 814 3680 879; x_wconf 86' lang='lat' dir='ltr'><strong>sive,</strong></span> 
     </span>
    </p>
   </div>
   <div class='ocr_carea' id='block_1_23' title="bbox 2096 904 3683 977">
    <p class='ocr_par' dir='ltr' id='par_1_23' title="bbox 2096 904 3683 977">
     <span class='ocr_line' id='line_1_23' title="bbox 2096 904 3683 977; baseline 0 -18"><span class='ocrx_word' id='word_1_187' title='bbox 2096 906 2147 961; x_wconf 90' lang='lat' dir='ltr'><strong>in</strong></span> <span class='ocrx_word' id='word_1_188' title='bbox 2176 906 2434 962; x_wconf 82' lang='lat' dir='ltr'><strong>ebrietate.</strong></span> <span class='ocrx_word' id='word_1_189' title='bbox 2466 904 2653 960; x_wconf 88' lang='lat' dir='ltr'><strong>Dulcia</strong></span> <span class='ocrx_word' id='word_1_190' title='bbox 2684 904 2828 961; x_wconf 90' lang='lat' dir='ltr'><strong>enim</strong></span> <span class='ocrx_word' id='word_1_191' title='bbox 2855 912 2984 959; x_wconf 90' lang='lat' dir='ltr'><strong>sunt</strong></span> <span class='ocrx_word' id='word_1_192' title='bbox 3006 906 3134 959; x_wconf 87' lang='lat' dir='ltr'><strong>vitia</strong></span> <span class='ocrx_word' id='word_1_193' title='bbox 3160 923 3174 961; x_wconf 88' lang='lat'><strong>:</strong></span> <span class='ocrx_word' id='word_1_194' title='bbox 3201 906 3326 977; x_wconf 89' lang='lat' dir='ltr'><strong>quia</strong></span> <span class='ocrx_word' id='word_1_195' title='bbox 3372 906 3475 961; x_wconf 88' lang='lat' dir='ltr'><strong>mel</strong></span> <span class='ocrx_word' id='word_1_196' title='bbox 3502 906 3683 962; x_wconf 90' lang='lat' dir='ltr'><strong>distil-</strong></span> 
     </span>
    </p>
   </div>
   <div class='ocr_carea' id='block_1_24' title="bbox 2095 998 3683 1056">
    <p class='ocr_par' dir='ltr' id='par_1_24' title="bbox 2095 998 3683 1056">
     <span class='ocr_line' id='line_1_24' title="bbox 2095 998 3683 1056; baseline 0 -2"><span class='ocrx_word' id='word_1_197' title='bbox 2095 1001 2171 1055; x_wconf 90' lang='lat' dir='ltr'><strong>lat</strong></span> <span class='ocrx_word' id='word_1_198' title='bbox 2214 1000 2280 1056; x_wconf 91' lang='lat' dir='ltr'><strong>de</strong></span> <span class='ocrx_word' id='word_1_199' title='bbox 2310 1000 2468 1055; x_wconf 91' lang='lat' dir='ltr'><strong>labiis</strong></span> <span class='ocrx_word' id='word_1_200' title='bbox 2498 999 2743 1055; x_wconf 86' lang='lat' dir='ltr'><strong>mulieris</strong></span> <span class='ocrx_word' id='word_1_201' title='bbox 2787 998 3094 1054; x_wconf 83' lang='lat' dir='ltr'><strong>meretricis</strong></span> <span class='ocrx_word' id='word_1_202' title='bbox 3120 1017 3131 1053; x_wconf 90' lang='lat'><strong>:</strong></span> <span class='ocrx_word' id='word_1_203' title='bbox 3157 1008 3213 1055; x_wconf 92' lang='lat' dir='ltr'><strong>et</strong></span> <span class='ocrx_word' id='word_1_204' title='bbox 3254 999 3457 1055; x_wconf 90' lang='lat' dir='ltr'><strong>idcirco</strong></span> <span class='ocrx_word' id='word_1_205' title='bbox 3497 999 3550 1054; x_wconf 92' lang='lat' dir='ltr'><strong>in</strong></span> <span class='ocrx_word' id='word_1_206' title='bbox 3586 999 3683 1054; x_wconf 90' lang='lat' dir='ltr'><strong>Dei</strong></span> 
     </span>
    </p>
   </div>
   <div class='ocr_carea' id='block_1_25' title="bbox 2100 1091 3683 1165">
    <p class='ocr_par' dir='ltr' id='par_1_25' title="bbox 2100 1091 3683 1165">
     <span class='ocr_line' id='line_1_25' title="bbox 2100 1091 3683 1165; baseline 0.001 -18"><span class='ocrx_word' id='word_1_207' title='bbox 2100 1092 2259 1165; x_wconf 64' lang='grc'><strong>174</strong></span> <span class='ocrx_word' id='word_1_208' title='bbox 2284 1093 2547 1148; x_wconf 81' lang='lat' dir='ltr'><strong>sacrificia</strong></span> <span class='ocrx_word' id='word_1_209' title='bbox 2588 1106 2693 1148; x_wconf 91' lang='lat' dir='ltr'><strong>non</strong></span> <span class='ocrx_word' id='word_1_210' title='bbox 2736 1092 3010 1147; x_wconf 81' lang='lat' dir='ltr'><strong>otl‘ertur:</strong></span> <span class='ocrx_word' id='word_1_211' title='bbox 3056 1091 3309 1162; x_wconf 88' lang='lat' dir='ltr'><strong>quoniam</strong></span> <span class='ocrx_word' id='word_1_212' title='bbox 3358 1092 3532 1163; x_wconf 88' lang='lat' dir='ltr'><strong>periit,</strong></span> <span class='ocrx_word' id='word_1_213' title='bbox 3566 1092 3683 1148; x_wconf 69' lang='lat' dir='ltr'><strong>sive</strong></span> 
     </span>
    </p>
   </div>
   <div class='ocr_carea' id='block_1_26' title="bbox 2093 1184 3681 1255">
    <p class='ocr_par' dir='ltr' id='par_1_26' title="bbox 2093 1184 3681 1255">
     <span class='ocr_line' id='line_1_26' title="bbox 2093 1184 3681 1255; baseline -0.003 -12"><span class='ocrx_word' id='word_1_214' title='bbox 2093 1190 2321 1244; x_wconf 90' lang='lat' dir='ltr'><strong>ablatum</strong></span> <span class='ocrx_word' id='word_1_215' title='bbox 2342 1197 2415 1245; x_wconf 83' lang='lat' dir='ltr'><strong>est</strong></span> <span class='ocrx_word' id='word_1_216' title='bbox 2438 1188 2501 1242; x_wconf 90' lang='lat' dir='ltr'><strong>de</strong></span> <span class='ocrx_word' id='word_1_217' title='bbox 2530 1204 2619 1242; x_wconf 88' lang='lat' dir='ltr'><strong>ore</strong></span> <span class='ocrx_word' id='word_1_218' title='bbox 2645 1196 2810 1241; x_wconf 71' lang='lat' dir='ltr'><strong>vestro</strong></span> <span class='ocrx_word' id='word_1_219' title='bbox 2836 1187 3047 1252; x_wconf 88' lang='lat' dir='ltr'><strong>vinum,</strong></span> <span class='ocrx_word' id='word_1_220' title='bbox 3078 1185 3313 1241; x_wconf 87' lang='lat' dir='ltr'><strong>ebrietas</strong></span> <span class='ocrx_word' id='word_1_221' title='bbox 3354 1193 3514 1255; x_wconf 89' lang='lat' dir='ltr'><strong>atque</strong></span> <span class='ocrx_word' id='word_1_222' title='bbox 3557 1184 3681 1240; x_wconf 92' lang='lat' dir='ltr'><strong>dul-</strong></span> 
     </span>
    </p>
   </div>
   <div class='ocr_carea' id='block_1_27' title="bbox 2092 1276 3681 1351">
    <p class='ocr_par' dir='ltr' id='par_1_27' title="bbox 2092 1276 3681 1351">
     <span class='ocr_line' id='line_1_27' title="bbox 2092 1276 3681 1351; baseline -0.005 -13"><span class='ocrx_word' id='word_1_223' title='bbox 2092 1282 2231 1338; x_wconf 89' lang='lat' dir='ltr'><strong>cedo</strong></span> <span class='ocrx_word' id='word_1_224' title='bbox 2256 1298 2375 1351; x_wconf 73' lang='lat' dir='ltr'><strong>qua:</strong></span> <span class='ocrx_word' id='word_1_225' title='bbox 2404 1296 2499 1336; x_wconf 90' lang='lat' dir='ltr'><strong>vos</strong></span> <span class='ocrx_word' id='word_1_226' title='bbox 2529 1280 2840 1349; x_wconf 88' lang='lat' dir='ltr'><strong>deceperat.</strong></span> <span class='ocrx_word' id='word_1_227' title='bbox 2878 1279 3034 1349; x_wconf 62' lang='lat' dir='ltr'><strong>Saepe</strong></span> <span class='ocrx_word' id='word_1_228' title='bbox 3054 1278 3256 1349; x_wconf 83' lang='lat' dir='ltr'><strong>quippe</strong></span> <span class='ocrx_word' id='word_1_229' title='bbox 3287 1276 3382 1332; x_wconf 90' lang='lat' dir='ltr'><strong>Dei</strong></span> <span class='ocrx_word' id='word_1_230' title='bbox 3408 1278 3470 1331; x_wconf 84' lang='lat' dir='ltr'><strong>lit</strong></span> <span class='ocrx_word' id='word_1_231' title='bbox 3498 1276 3681 1346; x_wconf 89' lang='lat' dir='ltr'><strong>provi-</strong></span> 
     </span>
    </p>
   </div>
   <div class='ocr_carea' id='block_1_28' title="bbox 2091 1366 3681 1443">
    <p class='ocr_par' dir='ltr' id='par_1_28' title="bbox 2091 1366 3681 1443">
     <span class='ocr_line' id='line_1_28' title="bbox 2091 1366 3681 1443; baseline -0.008 -11"><span class='ocrx_word' id='word_1_232' title='bbox 2091 1375 2297 1438; x_wconf 90' lang='lat' dir='ltr'><strong>dentia,</strong></span> <span class='ocrx_word' id='word_1_233' title='bbox 2329 1382 2389 1429; x_wconf 91' lang='lat' dir='ltr'><strong>ut</strong></span> <span class='ocrx_word' id='word_1_234' title='bbox 2412 1373 2504 1443; x_wconf 88' lang='lat' dir='ltr'><strong>qui</strong></span> <span class='ocrx_word' id='word_1_235' title='bbox 2538 1387 2646 1427; x_wconf 91' lang='lat' dir='ltr'><strong>non</strong></span> <span class='ocrx_word' id='word_1_236' title='bbox 2675 1378 3052 1441; x_wconf 86' lang='lat' dir='ltr'><strong>cognoverunt</strong></span> <span class='ocrx_word' id='word_1_237' title='bbox 3075 1369 3249 1425; x_wconf 89' lang='lat' dir='ltr'><strong>Deum</strong></span> <span class='ocrx_word' id='word_1_238' title='bbox 3290 1367 3347 1423; x_wconf 90' lang='lat' dir='ltr'><strong>in</strong></span> <span class='ocrx_word' id='word_1_239' title='bbox 3378 1366 3681 1437; x_wconf 89' lang='lat' dir='ltr'><strong>prosperis,</strong></span> 
     </span>
    </p>
   </div>
   <div class='ocr_carea' id='block_1_29' title="bbox 2091 1457 3685 1537">
    <p class='ocr_par' dir='ltr' id='par_1_29' title="bbox 2091 1457 3685 1537">
     <span class='ocr_line' id='line_1_29' title="bbox 2091 1457 3685 1537; baseline -0.008 -14"><span class='ocrx_word' id='word_1_240' title='bbox 2091 1479 2425 1537; x_wconf 81' lang='lat' dir='ltr'><strong>cognoscant</strong></span> <span class='ocrx_word' id='word_1_241' title='bbox 2452 1466 2506 1521; x_wconf 91' lang='lat' dir='ltr'><strong>in</strong></span> <span class='ocrx_word' id='word_1_242' title='bbox 2537 1464 2782 1521; x_wconf 89' lang='lat' dir='ltr'><strong>adversis</strong></span> <span class='ocrx_word' id='word_1_243' title='bbox 2815 1481 2825 1516; x_wconf 93' lang='lat'>:</span> <span class='ocrx_word' id='word_1_244' title='bbox 2856 1473 2912 1518; x_wconf 88' lang='lat' dir='ltr'><strong>et</strong></span> <span class='ocrx_word' id='word_1_245' title='bbox 2956 1466 3049 1534; x_wconf 92' lang='lat' dir='ltr'><strong>qui</strong></span> <span class='ocrx_word' id='word_1_246' title='bbox 3103 1460 3310 1517; x_wconf 88' lang='lat' dir='ltr'><strong>divitiis</strong></span> <span class='ocrx_word' id='word_1_247' title='bbox 3357 1459 3500 1514; x_wconf 90' lang='lat' dir='ltr'><strong>male</strong></span> <span class='ocrx_word' id='word_1_248' title='bbox 3529 1457 3685 1512; x_wconf 86' lang='lat' dir='ltr'><strong>abusi</strong></span> 
     </span>
    </p>
   </div>
   <div class='ocr_carea' id='block_1_30' title="bbox 2090 1548 3682 1627">
    <p class='ocr_par' dir='ltr' id='par_1_30' title="bbox 2090 1548 3682 1627">
     <span class='ocr_line' id='line_1_30' title="bbox 2090 1548 3682 1627; baseline -0.007 -12"><span class='ocrx_word' id='word_1_249' title='bbox 2090 1568 2236 1625; x_wconf 87' lang='lat' dir='ltr'><strong>sunt,</strong></span> <span class='ocrx_word' id='word_1_250' title='bbox 2282 1558 2346 1613; x_wconf 92' lang='lat' dir='ltr'><strong>ad</strong></span> <span class='ocrx_word' id='word_1_251' title='bbox 2382 1558 2613 1613; x_wconf 89' lang='lat' dir='ltr'><strong>virtutes</strong></span> <span class='ocrx_word' id='word_1_252' title='bbox 2649 1556 2881 1627; x_wconf 89' lang='lat' dir='ltr'><strong>penuria</strong></span> <span class='ocrx_word' id='word_1_253' title='bbox 2919 1554 3286 1624; x_wconf 77' lang='lat' dir='ltr'><strong>corrigantur.</strong></span> <span class='ocrx_word' id='word_1_254' title='bbox 3332 1551 3492 1607; x_wconf 80' lang='lat' dir='ltr'><strong>Juxta</strong></span> <span class='ocrx_word' id='word_1_255' title='bbox 3535 1548 3682 1604; x_wconf 91' lang='lat' dir='ltr'><strong>hunc</strong></span> 
     </span>
    </p>
   </div>
   <div class='ocr_carea' id='block_1_31' title="bbox 2089 1646 3685 1711">
    <p class='ocr_par' dir='ltr' id='par_1_31' title="bbox 2089 1646 3685 1711">
     <span class='ocr_line' id='line_1_31' title="bbox 2089 1646 3685 1711; baseline -0.007 -4"><span class='ocrx_word' id='word_1_256' title='bbox 2089 1667 2311 1708; x_wconf 87' lang='lat' dir='ltr'><strong>sensum</strong></span> <span class='ocrx_word' id='word_1_257' title='bbox 2340 1651 2565 1707; x_wconf 88' lang='lat' dir='ltr'><strong>audiant</strong></span> <span class='ocrx_word' id='word_1_258' title='bbox 2584 1662 2746 1705; x_wconf 85' lang='lat' dir='ltr'><strong>senes</strong></span> <span class='ocrx_word' id='word_1_259' title='bbox 2772 1667 2784 1702; x_wconf 91' lang='lat'>:</span> <span class='ocrx_word' id='word_1_260' title='bbox 2810 1646 3143 1703; x_wconf 89' lang='lat' dir='ltr'><strong>habitatores</strong></span> <span class='ocrx_word' id='word_1_261' title='bbox 3168 1653 3349 1701; x_wconf 89' lang='lat' dir='ltr'><strong>autem</strong></span> <span class='ocrx_word' id='word_1_262' title='bbox 3374 1651 3536 1699; x_wconf 75' lang='lat' dir='ltr'><strong>terra:</strong></span> <span class='ocrx_word' id='word_1_263' title='bbox 3563 1656 3685 1711; x_wconf 90' lang='lat' dir='ltr'><strong>per-</strong></span> 
     </span>
    </p>
   </div>
   <div class='ocr_carea' id='block_1_32' title="bbox 2089 1735 3683 1816">
    <p class='ocr_par' dir='ltr' id='par_1_32' title="bbox 2089 1735 3683 1816">
     <span class='ocr_line' id='line_1_32' title="bbox 2089 1735 3683 1816; baseline -0.007 -17"><span class='ocrx_word' id='word_1_264' title='bbox 2089 1745 2292 1816; x_wconf 88' lang='lat' dir='ltr'><strong>cipiant</strong></span> <span class='ocrx_word' id='word_1_265' title='bbox 2314 1743 2557 1810; x_wconf 90' lang='lat' dir='ltr'><strong>auribus,</strong></span> <span class='ocrx_word' id='word_1_266' title='bbox 2589 1742 2657 1797; x_wconf 91' lang='lat' dir='ltr'><strong>de</strong></span> <span class='ocrx_word' id='word_1_267' title='bbox 2680 1740 2776 1796; x_wconf 91' lang='lat' dir='ltr'><strong>illo</strong></span> <span class='ocrx_word' id='word_1_268' title='bbox 2798 1740 2926 1795; x_wconf 92' lang='lat' dir='ltr'><strong>vino</strong></span> <span class='ocrx_word' id='word_1_269' title='bbox 2955 1753 3099 1795; x_wconf 93' lang='lat' dir='ltr'><strong>nunc</strong></span> <span class='ocrx_word' id='word_1_270' title='bbox 3125 1736 3367 1808; x_wconf 65' lang='lat' dir='ltr'><strong>principi,</strong></span> <span class='ocrx_word' id='word_1_271' title='bbox 3394 1735 3447 1791; x_wconf 92' lang='lat' dir='ltr'><strong>in</strong></span> <span class='ocrx_word' id='word_1_272' title='bbox 3471 1748 3578 1805; x_wconf 92' lang='lat' dir='ltr'><strong>quo</strong></span> <span class='ocrx_word' id='word_1_273' title='bbox 3597 1740 3683 1789; x_wconf 86' lang='lat' dir='ltr'><strong>est</strong></span> 
     </span>
    </p>
   </div>
   <div class='ocr_carea' id='block_1_33' title="bbox 391 1826 3681 1907">
    <p class='ocr_par' dir='ltr' id='par_1_33' title="bbox 391 1826 3681 1907">
     <span class='ocr_line' id='line_1_33' title="bbox 391 1826 3681 1907; baseline -0.002 -20"><span class='ocrx_word' id='word_1_274' title='bbox 391 1832 536 1902; x_wconf 91' lang='lat' dir='ltr'><strong>quod</strong></span> <span class='ocrx_word' id='word_1_275' title='bbox 566 1842 743 1889; x_wconf 88' lang='lat' dir='ltr'><strong>tamen</strong></span> <span class='ocrx_word' id='word_1_276' title='bbox 773 1848 955 1889; x_wconf 90' lang='lat' dir='ltr'><strong>rarum</strong></span> <span class='ocrx_word' id='word_1_277' title='bbox 988 1843 1107 1899; x_wconf 88' lang='lat' dir='ltr'><strong>est,</strong></span> <span class='ocrx_word' id='word_1_278' title='bbox 1132 1843 1191 1889; x_wconf 91' lang='lat' dir='ltr'><strong>ut</strong></span> <span class='ocrx_word' id='word_1_279' title='bbox 1218 1834 1383 1889; x_wconf 91' lang='lat' dir='ltr'><strong>etiam</strong></span> <span class='ocrx_word' id='word_1_280' title='bbox 1415 1843 1535 1904; x_wconf 89' lang='lat' dir='ltr'><strong>post</strong></span> <span class='ocrx_word' id='word_1_281' title='bbox 1559 1834 1823 1891; x_wconf 92' lang='lat' dir='ltr'><strong>bruchum</strong></span> <span class='ocrx_word' id='word_1_282' title='bbox 1850 1835 1985 1889; x_wconf 82' lang='lat' dir='ltr'><strong>vita-</strong></span> <span class='ocrx_word' id='word_1_283' title='bbox 2018 1827 2065 1887; x_wconf 90' lang='lat' dir='ltr'><strong>B</strong></span> <span class='ocrx_word' id='word_1_284' title='bbox 2092 1837 2325 1907; x_wconf 84' lang='lat' dir='ltr'><strong>luxuria,</strong></span> <span class='ocrx_word' id='word_1_285' title='bbox 2357 1845 2411 1891; x_wconf 90' lang='lat' dir='ltr'><strong>et</strong></span> <span class='ocrx_word' id='word_1_286' title='bbox 2439 1850 2547 1905; x_wconf 90' lang='lat' dir='ltr'><strong>quo</strong></span> <span class='ocrx_word' id='word_1_287' title='bbox 2594 1835 2684 1905; x_wconf 92' lang='lat' dir='ltr'><strong>qui</strong></span> <span class='ocrx_word' id='word_1_288' title='bbox 2730 1832 2981 1889; x_wconf 90' lang='lat' dir='ltr'><strong>inebriati</strong></span> <span class='ocrx_word' id='word_1_289' title='bbox 3030 1830 3256 1896; x_wconf 86' lang='lat' dir='ltr'><strong>fuerint,</strong></span> <span class='ocrx_word' id='word_1_290' title='bbox 3304 1843 3535 1900; x_wconf 80' lang='lat' dir='ltr'><strong>regnum</strong></span> <span class='ocrx_word' id='word_1_291' title='bbox 3584 1826 3681 1882; x_wconf 91' lang='lat' dir='ltr'><strong>Dei</strong></span> 
     </span>
    </p>
   </div>
   <div class='ocr_carea' id='block_1_34' title="bbox 391 1923 1986 1997">
    <p class='ocr_par' dir='ltr' id='par_1_34' title="bbox 391 1923 1986 1997">
     <span class='ocr_line' id='line_1_34' title="bbox 391 1923 1986 1997; baseline 0.001 -19"><span class='ocrx_word' id='word_1_292' title='bbox 391 1923 460 1978; x_wconf 90' lang='lat' dir='ltr'><strong>lis</strong></span> <span class='ocrx_word' id='word_1_293' title='bbox 494 1924 767 1996; x_wconf 83' lang='lat' dir='ltr'><strong>quippiam</strong></span> <span class='ocrx_word' id='word_1_294' title='bbox 803 1926 856 1997; x_wconf 81' lang='lat' dir='ltr'><strong>in</strong></span> <span class='ocrx_word' id='word_1_295' title='bbox 890 1924 1047 1979; x_wconf 90' lang='lat' dir='ltr'><strong>nobis</strong></span> <span class='ocrx_word' id='word_1_296' title='bbox 1087 1924 1311 1994; x_wconf 85' lang='lat' dir='ltr'><strong>Spiritus</strong></span> <span class='ocrx_word' id='word_1_297' title='bbox 1341 1924 1619 1993; x_wconf 88' lang='lat' dir='ltr'><strong>resideat,</strong></span> <span class='ocrx_word' id='word_1_298' title='bbox 1671 1936 1867 1981; x_wconf 87' lang='lat' dir='ltr'><strong>cuncta</strong></span> <span class='ocrx_word' id='word_1_299' title='bbox 1896 1942 1986 1980; x_wconf 92' lang='lat' dir='ltr'><strong>ru-</strong></span> 
     </span>
    </p>
   </div>
   <div class='ocr_carea' id='block_1_35' title="bbox 393 2014 1986 2087">
    <p class='ocr_par' dir='ltr' id='par_1_35' title="bbox 393 2014 1986 2087">
     <span class='ocr_line' id='line_1_35' title="bbox 393 2014 1986 2087; baseline 0.001 -16"><span class='ocrx_word' id='word_1_300' title='bbox 393 2014 519 2087; x_wconf 90' lang='lat' dir='ltr'><strong>bigo</strong></span> <span class='ocrx_word' id='word_1_301' title='bbox 548 2016 834 2086; x_wconf 85' lang='lat' dir='ltr'><strong>populatur</strong></span> <span class='ocrx_word' id='word_1_302' title='bbox 858 2060 871 2084; x_wconf 95' lang='lat'><strong>,</strong></span> <span class='ocrx_word' id='word_1_303' title='bbox 899 2016 971 2070; x_wconf 90' lang='lat' dir='ltr'><strong>ita</strong></span> <span class='ocrx_word' id='word_1_304' title='bbox 998 2026 1056 2071; x_wconf 88' lang='lat' dir='ltr'><strong>ut</strong></span> <span class='ocrx_word' id='word_1_305' title='bbox 1079 2016 1336 2087; x_wconf 89' lang='lat' dir='ltr'><strong>stipulam</strong></span> <span class='ocrx_word' id='word_1_306' title='bbox 1381 2027 1436 2073; x_wconf 91' lang='lat' dir='ltr'><strong>et</strong></span> <span class='ocrx_word' id='word_1_307' title='bbox 1455 2017 1565 2074; x_wconf 90' lang='lat' dir='ltr'><strong>vile</strong></span> <span class='ocrx_word' id='word_1_308' title='bbox 1595 2016 1776 2073; x_wconf 91' lang='lat' dir='ltr'><strong>fenum</strong></span> <span class='ocrx_word' id='word_1_309' title='bbox 1807 2026 1986 2074; x_wconf 87' lang='lat' dir='ltr'><strong>vertat</strong></span> 
     </span>
    </p>
   </div>
   <div class='ocr_carea' id='block_1_36' title="bbox 391 2108 1986 2180">
    <p class='ocr_par' dir='ltr' id='par_1_36' title="bbox 391 2108 1986 2180">
     <span class='ocr_line' id='line_1_36' title="bbox 391 2108 1986 2180; baseline 0.001 -16"><span class='ocrx_word' id='word_1_310' title='bbox 391 2108 446 2164; x_wconf 91' lang='lat' dir='ltr'><strong>in</strong></span> <span class='ocrx_word' id='word_1_311' title='bbox 476 2108 819 2180; x_wconf 89' lang='lat' dir='ltr'><strong>nigredinem</strong></span> <span class='ocrx_word' id='word_1_312' title='bbox 844 2153 858 2176; x_wconf 94' lang='lat'><strong>,</strong></span> <span class='ocrx_word' id='word_1_313' title='bbox 896 2118 954 2164; x_wconf 92' lang='lat' dir='ltr'><strong>ut</strong></span> <span class='ocrx_word' id='word_1_314' title='bbox 988 2124 1096 2163; x_wconf 92' lang='lat' dir='ltr'><strong>non</strong></span> <span class='ocrx_word' id='word_1_315' title='bbox 1121 2109 1298 2164; x_wconf 90' lang='lat' dir='ltr'><strong>solum</strong></span> <span class='ocrx_word' id='word_1_316' title='bbox 1320 2111 1435 2165; x_wconf 88' lang='lat' dir='ltr'><strong>esui</strong></span> <span class='ocrx_word' id='word_1_317' title='bbox 1462 2149 1476 2175; x_wconf 91' lang='lat'><strong>,</strong></span> <span class='ocrx_word' id='word_1_318' title='bbox 1508 2110 1604 2167; x_wconf 87' lang='lat' dir='ltr'><strong>sed</strong></span> <span class='ocrx_word' id='word_1_319' title='bbox 1629 2122 1685 2167; x_wconf 89' lang='lat' dir='ltr'><strong>et</strong></span> <span class='ocrx_word' id='word_1_320' title='bbox 1718 2111 1847 2165; x_wconf 85' lang='lat' dir='ltr'><strong>fimo</strong></span> <span class='ocrx_word' id='word_1_321' title='bbox 1871 2112 1986 2166; x_wconf 92' lang='lat' dir='ltr'><strong>inu-</strong></span> 
     </span>
    </p>
   </div>
   <div class='ocr_carea' id='block_1_37' title="bbox 390 2201 1986 2272">
    <p class='ocr_par' dir='ltr' id='par_1_37' title="bbox 390 2201 1986 2272">
     <span class='ocr_line' id='line_1_37' title="bbox 390 2201 1986 2272; baseline 0 -13"><span class='ocrx_word' id='word_1_322' title='bbox 390 2201 507 2259; x_wconf 86' lang='lat' dir='ltr'><strong>tilia</strong></span> <span class='ocrx_word' id='word_1_323' title='bbox 545 2203 676 2257; x_wconf 90' lang='lat' dir='ltr'><strong>sint.</strong></span> <span class='ocrx_word' id='word_1_324' title='bbox 704 2203 778 2259; x_wconf 91' lang='lat' dir='ltr'><strong>De</strong></span> <span class='ocrx_word' id='word_1_325' title='bbox 801 2202 888 2258; x_wconf 88' lang='lat' dir='ltr'><strong>his</strong></span> <span class='ocrx_word' id='word_1_326' title='bbox 916 2212 1150 2272; x_wconf 89' lang='lat' dir='ltr'><strong>quatuor</strong></span> <span class='ocrx_word' id='word_1_327' title='bbox 1174 2203 1713 2271; x_wconf 89' lang='lat' dir='ltr'><strong>perturbationibus,</strong></span> <span class='ocrx_word' id='word_1_328' title='bbox 1746 2203 1804 2258; x_wconf 91' lang='lat' dir='ltr'><strong>in</strong></span> <span class='ocrx_word' id='word_1_329' title='bbox 1836 2205 1986 2272; x_wconf 90' lang='lat' dir='ltr'><strong>prin-</strong></span> 
     </span>
    </p>
   </div>
   <div class='ocr_carea' id='block_1_38' title="bbox 390 2294 1983 2367">
    <p class='ocr_par' dir='ltr' id='par_1_38' title="bbox 390 2294 1983 2367">
     <span class='ocr_line' id='line_1_38' title="bbox 390 2294 1983 2367; baseline -0.001 -16"><span class='ocrx_word' id='word_1_330' title='bbox 390 2296 539 2366; x_wconf 90' lang='lat' dir='ltr'><strong>cipio</strong></span> <span class='ocrx_word' id='word_1_331' title='bbox 578 2311 797 2366; x_wconf 89' lang='lat' dir='ltr'><strong>quoque</strong></span> <span class='ocrx_word' id='word_1_332' title='bbox 846 2296 1013 2351; x_wconf 87' lang='lat' dir='ltr'><strong>Amos</strong></span> <span class='ocrx_word' id='word_1_333' title='bbox 1039 2339 1053 2362; x_wconf 93' lang='lat'><strong>,</strong></span> <span class='ocrx_word' id='word_1_334' title='bbox 1110 2296 1155 2349; x_wconf 82' lang='lat' dir='ltr'><strong>si</strong></span> <span class='ocrx_word' id='word_1_335' title='bbox 1186 2295 1299 2350; x_wconf 86' lang='lat' dir='ltr'><strong>vita</strong></span> <span class='ocrx_word' id='word_1_336' title='bbox 1349 2310 1537 2351; x_wconf 91' lang='lat' dir='ltr'><strong>comes</strong></span> <span class='ocrx_word' id='word_1_337' title='bbox 1578 2294 1743 2351; x_wconf 78' lang='lat' dir='ltr'><strong>fuerit</strong></span> <span class='ocrx_word' id='word_1_338' title='bbox 1774 2338 1789 2360; x_wconf 93' lang='lat'><strong>,</strong></span> <span class='ocrx_word' id='word_1_339' title='bbox 1827 2296 1983 2367; x_wconf 76' lang='lat'><strong>173</strong></span> 
     </span>
    </p>
   </div>
   <div class='ocr_carea' id='block_1_39' title="bbox 390 2388 1985 2459">
    <p class='ocr_par' dir='ltr' id='par_1_39' title="bbox 390 2388 1985 2459">
     <span class='ocr_line' id='line_1_39' title="bbox 390 2388 1985 2459; baseline -0.003 -14"><span class='ocrx_word' id='word_1_340' title='bbox 390 2388 724 2447; x_wconf 86' lang='lat' dir='ltr'><strong>disseremus</strong></span> <span class='ocrx_word' id='word_1_341' title='bbox 751 2410 765 2445; x_wconf 87' lang='lat'><strong>:</strong></span> <span class='ocrx_word' id='word_1_342' title='bbox 794 2390 886 2444; x_wconf 90' lang='lat' dir='ltr'><strong>ubi</strong></span> <span class='ocrx_word' id='word_1_343' title='bbox 917 2389 1187 2459; x_wconf 89' lang='lat' dir='ltr'><strong>scriptum</strong></span> <span class='ocrx_word' id='word_1_344' title='bbox 1219 2398 1305 2445; x_wconf 91' lang='lat' dir='ltr'><strong>est</strong></span> <span class='ocrx_word' id='word_1_345' title='bbox 1334 2407 1345 2442; x_wconf 94' lang='lat'>:</span> <span class='ocrx_word' id='word_1_346' title='bbox 1381 2388 1555 2458; x_wconf 86' lang='lat' dir='ltr'><strong>Super</strong></span> <span class='ocrx_word' id='word_1_347' title='bbox 1589 2391 1750 2443; x_wconf 86' lang='lat' dir='ltr'><strong>tribus</strong></span> <span class='ocrx_word' id='word_1_348' title='bbox 1780 2390 1985 2443; x_wconf 85' lang='lat' dir='ltr'><strong>sceleri-</strong></span> 
     </span>
    </p>
   </div>
   <div class='ocr_carea' id='block_1_40' title="bbox 392 2478 1984 2555">
    <p class='ocr_par' dir='ltr' id='par_1_40' title="bbox 392 2478 1984 2555">
     <span class='ocr_line' id='line_1_40' title="bbox 392 2478 1984 2555; baseline -0.003 -17"><span class='ocrx_word' id='word_1_349' title='bbox 392 2484 514 2552; x_wconf 86' lang='lat' dir='ltr'><strong>bus,</strong></span> <span class='ocrx_word' id='word_1_350' title='bbox 570 2493 617 2537; x_wconf 94' lang='lat' dir='ltr'><strong>et</strong></span> <span class='ocrx_word' id='word_1_351' title='bbox 653 2499 807 2555; x_wconf 86' lang='lat' dir='ltr'><strong>super</strong></span> <span class='ocrx_word' id='word_1_352' title='bbox 843 2492 1064 2553; x_wconf 82' lang='lat' dir='ltr'><strong>quatuor</strong></span> <span class='ocrx_word' id='word_1_353' title='bbox 1107 2479 1391 2551; x_wconf 81' lang='lat' dir='ltr'><strong>Damasci,</strong></span> <span class='ocrx_word' id='word_1_354' title='bbox 1438 2480 1621 2546; x_wconf 76' lang='lat' dir='ltr'><strong>Gaztc,</strong></span> <span class='ocrx_word' id='word_1_355' title='bbox 1662 2480 1784 2552; x_wconf 85' lang='lat' dir='ltr'><strong>Tyri</strong></span> <span class='ocrx_word' id='word_1_356' title='bbox 1807 2526 1820 2549; x_wconf 92' lang='lat'><strong>,</strong></span> <span class='ocrx_word' id='word_1_357' title='bbox 1852 2478 1984 2533; x_wconf 85' lang='lat' dir='ltr'><strong>Idu-</strong></span> 
     </span>
    </p>
   </div>
   <div class='ocr_carea' id='block_1_41' title="bbox 392 2571 1981 2647">
    <p class='ocr_par' dir='ltr' id='par_1_41' title="bbox 392 2571 1981 2647">
     <span class='ocr_line' id='line_1_41' title="bbox 392 2571 1981 2647; baseline -0.004 -14"><span class='ocrx_word' id='word_1_358' title='bbox 392 2592 534 2633; x_wconf 73' lang='lat' dir='ltr'><strong>mww</strong></span> <span class='ocrx_word' id='word_1_359' title='bbox 552 2619 567 2645; x_wconf 90' lang='lat'><strong>,</strong></span> <span class='ocrx_word' id='word_1_360' title='bbox 592 2576 829 2647; x_wconf 78' lang='lat' dir='ltr'><strong>ﬁliorum</strong></span> <span class='ocrx_word' id='word_1_361' title='bbox 852 2576 1101 2643; x_wconf 84' lang='lat' dir='ltr'><strong>Ammon,</strong></span> <span class='ocrx_word' id='word_1_362' title='bbox 1127 2584 1175 2630; x_wconf 87' lang='lat' dir='ltr'><strong>et</strong></span> <span class='ocrx_word' id='word_1_363' title='bbox 1202 2572 1390 2640; x_wconf 79' lang='lat' dir='ltr'><strong>Moab,</strong></span> <span class='ocrx_word' id='word_1_364' title='bbox 1421 2583 1469 2627; x_wconf 89' lang='lat' dir='ltr'><strong>et</strong></span> <span class='ocrx_word' id='word_1_365' title='bbox 1498 2571 1642 2626; x_wconf 77' lang='lat' dir='ltr'><strong>Iuda</strong></span> <span class='ocrx_word' id='word_1_366' title='bbox 1664 2614 1677 2637; x_wconf 91' lang='lat'><strong>,</strong></span> <span class='ocrx_word' id='word_1_367' title='bbox 1706 2584 1753 2627; x_wconf 89' lang='lat' dir='ltr'><strong>et</strong></span> <span class='ocrx_word' id='word_1_368' title='bbox 1781 2571 1981 2639; x_wconf 87' lang='lat' dir='ltr'><strong>Israel,</strong></span> 
     </span>
    </p>
   </div>
   <div class='ocr_carea' id='block_1_42' title="bbox 391 2664 1976 2736">
    <p class='ocr_par' dir='ltr' id='par_1_42' title="bbox 391 2664 1976 2736">
     <span class='ocr_line' id='line_1_42' title="bbox 391 2664 1976 2736; baseline -0.003 -12"><span class='ocrx_word' id='word_1_369' title='bbox 391 2685 494 2725; x_wconf 86' lang='lat' dir='ltr'><strong>non</strong></span> <span class='ocrx_word' id='word_1_370' title='bbox 522 2678 815 2724; x_wconf 80' lang='lat' dir='ltr'><strong>convertam</strong></span> <span class='ocrx_word' id='word_1_371' title='bbox 838 2685 950 2733; x_wconf 89' lang='lat' dir='ltr'><strong>eos,</strong></span> <span class='ocrx_word' id='word_1_372' title='bbox 984 2668 1108 2721; x_wconf 86' lang='lat' dir='ltr'><strong>dicit</strong></span> <span class='ocrx_word' id='word_1_373' title='bbox 1130 2664 1387 2722; x_wconf 83' lang='lat' dir='ltr'><strong>Dominus</strong></span> <span class='ocrx_word' id='word_1_374' title='bbox 1433 2668 1628 2736; x_wconf 84' lang='lat' dir='ltr'><strong>(Amos</strong></span> <span class='ocrx_word' id='word_1_375' title='bbox 1655 2681 1696 2731; x_wconf 86' lang='grc' dir='ltr'><strong>ι,</strong></span> <span class='ocrx_word' id='word_1_376' title='bbox 1717 2667 1750 2719; x_wconf 79' lang='grc'>5</span> <span class='ocrx_word' id='word_1_377' title='bbox 1771 2682 1910 2736; x_wconf 84' lang='lat' dir='ltr'><strong>seqq.</strong></span> <span class='ocrx_word' id='word_1_378' title='bbox 1937 2668 1976 2736; x_wconf 93' lang='lat'><strong>).</strong></span> 
     </span>
    </p>
   </div>
   <div class='ocr_carea' id='block_1_43' title="bbox 391 2758 1981 2833">
    <p class='ocr_par' dir='ltr' id='par_1_43' title="bbox 391 2758 1981 2833">
     <span class='ocr_line' id='line_1_43' title="bbox 391 2758 1981 2833; baseline -0.003 -15"><span class='ocrx_word' id='word_1_379' title='bbox 391 2762 538 2831; x_wconf 86' lang='lat' dir='ltr'><strong>Quas</strong></span> <span class='ocrx_word' id='word_1_380' title='bbox 573 2776 676 2818; x_wconf 88' lang='lat' dir='ltr'><strong>nos</strong></span> <span class='ocrx_word' id='word_1_381' title='bbox 707 2761 1112 2833; x_wconf 81' lang='lat' dir='ltr'><strong>perturbationes</strong></span> <span class='ocrx_word' id='word_1_382' title='bbox 1153 2759 1497 2827; x_wconf 85' lang='lat' dir='ltr'><strong>interpretati</strong></span> <span class='ocrx_word' id='word_1_383' title='bbox 1544 2773 1735 2813; x_wconf 84' lang='lat' dir='ltr'><strong>sumus</strong></span> <span class='ocrx_word' id='word_1_384' title='bbox 1756 2800 1771 2824; x_wconf 94' lang='lat'><strong>,</strong></span> <span class='ocrx_word' id='word_1_385' title='bbox 1806 2758 1981 2814; x_wconf 67' lang='lat' dir='ltr'><strong>Graeci</strong></span> 
     </span>
    </p>
   </div>
   <div class='ocr_carea' id='block_1_44' title="bbox 390 2851 1982 2927">
    <p class='ocr_par' dir='ltr' id='par_1_44' title="bbox 390 2851 1982 2927">
     <span class='ocr_line' id='line_1_44' title="bbox 390 2851 1982 2927; baseline -0.004 -15"><span class='ocrx_word' id='word_1_386' title='bbox 390 2860 525 2917; x_wconf 83' lang='grc' dir='ltr'><strong>πάθη</strong></span> <span class='ocrx_word' id='word_1_387' title='bbox 564 2855 879 2927; x_wconf 89' lang='lat' dir='ltr'><strong>appellant,</strong></span> <span class='ocrx_word' id='word_1_388' title='bbox 916 2869 1037 2924; x_wconf 87' lang='lat' dir='ltr'><strong>quae</strong></span> <span class='ocrx_word' id='word_1_389' title='bbox 1064 2854 1109 2909; x_wconf 89' lang='lat' dir='ltr'><strong>si</strong></span> <span class='ocrx_word' id='word_1_390' title='bbox 1139 2853 1429 2918; x_wconf 76' lang='grc' dir='ltr'><strong>κακοζήλως</strong></span> <span class='ocrx_word' id='word_1_391' title='bbox 1478 2851 1530 2906; x_wconf 92' lang='lat' dir='ltr'><strong>in</strong></span> <span class='ocrx_word' id='word_1_392' title='bbox 1561 2852 1830 2923; x_wconf 81' lang='lat' dir='ltr'><strong>passiones</strong></span> <span class='ocrx_word' id='word_1_393' title='bbox 1861 2865 1982 2906; x_wconf 90' lang='lat' dir='ltr'><strong>ver-</strong></span> 
     </span>
    </p>
   </div>
   <div class='ocr_carea' id='block_1_45' title="bbox 392 2941 1979 3015">
    <p class='ocr_par' dir='ltr' id='par_1_45' title="bbox 392 2941 1979 3015">
     <span class='ocr_line' id='line_1_45' title="bbox 392 2941 1979 3015; baseline -0.004 -11"><span class='ocrx_word' id='word_1_394' title='bbox 392 2956 604 3014; x_wconf 89' lang='lat' dir='ltr'><strong>tamus,</strong></span> <span class='ocrx_word' id='word_1_395' title='bbox 659 2946 886 3003; x_wconf 88' lang='lat' dir='ltr'><strong>verbum</strong></span> <span class='ocrx_word' id='word_1_396' title='bbox 926 2944 1095 3015; x_wconf 83' lang='lat' dir='ltr'><strong>magis</strong></span> <span class='ocrx_word' id='word_1_397' title='bbox 1126 2958 1288 3015; x_wconf 92' lang='lat' dir='ltr'><strong>quam</strong></span> <span class='ocrx_word' id='word_1_398' title='bbox 1314 2958 1532 2998; x_wconf 80' lang='lat' dir='ltr'><strong>sensum</strong></span> <span class='ocrx_word' id='word_1_399' title='bbox 1562 2941 1715 2998; x_wconf 86' lang='lat' dir='ltr'><strong>verbi</strong></span> <span class='ocrx_word' id='word_1_400' title='bbox 1752 2957 1979 3011; x_wconf 81' lang='lat' dir='ltr'><strong>expres-</strong></span> 
     </span>
    </p>
   </div>
   <div class='ocr_carea' id='block_1_46' title="bbox 389 3028 1119 3096">
    <p class='ocr_par' dir='ltr' id='par_1_46' title="bbox 389 3028 1119 3096">
     <span class='ocr_line' id='line_1_46' title="bbox 389 3028 1119 3096; baseline -0.016 0"><span class='ocrx_word' id='word_1_401' title='bbox 389 3040 646 3096; x_wconf 83' lang='lat' dir='ltr'><strong>serimus.</strong></span> <span class='ocrx_word' id='word_1_402' title='bbox 1116 3028 1119 3029; x_wconf 55' lang='grc'><strong><em>⁷</em></strong></span> 
     </span>
    </p>
   </div>
   <div class='ocr_carea' id='block_1_47' title="bbox 461 3129 1976 3205">
    <p class='ocr_par' dir='ltr' id='par_1_47' title="bbox 461 3129 1976 3205">
     <span class='ocr_line' id='line_1_47' title="bbox 461 3129 1976 3205; baseline -0.002 -17"><span class='ocrx_word' id='word_1_403' title='bbox 461 3132 640 3201; x_wconf 84' lang='lat' dir='ltr'><strong>(Vers.</strong></span> <span class='ocrx_word' id='word_1_404' title='bbox 675 3130 755 3204; x_wconf 81' lang='lat'><strong>5.)</strong></span> <span class='ocrx_word' id='word_1_405' title='bbox 792 3130 1247 3205; x_wconf 76' lang='lat' dir='ltr'><strong>Expergiscimini,</strong></span> <span class='ocrx_word' id='word_1_406' title='bbox 1274 3129 1424 3196; x_wconf 86' lang='lat' dir='ltr'><strong>ebrii,</strong></span> <span class='ocrx_word' id='word_1_407' title='bbox 1454 3140 1500 3183; x_wconf 86' lang='lat' dir='ltr'><strong>et</strong></span> <span class='ocrx_word' id='word_1_408' title='bbox 1528 3133 1666 3201; x_wconf 82' lang='lat' dir='ltr'><strong>flete,</strong></span> <span class='ocrx_word' id='word_1_409' title='bbox 1692 3141 1739 3185; x_wconf 91' lang='lat' dir='ltr'><strong>et</strong></span> <span class='ocrx_word' id='word_1_410' title='bbox 1760 3131 1976 3197; x_wconf 86' lang='lat' dir='ltr'><strong>ululale,</strong></span> 
     </span>
    </p>
   </div>
   <div class='ocr_carea' id='block_1_48' title="bbox 390 3220 2054 3296">
    <p class='ocr_par' dir='ltr' id='par_1_48' title="bbox 390 3220 2054 3296">
     <span class='ocr_line' id='line_1_48' title="bbox 390 3220 2054 3296; baseline -0.002 -15"><span class='ocrx_word' id='word_1_411' title='bbox 390 3243 561 3281; x_wconf 89' lang='lat' dir='ltr'><strong>omnes</strong></span> <span class='ocrx_word' id='word_1_412' title='bbox 590 3225 678 3296; x_wconf 87' lang='lat' dir='ltr'><strong>qui</strong></span> <span class='ocrx_word' id='word_1_413' title='bbox 714 3224 884 3278; x_wconf 83' lang='lat' dir='ltr'><strong>bibitis</strong></span> <span class='ocrx_word' id='word_1_414' title='bbox 912 3225 1089 3278; x_wconf 79' lang='lat' dir='ltr'><strong>vinum</strong></span> <span class='ocrx_word' id='word_1_415' title='bbox 1120 3224 1174 3276; x_wconf 88' lang='lat' dir='ltr'><strong>in</strong></span> <span class='ocrx_word' id='word_1_416' title='bbox 1201 3221 1475 3276; x_wconf 84' lang='lat' dir='ltr'><strong>dulcedine</strong></span> <span class='ocrx_word' id='word_1_417' title='bbox 1502 3238 1521 3275; x_wconf 90' lang='lat'><strong><em>:</em></strong></span> <span class='ocrx_word' id='word_1_418' title='bbox 1551 3223 1798 3292; x_wconf 88' lang='lat' dir='ltr'><strong>quoniam</strong></span> <span class='ocrx_word' id='word_1_419' title='bbox 1830 3224 1979 3291; x_wconf 88' lang='lat' dir='ltr'><strong>periit</strong></span> <span class='ocrx_word' id='word_1_420' title='bbox 2009 3220 2054 3284; x_wconf 91' lang='lat' dir='ltr'>C</span> 
     </span>
    </p>
   </div>
   <div class='ocr_carea' id='block_1_49' title="bbox 388 3315 1982 3386">
    <p class='ocr_par' dir='ltr' id='par_1_49' title="bbox 388 3315 1982 3386">
     <span class='ocr_line' id='line_1_49' title="bbox 388 3315 1982 3386; baseline -0.001 -13"><span class='ocrx_word' id='word_1_421' title='bbox 388 3321 453 3373; x_wconf 91' lang='lat' dir='ltr'><strong>ab</strong></span> <span class='ocrx_word' id='word_1_422' title='bbox 482 3335 568 3374; x_wconf 86' lang='lat' dir='ltr'><strong>ore</strong></span> <span class='ocrx_word' id='word_1_423' title='bbox 594 3326 777 3372; x_wconf 83' lang='lat' dir='ltr'><strong>vestro.</strong></span> <span class='ocrx_word' id='word_1_424' title='bbox 821 3316 966 3372; x_wconf 83' lang='lat' dir='ltr'><strong>LXX</strong></span> <span class='ocrx_word' id='word_1_425' title='bbox 1000 3334 1012 3369; x_wconf 90' lang='lat'><strong>:</strong></span> <span class='ocrx_word' id='word_1_426' title='bbox 1040 3315 1295 3386; x_wconf 80' lang='lat' dir='ltr'><strong>Evigilute</strong></span> <span class='ocrx_word' id='word_1_427' title='bbox 1314 3359 1329 3383; x_wconf 90' lang='lat'><strong>,</strong></span> <span class='ocrx_word' id='word_1_428' title='bbox 1375 3316 1463 3383; x_wconf 87' lang='lat' dir='ltr'><strong>qui</strong></span> <span class='ocrx_word' id='word_1_429' title='bbox 1488 3316 1613 3369; x_wconf 86' lang='lat' dir='ltr'><strong>ebrii</strong></span> <span class='ocrx_word' id='word_1_430' title='bbox 1650 3317 1771 3370; x_wconf 84' lang='lat' dir='ltr'><strong>estis</strong></span> <span class='ocrx_word' id='word_1_431' title='bbox 1792 3317 1845 3371; x_wconf 89' lang='lat' dir='ltr'><strong>in</strong></span> <span class='ocrx_word' id='word_1_432' title='bbox 1867 3318 1982 3372; x_wconf 87' lang='lat' dir='ltr'><strong>vino</strong></span> 
     </span>
    </p>
   </div>
   <div class='ocr_carea' id='block_1_50' title="bbox 387 3408 1985 3481">
    <p class='ocr_par' dir='ltr' id='par_1_50' title="bbox 387 3408 1985 3481">
     <span class='ocr_line' id='line_1_50' title="bbox 387 3408 1985 3481; baseline -0.002 -14"><span class='ocrx_word' id='word_1_433' title='bbox 387 3420 554 3467; x_wconf 73' lang='lat' dir='ltr'><strong>vestro</strong></span> <span class='ocrx_word' id='word_1_434' title='bbox 585 3421 669 3466; x_wconf 88' lang='lat' dir='ltr'><strong>:et</strong></span> <span class='ocrx_word' id='word_1_435' title='bbox 694 3412 891 3481; x_wconf 75' lang='lat' dir='ltr'><strong>plorata</strong></span> <span class='ocrx_word' id='word_1_436' title='bbox 921 3418 969 3463; x_wconf 85' lang='lat' dir='ltr'><strong>et</strong></span> <span class='ocrx_word' id='word_1_437' title='bbox 996 3409 1225 3481; x_wconf 85' lang='lat' dir='ltr'><strong>plangite</strong></span> <span class='ocrx_word' id='word_1_438' title='bbox 1245 3449 1260 3474; x_wconf 91' lang='lat'><strong>,</strong></span> <span class='ocrx_word' id='word_1_439' title='bbox 1290 3425 1465 3463; x_wconf 88' lang='lat' dir='ltr'><strong>omnes</strong></span> <span class='ocrx_word' id='word_1_440' title='bbox 1492 3410 1581 3480; x_wconf 89' lang='lat' dir='ltr'><strong>qui</strong></span> <span class='ocrx_word' id='word_1_441' title='bbox 1613 3408 1779 3464; x_wconf 86' lang='lat' dir='ltr'><strong>bibitis</strong></span> <span class='ocrx_word' id='word_1_442' title='bbox 1809 3411 1985 3464; x_wconf 82' lang='lat' dir='ltr'><strong>vinum</strong></span> 
     </span>
    </p>
   </div>
   <div class='ocr_carea' id='block_1_51' title="bbox 388 3500 1986 3573">
    <p class='ocr_par' dir='ltr' id='par_1_51' title="bbox 388 3500 1986 3573">
     <span class='ocr_line' id='line_1_51' title="bbox 388 3500 1986 3573; baseline 0.001 -16"><span class='ocrx_word' id='word_1_443' title='bbox 388 3503 443 3557; x_wconf 88' lang='lat' dir='ltr'><strong>in</strong></span> <span class='ocrx_word' id='word_1_444' title='bbox 471 3503 710 3558; x_wconf 85' lang='lat' dir='ltr'><strong>ebrietate</strong></span> <span class='ocrx_word' id='word_1_445' title='bbox 733 3519 752 3558; x_wconf 90' lang='lat'><strong><em>:</em></strong></span> <span class='ocrx_word' id='word_1_446' title='bbox 778 3501 1026 3573; x_wconf 89' lang='lat' dir='ltr'><strong>quoniam</strong></span> <span class='ocrx_word' id='word_1_447' title='bbox 1055 3500 1284 3554; x_wconf 86' lang='lat' dir='ltr'><strong>ablatum</strong></span> <span class='ocrx_word' id='word_1_448' title='bbox 1306 3510 1378 3555; x_wconf 90' lang='lat' dir='ltr'><strong>est</strong></span> <span class='ocrx_word' id='word_1_449' title='bbox 1407 3501 1472 3555; x_wconf 87' lang='lat' dir='ltr'><strong>de</strong></span> <span class='ocrx_word' id='word_1_450' title='bbox 1496 3518 1585 3555; x_wconf 86' lang='lat' dir='ltr'><strong>ore</strong></span> <span class='ocrx_word' id='word_1_451' title='bbox 1604 3511 1794 3557; x_wconf 82' lang='lat' dir='ltr'><strong>vestro.</strong></span> <span class='ocrx_word' id='word_1_452' title='bbox 1818 3502 1986 3570; x_wconf 84' lang='lat' dir='ltr'><strong>Quasi</strong></span> 
     </span>
    </p>
   </div>
   <div class='ocr_carea' id='block_1_52' title="bbox 388 3591 1985 3664">
    <p class='ocr_par' dir='ltr' id='par_1_52' title="bbox 388 3591 1985 3664">
     <span class='ocr_line' id='line_1_52' title="bbox 388 3591 1985 3664; baseline 0.002 -16"><span class='ocrx_word' id='word_1_453' title='bbox 388 3608 547 3650; x_wconf 89' lang='lat' dir='ltr'><strong>senes</strong></span> <span class='ocrx_word' id='word_1_454' title='bbox 574 3604 736 3664; x_wconf 87' lang='lat' dir='ltr'><strong>atque</strong></span> <span class='ocrx_word' id='word_1_455' title='bbox 775 3592 1075 3663; x_wconf 86' lang='lat' dir='ltr'><strong>presbyteri</strong></span> <span class='ocrx_word' id='word_1_456' title='bbox 1122 3591 1313 3647; x_wconf 90' lang='lat' dir='ltr'><strong>audire</strong></span> <span class='ocrx_word' id='word_1_457' title='bbox 1355 3591 1662 3648; x_wconf 90' lang='lat' dir='ltr'><strong>debemus:</strong></span> <span class='ocrx_word' id='word_1_458' title='bbox 1704 3594 1849 3649; x_wconf 91' lang='lat' dir='ltr'><strong>nulla</strong></span> <span class='ocrx_word' id='word_1_459' title='bbox 1894 3610 1985 3651; x_wconf 91' lang='lat' dir='ltr'><strong>res</strong></span> 
     </span>
    </p>
   </div>
   <div class='ocr_carea' id='block_1_53' title="bbox 388 3684 1983 3758">
    <p class='ocr_par' dir='ltr' id='par_1_53' title="bbox 388 3684 1983 3758">
     <span class='ocr_line' id='line_1_53' title="bbox 388 3684 1983 3758; baseline 0.001 -16"><span class='ocrx_word' id='word_1_460' title='bbox 388 3687 463 3742; x_wconf 90' lang='lat' dir='ltr'><strong>ita</strong></span> <span class='ocrx_word' id='word_1_461' title='bbox 503 3686 739 3743; x_wconf 89' lang='lat' dir='ltr'><strong>inebriat</strong></span> <span class='ocrx_word' id='word_1_462' title='bbox 774 3694 834 3741; x_wconf 92' lang='lat' dir='ltr'><strong>ut</strong></span> <span class='ocrx_word' id='word_1_463' title='bbox 862 3684 1027 3740; x_wconf 91' lang='lat' dir='ltr'><strong>animi</strong></span> <span class='ocrx_word' id='word_1_464' title='bbox 1069 3685 1426 3755; x_wconf 88' lang='lat' dir='ltr'><strong>perturbatio.</strong></span> <span class='ocrx_word' id='word_1_465' title='bbox 1470 3684 1569 3740; x_wconf 88' lang='lat' dir='ltr'><strong>Est</strong></span> <span class='ocrx_word' id='word_1_466' title='bbox 1610 3685 1832 3741; x_wconf 85' lang='lat' dir='ltr'><strong>tristitia</strong></span> <span class='ocrx_word' id='word_1_467' title='bbox 1862 3703 1983 3758; x_wconf 88' lang='lat' dir='ltr'><strong>quae</strong></span> 
     </span>
    </p>
   </div>
   <div class='ocr_carea' id='block_1_54' title="bbox 390 3777 1985 3837">
    <p class='ocr_par' dir='ltr' id='par_1_54' title="bbox 390 3777 1985 3837">
     <span class='ocr_line' id='line_1_54' title="bbox 390 3777 1985 3837; baseline 0.003 -4"><span class='ocrx_word' id='word_1_468' title='bbox 390 3779 538 3835; x_wconf 85' lang='lat' dir='ltr'><strong>ducit</strong></span> <span class='ocrx_word' id='word_1_469' title='bbox 565 3779 633 3835; x_wconf 90' lang='lat' dir='ltr'><strong>ad</strong></span> <span class='ocrx_word' id='word_1_470' title='bbox 663 3786 892 3834; x_wconf 92' lang='lat' dir='ltr'><strong>mortem</strong></span> <span class='ocrx_word' id='word_1_471' title='bbox 920 3795 933 3831; x_wconf 92' lang='lat'>:</span> <span class='ocrx_word' id='word_1_472' title='bbox 960 3777 1078 3831; x_wconf 65' lang='lat' dir='ltr'><strong>haec</strong></span> <span class='ocrx_word' id='word_1_473' title='bbox 1107 3777 1468 3833; x_wconf 86' lang='lat' dir='ltr'><strong>abominanda</strong></span> <span class='ocrx_word' id='word_1_474' title='bbox 1496 3778 1729 3833; x_wconf 87' lang='lat' dir='ltr'><strong>ebrietas</strong></span> <span class='ocrx_word' id='word_1_475' title='bbox 1751 3788 1854 3835; x_wconf 90' lang='lat' dir='ltr'><strong>est.</strong></span> <span class='ocrx_word' id='word_1_476' title='bbox 1888 3780 1985 3837; x_wconf 85' lang='lat' dir='ltr'><strong>Est</strong></span> 
     </span>
    </p>
   </div>
   <div class='ocr_carea' id='block_1_55' title="bbox 389 3870 1983 3943">
    <p class='ocr_par' dir='ltr' id='par_1_55' title="bbox 389 3870 1983 3943">
     <span class='ocr_line' id='line_1_55' title="bbox 389 3870 1983 3943; baseline 0.001 -17"><span class='ocrx_word' id='word_1_477' title='bbox 389 3870 467 3926; x_wconf 89' lang='lat' dir='ltr'><strong>ira</strong></span> <span class='ocrx_word' id='word_1_478' title='bbox 513 3888 635 3943; x_wconf 66' lang='lat' dir='ltr'><strong>qum</strong></span> <span class='ocrx_word' id='word_1_479' title='bbox 675 3872 941 3942; x_wconf 82' lang='lat' dir='ltr'><strong>justitiam</strong></span> <span class='ocrx_word' id='word_1_480' title='bbox 978 3871 1070 3925; x_wconf 88' lang='lat' dir='ltr'><strong>Dei</strong></span> <span class='ocrx_word' id='word_1_481' title='bbox 1118 3885 1227 3924; x_wconf 91' lang='lat' dir='ltr'><strong>non</strong></span> <span class='ocrx_word' id='word_1_482' title='bbox 1257 3880 1536 3939; x_wconf 88' lang='lat' dir='ltr'><strong>operatur,</strong></span> <span class='ocrx_word' id='word_1_483' title='bbox 1568 3881 1625 3926; x_wconf 92' lang='lat' dir='ltr'><strong>et</strong></span> <span class='ocrx_word' id='word_1_484' title='bbox 1645 3871 1813 3926; x_wconf 89' lang='lat' dir='ltr'><strong>furori</strong></span> <span class='ocrx_word' id='word_1_485' title='bbox 1855 3888 1983 3942; x_wconf 88' lang='lat' dir='ltr'><strong>pro-</strong></span> 
     </span>
    </p>
   </div>
   <div class='ocr_carea' id='block_1_56' title="bbox 389 3962 1981 4034">
    <p class='ocr_par' dir='ltr' id='par_1_56' title="bbox 389 3962 1981 4034">
     <span class='ocr_line' id='line_1_56' title="bbox 389 3962 1981 4034; baseline 0 -12"><span class='ocrx_word' id='word_1_486' title='bbox 389 3965 555 4034; x_wconf 82' lang='lat' dir='ltr'><strong>xima,</strong></span> <span class='ocrx_word' id='word_1_487' title='bbox 585 3966 781 4021; x_wconf 84' lang='lat' dir='ltr'><strong>mentis</strong></span> <span class='ocrx_word' id='word_1_488' title='bbox 808 3980 920 4021; x_wconf 65' lang='lat' dir='ltr'><strong>sure</strong></span> <span class='ocrx_word' id='word_1_489' title='bbox 949 3964 1207 4034; x_wconf 89' lang='lat' dir='ltr'><strong>impotem</strong></span> <span class='ocrx_word' id='word_1_490' title='bbox 1230 3962 1357 4018; x_wconf 83' lang='lat' dir='ltr'><strong>facit</strong></span> <span class='ocrx_word' id='word_1_491' title='bbox 1391 3980 1405 4016; x_wconf 86' lang='lat'>:</span> <span class='ocrx_word' id='word_1_492' title='bbox 1454 3965 1723 4019; x_wconf 83' lang='lat' dir='ltr'><strong>intantum</strong></span> <span class='ocrx_word' id='word_1_493' title='bbox 1756 3974 1812 4019; x_wconf 92' lang='lat' dir='ltr'><strong>ut</strong></span> <span class='ocrx_word' id='word_1_494' title='bbox 1840 3965 1981 4022; x_wconf 87' lang='lat' dir='ltr'><strong>labia</strong></span> 
     </span>
    </p>
   </div>
   <div class='ocr_carea' id='block_1_57' title="bbox 388 4056 1979 4128">
    <p class='ocr_par' dir='ltr' id='par_1_57' title="bbox 388 4056 1979 4128">
     <span class='ocr_line' id='line_1_57' title="bbox 388 4056 1979 4128; baseline 0 -14"><span class='ocrx_word' id='word_1_495' title='bbox 388 4067 644 4128; x_wconf 90' lang='lat' dir='ltr'><strong>tremant,</strong></span> <span class='ocrx_word' id='word_1_496' title='bbox 677 4058 867 4115; x_wconf 91' lang='lat' dir='ltr'><strong>dentes</strong></span> <span class='ocrx_word' id='word_1_497' title='bbox 893 4064 1250 4127; x_wconf 89' lang='lat' dir='ltr'><strong>eoncrepent,</strong></span> <span class='ocrx_word' id='word_1_498' title='bbox 1283 4056 1464 4111; x_wconf 91' lang='lat' dir='ltr'><strong>vultus</strong></span> <span class='ocrx_word' id='word_1_499' title='bbox 1488 4057 1694 4127; x_wconf 86' lang='lat' dir='ltr'><strong>pallore</strong></span> <span class='ocrx_word' id='word_1_500' title='bbox 1722 4065 1979 4114; x_wconf 88' lang='lat' dir='ltr'><strong>mutetur.</strong></span> 
     </span>
    </p>
   </div>
   <div class='ocr_carea' id='block_1_58' title="bbox 389 4149 1983 4224">
    <p class='ocr_par' dir='ltr' id='par_1_58' title="bbox 389 4149 1983 4224">
     <span class='ocr_line' id='line_1_58' title="bbox 389 4149 1983 4224; baseline 0 -18"><span class='ocrx_word' id='word_1_501' title='bbox 389 4150 667 4224; x_wconf 83' lang='lat' dir='ltr'><strong>Recteque</strong></span> <span class='ocrx_word' id='word_1_502' title='bbox 717 4151 850 4207; x_wconf 91' lang='lat' dir='ltr'><strong>illud</strong></span> <span class='ocrx_word' id='word_1_503' title='bbox 903 4151 1158 4207; x_wconf 88' lang='lat' dir='ltr'><strong>laudatur</strong></span> <span class='ocrx_word' id='word_1_504' title='bbox 1212 4149 1466 4221; x_wconf 86' lang='lat' dir='ltr'><strong>Archytae</strong></span> <span class='ocrx_word' id='word_1_505' title='bbox 1534 4149 1842 4216; x_wconf 87' lang='lat' dir='ltr'><strong>Tarentini,</strong></span> <span class='ocrx_word' id='word_1_506' title='bbox 1892 4152 1983 4222; x_wconf 87' lang='lat' dir='ltr'><strong>qui</strong></span> 
     </span>
    </p>
   </div>
   <div class='ocr_carea' id='block_1_59' title="bbox 401 4240 1983 4313">
    <p class='ocr_par' dir='ltr' id='par_1_59' title="bbox 401 4240 1983 4313">
     <span class='ocr_line' id='line_1_59' title="bbox 401 4240 1983 4313; baseline -0.001 -13"><span class='ocrx_word' id='word_1_507' title='bbox 401 4258 521 4300; x_wconf 91' lang='lat' dir='ltr'><strong>cum</strong></span> <span class='ocrx_word' id='word_1_508' title='bbox 554 4244 737 4299; x_wconf 90' lang='lat' dir='ltr'><strong>villico</strong></span> <span class='ocrx_word' id='word_1_509' title='bbox 764 4259 864 4300; x_wconf 91' lang='lat' dir='ltr'><strong>suo</strong></span> <span class='ocrx_word' id='word_1_510' title='bbox 888 4254 1032 4299; x_wconf 91' lang='lat' dir='ltr'><strong>esset</strong></span> <span class='ocrx_word' id='word_1_511' title='bbox 1061 4244 1230 4298; x_wconf 91' lang='lat' dir='ltr'><strong>iratus</strong></span> <span class='ocrx_word' id='word_1_512' title='bbox 1256 4261 1270 4297; x_wconf 87' lang='lat'><strong>:</strong></span> <span class='ocrx_word' id='word_1_513' title='bbox 1295 4240 1417 4296; x_wconf 88' lang='lat' dir='ltr'><strong>Jam</strong></span> <span class='ocrx_word' id='word_1_514' title='bbox 1453 4252 1520 4311; x_wconf 89' lang='lat' dir='ltr'><strong>te,</strong></span> <span class='ocrx_word' id='word_1_515' title='bbox 1552 4243 1746 4313; x_wconf 91' lang='lat' dir='ltr'><strong>inquit,</strong></span> <span class='ocrx_word' id='word_1_516' title='bbox 1781 4244 1983 4299; x_wconf 83' lang='lat' dir='ltr'><strong>occide-</strong></span> 
     </span>
    </p>
   </div>
   <div class='ocr_carea' id='block_1_60' title="bbox 386 4335 1984 4407">
    <p class='ocr_par' dir='ltr' id='par_1_60' title="bbox 386 4335 1984 4407">
     <span class='ocr_line' id='line_1_60' title="bbox 386 4335 1984 4407; baseline 0 -16"><span class='ocrx_word' id='word_1_517' title='bbox 386 4353 515 4403; x_wconf 86' lang='lat' dir='ltr'><strong>rem,</strong></span> <span class='ocrx_word' id='word_1_518' title='bbox 544 4338 646 4391; x_wconf 82' lang='lat' dir='ltr'><strong>nisi</strong></span> <span class='ocrx_word' id='word_1_519' title='bbox 674 4338 838 4391; x_wconf 86' lang='lat' dir='ltr'><strong>iratus</strong></span> <span class='ocrx_word' id='word_1_520' title='bbox 869 4353 1050 4391; x_wconf 84' lang='lat' dir='ltr'><strong>essent.</strong></span> <span class='ocrx_word' id='word_1_521' title='bbox 1092 4335 1232 4403; x_wconf 87' lang='lat' dir='ltr'><strong>Quid</strong></span> <span class='ocrx_word' id='word_1_522' title='bbox 1276 4336 1512 4392; x_wconf 86' lang='lat' dir='ltr'><strong>referam</strong></span> <span class='ocrx_word' id='word_1_523' title='bbox 1566 4335 1636 4391; x_wconf 92' lang='lat' dir='ltr'><strong>de</strong></span> <span class='ocrx_word' id='word_1_524' title='bbox 1682 4336 1884 4407; x_wconf 88' lang='lat' dir='ltr'><strong>gaudio</strong></span> <span class='ocrx_word' id='word_1_525' title='bbox 1929 4348 1984 4391; x_wconf 88' lang='lat' dir='ltr'><strong>ct.</strong></span> 
     </span>
    </p>
   </div>
   <div class='ocr_carea' id='block_1_61' title="bbox 386 4429 1983 4501">
    <p class='ocr_par' dir='ltr' id='par_1_61' title="bbox 386 4429 1983 4501">
     <span class='ocr_line' id='line_1_61' title="bbox 386 4429 1983 4501; baseline 0 -15"><span class='ocrx_word' id='word_1_526' title='bbox 386 4431 692 4501; x_wconf 83' lang='lat' dir='ltr'><strong>voluptate,</strong></span> <span class='ocrx_word' id='word_1_527' title='bbox 738 4440 792 4486; x_wconf 89' lang='lat' dir='ltr'><strong>et</strong></span> <span class='ocrx_word' id='word_1_528' title='bbox 828 4429 1067 4485; x_wconf 76' lang='lat' dir='ltr'><strong>maxime</strong></span> <span class='ocrx_word' id='word_1_529' title='bbox 1120 4443 1325 4497; x_wconf 90' lang='lat' dir='ltr'><strong>amore,</strong></span> <span class='ocrx_word' id='word_1_530' title='bbox 1377 4430 1469 4499; x_wconf 90' lang='lat' dir='ltr'><strong>qui</strong></span> <span class='ocrx_word' id='word_1_531' title='bbox 1517 4439 1755 4485; x_wconf 61' lang='lat' dir='ltr'><strong>exerceat</strong></span> <span class='ocrx_word' id='word_1_532' title='bbox 1803 4430 1983 4486; x_wconf 88' lang='lat' dir='ltr'><strong>cordis</strong></span> 
     </span>
    </p>
   </div>
   <div class='ocr_carea' id='block_1_62' title="bbox 386 4525 1980 4594">
    <p class='ocr_par' dir='ltr' id='par_1_62' title="bbox 386 4525 1980 4594">
     <span class='ocr_line' id='line_1_62' title="bbox 386 4525 1980 4594; baseline 0 -14"><span class='ocrx_word' id='word_1_533' title='bbox 386 4526 609 4580; x_wconf 87' lang='lat' dir='ltr'><strong>oculos:</strong></span> <span class='ocrx_word' id='word_1_534' title='bbox 639 4533 695 4580; x_wconf 89' lang='lat' dir='ltr'><strong>et</strong></span> <span class='ocrx_word' id='word_1_535' title='bbox 720 4526 852 4580; x_wconf 87' lang='lat' dir='ltr'><strong>nihil</strong></span> <span class='ocrx_word' id='word_1_536' title='bbox 878 4525 1050 4591; x_wconf 90' lang='lat' dir='ltr'><strong>aliud,</strong></span> <span class='ocrx_word' id='word_1_537' title='bbox 1097 4535 1394 4591; x_wconf 86' lang='lat' dir='ltr'><strong>amantem,</strong></span> <span class='ocrx_word' id='word_1_538' title='bbox 1425 4525 1529 4579; x_wconf 88' lang='lat' dir='ltr'><strong>nisi</strong></span> <span class='ocrx_word' id='word_1_539' title='bbox 1561 4525 1611 4579; x_wconf 93' lang='lat' dir='ltr'><strong>id</strong></span> <span class='ocrx_word' id='word_1_540' title='bbox 1638 4525 1782 4594; x_wconf 88' lang='lat' dir='ltr'><strong>quod</strong></span> <span class='ocrx_word' id='word_1_541' title='bbox 1810 4535 1980 4592; x_wconf 85' lang='lat' dir='ltr'><strong>amat,</strong></span> 
     </span>
    </p>
   </div>
   <div class='ocr_carea' id='block_1_63' title="bbox 2090 1921 3675 2001">
    <p class='ocr_par' dir='ltr' id='par_1_63' title="bbox 2090 1921 3675 2001">
     <span class='ocr_line' id='line_1_63' title="bbox 2090 1921 3675 2001; baseline -0.007 -15"><span class='ocrx_word' id='word_1_542' title='bbox 2090 1930 2368 2001; x_wconf 90' lang='lat' dir='ltr'><strong>possidere</strong></span> <span class='ocrx_word' id='word_1_543' title='bbox 2397 1944 2505 1983; x_wconf 89' lang='lat' dir='ltr'><strong>non</strong></span> <span class='ocrx_word' id='word_1_544' title='bbox 2532 1936 2759 1998; x_wconf 90' lang='lat' dir='ltr'><strong>possunt</strong></span> <span class='ocrx_word' id='word_1_545' title='bbox 2777 1926 2797 1999; x_wconf 94' lang='lat'>(</span> <span class='ocrx_word' id='word_1_546' title='bbox 2816 1925 3112 1999; x_wconf 85' lang='lat' dir='ltr'><strong>Ephes.v).</strong></span> <span class='ocrx_word' id='word_1_547' title='bbox 3138 1924 3240 1993; x_wconf 85' lang='lat' dir='ltr'><strong>Qui</strong></span> <span class='ocrx_word' id='word_1_548' title='bbox 3265 1924 3374 1978; x_wconf 90' lang='lat' dir='ltr'><strong>vini</strong></span> <span class='ocrx_word' id='word_1_549' title='bbox 3404 1921 3675 1978; x_wconf 86' lang='lat' dir='ltr'><strong>ebrietate</strong></span> 
     </span>
    </p>
   </div>
   <div class='ocr_carea' id='block_1_64' title="bbox 2089 2015 3685 2095">
    <p class='ocr_par' dir='ltr' id='par_1_64' title="bbox 2089 2015 3685 2095">
     <span class='ocr_line' id='line_1_64' title="bbox 2089 2015 3685 2095; baseline -0.007 -16"><span class='ocrx_word' id='word_1_550' title='bbox 2089 2024 2299 2095; x_wconf 88' lang='lat' dir='ltr'><strong>sopitus</strong></span> <span class='ocrx_word' id='word_1_551' title='bbox 2344 2032 2449 2086; x_wconf 91' lang='lat' dir='ltr'><strong>est,</strong></span> <span class='ocrx_word' id='word_1_552' title='bbox 2482 2020 2704 2091; x_wconf 81' lang='lat' dir='ltr'><strong>evigilet</strong></span> <span class='ocrx_word' id='word_1_553' title='bbox 2733 2028 2788 2074; x_wconf 90' lang='lat' dir='ltr'><strong>et</strong></span> <span class='ocrx_word' id='word_1_554' title='bbox 2829 2021 3010 2089; x_wconf 89' lang='lat' dir='ltr'><strong>ploret</strong></span> <span class='ocrx_word' id='word_1_555' title='bbox 3051 2017 3264 2074; x_wconf 91' lang='lat' dir='ltr'><strong>ebrium</strong></span> <span class='ocrx_word' id='word_1_556' title='bbox 3309 2031 3371 2072; x_wconf 89' lang='lat' dir='ltr'><strong>se</strong></span> <span class='ocrx_word' id='word_1_557' title='bbox 3407 2015 3594 2080; x_wconf 89' lang='lat' dir='ltr'><strong>fuisse,</strong></span> <span class='ocrx_word' id='word_1_558' title='bbox 3628 2021 3685 2068; x_wconf 89' lang='lat' dir='ltr'><strong>et</strong></span> 
     </span>
    </p>
   </div>
   <div class='ocr_carea' id='block_1_65' title="bbox 2090 2105 3677 2184">
    <p class='ocr_par' dir='ltr' id='par_1_65' title="bbox 2090 2105 3677 2184">
     <span class='ocr_line' id='line_1_65' title="bbox 2090 2105 3677 2184; baseline -0.007 -13"><span class='ocrx_word' id='word_1_559' title='bbox 2090 2116 2259 2171; x_wconf 88' lang='lat' dir='ltr'><strong>ululet</strong></span> <span class='ocrx_word' id='word_1_560' title='bbox 2292 2132 2305 2169; x_wconf 91' lang='lat'><strong>:</strong></span> <span class='ocrx_word' id='word_1_561' title='bbox 2337 2123 2396 2169; x_wconf 90' lang='lat' dir='ltr'><strong>ut</strong></span> <span class='ocrx_word' id='word_1_562' title='bbox 2429 2121 2619 2184; x_wconf 88' lang='lat' dir='ltr'><strong>postea</strong></span> <span class='ocrx_word' id='word_1_563' title='bbox 2649 2111 2885 2168; x_wconf 87' lang='lat' dir='ltr'><strong>ululatus</strong></span> <span class='ocrx_word' id='word_1_564' title='bbox 2914 2111 3034 2182; x_wconf 88' lang='lat' dir='ltr'><strong>ejus</strong></span> <span class='ocrx_word' id='word_1_565' title='bbox 3061 2119 3117 2166; x_wconf 92' lang='lat' dir='ltr'><strong>et</strong></span> <span class='ocrx_word' id='word_1_566' title='bbox 3150 2108 3310 2165; x_wconf 86' lang='lat' dir='ltr'><strong>ﬂetus</strong></span> <span class='ocrx_word' id='word_1_567' title='bbox 3338 2117 3586 2163; x_wconf 89' lang='lat' dir='ltr'><strong>vertatur</strong></span> <span class='ocrx_word' id='word_1_568' title='bbox 3622 2105 3677 2160; x_wconf 91' lang='lat' dir='ltr'><strong>in</strong></span> 
     </span>
    </p>
   </div>
   <div class='ocr_carea' id='block_1_66' title="bbox 2086 2200 3678 2279">
    <p class='ocr_par' dir='ltr' id='par_1_66' title="bbox 2086 2200 3678 2279">
     <span class='ocr_line' id='line_1_66' title="bbox 2086 2200 3678 2279; baseline -0.007 -14"><span class='ocrx_word' id='word_1_569' title='bbox 2086 2210 2286 2277; x_wconf 89' lang='lat' dir='ltr'><strong>risum,</strong></span> <span class='ocrx_word' id='word_1_570' title='bbox 2332 2218 2387 2264; x_wconf 89' lang='lat' dir='ltr'><strong>et</strong></span> <span class='ocrx_word' id='word_1_571' title='bbox 2424 2206 2655 2279; x_wconf 85' lang='lat' dir='ltr'><strong>gaudeat</strong></span> <span class='ocrx_word' id='word_1_572' title='bbox 2690 2222 2750 2262; x_wconf 92' lang='lat' dir='ltr'><strong>se</strong></span> <span class='ocrx_word' id='word_1_573' title='bbox 2780 2205 3063 2262; x_wconf 86' lang='lat' dir='ltr'><strong>ebrietatis</strong></span> <span class='ocrx_word' id='word_1_574' title='bbox 3108 2203 3395 2259; x_wconf 88' lang='lat' dir='ltr'><strong>materiam</strong></span> <span class='ocrx_word' id='word_1_575' title='bbox 3427 2216 3536 2257; x_wconf 93' lang='lat' dir='ltr'><strong>non</strong></span> <span class='ocrx_word' id='word_1_576' title='bbox 3578 2200 3678 2255; x_wconf 82' lang='lat' dir='ltr'><strong>ha-</strong></span> 
     </span>
    </p>
   </div>
   <div class='ocr_carea' id='block_1_67' title="bbox 2086 2294 3679 2374">
    <p class='ocr_par' dir='ltr' id='par_1_67' title="bbox 2086 2294 3679 2374">
     <span class='ocr_line' id='line_1_67' title="bbox 2086 2294 3679 2374; baseline -0.007 -14"><span class='ocrx_word' id='word_1_577' title='bbox 2086 2304 2239 2370; x_wconf 90' lang='lat' dir='ltr'><strong>bere,</strong></span> <span class='ocrx_word' id='word_1_578' title='bbox 2269 2318 2390 2374; x_wconf 88' lang='lat' dir='ltr'><strong>quae</strong></span> <span class='ocrx_word' id='word_1_579' title='bbox 2418 2316 2540 2358; x_wconf 90' lang='lat' dir='ltr'><strong>eum</strong></span> <span class='ocrx_word' id='word_1_580' title='bbox 2586 2315 2683 2372; x_wconf 91' lang='lat' dir='ltr'><strong>per</strong></span> <span class='ocrx_word' id='word_1_581' title='bbox 2713 2298 3104 2355; x_wconf 90' lang='lat' dir='ltr'><strong>abundantiam</strong></span> <span class='ocrx_word' id='word_1_582' title='bbox 3135 2296 3348 2354; x_wconf 91' lang='lat' dir='ltr'><strong>ebrium</strong></span> <span class='ocrx_word' id='word_1_583' title='bbox 3380 2294 3585 2352; x_wconf 88' lang='lat' dir='ltr'><strong>fecerat</strong></span> <span class='ocrx_word' id='word_1_584' title='bbox 3624 2303 3679 2350; x_wconf 91' lang='lat' dir='ltr'><strong>et</strong></span> 
     </span>
    </p>
   </div>
   <div class='ocr_carea' id='block_1_68' title="bbox 2088 2410 3027 2453">
    <p class='ocr_par' dir='ltr' id='par_1_68' title="bbox 2088 2410 3027 2453">
     <span class='ocr_line' id='line_1_68' title="bbox 2088 2410 3027 2453; baseline -0.003 -2"><span class='ocrx_word' id='word_1_585' title='bbox 2088 2410 2368 2453; x_wconf 88' lang='lat' dir='ltr'><strong>vesanum.</strong></span> <span class='ocrx_word' id='word_1_586' title='bbox 3024 2440 3027 2441; x_wconf 47' lang='grc' dir='ltr'><em>ν</em></span> 
     </span>
    </p>
   </div>
   <div class='ocr_carea' id='block_1_69' title="bbox 2158 2476 3675 2562">
    <p class='ocr_par' dir='ltr' id='par_1_69' title="bbox 2158 2476 3675 2562">
     <span class='ocr_line' id='line_1_69' title="bbox 2158 2476 3675 2562; baseline -0.009 -15"><span class='ocrx_word' id='word_1_587' title='bbox 2158 2489 2353 2562; x_wconf 84' lang='lat' dir='ltr'><strong>(Vers.</strong></span> <span class='ocrx_word' id='word_1_588' title='bbox 2380 2489 2431 2556; x_wconf 85' lang='lat'><strong>6,</strong></span> <span class='ocrx_word' id='word_1_589' title='bbox 2458 2488 2551 2557; x_wconf 91' lang='lat'><strong>7.)</strong></span> <span class='ocrx_word' id='word_1_590' title='bbox 2591 2487 2725 2543; x_wconf 85' lang='lat' dir='ltr'><strong>Gens</strong></span> <span class='ocrx_word' id='word_1_591' title='bbox 2754 2487 2892 2541; x_wconf 87' lang='lat' dir='ltr'><strong>enint</strong></span> <span class='ocrx_word' id='word_1_592' title='bbox 2912 2485 3150 2541; x_wconf 83' lang='lat' dir='ltr'><strong>ascendet</strong></span> <span class='ocrx_word' id='word_1_593' title='bbox 3180 2482 3378 2556; x_wconf 59' lang='lat' dir='ltr'><strong>[Vulg</strong></span> <span class='ocrx_word' id='word_1_594' title='bbox 3409 2476 3675 2551; x_wconf 76' lang='lat' dir='ltr'><strong>ascendit]</strong></span> 
     </span>
    </p>
   </div>
   <div class='ocr_carea' id='block_1_70' title="bbox 2086 2574 3679 2651">
    <p class='ocr_par' dir='ltr' id='par_1_70' title="bbox 2086 2574 3679 2651">
     <span class='ocr_line' id='line_1_70' title="bbox 2086 2574 3679 2651; baseline -0.007 -14"><span class='ocrx_word' id='word_1_595' title='bbox 2086 2600 2241 2651; x_wconf 85' lang='lat' dir='ltr'><strong>super</strong></span> <span class='ocrx_word' id='word_1_596' title='bbox 2276 2592 2463 2637; x_wconf 87' lang='lat' dir='ltr'><strong>terram</strong></span> <span class='ocrx_word' id='word_1_597' title='bbox 2510 2598 2674 2635; x_wconf 86' lang='lat' dir='ltr'><strong>meam</strong></span> <span class='ocrx_word' id='word_1_598' title='bbox 2723 2582 2873 2651; x_wconf 83' lang='lat' dir='ltr'><strong>fortis</strong></span> <span class='ocrx_word' id='word_1_599' title='bbox 2913 2588 2959 2633; x_wconf 89' lang='lat' dir='ltr'><strong>et</strong></span> <span class='ocrx_word' id='word_1_600' title='bbox 3016 2575 3408 2634; x_wconf 86' lang='lat' dir='ltr'><strong>innumerabilis</strong></span> <span class='ocrx_word' id='word_1_601' title='bbox 3448 2592 3467 2629; x_wconf 92' lang='lat'><strong><em>:</em></strong></span> <span class='ocrx_word' id='word_1_602' title='bbox 3498 2574 3679 2628; x_wconf 87' lang='lat' dir='ltr'><strong>dentes</strong></span> 
     </span>
    </p>
   </div>
   <div class='ocr_carea' id='block_1_71' title="bbox 2084 2666 3673 2745">
    <p class='ocr_par' dir='ltr' id='par_1_71' title="bbox 2084 2666 3673 2745">
     <span class='ocr_line' id='line_1_71' title="bbox 2084 2666 3673 2745; baseline -0.006 -15"><span class='ocrx_word' id='word_1_603' title='bbox 2084 2676 2218 2745; x_wconf 82' lang='lat' dir='ltr'><strong>ejus,</strong></span> <span class='ocrx_word' id='word_1_604' title='bbox 2248 2684 2305 2729; x_wconf 88' lang='lat' dir='ltr'><strong>ut</strong></span> <span class='ocrx_word' id='word_1_605' title='bbox 2326 2676 2500 2728; x_wconf 83' lang='lat' dir='ltr'><strong>dentes</strong></span> <span class='ocrx_word' id='word_1_606' title='bbox 2533 2673 2718 2741; x_wconf 88' lang='lat' dir='ltr'><strong>leonis,</strong></span> <span class='ocrx_word' id='word_1_607' title='bbox 2743 2682 2791 2728; x_wconf 90' lang='lat' dir='ltr'><strong>et</strong></span> <span class='ocrx_word' id='word_1_608' title='bbox 2812 2672 3036 2727; x_wconf 89' lang='lat' dir='ltr'><strong>molares</strong></span> <span class='ocrx_word' id='word_1_609' title='bbox 3068 2675 3203 2745; x_wconf 86' lang='lat' dir='ltr'><strong>ejus,</strong></span> <span class='ocrx_word' id='word_1_610' title='bbox 3234 2679 3287 2724; x_wconf 90' lang='lat' dir='ltr'><strong>ut</strong></span> <span class='ocrx_word' id='word_1_611' title='bbox 3311 2667 3469 2723; x_wconf 86' lang='lat' dir='ltr'><strong>catuli</strong></span> <span class='ocrx_word' id='word_1_612' title='bbox 3491 2666 3673 2722; x_wconf 83' lang='lat' dir='ltr'><strong>leonis.</strong></span> 
     </span>
    </p>
   </div>
   <div class='ocr_carea' id='block_1_72' title="bbox 2086 2760 3677 2833">
    <p class='ocr_par' dir='ltr' id='par_1_72' title="bbox 2086 2760 3677 2833">
     <span class='ocr_line' id='line_1_72' title="bbox 2086 2760 3677 2833; baseline -0.006 -10"><span class='ocrx_word' id='word_1_613' title='bbox 2086 2768 2272 2823; x_wconf 83' lang='lat' dir='ltr'><strong>Posuit</strong></span> <span class='ocrx_word' id='word_1_614' title='bbox 2300 2769 2500 2823; x_wconf 81' lang='lat' dir='ltr'><strong>vineam</strong></span> <span class='ocrx_word' id='word_1_615' title='bbox 2534 2783 2700 2822; x_wconf 87' lang='lat' dir='ltr'><strong>meam</strong></span> <span class='ocrx_word' id='word_1_616' title='bbox 2731 2768 2785 2820; x_wconf 88' lang='lat' dir='ltr'><strong>in</strong></span> <span class='ocrx_word' id='word_1_617' title='bbox 2815 2767 3095 2830; x_wconf 87' lang='lat' dir='ltr'><strong>desertum,</strong></span> <span class='ocrx_word' id='word_1_618' title='bbox 3126 2774 3171 2818; x_wconf 87' lang='lat' dir='ltr'><strong>et</strong></span> <span class='ocrx_word' id='word_1_619' title='bbox 3208 2764 3363 2833; x_wconf 83' lang='lat' dir='ltr'><strong>ﬁcum</strong></span> <span class='ocrx_word' id='word_1_620' title='bbox 3392 2774 3555 2815; x_wconf 82' lang='lat' dir='ltr'><strong>meum</strong></span> <span class='ocrx_word' id='word_1_621' title='bbox 3583 2760 3677 2814; x_wconf 88' lang='lat' dir='ltr'><strong>de—</strong></span> 
     </span>
    </p>
   </div>
   <div class='ocr_carea' id='block_1_73' title="bbox 2083 2854 3680 2930">
    <p class='ocr_par' dir='ltr' id='par_1_73' title="bbox 2083 2854 3680 2930">
     <span class='ocr_line' id='line_1_73' title="bbox 2083 2854 3680 2930; baseline -0.006 -14"><span class='ocrx_word' id='word_1_622' title='bbox 2083 2862 2350 2917; x_wconf 85' lang='lat' dir='ltr'><strong>corticavit</strong></span> <span class='ocrx_word' id='word_1_623' title='bbox 2369 2878 2387 2915; x_wconf 88' lang='lat'><strong><em>:</em></strong></span> <span class='ocrx_word' id='word_1_624' title='bbox 2410 2862 2613 2915; x_wconf 83' lang='lat' dir='ltr'><strong>nudans</strong></span> <span class='ocrx_word' id='word_1_625' title='bbox 2634 2860 2874 2930; x_wconf 83' lang='lat' dir='ltr'><strong>spoliavit</strong></span> <span class='ocrx_word' id='word_1_626' title='bbox 2905 2875 3038 2927; x_wconf 88' lang='lat' dir='ltr'><strong>eam,</strong></span> <span class='ocrx_word' id='word_1_627' title='bbox 3070 2866 3117 2912; x_wconf 90' lang='lat' dir='ltr'><strong>et</strong></span> <span class='ocrx_word' id='word_1_628' title='bbox 3145 2857 3361 2930; x_wconf 86' lang='lat' dir='ltr'><strong>projecit</strong></span> <span class='ocrx_word' id='word_1_629' title='bbox 3385 2854 3527 2911; x_wconf 89' lang='lat' dir='ltr'><strong>:albi</strong></span> <span class='ocrx_word' id='word_1_630' title='bbox 3551 2854 3680 2925; x_wconf 79' lang='lat' dir='ltr'><strong>facti</strong></span> 
     </span>
    </p>
   </div>
   <div class='ocr_carea' id='block_1_74' title="bbox 2083 2949 3670 3025">
    <p class='ocr_par' dir='ltr' id='par_1_74' title="bbox 2083 2949 3670 3025">
     <span class='ocr_line' id='line_1_74' title="bbox 2083 2949 3670 3025; baseline -0.008 -16"><span class='ocrx_word' id='word_1_631' title='bbox 2083 2964 2204 3009; x_wconf 82' lang='lat' dir='ltr'><strong>sunt</strong></span> <span class='ocrx_word' id='word_1_632' title='bbox 2238 2955 2371 3009; x_wconf 90' lang='lat' dir='ltr'><strong>rami</strong></span> <span class='ocrx_word' id='word_1_633' title='bbox 2401 2958 2533 3025; x_wconf 86' lang='lat' dir='ltr'><strong>ejus.</strong></span> <span class='ocrx_word' id='word_1_634' title='bbox 2566 2952 2710 3008; x_wconf 87' lang='lat' dir='ltr'><strong>LXX</strong></span> <span class='ocrx_word' id='word_1_635' title='bbox 2744 2970 2757 3006; x_wconf 87' lang='lat'><strong>:</strong></span> <span class='ocrx_word' id='word_1_636' title='bbox 2787 2951 2922 3020; x_wconf 82' lang='lat' dir='ltr'><strong>Quia</strong></span> <span class='ocrx_word' id='word_1_637' title='bbox 2951 2967 3075 3023; x_wconf 88' lang='lat' dir='ltr'><strong>gens</strong></span> <span class='ocrx_word' id='word_1_638' title='bbox 3110 2949 3343 3004; x_wconf 81' lang='lat' dir='ltr'><strong>ascendit</strong></span> <span class='ocrx_word' id='word_1_639' title='bbox 3373 2964 3530 3017; x_wconf 80' lang='lat' dir='ltr'><strong>super</strong></span> <span class='ocrx_word' id='word_1_640' title='bbox 3564 2956 3670 2999; x_wconf 89' lang='lat' dir='ltr'><strong>ter-</strong></span> 
     </span>
    </p>
   </div>
   <div class='ocr_carea' id='block_1_75' title="bbox 2083 3042 3673 3121">
    <p class='ocr_par' dir='ltr' id='par_1_75' title="bbox 2083 3042 3673 3121">
     <span class='ocr_line' id='line_1_75' title="bbox 2083 3042 3673 3121; baseline -0.008 -18"><span class='ocrx_word' id='word_1_641' title='bbox 2083 3066 2193 3103; x_wconf 86' lang='lat' dir='ltr'><strong>ram</strong></span> <span class='ocrx_word' id='word_1_642' title='bbox 2231 3050 2381 3121; x_wconf 80' lang='lat' dir='ltr'><strong>fortis</strong></span> <span class='ocrx_word' id='word_1_643' title='bbox 2414 3058 2461 3103; x_wconf 89' lang='lat' dir='ltr'><strong>et</strong></span> <span class='ocrx_word' id='word_1_644' title='bbox 2498 3046 2894 3103; x_wconf 82' lang='lat' dir='ltr'><strong>innumerabilis</strong></span> <span class='ocrx_word' id='word_1_645' title='bbox 2927 3062 2943 3098; x_wconf 89' lang='lat'><strong><em>:</em></strong></span> <span class='ocrx_word' id='word_1_646' title='bbox 2983 3046 3160 3099; x_wconf 86' lang='lat' dir='ltr'><strong>dentes</strong></span> <span class='ocrx_word' id='word_1_647' title='bbox 3195 3045 3327 3116; x_wconf 86' lang='lat' dir='ltr'><strong>ejus,</strong></span> <span class='ocrx_word' id='word_1_648' title='bbox 3377 3042 3539 3097; x_wconf 88' lang='lat' dir='ltr'><strong>leonis</strong></span> <span class='ocrx_word' id='word_1_649' title='bbox 3581 3056 3600 3093; x_wconf 87' lang='lat'><strong><em>:</em></strong></span> <span class='ocrx_word' id='word_1_650' title='bbox 3627 3047 3673 3092; x_wconf 88' lang='lat' dir='ltr'><strong>et</strong></span> 
     </span>
    </p>
   </div>
   <div class='ocr_carea' id='block_1_76' title="bbox 2083 3133 3671 3215">
    <p class='ocr_par' dir='ltr' id='par_1_76' title="bbox 2083 3133 3671 3215">
     <span class='ocr_line' id='line_1_76' title="bbox 2083 3133 3671 3215; baseline -0.009 -16"><span class='ocrx_word' id='word_1_651' title='bbox 2083 3144 2305 3199; x_wconf 87' lang='lat' dir='ltr'><strong>molares</strong></span> <span class='ocrx_word' id='word_1_652' title='bbox 2334 3146 2467 3215; x_wconf 90' lang='lat' dir='ltr'><strong>ejus,</strong></span> <span class='ocrx_word' id='word_1_653' title='bbox 2507 3153 2562 3197; x_wconf 89' lang='lat' dir='ltr'><strong>ut</strong></span> <span class='ocrx_word' id='word_1_654' title='bbox 2586 3142 2745 3197; x_wconf 86' lang='lat' dir='ltr'><strong>catuli</strong></span> <span class='ocrx_word' id='word_1_655' title='bbox 2772 3141 2953 3196; x_wconf 87' lang='lat' dir='ltr'><strong>leonis.</strong></span> <span class='ocrx_word' id='word_1_656' title='bbox 2993 3138 3178 3193; x_wconf 85' lang='lat' dir='ltr'><strong>Posuit</strong></span> <span class='ocrx_word' id='word_1_657' title='bbox 3208 3139 3412 3191; x_wconf 83' lang='lat' dir='ltr'><strong>vineam</strong></span> <span class='ocrx_word' id='word_1_658' title='bbox 3440 3133 3468 3172; x_wconf 74' lang='grc' dir='ltr'><strong>ιι</strong></span> <span class='ocrx_word' id='word_1_659' title='bbox 3504 3149 3671 3186; x_wconf 81' lang='lat' dir='ltr'><strong>meum</strong></span> 
     </span>
    </p>
   </div>
   <div class='ocr_carea' id='block_1_77' title="bbox 2084 3230 3678 3311">
    <p class='ocr_par' dir='ltr' id='par_1_77' title="bbox 2084 3230 3678 3311">
     <span class='ocr_line' id='line_1_77' title="bbox 2084 3230 3678 3311; baseline -0.009 -18"><span class='ocrx_word' id='word_1_660' title='bbox 2084 3240 2138 3293; x_wconf 90' lang='lat' dir='ltr'><strong>in</strong></span> <span class='ocrx_word' id='word_1_661' title='bbox 2166 3238 2577 3311; x_wconf 86' lang='lat' dir='ltr'><strong>dissipationem,</strong></span> <span class='ocrx_word' id='word_1_662' title='bbox 2604 3246 2650 3290; x_wconf 90' lang='lat' dir='ltr'><strong>et</strong></span> <span class='ocrx_word' id='word_1_663' title='bbox 2672 3236 2799 3306; x_wconf 83' lang='lat' dir='ltr'><strong>ficos</strong></span> <span class='ocrx_word' id='word_1_664' title='bbox 2825 3250 2968 3289; x_wconf 88' lang='lat' dir='ltr'><strong>meas</strong></span> <span class='ocrx_word' id='word_1_665' title='bbox 2992 3234 3045 3287; x_wconf 89' lang='lat' dir='ltr'><strong>in</strong></span> <span class='ocrx_word' id='word_1_666' title='bbox 3073 3230 3481 3303; x_wconf 81' lang='lat' dir='ltr'><strong>confractionem</strong></span> <span class='ocrx_word' id='word_1_667' title='bbox 3499 3242 3519 3281; x_wconf 70' lang='grc' dir='ltr'><strong><em>ε</em></strong></span> <span class='ocrx_word' id='word_1_668' title='bbox 3536 3242 3678 3280; x_wconf 85' lang='lat' dir='ltr'><strong>scru-</strong></span> 
     </span>
    </p>
   </div>
   <div class='ocr_carea' id='block_1_78' title="bbox 2086 3322 3674 3404">
    <p class='ocr_par' dir='ltr' id='par_1_78' title="bbox 2086 3322 3674 3404">
     <span class='ocr_line' id='line_1_78' title="bbox 2086 3322 3674 3404; baseline -0.009 -19"><span class='ocrx_word' id='word_1_669' title='bbox 2086 3342 2201 3385; x_wconf 83' lang='lat' dir='ltr'><strong>tans</strong></span> <span class='ocrx_word' id='word_1_670' title='bbox 2232 3340 2489 3385; x_wconf 80' lang='lat' dir='ltr'><strong>scrutatus</strong></span> <span class='ocrx_word' id='word_1_671' title='bbox 2530 3340 2605 3383; x_wconf 86' lang='lat' dir='ltr'><strong>est</strong></span> <span class='ocrx_word' id='word_1_672' title='bbox 2648 3337 2861 3404; x_wconf 86' lang='lat' dir='ltr'><strong>eam,_et</strong></span> <span class='ocrx_word' id='word_1_673' title='bbox 2893 3326 3112 3400; x_wconf 87' lang='lat' dir='ltr'><strong>projecit</strong></span> <span class='ocrx_word' id='word_1_674' title='bbox 3148 3342 3167 3379; x_wconf 92' lang='lat'><strong><em>:</em></strong></span> <span class='ocrx_word' id='word_1_675' title='bbox 3208 3322 3464 3378; x_wconf 88' lang='lat' dir='ltr'><strong>dealbavit</strong></span> <span class='ocrx_word' id='word_1_676' title='bbox 3500 3334 3674 3373; x_wconf 87' lang='lat' dir='ltr'><strong>ramos</strong></span> 
     </span>
    </p>
   </div>
   <div class='ocr_carea' id='block_1_79' title="bbox 2085 3411 3673 3495">
    <p class='ocr_par' dir='ltr' id='par_1_79' title="bbox 2085 3411 3673 3495">
     <span class='ocr_line' id='line_1_79' title="bbox 2085 3411 3673 3495; baseline -0.008 -18"><span class='ocrx_word' id='word_1_677' title='bbox 2085 3425 2217 3495; x_wconf 89' lang='lat' dir='ltr'><strong>ejus.</strong></span> <span class='ocrx_word' id='word_1_678' title='bbox 2263 3422 2436 3479; x_wconf 66' lang='lat' dir='ltr'><strong>Judaei</strong></span> <span class='ocrx_word' id='word_1_679' title='bbox 2467 3430 2664 3492; x_wconf 89' lang='lat' dir='ltr'><strong>putant</strong></span> <span class='ocrx_word' id='word_1_680' title='bbox 2694 3423 2746 3475; x_wconf 90' lang='lat' dir='ltr'><strong>in</strong></span> <span class='ocrx_word' id='word_1_681' title='bbox 2773 3420 2963 3476; x_wconf 85' lang='lat' dir='ltr'><strong>diebus</strong></span> <span class='ocrx_word' id='word_1_682' title='bbox 2993 3419 3111 3474; x_wconf 87' lang='lat' dir='ltr'><strong>Joel</strong></span> <span class='ocrx_word' id='word_1_683' title='bbox 3157 3426 3267 3472; x_wconf 93' lang='lat' dir='ltr'><strong>tam</strong></span> <span class='ocrx_word' id='word_1_684' title='bbox 3298 3411 3673 3470; x_wconf 89' lang='lat' dir='ltr'><strong>innumerabi-</strong></span> 
     </span>
    </p>
   </div>
   <div class='ocr_carea' id='block_1_80' title="bbox 2086 3502 3675 3584">
    <p class='ocr_par' dir='ltr' id='par_1_80' title="bbox 2086 3502 3675 3584">
     <span class='ocr_line' id='line_1_80' title="bbox 2086 3502 3675 3584; baseline -0.008 -14"><span class='ocrx_word' id='word_1_685' title='bbox 2086 3515 2195 3572; x_wconf 92' lang='lat' dir='ltr'><strong>lem</strong></span> <span class='ocrx_word' id='word_1_686' title='bbox 2234 3518 2569 3572; x_wconf 89' lang='lat' dir='ltr'><strong>locustarum</strong></span> <span class='ocrx_word' id='word_1_687' title='bbox 2618 3528 2783 3584; x_wconf 89' lang='lat' dir='ltr'><strong>super</strong></span> <span class='ocrx_word' id='word_1_688' title='bbox 2823 3512 3063 3568; x_wconf 77' lang='lat' dir='ltr'><strong>Judteam</strong></span> <span class='ocrx_word' id='word_1_689' title='bbox 3113 3510 3327 3564; x_wconf 86' lang='lat' dir='ltr'><strong>venisse</strong></span> <span class='ocrx_word' id='word_1_690' title='bbox 3369 3502 3675 3561; x_wconf 89' lang='lat' dir='ltr'><strong>multitudi-</strong></span> 
     </span>
    </p>
   </div>
   <div class='ocr_carea' id='block_1_81' title="bbox 2085 3598 3668 3679">
    <p class='ocr_par' dir='ltr' id='par_1_81' title="bbox 2085 3598 3668 3679">
     <span class='ocr_line' id='line_1_81' title="bbox 2085 3598 3668 3679; baseline -0.009 -14"><span class='ocrx_word' id='word_1_691' title='bbox 2085 3624 2233 3679; x_wconf 89' lang='lat' dir='ltr'><strong>nem,</strong></span> <span class='ocrx_word' id='word_1_692' title='bbox 2265 3617 2328 3665; x_wconf 91' lang='lat' dir='ltr'><strong>ut</strong></span> <span class='ocrx_word' id='word_1_693' title='bbox 2360 3618 2551 3664; x_wconf 90' lang='lat' dir='ltr'><strong>cuncta</strong></span> <span class='ocrx_word' id='word_1_694' title='bbox 2591 3607 2972 3677; x_wconf 88' lang='lat' dir='ltr'><strong>complerent:</strong></span> <span class='ocrx_word' id='word_1_695' title='bbox 3006 3614 3061 3660; x_wconf 90' lang='lat' dir='ltr'><strong>et</strong></span> <span class='ocrx_word' id='word_1_696' title='bbox 3091 3619 3200 3659; x_wconf 90' lang='lat' dir='ltr'><strong>non</strong></span> <span class='ocrx_word' id='word_1_697' title='bbox 3233 3602 3411 3657; x_wconf 89' lang='lat' dir='ltr'><strong>dicam</strong></span> <span class='ocrx_word' id='word_1_698' title='bbox 3454 3598 3668 3668; x_wconf 82' lang='lat' dir='ltr'><strong>fruges,</strong></span> 
     </span>
    </p>
   </div>
   <div class='ocr_carea' id='block_1_82' title="bbox 2086 3697 3676 3772">
    <p class='ocr_par' dir='ltr' id='par_1_82' title="bbox 2086 3697 3676 3772">
     <span class='ocr_line' id='line_1_82' title="bbox 2086 3697 3676 3772; baseline -0.01 -14"><span class='ocrx_word' id='word_1_699' title='bbox 2086 3704 2180 3758; x_wconf 88' lang='lat' dir='ltr'><strong>sed</strong></span> <span class='ocrx_word' id='word_1_700' title='bbox 2208 3702 2489 3757; x_wconf 89' lang='lat' dir='ltr'><strong>vinearum</strong></span> <span class='ocrx_word' id='word_1_701' title='bbox 2518 3700 2734 3772; x_wconf 89' lang='lat' dir='ltr'><strong>quidem</strong></span> <span class='ocrx_word' id='word_1_702' title='bbox 2760 3710 2815 3755; x_wconf 88' lang='lat' dir='ltr'><strong>et</strong></span> <span class='ocrx_word' id='word_1_703' title='bbox 2836 3698 3091 3753; x_wconf 90' lang='lat' dir='ltr'><strong>arborum</strong></span> <span class='ocrx_word' id='word_1_704' title='bbox 3120 3697 3354 3752; x_wconf 90' lang='lat' dir='ltr'><strong>cortices</strong></span> <span class='ocrx_word' id='word_1_705' title='bbox 3384 3704 3676 3759; x_wconf 84' lang='lat' dir='ltr'><strong>ramosque</strong></span> 
     </span>
    </p>
   </div>
   <div class='ocr_carea' id='block_1_83' title="bbox 2086 3789 3676 3861">
    <p class='ocr_par' dir='ltr' id='par_1_83' title="bbox 2086 3789 3676 3861">
     <span class='ocr_line' id='line_1_83' title="bbox 2086 3789 3676 3861; baseline -0.012 -8"><span class='ocrx_word' id='word_1_706' title='bbox 2086 3797 2445 3861; x_wconf 86' lang='lat' dir='ltr'><strong>dimitterent,</strong></span> <span class='ocrx_word' id='word_1_707' title='bbox 2473 3795 2544 3849; x_wconf 89' lang='lat' dir='ltr'><strong>ita</strong></span> <span class='ocrx_word' id='word_1_708' title='bbox 2573 3802 2653 3861; x_wconf 93' lang='lat' dir='ltr'><strong>ut,</strong></span> <span class='ocrx_word' id='word_1_709' title='bbox 2676 3791 2824 3848; x_wconf 91' lang='lat' dir='ltr'><strong>omni</strong></span> <span class='ocrx_word' id='word_1_710' title='bbox 2853 3792 3392 3857; x_wconf 86' lang='lat' dir='ltr'><strong>viroreconsumpto,</strong></span> <span class='ocrx_word' id='word_1_711' title='bbox 3411 3795 3434 3823; x_wconf 77' lang='grc' dir='ltr'><em>ε</em></span> <span class='ocrx_word' id='word_1_712' title='bbox 3458 3789 3676 3838; x_wconf 87' lang='lat' dir='ltr'><strong>arentes</strong></span> 
     </span>
    </p>
   </div>
   <div class='ocr_carea' id='block_1_84' title="bbox 2086 3878 3677 3952">
    <p class='ocr_par' dir='ltr' id='par_1_84' title="bbox 2086 3878 3677 3952">
     <span class='ocr_line' id='line_1_84' title="bbox 2086 3878 3677 3952; baseline -0.012 -8"><span class='ocrx_word' id='word_1_713' title='bbox 2086 3889 2341 3944; x_wconf 88' lang='lat' dir='ltr'><strong>arborum</strong></span> <span class='ocrx_word' id='word_1_714' title='bbox 2382 3887 2541 3952; x_wconf 88' lang='lat' dir='ltr'><strong>rami,</strong></span> <span class='ocrx_word' id='word_1_715' title='bbox 2570 3896 2625 3941; x_wconf 89' lang='lat' dir='ltr'><strong>et</strong></span> <span class='ocrx_word' id='word_1_716' title='bbox 2657 3887 2801 3940; x_wconf 92' lang='lat' dir='ltr'><strong>sicca</strong></span> <span class='ocrx_word' id='word_1_717' title='bbox 2842 3884 3124 3937; x_wconf 89' lang='lat' dir='ltr'><strong>vinearum</strong></span> <span class='ocrx_word' id='word_1_718' title='bbox 3166 3878 3382 3950; x_wconf 82' lang='lat' dir='ltr'><strong>ﬂagella</strong></span> <span class='ocrx_word' id='word_1_719' title='bbox 3426 3888 3677 3931; x_wconf 86' lang='lat' dir='ltr'><strong>remane-</strong></span> 
     </span>
    </p>
   </div>
   <div class='ocr_carea' id='block_1_85' title="bbox 2084 3966 3677 4041">
    <p class='ocr_par' dir='ltr' id='par_1_85' title="bbox 2084 3966 3677 4041">
     <span class='ocr_line' id='line_1_85' title="bbox 2084 3966 3677 4041; baseline -0.011 -4"><span class='ocrx_word' id='word_1_720' title='bbox 2084 3990 2227 4037; x_wconf 88' lang='lat' dir='ltr'><strong>rent.</strong></span> <span class='ocrx_word' id='word_1_721' title='bbox 2255 3980 2366 4035; x_wconf 85' lang='lat' dir='ltr'><strong>Hoc</strong></span> <span class='ocrx_word' id='word_1_722' title='bbox 2390 3990 2569 4034; x_wconf 90' lang='lat' dir='ltr'><strong>utrum</strong></span> <span class='ocrx_word' id='word_1_723' title='bbox 2598 3977 2797 4032; x_wconf 82' lang='lat' dir='ltr'><strong>factum</strong></span> <span class='ocrx_word' id='word_1_724' title='bbox 2828 3990 2929 4031; x_wconf 90' lang='lat' dir='ltr'><strong>nec</strong></span> <span class='ocrx_word' id='word_1_725' title='bbox 2952 3990 3021 4030; x_wconf 92' lang='lat' dir='ltr'><strong>ne</strong></span> <span class='ocrx_word' id='word_1_726' title='bbox 3048 3974 3142 4039; x_wconf 92' lang='lat' dir='ltr'><strong>sit,</strong></span> <span class='ocrx_word' id='word_1_727' title='bbox 3177 3970 3384 4041; x_wconf 88' lang='lat' dir='ltr'><strong>liquido</strong></span> <span class='ocrx_word' id='word_1_728' title='bbox 3406 3966 3677 4022; x_wconf 83' lang='lat' dir='ltr'><strong>afﬁrmare</strong></span> 
     </span>
    </p>
   </div>
   <div class='ocr_carea' id='block_1_86' title="bbox 2086 4062 3670 4145">
    <p class='ocr_par' dir='ltr' id='par_1_86' title="bbox 2086 4062 3670 4145">
     <span class='ocr_line' id='line_1_86' title="bbox 2086 4062 3670 4145; baseline -0.01 -16"><span class='ocrx_word' id='word_1_729' title='bbox 2086 4090 2193 4129; x_wconf 90' lang='lat' dir='ltr'><strong>non</strong></span> <span class='ocrx_word' id='word_1_730' title='bbox 2224 4086 2559 4145; x_wconf 89' lang='lat' dir='ltr'><strong>possumus:</strong></span> <span class='ocrx_word' id='word_1_731' title='bbox 2593 4085 2769 4141; x_wconf 90' lang='lat' dir='ltr'><strong>neque</strong></span> <span class='ocrx_word' id='word_1_732' title='bbox 2809 4069 2957 4125; x_wconf 91' lang='lat' dir='ltr'><strong>enim</strong></span> <span class='ocrx_word' id='word_1_733' title='bbox 2991 4068 3193 4137; x_wconf 80' lang='lat' dir='ltr'><strong>Regum</strong></span> <span class='ocrx_word' id='word_1_734' title='bbox 3225 4074 3281 4120; x_wconf 90' lang='lat' dir='ltr'><strong>et</strong></span> <span class='ocrx_word' id='word_1_735' title='bbox 3306 4062 3670 4132; x_wconf 87' lang='lat' dir='ltr'><strong>Paralipome-</strong></span> 
     </span>
    </p>
   </div>
   <div class='ocr_carea' id='block_1_87' title="bbox 2088 4152 3676 4233">
    <p class='ocr_par' dir='ltr' id='par_1_87' title="bbox 2088 4152 3676 4233">
     <span class='ocr_line' id='line_1_87' title="bbox 2088 4152 3676 4233; baseline -0.01 -12"><span class='ocrx_word' id='word_1_736' title='bbox 2088 4183 2193 4222; x_wconf 92' lang='lat' dir='ltr'><strong>non</strong></span> <span class='ocrx_word' id='word_1_737' title='bbox 2229 4175 2413 4220; x_wconf 88' lang='lat' dir='ltr'><strong>narrat</strong></span> <span class='ocrx_word' id='word_1_738' title='bbox 2447 4162 2680 4219; x_wconf 88' lang='lat' dir='ltr'><strong>ltistoria</strong></span> <span class='ocrx_word' id='word_1_739' title='bbox 2712 4160 2811 4233; x_wconf 88' lang='lat' dir='ltr'><strong>(lli</strong></span> <span class='ocrx_word' id='word_1_740' title='bbox 2845 4161 2976 4231; x_wconf 85' lang='lat' dir='ltr'><strong>Reg.</strong></span> <span class='ocrx_word' id='word_1_741' title='bbox 3020 4161 3191 4229; x_wconf 75' lang='lat' dir='ltr'><strong>XVII).</strong></span> <span class='ocrx_word' id='word_1_742' title='bbox 3225 4155 3379 4224; x_wconf 86' lang='lat' dir='ltr'><strong>Quod</strong></span> <span class='ocrx_word' id='word_1_743' title='bbox 3411 4155 3601 4222; x_wconf 90' lang='lat' dir='ltr'><strong>utique</strong></span> <span class='ocrx_word' id='word_1_744' title='bbox 3633 4152 3676 4205; x_wconf 92' lang='lat' dir='ltr'><strong>si</strong></span> 
     </span>
    </p>
   </div>
   <div class='ocr_carea' id='block_1_88' title="bbox 2087 4249 3679 4326">
    <p class='ocr_par' dir='ltr' id='par_1_88' title="bbox 2087 4249 3679 4326">
     <span class='ocr_line' id='line_1_88' title="bbox 2087 4249 3679 4326; baseline -0.009 -13"><span class='ocrx_word' id='word_1_745' title='bbox 2087 4259 2299 4322; x_wconf 87' lang='lat' dir='ltr'><strong>fuisset,</strong></span> <span class='ocrx_word' id='word_1_746' title='bbox 2331 4255 2604 4326; x_wconf 89' lang='lat' dir='ltr'><strong>quomodo</strong></span> <span class='ocrx_word' id='word_1_747' title='bbox 2640 4253 2835 4309; x_wconf 88' lang='lat' dir='ltr'><strong>famem</strong></span> <span class='ocrx_word' id='word_1_748' title='bbox 2860 4252 2963 4307; x_wconf 87' lang='lat' dir='ltr'><strong>sub</strong></span> <span class='ocrx_word' id='word_1_749' title='bbox 2991 4251 3106 4305; x_wconf 89' lang='lat' dir='ltr'><strong>Elia</strong></span> <span class='ocrx_word' id='word_1_750' title='bbox 3139 4249 3301 4303; x_wconf 91' lang='lat' dir='ltr'><strong>trium</strong></span> <span class='ocrx_word' id='word_1_751' title='bbox 3327 4259 3594 4302; x_wconf 92' lang='lat' dir='ltr'><strong>annorum</strong></span> <span class='ocrx_word' id='word_1_752' title='bbox 3626 4254 3679 4299; x_wconf 89' lang='lat' dir='ltr'><strong>et</strong></span> 
     </span>
    </p>
   </div>
   <div class='ocr_carea' id='block_1_89' title="bbox 2086 4338 3675 4417">
    <p class='ocr_par' dir='ltr' id='par_1_89' title="bbox 2086 4338 3675 4417">
     <span class='ocr_line' id='line_1_89' title="bbox 2086 4338 3675 4417; baseline -0.008 -14"><span class='ocrx_word' id='word_1_753' title='bbox 2086 4364 2180 4405; x_wconf 81' lang='lat' dir='ltr'><strong>sex</strong></span> <span class='ocrx_word' id='word_1_754' title='bbox 2206 4348 2473 4404; x_wconf 87' lang='lat' dir='ltr'><strong>mensium</strong></span> <span class='ocrx_word' id='word_1_755' title='bbox 2500 4348 2749 4417; x_wconf 83' lang='lat' dir='ltr'><strong>legimus,</strong></span> <span class='ocrx_word' id='word_1_756' title='bbox 2776 4358 3066 4414; x_wconf 86' lang='lat' dir='ltr'><strong>numquam</strong></span> <span class='ocrx_word' id='word_1_757' title='bbox 3091 4342 3370 4409; x_wconf 87' lang='lat' dir='ltr'><strong>Scriptura</strong></span> <span class='ocrx_word' id='word_1_758' title='bbox 3398 4338 3675 4393; x_wconf 83' lang='lat' dir='ltr'><strong>tacuisset.</strong></span> 
     </span>
    </p>
   </div>
   <div class='ocr_carea' id='block_1_90' title="bbox 2088 4434 3676 4509">
    <p class='ocr_par' dir='ltr' id='par_1_90' title="bbox 2088 4434 3676 4509">
     <span class='ocr_line' id='line_1_90' title="bbox 2088 4434 3676 4509; baseline -0.008 -13"><span class='ocrx_word' id='word_1_759' title='bbox 2088 4442 2317 4496; x_wconf 86' lang='lat' dir='ltr'><strong>Tantum</strong></span> <span class='ocrx_word' id='word_1_760' title='bbox 2360 4440 2617 4506; x_wconf 88' lang='lat' dir='ltr'><strong>dicimus,</strong></span> <span class='ocrx_word' id='word_1_761' title='bbox 2649 4437 2792 4509; x_wconf 90' lang='lat' dir='ltr'><strong>quod</strong></span> <span class='ocrx_word' id='word_1_762' title='bbox 2838 4437 2941 4493; x_wconf 91' lang='lat' dir='ltr'><strong>sub</strong></span> <span class='ocrx_word' id='word_1_763' title='bbox 2969 4434 3287 4502; x_wconf 88' lang='lat' dir='ltr'><strong>metaphora</strong></span> <span class='ocrx_word' id='word_1_764' title='bbox 3321 4434 3676 4495; x_wconf 88' lang='lat' dir='ltr'><strong>locustarum,</strong></span> 
     </span>
    </p>
   </div>
   <div class='ocr_carea' id='block_1_91' title="bbox 2088 4525 3687 4592">
    <p class='ocr_par' dir='ltr' id='par_1_91' title="bbox 2088 4525 3687 4592">
     <span class='ocr_line' id='line_1_91' title="bbox 2088 4525 3687 4592; baseline -0.01 -2"><span class='ocrx_word' id='word_1_765' title='bbox 2088 4535 2331 4591; x_wconf 89' lang='lat' dir='ltr'><strong>hostium</strong></span> <span class='ocrx_word' id='word_1_766' title='bbox 2364 4534 2709 4589; x_wconf 89' lang='lat' dir='ltr'><strong>describatur</strong></span> <span class='ocrx_word' id='word_1_767' title='bbox 2750 4531 3039 4591; x_wconf 83' lang='lat' dir='ltr'><strong>adventus,</strong></span> <span class='ocrx_word' id='word_1_768' title='bbox 3086 4527 3201 4580; x_wconf 89' lang='lat' dir='ltr'><strong>sive</strong></span> <span class='ocrx_word' id='word_1_769' title='bbox 3230 4525 3581 4592; x_wconf 80' lang='lat' dir='ltr'><strong>Assyriorum</strong></span> <span class='ocrx_word' id='word_1_770' title='bbox 3630 4532 3687 4575; x_wconf 89' lang='lat' dir='ltr'><strong>et</strong></span> 
     </span>
    </p>
   </div>
   <div class='ocr_carea' id='block_1_92' title="bbox 388 4603 3680 4699">
    <p class='ocr_par' dir='ltr' id='par_1_92' title="bbox 388 4603 3680 4699">
     <span class='ocr_line' id='line_1_92' title="bbox 388 4603 3680 4699; baseline -0.004 -22"><span class='ocrx_word' id='word_1_771' title='bbox 388 4632 415 4659; x_wconf 72' lang='grc' dir='ltr'>α</span> <span class='ocrx_word' id='word_1_772' title='bbox 457 4620 697 4691; x_wconf 87' lang='lat' dir='ltr'><strong>cogitare</strong></span> <span class='ocrx_word' id='word_1_773' title='bbox 740 4620 1026 4690; x_wconf 88' lang='lat' dir='ltr'><strong>permittit.</strong></span> <span class='ocrx_word' id='word_1_774' title='bbox 1081 4620 1276 4674; x_wconf 87' lang='lat' dir='ltr'><strong>Annon</strong></span> <span class='ocrx_word' id='word_1_775' title='bbox 1323 4630 1406 4673; x_wconf 90' lang='lat' dir='ltr'><strong>est</strong></span> <span class='ocrx_word' id='word_1_776' title='bbox 1453 4618 1677 4673; x_wconf 88' lang='lat' dir='ltr'><strong>dicenda</strong></span> <span class='ocrx_word' id='word_1_777' title='bbox 1720 4620 1980 4687; x_wconf 87' lang='lat' dir='ltr'><strong>ebrietas,</strong></span> <span class='ocrx_word' id='word_1_778' title='bbox 2010 4603 2065 4662; x_wconf 81' lang='grc' dir='ltr'>Ῑ)</span> <span class='ocrx_word' id='word_1_779' title='bbox 2091 4627 2537 4699; x_wconf 84' lang='lat' dir='ltr'><strong>Babyloniorum,</strong></span> <span class='ocrx_word' id='word_1_780' title='bbox 2561 4626 2650 4694; x_wconf 88' lang='lat' dir='ltr'><strong>qui</strong></span> <span class='ocrx_word' id='word_1_781' title='bbox 2690 4632 2820 4677; x_wconf 92' lang='lat' dir='ltr'><strong>tunc</strong></span> <span class='ocrx_word' id='word_1_782' title='bbox 2844 4618 3379 4675; x_wconf 77' lang='lat' dir='ltr'><strong>imminebantzsive</strong></span> <span class='ocrx_word' id='word_1_783' title='bbox 3398 4615 3680 4671; x_wconf 87' lang='lat' dir='ltr'><strong>Medorum</strong></span> 
     </span>
    </p>
   </div>
   <div class='ocr_carea' id='block_1_93' title="bbox 386 4712 1985 4785">
    <p class='ocr_par' dir='ltr' id='par_1_93' title="bbox 386 4712 1985 4785">
     <span class='ocr_line' id='line_1_93' title="bbox 386 4712 1985 4785; baseline -0.004 -14"><span class='ocrx_word' id='word_1_784' title='bbox 386 4731 509 4772; x_wconf 91' lang='lat' dir='ltr'><strong>cum</strong></span> <span class='ocrx_word' id='word_1_785' title='bbox 545 4726 764 4785; x_wconf 90' lang='lat' dir='ltr'><strong>propter</strong></span> <span class='ocrx_word' id='word_1_786' title='bbox 794 4712 899 4767; x_wconf 91' lang='lat' dir='ltr'><strong>vile</strong></span> <span class='ocrx_word' id='word_1_787' title='bbox 930 4722 1197 4779; x_wconf 86' lang='lat' dir='ltr'><strong>scortum,</strong></span> <span class='ocrx_word' id='word_1_788' title='bbox 1235 4721 1290 4767; x_wconf 90' lang='lat' dir='ltr'><strong>et</strong></span> <span class='ocrx_word' id='word_1_789' title='bbox 1318 4712 1738 4782; x_wconf 87' lang='lat' dir='ltr'><strong>ignominiosam</strong></span> <span class='ocrx_word' id='word_1_790' title='bbox 1782 4727 1985 4781; x_wconf 91' lang='lat' dir='ltr'><strong>corpo-</strong></span> 
     </span>
    </p>
   </div>
   <div class='ocr_carea' id='block_1_94' title="bbox 390 4802 1986 4877">
    <p class='ocr_par' dir='ltr' id='par_1_94' title="bbox 390 4802 1986 4877">
     <span class='ocr_line' id='line_1_94' title="bbox 390 4802 1986 4877; baseline -0.004 -14"><span class='ocrx_word' id='word_1_791' title='bbox 390 4809 467 4863; x_wconf 89' lang='lat' dir='ltr'><strong>ris</strong></span> <span class='ocrx_word' id='word_1_792' title='bbox 496 4818 728 4877; x_wconf 88' lang='lat' dir='ltr'><strong>partem,</strong></span> <span class='ocrx_word' id='word_1_793' title='bbox 752 4807 951 4860; x_wconf 72' lang='lat' dir='ltr'><strong>anima:</strong></span> <span class='ocrx_word' id='word_1_794' title='bbox 977 4804 1197 4859; x_wconf 88' lang='lat' dir='ltr'><strong>libertas</strong></span> <span class='ocrx_word' id='word_1_795' title='bbox 1231 4804 1285 4857; x_wconf 91' lang='lat' dir='ltr'><strong>in</strong></span> <span class='ocrx_word' id='word_1_796' title='bbox 1316 4802 1545 4858; x_wconf 87' lang='lat' dir='ltr'><strong>serviles</strong></span> <span class='ocrx_word' id='word_1_797' title='bbox 1585 4803 1875 4858; x_wconf 87' lang='lat' dir='ltr'><strong>blanditias</strong></span> <span class='ocrx_word' id='word_1_798' title='bbox 1899 4804 1986 4857; x_wconf 89' lang='lat' dir='ltr'><strong>in-</strong></span> 
     </span>
    </p>
   </div>
   <div class='ocr_carea' id='block_1_95' title="bbox 390 4894 1991 4956">
    <p class='ocr_par' dir='ltr' id='par_1_95' title="bbox 390 4894 1991 4956">
     <span class='ocr_line' id='line_1_95' title="bbox 390 4894 1991 4956; baseline -0.004 0"><span class='ocrx_word' id='word_1_799' title='bbox 390 4900 673 4956; x_wconf 90' lang='lat' dir='ltr'><strong>clinatur?</strong></span> <span class='ocrx_word' id='word_1_800' title='bbox 700 4914 823 4955; x_wconf 88' lang='lat' dir='ltr'><strong>cum</strong></span> <span class='ocrx_word' id='word_1_801' title='bbox 846 4897 1086 4951; x_wconf 88' lang='lat' dir='ltr'><strong>laborem</strong></span> <span class='ocrx_word' id='word_1_802' title='bbox 1112 4910 1269 4950; x_wconf 92' lang='lat' dir='ltr'><strong>suum</strong></span> <span class='ocrx_word' id='word_1_803' title='bbox 1295 4895 1523 4949; x_wconf 90' lang='lat' dir='ltr'><strong>alterius</strong></span> <span class='ocrx_word' id='word_1_804' title='bbox 1549 4894 1679 4949; x_wconf 89' lang='lat' dir='ltr'><strong>facit</strong></span> <span class='ocrx_word' id='word_1_805' title='bbox 1703 4910 1827 4948; x_wconf 86' lang='lat' dir='ltr'><strong>esse</strong></span> <span class='ocrx_word' id='word_1_806' title='bbox 1855 4894 1991 4950; x_wconf 89' lang='lat' dir='ltr'><strong>deli-</strong></span> 
     </span>
    </p>
   </div>
   <div class='ocr_carea' id='block_1_96' title="bbox 389 4987 1989 5058">
    <p class='ocr_par' dir='ltr' id='par_1_96' title="bbox 389 4987 1989 5058">
     <span class='ocr_line' id='line_1_96' title="bbox 389 4987 1989 5058; baseline -0.003 -9"><span class='ocrx_word' id='word_1_807' title='bbox 389 4992 539 5049; x_wconf 84' lang='lat' dir='ltr'><strong>cias?</strong></span> <span class='ocrx_word' id='word_1_808' title='bbox 568 5008 690 5048; x_wconf 92' lang='lat' dir='ltr'><strong>cum</strong></span> <span class='ocrx_word' id='word_1_809' title='bbox 712 4991 881 5058; x_wconf 83' lang='lat' dir='ltr'><strong>furto,</strong></span> <span class='ocrx_word' id='word_1_810' title='bbox 907 4989 1134 5054; x_wconf 86' lang='lat' dir='ltr'><strong>scelere,</strong></span> <span class='ocrx_word' id='word_1_811' title='bbox 1155 4998 1319 5058; x_wconf 90' lang='lat' dir='ltr'><strong>atque</strong></span> <span class='ocrx_word' id='word_1_812' title='bbox 1340 4987 1611 5057; x_wconf 90' lang='lat' dir='ltr'><strong>perjuriis,</strong></span> <span class='ocrx_word' id='word_1_813' title='bbox 1637 5000 1770 5058; x_wconf 83' lang='lat' dir='ltr'><strong>Opes</strong></span> <span class='ocrx_word' id='word_1_814' title='bbox 1792 4987 1989 5044; x_wconf 83' lang='lat' dir='ltr'><strong>futurae</strong></span> 
     </span>
    </p>
   </div>
   <div class='ocr_carea' id='block_1_97' title="bbox 389 5079 1987 5155">
    <p class='ocr_par' dir='ltr' id='par_1_97' title="bbox 389 5079 1987 5155">
     <span class='ocr_line' id='line_1_97' title="bbox 389 5079 1987 5155; baseline -0.004 -15"><span class='ocrx_word' id='word_1_815' title='bbox 389 5092 659 5155; x_wconf 61' lang='lat' dir='ltr'><strong>praeparet</strong></span> <span class='ocrx_word' id='word_1_816' title='bbox 684 5082 1019 5153; x_wconf 84' lang='lat' dir='ltr'><strong>voluptatis?</strong></span> <span class='ocrx_word' id='word_1_817' title='bbox 1050 5090 1105 5136; x_wconf 89' lang='lat' dir='ltr'><strong>et</strong></span> <span class='ocrx_word' id='word_1_818' title='bbox 1153 5095 1276 5136; x_wconf 91' lang='lat' dir='ltr'><strong>cum</strong></span> <span class='ocrx_word' id='word_1_819' title='bbox 1312 5079 1563 5135; x_wconf 88' lang='lat' dir='ltr'><strong>videatur</strong></span> <span class='ocrx_word' id='word_1_820' title='bbox 1602 5081 1671 5133; x_wconf 90' lang='lat' dir='ltr'><strong>ab</strong></span> <span class='ocrx_word' id='word_1_821' title='bbox 1709 5082 1987 5148; x_wconf 90' lang='lat' dir='ltr'><strong>omnibus,</strong></span> 
     </span>
    </p>
   </div>
   <div class='ocr_carea' id='block_1_98' title="bbox 389 5172 1988 5244">
    <p class='ocr_par' dir='ltr' id='par_1_98' title="bbox 389 5172 1988 5244">
     <span class='ocr_line' id='line_1_98' title="bbox 389 5172 1988 5244; baseline -0.003 -11"><span class='ocrx_word' id='word_1_822' title='bbox 389 5194 449 5233; x_wconf 92' lang='lat' dir='ltr'><strong>se</strong></span> <span class='ocrx_word' id='word_1_823' title='bbox 476 5177 757 5233; x_wconf 77' lang='lat' dir='ltr'><strong>existimat</strong></span> <span class='ocrx_word' id='word_1_824' title='bbox 787 5190 893 5230; x_wconf 90' lang='lat' dir='ltr'><strong>non</strong></span> <span class='ocrx_word' id='word_1_825' title='bbox 925 5174 1096 5229; x_wconf 86' lang='lat' dir='ltr'><strong>videri</strong></span> <span class='ocrx_word' id='word_1_826' title='bbox 1133 5191 1145 5228; x_wconf 89' lang='lat'><strong>:</strong></span> <span class='ocrx_word' id='word_1_827' title='bbox 1175 5172 1475 5229; x_wconf 89' lang='lat' dir='ltr'><strong>dummodo</strong></span> <span class='ocrx_word' id='word_1_828' title='bbox 1497 5174 1738 5244; x_wconf 93' lang='lat' dir='ltr'><strong>potiatur</strong></span> <span class='ocrx_word' id='word_1_829' title='bbox 1757 5188 1825 5229; x_wconf 89' lang='lat' dir='ltr'><strong>eo</strong></span> <span class='ocrx_word' id='word_1_830' title='bbox 1845 5174 1988 5244; x_wconf 90' lang='lat' dir='ltr'><strong>quod</strong></span> 
     </span>
    </p>
   </div>
   <div class='ocr_carea' id='block_1_99' title="bbox 389 5268 1985 5338">
    <p class='ocr_par' dir='ltr' id='par_1_99' title="bbox 389 5268 1985 5338">
     <span class='ocr_line' id='line_1_99' title="bbox 389 5268 1985 5338; baseline -0.003 -11"><span class='ocrx_word' id='word_1_831' title='bbox 389 5272 682 5327; x_wconf 88' lang='lat' dir='ltr'><strong>desiderat.</strong></span> <span class='ocrx_word' id='word_1_832' title='bbox 735 5269 843 5326; x_wconf 90' lang='lat' dir='ltr'><strong>Sed</strong></span> <span class='ocrx_word' id='word_1_833' title='bbox 874 5279 929 5324; x_wconf 89' lang='lat' dir='ltr'><strong>et</strong></span> <span class='ocrx_word' id='word_1_834' title='bbox 978 5268 1206 5324; x_wconf 88' lang='lat' dir='ltr'><strong>avaritia</strong></span> <span class='ocrx_word' id='word_1_835' title='bbox 1260 5276 1509 5323; x_wconf 76' lang='lat' dir='ltr'><strong>exczecat</strong></span> <span class='ocrx_word' id='word_1_836' title='bbox 1556 5268 1797 5322; x_wconf 92' lang='lat' dir='ltr'><strong>animum</strong></span> <span class='ocrx_word' id='word_1_837' title='bbox 1844 5268 1985 5338; x_wconf 85' lang='lat' dir='ltr'><strong>ejus,</strong></span> 
     </span>
    </p>
   </div>
   <div class='ocr_carea' id='block_1_100' title="bbox 389 5360 1987 5430">
    <p class='ocr_par' dir='ltr' id='par_1_100' title="bbox 389 5360 1987 5430">
     <span class='ocr_line' id='line_1_100' title="bbox 389 5360 1987 5430; baseline -0.001 -11"><span class='ocrx_word' id='word_1_838' title='bbox 389 5364 476 5420; x_wconf 90' lang='lat' dir='ltr'><strong>cui</strong></span> <span class='ocrx_word' id='word_1_839' title='bbox 504 5363 638 5418; x_wconf 90' lang='lat' dir='ltr'><strong>nihil</strong></span> <span class='ocrx_word' id='word_1_840' title='bbox 679 5362 811 5416; x_wconf 81' lang='lat' dir='ltr'><strong>satis</strong></span> <span class='ocrx_word' id='word_1_841' title='bbox 839 5369 923 5417; x_wconf 89' lang='lat' dir='ltr'><strong>est</strong></span> <span class='ocrx_word' id='word_1_842' title='bbox 952 5380 964 5415; x_wconf 97' lang='lat'>:</span> <span class='ocrx_word' id='word_1_843' title='bbox 994 5369 1048 5416; x_wconf 90' lang='lat' dir='ltr'><strong>et</strong></span> <span class='ocrx_word' id='word_1_844' title='bbox 1092 5360 1378 5417; x_wconf 89' lang='lat' dir='ltr'><strong>muliebris</strong></span> <span class='ocrx_word' id='word_1_845' title='bbox 1411 5361 1596 5430; x_wconf 91' lang='lat' dir='ltr'><strong>timor,</strong></span> <span class='ocrx_word' id='word_1_846' title='bbox 1643 5369 1700 5416; x_wconf 91' lang='lat' dir='ltr'><strong>et</strong></span> <span class='ocrx_word' id='word_1_847' title='bbox 1744 5360 1987 5417; x_wconf 91' lang='lat' dir='ltr'><strong>dulcium</strong></span> 
     </span>
    </p>
   </div>
   <div class='ocr_carea' id='block_1_101' title="bbox 388 5451 1988 5527">
    <p class='ocr_par' dir='ltr' id='par_1_101' title="bbox 388 5451 1988 5527">
     <span class='ocr_line' id='line_1_101' title="bbox 388 5451 1988 5527; baseline -0.001 -16"><span class='ocrx_word' id='word_1_848' title='bbox 388 5454 588 5527; x_wconf 90' lang='lat' dir='ltr'><strong>cupido</strong></span> <span class='ocrx_word' id='word_1_849' title='bbox 617 5454 898 5510; x_wconf 90' lang='lat' dir='ltr'><strong>vitiorum.</strong></span> <span class='ocrx_word' id='word_1_850' title='bbox 930 5452 1087 5510; x_wconf 87' lang='lat' dir='ltr'><strong>Unde</strong></span> <span class='ocrx_word' id='word_1_851' title='bbox 1132 5452 1328 5510; x_wconf 91' lang='lat' dir='ltr'><strong>dicitur</strong></span> <span class='ocrx_word' id='word_1_852' title='bbox 1370 5451 1438 5508; x_wconf 89' lang='lat' dir='ltr'><strong>ad</strong></span> <span class='ocrx_word' id='word_1_853' title='bbox 1481 5467 1617 5509; x_wconf 89' lang='lat' dir='ltr'><strong>eos:</strong></span> <span class='ocrx_word' id='word_1_854' title='bbox 1648 5451 1907 5523; x_wconf 88' lang='lat' dir='ltr'><strong>Evigilate</strong></span> <span class='ocrx_word' id='word_1_855' title='bbox 1940 5465 1988 5510; x_wconf 87' lang='lat' dir='ltr'><strong>ct</strong></span> 
     </span>
    </p>
   </div>
   <div class='ocr_carea' id='block_1_102' title="bbox 450 5606 1986 5696">
    <p class='ocr_par' dir='ltr' id='par_1_102' title="bbox 450 5606 1986 5696">
     <span class='ocr_line' id='line_1_102' title="bbox 450 5606 1986 5696; baseline -0.001 -31"><span class='ocrx_word' id='word_1_856' title='bbox 450 5621 488 5696; x_wconf 57' lang='grc' dir='ltr'><em>ἐξ</em></span> <span class='ocrx_word' id='word_1_857' title='bbox 515 5611 648 5696; x_wconf 42' lang='lat' dir='ltr'><strong>.Duo</strong></span> <span class='ocrx_word' id='word_1_858' title='bbox 685 5608 934 5679; x_wconf 88' lang='lat' dir='ltr'><strong>Palatini,</strong></span> <span class='ocrx_word' id='word_1_859' title='bbox 978 5608 1114 5680; x_wconf 89' lang='lat' dir='ltr'><strong>quod</strong></span> <span class='ocrx_word' id='word_1_860' title='bbox 1153 5615 1290 5662; x_wconf 90' lang='lat' dir='ltr'><strong>amat</strong></span> <span class='ocrx_word' id='word_1_861' title='bbox 1332 5614 1379 5662; x_wconf 89' lang='lat' dir='ltr'><strong>et</strong></span> <span class='ocrx_word' id='word_1_862' title='bbox 1411 5606 1622 5678; x_wconf 86' lang='lat' dir='ltr'><strong>cogitat,</strong></span> <span class='ocrx_word' id='word_1_863' title='bbox 1663 5606 1834 5663; x_wconf 87' lang='lat' dir='ltr'><strong>videre</strong></span> <span class='ocrx_word' id='word_1_864' title='bbox 1864 5623 1986 5680; x_wconf 86' lang='lat' dir='ltr'><strong>per-</strong></span> 
     </span>
    </p>
   </div>
   <div class='ocr_carea' id='block_1_103' title="bbox 389 5691 1979 5823">
    <p class='ocr_par' dir='ltr' id='par_1_103' title="bbox 389 5691 1979 5823">
     <span class='ocr_line' id='line_1_103' title="bbox 389 5691 1979 5823; baseline 0 -13"><span class='ocrx_word' id='word_1_865' title='bbox 389 5691 727 5810; x_wconf 47' lang='lat' dir='ltr'><strong>m‘gulieerat</strong></span> <span class='ocrx_word' id='word_1_866' title='bbox 750 5766 855 5807; x_wconf 83' lang='lat' dir='ltr'><strong>vox</strong></span> <span class='ocrx_word' id='word_1_867' title='bbox 894 5768 1081 5819; x_wconf 84' lang='lat' dir='ltr'><strong>meant,</strong></span> <span class='ocrx_word' id='word_1_868' title='bbox 1117 5766 1241 5823; x_wconf 64' lang='lat' dir='ltr'><strong>quae</strong></span> <span class='ocrx_word' id='word_1_869' title='bbox 1280 5751 1413 5808; x_wconf 89' lang='lat' dir='ltr'><strong>etin</strong></span> <span class='ocrx_word' id='word_1_870' title='bbox 1458 5751 1652 5810; x_wconf 64' lang='lat' dir='ltr'><strong>Grieco</strong></span> <span class='ocrx_word' id='word_1_871' title='bbox 1696 5759 1781 5810; x_wconf 87' lang='lat' dir='ltr'><strong>est</strong></span> <span class='ocrx_word' id='word_1_872' title='bbox 1809 5760 1979 5820; x_wconf 76' lang='lat' dir='ltr'><strong>textu,</strong></span> 
     </span>
    </p>
   </div>
   <div class='ocr_carea' id='block_1_104' title="bbox 392 5824 921 5886">
    <p class='ocr_par' dir='ltr' id='par_1_104' title="bbox 392 5824 921 5886">
     <span class='ocr_line' id='line_1_104' title="bbox 392 5824 921 5886; baseline -0.011 -1"><span class='ocrx_word' id='word_1_873' title='bbox 392 5837 447 5885; x_wconf 80' lang='lat' dir='ltr'><strong>et</strong></span> <span class='ocrx_word' id='word_1_874' title='bbox 473 5829 530 5886; x_wconf 92' lang='lat' dir='ltr'><strong>in</strong></span> <span class='ocrx_word' id='word_1_875' title='bbox 554 5824 758 5883; x_wconf 87' lang='lat' dir='ltr'><strong>nostris</strong></span> <span class='ocrx_word' id='word_1_876' title='bbox 790 5838 921 5880; x_wconf 73' lang='lat' dir='ltr'><strong>mss.</strong></span> 
     </span>
    </p>
   </div>
   <div class='ocr_carea' id='block_1_105' title="bbox 2089 4707 3684 4791">
    <p class='ocr_par' dir='ltr' id='par_1_105' title="bbox 2089 4707 3684 4791">
     <span class='ocr_line' id='line_1_105' title="bbox 2089 4707 3684 4791; baseline -0.009 -16"><span class='ocrx_word' id='word_1_877' title='bbox 2089 4731 2253 4791; x_wconf 89' lang='lat' dir='ltr'><strong>atque</strong></span> <span class='ocrx_word' id='word_1_878' title='bbox 2282 4719 2595 4783; x_wconf 88' lang='lat' dir='ltr'><strong>Persarum,</strong></span> <span class='ocrx_word' id='word_1_879' title='bbox 2641 4716 2730 4785; x_wconf 90' lang='lat' dir='ltr'><strong>qui</strong></span> <span class='ocrx_word' id='word_1_880' title='bbox 2764 4723 2885 4784; x_wconf 92' lang='lat' dir='ltr'><strong>post</strong></span> <span class='ocrx_word' id='word_1_881' title='bbox 2914 4713 3075 4766; x_wconf 91' lang='lat' dir='ltr'><strong>futuri</strong></span> <span class='ocrx_word' id='word_1_882' title='bbox 3117 4720 3274 4765; x_wconf 91' lang='lat' dir='ltr'><strong>erant</strong></span> <span class='ocrx_word' id='word_1_883' title='bbox 3305 4729 3318 4764; x_wconf 90' lang='lat'><strong>:</strong></span> <span class='ocrx_word' id='word_1_884' title='bbox 3360 4710 3479 4764; x_wconf 90' lang='lat' dir='ltr'><strong>sive</strong></span> <span class='ocrx_word' id='word_1_885' title='bbox 3508 4707 3684 4763; x_wconf 82' lang='lat' dir='ltr'><strong>Mace-</strong></span> 
     </span>
    </p>
   </div>
   <div class='ocr_carea' id='block_1_106' title="bbox 2091 4800 3688 4881">
    <p class='ocr_par' dir='ltr' id='par_1_106' title="bbox 2091 4800 3688 4881">
     <span class='ocr_line' id='line_1_106' title="bbox 2091 4800 3688 4881; baseline -0.01 -14"><span class='ocrx_word' id='word_1_886' title='bbox 2091 4813 2313 4876; x_wconf 89' lang='lat' dir='ltr'><strong>donum,</strong></span> <span class='ocrx_word' id='word_1_887' title='bbox 2337 4825 2473 4881; x_wconf 92' lang='lat' dir='ltr'><strong>quos</strong></span> <span class='ocrx_word' id='word_1_888' title='bbox 2497 4809 2665 4863; x_wconf 92' lang='lat' dir='ltr'><strong>multo</strong></span> <span class='ocrx_word' id='word_1_889' title='bbox 2688 4818 2937 4876; x_wconf 88' lang='lat' dir='ltr'><strong>tempore</strong></span> <span class='ocrx_word' id='word_1_890' title='bbox 2966 4814 3084 4874; x_wconf 89' lang='lat' dir='ltr'><strong>post</strong></span> <span class='ocrx_word' id='word_1_891' title='bbox 3108 4803 3276 4858; x_wconf 87' lang='lat' dir='ltr'><strong>fuisse</strong></span> <span class='ocrx_word' id='word_1_892' title='bbox 3301 4800 3688 4873; x_wconf 85' lang='lat' dir='ltr'><strong>cognovimus:</strong></span> 
     </span>
    </p>
   </div>
   <div class='ocr_carea' id='block_1_107' title="bbox 2092 4890 3679 4969">
    <p class='ocr_par' dir='ltr' id='par_1_107' title="bbox 2092 4890 3679 4969">
     <span class='ocr_line' id='line_1_107' title="bbox 2092 4890 3679 4969; baseline -0.009 -11"><span class='ocrx_word' id='word_1_893' title='bbox 2092 4908 2210 4959; x_wconf 90' lang='lat' dir='ltr'><strong>sive</strong></span> <span class='ocrx_word' id='word_1_894' title='bbox 2238 4902 2432 4957; x_wconf 89' lang='lat' dir='ltr'><strong>ultimo</strong></span> <span class='ocrx_word' id='word_1_895' title='bbox 2458 4901 2855 4962; x_wconf 81' lang='lat' dir='ltr'><strong>Romanorum,</strong></span> <span class='ocrx_word' id='word_1_896' title='bbox 2893 4899 2963 4951; x_wconf 89' lang='lat' dir='ltr'><strong>de</strong></span> <span class='ocrx_word' id='word_1_897' title='bbox 2994 4896 3195 4969; x_wconf 86' lang='lat' dir='ltr'><strong>quibus</strong></span> <span class='ocrx_word' id='word_1_898' title='bbox 3224 4908 3386 4964; x_wconf 91' lang='lat' dir='ltr'><strong>supra</strong></span> <span class='ocrx_word' id='word_1_899' title='bbox 3418 4890 3679 4947; x_wconf 78' lang='lat' dir='ltr'><strong>diximus.</strong></span> 
     </span>
    </p>
   </div>
   <div class='ocr_carea' id='block_1_108' title="bbox 2092 4985 3682 5065">
    <p class='ocr_par' dir='ltr' id='par_1_108' title="bbox 2092 4985 3682 5065">
     <span class='ocr_line' id='line_1_108' title="bbox 2092 4985 3682 5065; baseline -0.01 -12"><span class='ocrx_word' id='word_1_900' title='bbox 2092 4998 2243 5053; x_wconf 88' lang='lat' dir='ltr'><strong>Licet</strong></span> <span class='ocrx_word' id='word_1_901' title='bbox 2269 5012 2412 5051; x_wconf 90' lang='lat' dir='ltr'><strong>nunc</strong></span> <span class='ocrx_word' id='word_1_902' title='bbox 2442 4995 2599 5049; x_wconf 90' lang='lat' dir='ltr'><strong>nobis</strong></span> <span class='ocrx_word' id='word_1_903' title='bbox 2632 4995 2801 5064; x_wconf 87' lang='lat' dir='ltr'><strong>magis</strong></span> <span class='ocrx_word' id='word_1_904' title='bbox 2835 4992 2991 5065; x_wconf 78' lang='lat'><strong>175</strong></span> <span class='ocrx_word' id='word_1_905' title='bbox 3020 4991 3088 5047; x_wconf 91' lang='lat' dir='ltr'><strong>de</strong></span> <span class='ocrx_word' id='word_1_906' title='bbox 3122 4988 3445 5062; x_wconf 86' lang='lat' dir='ltr'><strong>Babyloniis</strong></span> <span class='ocrx_word' id='word_1_907' title='bbox 3472 4986 3576 5041; x_wconf 90' lang='lat' dir='ltr'><strong>dici</strong></span> <span class='ocrx_word' id='word_1_908' title='bbox 3606 4985 3682 5037; x_wconf 80' lang='lat' dir='ltr'><strong>\i-</strong></span> 
     </span>
    </p>
   </div>
   <div class='ocr_carea' id='block_1_109' title="bbox 2088 5080 3683 5157">
    <p class='ocr_par' dir='ltr' id='par_1_109' title="bbox 2088 5080 3683 5157">
     <span class='ocr_line' id='line_1_109' title="bbox 2088 5080 3683 5157; baseline -0.009 -14"><span class='ocrx_word' id='word_1_909' title='bbox 2088 5088 2282 5145; x_wconf 88' lang='lat' dir='ltr'><strong>deatur</strong></span> <span class='ocrx_word' id='word_1_910' title='bbox 2314 5097 2479 5157; x_wconf 89' lang='lat' dir='ltr'><strong>atque</strong></span> <span class='ocrx_word' id='word_1_911' title='bbox 2506 5085 2802 5154; x_wconf 68' lang='lat' dir='ltr'><strong>Chaldaeis,</strong></span> <span class='ocrx_word' id='word_1_912' title='bbox 2833 5099 3064 5154; x_wconf 90' lang='lat' dir='ltr'><strong>quorum</strong></span> <span class='ocrx_word' id='word_1_913' title='bbox 3095 5081 3395 5138; x_wconf 88' lang='lat' dir='ltr'><strong>crudelitas</strong></span> <span class='ocrx_word' id='word_1_914' title='bbox 3430 5080 3486 5134; x_wconf 90' lang='lat' dir='ltr'><strong>in</strong></span> <span class='ocrx_word' id='word_1_915' title='bbox 3512 5091 3683 5148; x_wconf 83' lang='lat' dir='ltr'><strong>popu-</strong></span> 
     </span>
    </p>
   </div>
   <div class='ocr_carea' id='block_1_110' title="bbox 2090 5170 3681 5250">
    <p class='ocr_par' dir='ltr' id='par_1_110' title="bbox 2090 5170 3681 5250">
     <span class='ocr_line' id='line_1_110' title="bbox 2090 5170 3681 5250; baseline -0.009 -12"><span class='ocrx_word' id='word_1_916' title='bbox 2090 5184 2202 5241; x_wconf 89' lang='lat' dir='ltr'><strong>lum</strong></span> <span class='ocrx_word' id='word_1_917' title='bbox 2230 5182 2324 5238; x_wconf 91' lang='lat' dir='ltr'><strong>Dei</strong></span> <span class='ocrx_word' id='word_1_918' title='bbox 2350 5180 2647 5250; x_wconf 73' lang='lat' dir='ltr'><strong>t‘eritasque</strong></span> <span class='ocrx_word' id='word_1_919' title='bbox 2677 5179 3005 5233; x_wconf 91' lang='lat' dir='ltr'><strong>describitur</strong></span> <span class='ocrx_word' id='word_1_920' title='bbox 3038 5195 3051 5231; x_wconf 90' lang='lat'>:</span> <span class='ocrx_word' id='word_1_921' title='bbox 3084 5185 3158 5239; x_wconf 93' lang='lat' dir='ltr'><strong>et,</strong></span> <span class='ocrx_word' id='word_1_922' title='bbox 3188 5176 3242 5230; x_wconf 91' lang='lat' dir='ltr'><strong>ni</strong></span> <span class='ocrx_word' id='word_1_923' title='bbox 3277 5173 3463 5238; x_wconf 89' lang='lat' dir='ltr'><strong>fallor,</strong></span> <span class='ocrx_word' id='word_1_924' title='bbox 3490 5170 3681 5225; x_wconf 89' lang='lat' dir='ltr'><strong>videor</strong></span> 
     </span>
    </p>
   </div>
   <div class='ocr_carea' id='block_1_111' title="bbox 2092 5263 3683 5343">
    <p class='ocr_par' dir='ltr' id='par_1_111' title="bbox 2092 5263 3683 5343">
     <span class='ocr_line' id='line_1_111' title="bbox 2092 5263 3683 5343; baseline -0.009 -13"><span class='ocrx_word' id='word_1_925' title='bbox 2092 5275 2223 5330; x_wconf 88' lang='lat' dir='ltr'><strong>mihi</strong></span> <span class='ocrx_word' id='word_1_926' title='bbox 2265 5275 2316 5329; x_wconf 91' lang='lat' dir='ltr'><strong>in</strong></span> <span class='ocrx_word' id='word_1_927' title='bbox 2362 5273 2465 5328; x_wconf 91' lang='lat' dir='ltr'><strong>hoc</strong></span> <span class='ocrx_word' id='word_1_928' title='bbox 2512 5272 2785 5343; x_wconf 85' lang='lat' dir='ltr'><strong>Propheta</strong></span> <span class='ocrx_word' id='word_1_929' title='bbox 2835 5269 3041 5339; x_wconf 91' lang='lat' dir='ltr'><strong>aliquid</strong></span> <span class='ocrx_word' id='word_1_930' title='bbox 3079 5266 3372 5338; x_wconf 89' lang='lat' dir='ltr'><strong>reperisse.</strong></span> <span class='ocrx_word' id='word_1_931' title='bbox 3420 5263 3683 5318; x_wconf 89' lang='lat' dir='ltr'><strong>Narratur</strong></span> 
     </span>
    </p>
   </div>
   <div class='ocr_carea' id='block_1_112' title="bbox 2090 5361 3683 5437">
    <p class='ocr_par' dir='ltr' id='par_1_112' title="bbox 2090 5361 3683 5437">
     <span class='ocr_line' id='line_1_112' title="bbox 2090 5361 3683 5437; baseline -0.009 -16"><span class='ocrx_word' id='word_1_932' title='bbox 2090 5366 2342 5437; x_wconf 89' lang='lat' dir='ltr'><strong>impietas</strong></span> <span class='ocrx_word' id='word_1_933' title='bbox 2368 5364 2611 5420; x_wconf 91' lang='lat' dir='ltr'><strong>hostium</strong></span> <span class='ocrx_word' id='word_1_934' title='bbox 2635 5363 2740 5418; x_wconf 89' lang='lat' dir='ltr'><strong>sub</strong></span> <span class='ocrx_word' id='word_1_935' title='bbox 2769 5362 2941 5432; x_wconf 79' lang='lat' dir='ltr'><strong>figura</strong></span> <span class='ocrx_word' id='word_1_936' title='bbox 2969 5361 3302 5416; x_wconf 90' lang='lat' dir='ltr'><strong>locustarum</strong></span> <span class='ocrx_word' id='word_1_937' title='bbox 3330 5376 3341 5410; x_wconf 87' lang='lat'><strong>:</strong></span> <span class='ocrx_word' id='word_1_938' title='bbox 3376 5364 3433 5411; x_wconf 91' lang='lat' dir='ltr'><strong>et</strong></span> <span class='ocrx_word' id='word_1_939' title='bbox 3463 5370 3683 5409; x_wconf 90' lang='lat' dir='ltr'><strong>rursum</strong></span> 
     </span>
    </p>
   </div>
   <div class='ocr_carea' id='block_1_113' title="bbox 2092 5449 3683 5532">
    <p class='ocr_par' dir='ltr' id='par_1_113' title="bbox 2092 5449 3683 5532">
     <span class='ocr_line' id='line_1_113' title="bbox 2092 5449 3683 5532; baseline -0.009 -16"><span class='ocrx_word' id='word_1_940' title='bbox 2092 5459 2173 5516; x_wconf 87' lang='lat' dir='ltr'><strong>sic</strong></span> <span class='ocrx_word' id='word_1_941' title='bbox 2198 5459 2267 5517; x_wconf 90' lang='lat' dir='ltr'><strong>de</strong></span> <span class='ocrx_word' id='word_1_942' title='bbox 2295 5458 2430 5532; x_wconf 88' lang='lat' dir='ltr'><strong>ipsis</strong></span> <span class='ocrx_word' id='word_1_943' title='bbox 2459 5456 2687 5514; x_wconf 90' lang='lat' dir='ltr'><strong>locustis</strong></span> <span class='ocrx_word' id='word_1_944' title='bbox 2727 5454 2950 5521; x_wconf 86' lang='lat' dir='ltr'><strong>dicitur,</strong></span> <span class='ocrx_word' id='word_1_945' title='bbox 2981 5453 3137 5525; x_wconf 90' lang='lat' dir='ltr'><strong>quasi</strong></span> <span class='ocrx_word' id='word_1_946' title='bbox 3168 5449 3419 5507; x_wconf 90' lang='lat' dir='ltr'><strong>hostibus</strong></span> <span class='ocrx_word' id='word_1_947' title='bbox 3459 5462 3683 5518; x_wconf 82' lang='lat' dir='ltr'><strong>compa-</strong></span> 
     </span>
    </p>
   </div>
   <div class='ocr_carea' id='block_1_114' title="bbox 2168 5604 3684 5678">
    <p class='ocr_par' dir='ltr' id='par_1_114' title="bbox 2168 5604 3684 5678">
     <span class='ocr_line' id='line_1_114' title="bbox 2168 5604 3684 5678; baseline -0.009 -8"><span class='ocrx_word' id='word_1_948' title='bbox 2168 5625 2190 5654; x_wconf 78' lang='grc' dir='ltr'><strong><em>ο</em></strong></span> <span class='ocrx_word' id='word_1_949' title='bbox 2230 5611 2384 5670; x_wconf 90' lang='lat' dir='ltr'><strong>Unus</strong></span> <span class='ocrx_word' id='word_1_950' title='bbox 2429 5611 2700 5678; x_wconf 88' lang='lat' dir='ltr'><strong>Palatiu.,</strong></span> <span class='ocrx_word' id='word_1_951' title='bbox 2728 5607 2958 5665; x_wconf 88' lang='lat' dir='ltr'><strong>albentes</strong></span> <span class='ocrx_word' id='word_1_952' title='bbox 3006 5622 3024 5661; x_wconf 92' lang='lat'><strong><em>:</em></strong></span> <span class='ocrx_word' id='word_1_953' title='bbox 3060 5604 3113 5659; x_wconf 92' lang='lat' dir='ltr'><strong>in</strong></span> <span class='ocrx_word' id='word_1_954' title='bbox 3142 5618 3302 5674; x_wconf 92' lang='lat' dir='ltr'><strong>quem</strong></span> <span class='ocrx_word' id='word_1_955' title='bbox 3356 5610 3684 5678; x_wconf 40' lang='lat' dir='ltr'><strong>sensumuet</strong></span> 
     </span>
    </p>
   </div>
   <div class='ocr_carea' id='block_1_115' title="bbox 2092 5672 3687 5751">
    <p class='ocr_par' dir='ltr' id='par_1_115' title="bbox 2092 5672 3687 5751">
     <span class='ocr_line' id='line_1_115' title="bbox 2092 5672 3687 5751; baseline -0.008 -9"><span class='ocrx_word' id='word_1_956' title='bbox 2092 5686 2242 5744; x_wconf 84' lang='lat' dir='ltr'><strong>Hier.</strong></span> <span class='ocrx_word' id='word_1_957' title='bbox 2284 5683 2449 5751; x_wconf 90' lang='lat' dir='ltr'><strong>infra,</strong></span> <span class='ocrx_word' id='word_1_958' title='bbox 2491 5672 2909 5750; x_wconf 56' lang='lat' dir='ltr'><strong>Omni,&#39;inquit,</strong></span> <span class='ocrx_word' id='word_1_959' title='bbox 2948 5678 3120 5733; x_wconf 76' lang='lat' dir='ltr'><strong>virore</strong></span> <span class='ocrx_word' id='word_1_960' title='bbox 3162 5672 3495 5746; x_wconf 80' lang='lat' dir='ltr'><strong>consumpto,</strong></span> <span class='ocrx_word' id='word_1_961' title='bbox 3542 5672 3687 5729; x_wconf 82' lang='lat' dir='ltr'><strong>albos</strong></span> 
     </span>
    </p>
   </div>
   <div class='ocr_carea' id='block_1_116' title="bbox 2088 5752 2927 5823">
    <p class='ocr_par' dir='ltr' id='par_1_116' title="bbox 2088 5752 2927 5823">
     <span class='ocr_line' id='line_1_116' title="bbox 2088 5752 2927 5823; baseline -0.007 -12"><span class='ocrx_word' id='word_1_962' title='bbox 2088 5774 2261 5816; x_wconf 86' lang='lat' dir='ltr'><strong>ramos</strong></span> <span class='ocrx_word' id='word_1_963' title='bbox 2290 5767 2339 5814; x_wconf 85' lang='lat' dir='ltr'><strong>et</strong></span> <span class='ocrx_word' id='word_1_964' title='bbox 2369 5756 2549 5813; x_wconf 87' lang='lat' dir='ltr'><strong>aridos</strong></span> <span class='ocrx_word' id='word_1_965' title='bbox 2577 5752 2927 5823; x_wconf 85' lang='lat' dir='ltr'><strong>derelinquat.</strong></span> 
     </span>
    </p>
   </div>
  </div>
