4100 6336
439 297 547 351 9ῖ⁶ῑ⁸ἰ

1693 296 1751 355 8.
1794 292 2071 360 BUSEBII
2110 293 2414 356 HIERONY
2425 296 2496 353 ιιι

3629 295 3737 356 966

430 425 643 481 rentur,
673 425 732 473 ut
759 430 881 475 cum
905 415 1140 475 locustas
1171 415 1393 486 legeris.
1422 414 1606 473 hostes
1636 414 1871 484 cogites;
1902 428 2026 475 eum
2056 413 2110 479 Α
2133 428 2287 469 suum
2314 413 2616 485 virgineum.
2654 411 2750 467 Vir
2777 411 3100 481 pubertatis,
3128 413 3263 479 sive,
3292 420 3352 468 ut
3377 412 3735 485 Septuaginta

433 508 618 563 hostes
640 508 986 579 cogitaveris,
1019 507 1212 567 redeas
1239 506 1307 565 ad
1335 507 1595 563 locustae.
1622 503 1888 567 Ascendit
1905 519 2037 575 ergo

434 615 566 673 gens
600 600 939 659 locustarum
967 600 1037 657 de
1066 599 1392 665 solitudine,
1424 598 1541 655 sive
1570 598 1845 655 exercitus
1876 596 2039 655 Chal-

435 692 679 751 daeorum
709 706 873 761 super
908 701 1107 749 terram
1141 690 1259 759 Dei,
1285 699 1340 751 et
1367 690 1547 760 tortis,
1579 687 2035 747 etinnumerabi-

438 786 529 843 lis.
574 786 715 852 Quid
756 786 899 846 enim
933 785 1157 845 locustis
1209 784 1663 845 innuinerabilius
1711 792 1769 843 ct
1820 784 2038 851 tertius,

439 879 637 949 quibus
661 878 896 939 humana
927 876 1197 935 industria
1228 878 1485 935 resistere
1518 894 1625 937 non
1661 877 1871 949 potest?
1896 877 2039 937 Den-

442 979 527 1027 tes
552 970 694 1041 ejus,
724 978 749 1007 α
778 970 957 1045 gentis
986 968 1237 1027 videlicet
1262 971 1594 1029 locustarum
1619 969 1837 1044 (omnis
1858 978 2039 1031 autem

435 1070 665 1129 τυπικῶς
709 1062 996 1135 intellige),
1037 1063 1191 1135 quasi
1222 1062 1418 1121 dentes
1464 1063 1685 1131 leonis;
1715 1072 1772 1118 et
1803 1062 2043 1123 molares

443 1158 609 1221 illius,
643 1165 700 1211 nt
745 1154 908 1211 catuli
943 1155 1137 1220 leonis,
1172 1164 1230 1213 ut
1265 1155 1355 1225 qni
1382 1154 1437 1211 in
1477 1153 1793 1215 fortitudine
1823 1161 1878 1213 et
1907 1152 2045 1211 tnui-

444 1250 682 1307 titndine
703 1248 928 1305 locustis
967 1256 1341 1317 coarquantur,
1366 1248 1418 1305 in
1447 1246 1730 1305 ferocitate
1763 1255 1820 1305 et
1849 1245 2046 1305 crude-

450 1345 608 1401 litatc
638 1343 887 1403 leonibus
918 1352 1327 1413 comparentur.
1380 1341 1523 1407 Ilaec,
1557 1340 1755 1415 inquit,
1788 1354 1925 1411 gens
1952 1354 2045 1411 po-

449 1440 560 1495 suit
603 1438 818 1495 vineam
852 1452 1031 1495 meam
1078 1436 1131 1493 in
1162 1435 1459 1503 desertum,
1492 1450 1654 1506 quam
1694 1434 1761 1496 de
1808 1433 2047 1507 ,θυμω

450 1530 709 1587 transtuli
749 1539 803 1589 et
851 1529 1115 1601 plantavi,
1157 1538 1209 1582 et
1257 1528 1414 1587 ﬁcum
1448 1542 1625 1583 meam
1665 1526 2044 1593 decorticavit,

446 1623 702 1695 populum
729 1622 1041 1679 Judaeurum
1077 1617 1189 1691 [ΑΙ.
1217 1634 1395 1675 meum
1421 1617 1761 1691 Jttdaicum],
1789 1620 1857 1679 ad
1883 1633 2046 1691 quem

447 1725 597 1775 venit
626 1714 890 1780 Salvator,
920 1725 976 1775 ut
1001 1714 1312 1775 comederet
1336 1712 1563 1781 fructus,
1600 1724 1654 1773 et
1677 1728 1783 1773 non
1816 1713 2048 1775 invenit:

2139 505 2561 569 transtulerunt,
2590 505 2906 582 παρθενικὰς,
2931 518 3093 573 quem
3124 504 3283 573 vulgo
3312 506 3609 578 virgineum
3637 522 3738 561 vo-

2139 607 2289 662 cont,
2318 612 2385 653 eo
2408 597 2552 667 quod
2585 597 3014 668 pritntts.ﬂorem
3042 597 3374 668 virginitatis
3414 598 3729 667 abstulerit,

2142 705 2247 745 non
2271 689 2410 745 alius
2430 689 2755 760 intelligitur
2776 689 2880 745 nisi
2904 690 3070 753 Deus,
3086 691 3177 761 qui
3199 691 3252 745 in
3276 691 3574 757 Abraham,
3591 692 3740 748 Isaac

2140 795 2197 841 et
2216 783 2386 839 Jacob
2417 783 2707 855 despondit
2730 784 2837 840 sibi
2861 784 3128 856 virginem
3157 799 3410 855 sponsam
3444 787 3593 841 nulla
3624 787 3742 842 ido-

2142 875 2371 933 lolatriae
2400 876 2564 933 sorde
2608 877 2960 932 maculatam.
3014 876 3094 937 Ad
3136 892 3298 948 quam
3345 885 3403 934 et
3446 893 3544 949 per
3580 880 3738 936 Jere-

2143 968 2306 1029 ntiam
2336 968 2577 1037 loquitur
2606 989 2617 1019 :
2653 966 2776 1023 Non
2807 978 2864 1025 ut
2895 969 3164 1023 dominum
3189 986 3269 1025 me
3306 972 3535 1037 vocasti,
3569 981 3617 1027 et
3648 989 3741 1044 pa-

2144 1070 2303 1126 trem,
2346 1071 2391 1121 et
2434 1060 2719 1131 principem
2764 1061 3080 1130 virginitatis
3125 1061 3480 1132 tqucrem.
3532 1079 3613 1129 ιιι,
3643 1065 3736 1134 4).

2146 1153 2301 1212 Unde
2332 1161 2385 1209 et
2412 1155 2714 1222 Apostolus
2734 1154 2800 1208 ad
2828 1154 3121 1211 credentes
3159 1155 3401 1227 loquitur
3437 1175 3449 1210 :
3475 1155 3742 1229 Despondi

2145 1265 2231 1303 vos
2262 1248 2355 1303 uni
2382 1248 2492 1302 viro
2519 1248 2771 1321 virginem
2800 1260 3001 1302 castam
3030 1250 3272 1305 exhibere
3290 1248 3497 1305 Christo
3531 1250 3582 1322 (Ι
3615 1250 3739 1305 Cor.

2147 1360 2223 1410 XI,
2264 1344 2353 1414 2).
2384 1344 2651 1412 Quamdiu
2682 1359 2805 1399 cum
2851 1344 2952 1399 hac
2998 1361 3201 1416 sponsa
3250 1363 3489 1417 sponsus
3536 1347 3740 1415 fuerit,

2149 1451 2255 1493 non
2282 1446 2461 1503 potest
2486 1435 2737 1504 jeiunare
2765 1435 2993 1506 (Matth.
3032 1453 3083 1491 rx
3108 1436 3151 1507 ),
3193 1454 3293 1494 nec
3325 1439 3608 1509 plangere,
3643 1454 3744 1495 nec

2147 1530 2391 1589 absentis
2422 1530 2606 1598 sponsi
2643 1530 2977 1586 desiderium
3010 1530 3265 1603 lacrymis
3297 1532 3565 1587 indicare.
3599 1532 3735 1587 Cum

2149 1631 2328 1683 autem
2361 1624 2575 1679 ablatus
2619 1621 2782 1679 fuerit
2812 1638 3049 1693 sponsus
3074 1625 3145 1679 ab
3175 1640 3261 1690 ea,
3295 1626 3499 1695 plangit
3528 1634 3582 1679 et
3627 1627 3747 1694 plo-

2150 1726 2255 1782 rat,
2284 1725 2339 1771 et
2365 1717 2598 1786 accingit
2622 1731 2684 1773 se
2711 1731 2874 1772 sacco
2906 1727 2963 1773 et
2984 1718 3182 1783 cilicio,
3214 1729 3270 1775 et
3297 1735 3393 1790 pro
3424 1734 3562 1773 zona
3601 1730 3748 1775 reste

443 1806 833 1881 maledixitque
859 1808 930 1875 ei,
984 1816 1040 1863 et
1071 1808 1219 1862 aruit
1260 1809 1311 1862 in
1355 1817 1618 1867 internum
1652 1807 1880 1878 (Matth.
1908 1808 1997 1879 ιι)
2018 1847 2032 1869 ,
2067 1804 2115 1867 Β
2140 1808 2529 1867 circumdatur.
2562 1808 2933 1865 Intelleximus
2959 1810 3083 1881 quis
3101 1825 3335 1880 sponsus
3356 1810 3750 1880 sitvirginalis:

452 1899 646 1957 Omnia
678 1911 858 1957 autem
888 1900 991 1957 sub
1027 1898 1345 1969 metaphora
1384 1901 1740 1966 locustarum,
1772 1899 1917 1957 dicta
1948 1915 2051 1957 non

456 2007 672 2049 scatnus
707 2010 721 2049 :
752 2008 870 2062 qua:
893 1992 1164 2051 intantum
1196 2004 1391 2051 cuncta
1423 1992 1774 2064 populantur,
1809 1993 2055 2051 utdero-

452 2089 581 2143 dant
602 2089 859 2145 arborum
882 2090 1144 2155 cortices,
1172 2097 1471 2159 exutusque
1493 2089 1805 2159 projiciant,
1829 2097 1883 2145 et
1904 2089 2057 2151 onmi

457 2181 643 2237 virore
690 2190 1043 2252 consumpto,
1087 2180 1240 2241 albos
1271 2196 1451 2241 ramos
1495 2192 1548 2237 et
1581 2182 1767 2241 aridos
1809 2182 2055 2239 derelin-

449 2282 641 2345 quant.
678 2272 928 2333 Diximus
966 2274 1121 2347 juxta
1155 2274 1471 2339 historiam;
1507 2283 1851 2335 transeamus
1876 2276 1945 2330 ad
1976 2276 2060 2335 iu-

455 2367 807 2431 telligentiam
862 2367 1234 2438 spirituuietn,
1286 2378 1344 2421 ut
1394 2384 1518 2423 cum
1588 2370 1818 2429 senibus
1865 2370 2060 2431 audire

456 2460 731 2527 possimus
756 2476 769 2512 :
798 2459 1055 2532 Ascendit,
1082 2476 1205 2530 gens
1251 2477 1405 2531 super
1436 2470 1627 2517 terram
1659 2460 1776 2529 Dei,
1821 2463 2057 2519 animam

462 2550 721 2607 videlicet
751 2550 1073 2611 humanam.
1104 2552 1305 2606 Omnes
1337 2555 1483 2607 enim
1527 2553 1726 2613 animm
1762 2553 1859 2613 Dei
1890 2563 2015 2616 sunt
2042 2571 2057 2613 :

461 2644 604 2699 sicut
625 2643 804 2699 anima
827 2646 1023 2719 patris,
1049 2646 1128 2699 sic
1146 2654 1202 2705 ct
1225 2648 1404 2703 anima
1427 2646 1542 2705 lilii.
1572 2646 1640 2707 Et
1662 2648 1911 2709 ascendit
1929 2663 2065 2718 gens

464 2737 771 2809 principum
801 2738 988 2795 mundi
1030 2738 1213 2804 istius,
1242 2749 1298 2799 et
1327 2740 1702 2808 tenebrarum,
1726 2752 1781 2799 et
1808 2743 2066 2810 spirituav

467 2832 539 2886 lia
574 2832 825 2905 nequitiae
859 2836 912 2891 in
938 2833 1279 2900 ctelestibus,
1318 2835 1607 2895 adversum
1636 2850 1771 2904 quos
1803 2836 1960 2897 nobis
1981 2847 2066 2897 est

467 2927 609 2981 lucta
636 2939 797 2997 atque
819 2937 1118 2993 certamen,
1147 2929 1214 2983 de
1246 2928 1445 2999 quibus
1481 2927 1688 2989 dicitur
1715 2947 1727 2989 ;
1758 2928 1819 2985 Si
1849 2930 2066 3001 spiritus

470 3028 775 3089 potestatein
803 3019 1039 3075 habentis
1081 3022 1368 3075 ascenderit
1416 3037 1571 3091 super
1604 3031 1674 3089 te,
1724 3022 1895 3081 locum
1922 3032 2066 3079 tuum

470 3126 531 3164 ne
559 3110 815 3165 dimiseris
846 3108 1031 3182 (Eccl.
1064 3128 1117 3175 Χ.
1144 3111 1213 3183 4)
1238 3129 1249 3165 :
1276 3112 1429 3183 cujus
1483 3114 1667 3183 gentis
1708 3113 1899 3175 dentes
1942 3122 2068 3175 sunt

2156 1918 2344 1959 verum
2383 1904 2507 1973 quia
2555 1905 2656 1960 iste
2687 1918 2946 1974 sponsus,
2983 1905 3101 1959 sive
3130 1904 3381 1971 maritus,
3433 1920 3540 1959 non
3569 1904 3747 1958 solum

2157 1994 2420 2063 virginem
2475 1996 2687 2065 accepit
2737 2009 3019 2065 sponsam,
3071 1995 3166 2049 sed
3210 2003 3266 2050 et
3310 1996 3655 2051 meretricem
3696 1996 3748 2048 in

2155 2090 2293 2146 Osee
2326 2089 2475 2145 ducit
2505 2104 2755 2154 uxorem,
2788 2097 3073 2157 propterea
3114 2088 3379 2158 scriptum
3410 2098 3495 2143 est
3527 2089 3579 2143 in
3607 2089 3753 2143 Deu-

2159 2183 2467 2239 toronontio
2498 2199 2511 2237 :
2547 2182 2611 2237 Si
2647 2197 2884 2252 egressus
2912 2180 3074 2250 {ueris
3104 2190 3286 2235 contra
3322 2181 3559 2237 inimicos
3592 2192 3705 2236 tuos
3738 2198 3756 2235 :

2158 2285 2207 2335 et
2244 2276 2517 2335 tradiderit
2540 2291 2628 2329 eos
2661 2275 2913 2328 Dominus
2945 2272 3084 2328 Deus
3115 2285 3233 2327 tuus
3256 2274 3313 2326 in
3344 2290 3499 2329 manu
3536 2284 3643 2337 tua,
3671 2291 3758 2327 ca-

2160 2370 2423 2439 ptivosque
2469 2368 2703 2434 duxeris,
2747 2376 2793 2420 et
2834 2366 3023 2420 videris
3071 2367 3123 2418 in
3166 2381 3382 2420 numero
3423 2366 3754 2434 captivorum

2162 2461 2427 2516 mulierem
2468 2460 2757 2533 pulchram,
2802 2469 2849 2513 et
2878 2459 3203 2513 adamaveris
3249 2475 3380 2523 eam,
3429 2459 3761 2528 volucrisque

2162 2554 2350 2608 habere
2379 2569 2592 2607 uxorem
2616 2571 2634 2607 :
2656 2552 2954 2606 introducas
2984 2552 3035 2603 in
3064 2551 3275 2603 domum
3305 2560 3451 2604 tuam
3476 2566 3495 2603 :
3524 2565 3640 2619 quin
3666 2565 3763 2601 ra-

2164 2647 2245 2701 det
2275 2646 2560 2707 caesariem,
2595 2653 2641 2697 et
2683 2641 3015 2699 circumcidet
3050 2658 3248 2712 ungues
3284 2657 3427 2702 suos.
3465 2650 3511 2694 et
3538 2642 3764 2711 deponet

2164 2748 2349 2792 vestem
2377 2737 2530 2808 1⁷7
2560 2737 2613 2790 in
2641 2752 2741 2806 qua
2772 2744 2925 2804 capta
2948 2742 3043 2799 est,
3068 2734 3352 2805 sedensque
3375 2734 3431 2787 in
3459 2734 3613 2787 domo
3643 2744 3759 2802 tua,

2167 2831 2307 2901 ﬂebit
2356 2838 2550 2901 patrem
2593 2839 2641 2882 et
2681 2838 2899 2885 matrem
2941 2843 3091 2881 suam
3129 2844 3233 2885 uno
3263 2843 3456 2890 mense,
3502 2837 3551 2885 et
3583 2837 3767 2893 postea

2166 2921 2385 2977 intrabis
2416 2923 2484 2975 ad
2514 2937 2649 2989 eam,
2676 2920 3001 2989 dormiesquc
3026 2936 3143 2973 cum
3168 2920 3285 2981 illa,
3315 2930 3362 2974 et
3394 2921 3491 2973 erit
3524 2936 3654 2976 uxor
3676 2930 3769 2974 tua

2170 3014 2352 3086 (Deut.
2383 3032 2494 3079 χχι,
2530 3014 2597 3070 10
2621 3013 2821 3085 seqq.).
2853 3014 3179 3081 Hujusmodi
3213 3010 3237 3051 ί)
3268 3014 3511 3069 mulieris
3542 3030 3648 3067 non
3680 3021 3770 3068 est

2171 3110 2420 3173 maritus,
2450 3108 2503 3165 id
2537 3117 2640 3177 est,
2672 3106 2924 3161 dominus
2955 3106 3258 3175 virginalis,
3291 3105 3386 3160 sed
3414 3106 3766 3163 meretricem

448 3204 610 3259 ‘sicut
642 3203 1065 3274 dentcslconis,
1100 3205 1168 3260 de
1198 3220 1303 3276 quo
1344 3205 1537 3265 Petrus
1570 3206 1852 3278 apostolus
1891 3206 2067 3277 loqui-
2094 3184 2139 3253 C
2171 3200 2237 3256 de
2287 3202 2528 3271 gentium
2579 3200 2832 3254 sordibus
2883 3198 3040 3253 duxit
3096 3213 3343 3253 uxorem.
3388 3198 3542 3265 Quod
3590 3209 3644 3251 et
3696 3197 3771 3252 de

474 3304 601 3349 tur:
631 3294 976 3350 Adversarius
1021 3307 1193 3351 noster
1240 3298 1501 3371 diabolus,
1538 3301 1688 3369 quasi
1729 3300 1806 3357 leo
1856 3300 2069 3370 rugiens

471 3391 650 3444 circuit
677 3406 915 3461 quwrens
936 3406 1088 3461 quem
1119 3391 1324 3447 devoret
1352 3391 1408 3463 (ι
1438 3391 1549 3447 Pet.
1589 3408 1640 3460 v,
1672 3392 1704 3447 8
1726 3391 1763 3455 i.
1796 3391 1865 3453 Et
1897 3392 2071 3451 moiaw

478 3496 562 3535 res
612 3482 758 3539 illius
805 3486 956 3551 quasi
990 3482 1154 3541 catuli
1203 3483 1395 3539 leonis.
1446 3482 1697 3545 Catulum
1741 3484 1941 3553 leonis,
1987 3484 2071 3545 vel

477 3590 599 3629 cum
635 3575 907 3646 intellige,
940 3576 1030 3649 qui
1062 3578 1305 3633 elevatur
1331 3586 1522 3633 contra
1558 3592 1722 3637 omne
1758 3576 1905 3647 quod
1940 3576 2074 3637 dici~

481 3678 590 3737 tur,
622 3668 765 3725 Deus
791 3678 846 3723 et
878 3670 1095 3739 religio,
1130 3672 1218 3726 vcl
1244 3681 1392 3727 certe
1424 3688 1586 3729 omne
1614 3672 1807 3742 dogma
1845 3685 2075 3742 perven-

478 3776 621 3818 sum.
656 3761 732 3819 Dc
758 3763 913 3833 cujus
933 3763 1187 3821 contritis
1220 3763 1542 3833 molaribus,
1569 3763 1663 3834 qui
1701 3765 1858 3841 176
1881 3764 2077 3823 intrin-

480 3868 641 3911 secus
685 3854 859 3909 latent
899 3863 955 3911 ct
1001 3870 1106 3911 non
1138 3855 1422 3927 videntur,
1473 3871 1541 3913 ne
1584 3855 1749 3917 facile
1795 3856 2068 3927 vitentur,

483 3947 650 4000 etiam
684 3946 970 4003 Psalmista
999 3947 1216 4007 Itetatur
1246 3948 1436 4005 dicens
1469 3967 1480 4003 :
1516 3948 1689 4009 Malas
1717 3949 1923 4008 leonum
1951 3966 2079 4004 con-

488 4038 680 4109 fringet
727 4036 981 4093 Dominus
1011 4037 1137 4109 (Ps.
1190 4055 1321 4106 Lvtt,
1364 4038 1457 4110 7).
1490 4040 1545 4097 Si
1592 4055 1721 4111 ergo
1765 4039 2078 4101 dederimus

484 4129 666 4185 locum
691 4128 815 4187 huic
841 4131 1009 4200 genti,
1045 4139 1105 4189 ut
1126 4131 1388 4185 ascendat
1415 4132 1468 4185 in
1491 4130 1670 4200 nobis,
1700 4131 1880 4193 statim
1915 4140 2080 4201 penet

482 4224 700 4279 vincant
732 4232 973 4278 nostram
1013 4224 1066 4279 in
1098 4223 1396 4290 desertum,
1431 4225 1497 4281 de
1527 4239 1631 4294 qua
1672 4225 1855 4283 vinum
1896 4223 2079 4285 facere

485 4317 815 4385 solebamus,
861 4318 1002 4388 quod
1033 4319 1273 4375 lwtilicat
1314 4334 1409 4375 cor
1460 4318 1695 4377 hominis
1726 4317 1860 4392 (Ps.
1891 4334 1983 4381 cur
2010 4319 2029 4390 )
2059 4336 2076 4379 ;

486 4422 540 4465 et
574 4411 705 4471 licus
749 4422 961 4469 nostras
1007 4412 1324 4479 rlecorticat,
1373 4413 1487 4471 sive
1515 4413 1835 4484 confringit,
1877 4430 1946 4475 ne
1980 4415 2077 4470 ha.

491 4508 713 4567 beamus
742 4507 795 4563 in
828 4509 986 4564 nobis
1006 4508 1242 4578 Spiritus
1271 4509 1443 4565 sanati
1470 4507 1611 4569 dona
1642 4508 1980 4578 dulcissima,
2008 4526 2077 4569 ne

485 4598 590 4652 sub
617 4606 800 4659 nostra
830 4601 985 4657 vinea
1019 4609 1074 4655 ct
1103 4599 1205 4655 ticu
1258 4600 1341 4659 vir
1370 4610 1590 4659 sanctus
1614 4602 1920 4670 requiescat
1940 4617 1957 4669 ς
1979 4604 2081 4661 sub

489 4688 687 4754 quibus
717 4706 841 4746 cum
874 4690 1057 4755 fuerit,
1091 4692 1529 4751 adversariorum
1572 4692 1809 4762 impetus
1852 4709 1959 4755 non
2006 4694 2081 4753 ti-

491 4781 677 4841 mebit.
720 4782 829 4839 Nec
861 4783 1061 4839 sufficit
1108 4784 1231 4843 huic
1276 4786 1426 4853 genti
1475 4786 1687 4847 vineam
1737 4788 2078 4858 disperdere,

489 4874 760 4945 ticumque
798 4875 1163 4945 confringere,
1198 4879 1298 4933 nisi
1348 4889 1600 4939 scrutatis
1642 4888 1916 4941 scrutetur
1964 4897 2078 4949 eas,

486 4978 542 5023 et
564 4969 819 5039 quidquid
845 4970 895 5029 in
920 4970 1025 5029 illis
1055 4971 1220 5031 vitale
1248 4971 1433 5037 fiterit,
1465 4972 1755 5031 interficiat
1781 4992 1794 5029 :
1825 4982 1902 5039 ut,
1934 4975 2083 5035 omni

483 5062 665 5117 virore
695 5071 1044 5134 consumpto,
1073 5064 1181 5119 albi
1212 5072 1374 5135 atque
1398 5068 1635 5125 emortui
1673 5067 1967 5126 ratnusculi
1999 5083 2082 5121 re-

489 5168 773 5227 maneant,
808 5167 863 5214 et
892 5160 1235 5229 compleatur
1267 5161 1318 5217 in
1346 5159 1505 5216 nobis
1539 5178 1550 5215 :
1586 5161 1649 5219 Si
1677 5162 1731 5219 in
1758 5161 1914 5219 viridi
1939 5162 2086 5233 ligno

491 5250 601 5306 hwc
628 5253 849 5321 faciunt,
880 5254 933 5309 in
955 5255 1091 5311 sicca
1122 5253 1247 5324 quid
1269 5254 1456 5325 facient
1486 5252 1646 5324 (Luc.
1678 5254 1884 5325 unt)?

563 5342 751 5411 (Vers.
783 5343 875 5414 8.)
918 5343 1120 5416 Plange
1142 5346 1289 5413 quasi
1311 5345 1456 5416 virgo
1478 5346 1710 5401 accincta
1734 5361 1907 5412 sacco,
1933 5364 2089 5419 super

490 5435 656 5495 virum
714 5436 997 5507 pubertatis
1046 5447 1148 5492 tua:
1194 5437 1388 5509 [Vulg.
1436 5438 1609 5512 sine].
1658 5438 1839 5499 LXX:
1878 5439 2085 5514 Plange

491 5528 561 5581 ad
587 5544 666 5581 me
706 5547 861 5600 super
901 5548 1149 5601 sponsam
1189 5532 1471 5584 accinctum
1502 5532 1693 5599 cilicio,
1739 5549 1894 5603 super
1923 5534 2088 5587 virum

568 5674 593 5703 "
635 5667 739 5722 Pro
768 5668 954 5739 gentis,
986 5670 1157 5725 Palat.
1194 5683 1324 5725 mss.
1352 5669 1531 5725 dentes
1563 5685 1581 5724 :
1614 5676 1669 5724 ot
1700 5685 1796 5739 pro
1826 5686 2075 5736 τυπικῶς,

492 5736 729 5818 fortasse
761 5736 962 5818 rectius
991 5748 1247 5818 τροπικῶς
1274 5742 1587 5818 praeierunt.

567 5806 593 5843 ι)
636 5806 1034 5879 Corrigendnni
1069 5806 1673 5880 euntettditVictorius,
1700 5813 2077 5886 Hujuscemodi

2174 3294 2321 3351 omni
2343 3297 2519 3348 anima
2549 3292 2893 3349 credentium
2923 3305 3211 3361 possumus
3229 3291 3433 3345 dicere.
3462 3290 3517 3345 Si
3547 3306 3577 3343 ιι
3598 3304 3770 3357 parva

2175 3397 2336 3443 mtnte
2384 3385 2618 3443 credidit
2665 3386 2919 3453 Domino,
2973 3384 3134 3439 habet
3181 3396 3443 3453 sponsum
3478 3382 3770 3436 Dominum

2177 3480 2517 3551 virginalem.
2543 3480 2639 3536 Sin
2668 3489 2848 3533 autem
2878 3494 2941 3532 es
2972 3478 3198 3543 iudicis,
3227 3476 3341 3531 sive
3371 3477 3687 3545 gentilibus,
3713 3482 3774 3528 et

2176 3574 2559 3630 luercticorum
2589 3571 2956 3641 spurcissimis
2996 3572 3241 3639 lancibus,
3290 3570 3357 3624 ad
3392 3569 3515 3625 lidel
3549 3570 3768 3624 venerit

2176 3658 2489 3731 veritatem,
2512 3676 2565 3721 et
2595 3667 2662 3721 de
2686 3664 2927 3721 tenebris
2955 3666 3022 3719 ad
3056 3666 3230 3721 lucem
3263 3665 3567 3730 transierit,
3604 3663 3775 3717 habe-

2176 3759 2252 3817 bit
2278 3759 2495 3829 quidem
2526 3773 2810 3828 sponsum,
2852 3758 2945 3814 sed
2980 3773 3086 3812 non
3116 3758 3420 3828 virgineum
3455 3766 3547 3811 :et
3573 3757 3640 3811 de
3664 3755 3773 3810 litt-

2171 3849 2476 3917 juscernodi
2537 3849 2851 3905 hominibus
2906 3849 3104 3904 dicitur
3147 3866 3160 3904 :
3200 3847 3267 3901 In
3311 3848 3546 3919 At‘gypto
3593 3852 3777 3917 fructm

2174 3955 2295 4000 sunt
2346 3961 2585 4000 mamma!
2647 3954 2779 4013 tute,
2832 3955 2879 3998 et
2925 3945 2995 3999 ibi
3053 3946 3373 4015 devirginata
3423 3962 3476 3999 es
3525 3943 3762 4015 (Esceh.

2180 4055 2332 4104 xxm,
2376 4042 2408 4094 ὅ
2426 4038 2446 4111 )
2466 4079 2479 4093 .

2252 4133 2437 4203 (Vers.
2467 4133 2501 4189 9
2531 4132 2709 4203 seqq.)
2735 4131 2901 4191 Periit
2923 4134 3235 4203 sacrificium
3257 4142 3302 4188 et
3329 4134 3512 4188 libatio
3532 4134 3596 4190 ds
3617 4132 3776 4187 domo

2180 4222 2394 4279 Domitii
2426 4240 2441 4279 :
2472 4232 2519 4279 et
2548 4224 2792 4278 luxerunt
2816 4225 3109 4279 sacerdotes
3137 4225 3360 4279 ministri
3395 4224 3607 4279 Domini
3632 4240 3651 4278 :
3679 4225 3777 4277 de-

2180 4317 2430 4391 p0pnlata
2471 4328 2542 4372 est
2581 4318 2741 4389 regio,
2773 4317 2909 4372 luxit
2939 4320 3147 4385 humus,
3187 4320 3428 4387 quoniam
3455 4320 3780 4373 devastatnm

2180 4423 2255 4468 est
2282 4413 2527 4466 triticum.
2557 4412 2843 4482 Confusum
2870 4422 2942 4466 est
2970 4414 3171 4475 vinum,
3193 4414 3420 4481 elanguit
3443 4414 3632 4478 oleum,
3657 4429 3782 4465 cono

2185 4508 2288 4579 fusi
2328 4517 2448 4563 sunt
2496 4507 2755 4577 agricola.
2806 4506 3146 4562 Ululaverunt
3184 4508 3424 4561 vinitores
3465 4523 3623 4575 super
3665 4508 3785 4576 frn-

2188 4610 2354 4657 mento
2394 4612 2440 4655 et
2484 4601 2699 4669 hordeo,
2730 4602 2854 4671 quia
2888 4602 3038 4671 periit
3080 4604 3259 4656 nmsis
3289 4601 3399 4672 agri
3433 4617 3451 4655 :
3481 4600 3627 4654 vinea
3657 4616 3770 4652 con.

2185 4702 2305 4769 fusa
2322 4705 2420 4760 est,
2443 4705 2493 4749 et
2516 4695 2643 4764 ﬁcus
2672 4693 2901 4765 elanguit
2921 4711 2939 4761 ;
2962 4693 3403 4767 nialogranatum,
3433 4703 3481 4747 ct
3508 4693 3684 4763 palma
3731 4702 3783 4744 et

2190 4791 2405 4855 malum,
2436 4797 2486 4842 et
2512 4789 2686 4842 omnia
2714 4788 2857 4858 ligna
2883 4789 2998 4858 agri
3025 4796 3279 4840 aruerunt
3310 4803 3328 4840 :
3357 4787 3479 4856 quia
3507 4788 3784 4854 confusum

2187 4893 2259 4936 est
2286 4881 2531 4954 gaudium
2562 4898 2594 4934 a
2620 4881 2745 4951 [iliis
2774 4881 3062 4936 hominum.
3100 4878 3244 4934 LXX
3283 4895 3302 4933 :
3330 4880 3570 4934 Ablatum
3598 4889 3668 4933 est
3696 4896 3786 4931 sa-

2188 4975 2441 5045 oriﬁcium
2466 4984 2511 5029 et
2536 4974 2714 5029 libatio
2736 4974 2798 5028 de
2823 4974 2975 5029 domo
3010 4972 3213 5027 Domini
3243 4989 3261 5026 :
3279 4972 3466 5041 lugete,
3492 4972 3787 5027 sacerdotes

2192 5068 2412 5125 ministri
2444 5067 2670 5132 Domini,
2699 5068 2940 5137 quoniam
2968 5066 3188 5119 dcsoluti
3218 5074 3339 5117 sunt
3364 5065 3535 5132 campi
3564 5080 3582 5115 :
3611 5064 3785 5133 lugeat

2192 5170 2350 5225 terra,
2383 5163 2627 5232 quoniant
2655 5162 2911 5232 afﬂictum
2936 5157 3045 5230 [AL
3080 5154 3399 5228 conﬂictum]
3430 5166 3505 5209 est
3532 5155 3781 5217 triticum,

2192 5256 2329 5311 aruit
2356 5255 2549 5320 vinum,
2581 5254 2914 5307 imminutum
2944 5250 3051 5323 [ΑΙ.
3085 5245 3441 5318 immutatum]
3467 5257 3539 5301 est
3565 5248 3735 5300 oleum
3765 5266 3785 5305 ,-

2192 5356 2440 5401 arucrunt
2485 5345 2727 5417 agricola:
2765 5345 2876 5417 [ΑΙ.
2921 5343 3087 5414 ligna]
3132 5359 3149 5397 :
3192 5343 3376 5414 lugete,
3418 5341 3782 5411 possessioncs,

2191 5458 2284 5513 pro
2310 5441 2566 5511 humatio
2587 5448 2631 5493 ct
2659 5438 2879 5505 hordeo,
2903 5438 3025 5507 quia
3070 5437 3217 5499 ncriit
3240 5436 3502 5488 vindemia
3545 5435 3608 5487 dc
3635 5451 3783 5506 agro,

2199 5544 2220 5572 ο
2241 5540 2391 5587 vinea
2411 5533 2572 5601 aruit,
2598 5542 2643 5585 et
2660 5533 2786 5603 ﬁcus
2814 5532 3102 5584 imminutae
3123 5537 3240 5581 sunt
3262 5544 3279 5582 :
3304 5526 3717 5600 malagranatum
3742 5534 3786 5577 et

2185 5671 2393 5727 mulieri
2419 5688 2521 5725 non
2548 5678 2620 5725 est
2641 5670 2857 5723 maritus
2876 5666 3116 5720 dominus
3139 5665 3429 5736 virginalis,
3449 5664 3599 5734 juxta
3624 5662 3784 5717 codd.

2186 5743 2561 5801 Florentinos.

2265 5827 2285 5853 ε
2319 5815 2441 5869 Mss.
2470 5812 2727 5881 Palatin.,
2753 5810 2884 5879 ﬁcus
2904 5810 3067 5879 aruit,
3096 5818 3143 5863 ct
3164 5809 3323 5864 vinea:
3344 5808 3629 5863 immutata:
3648 5815 3781 5861 sunt.
