4120 6342
325 302 430 358 937

1174 294 1824 356 COMMENTARIORUM
1864 294 1927 353 ΙΝ
1967 294 2234 371 ωεῳιι
2275 295 2497 353 LIBER.
2538 296 2693 354 CAP.
2737 298 2777 356 ι.

3504 305 3611 360 938

326 415 504 486 palma
543 425 590 469 et
633 415 827 471 malum
866 422 914 471 el
953 414 1128 469 omnia
1164 414 1307 485 ligna
1348 414 1461 484 agri
1491 414 1723 483 arefacta
1763 421 1914 480 sunt,
1946 418 1996 482 Α
2024 414 2218 486 rubigo
2266 418 2738 487 consumpserint,
2771 427 2827 474 et
2868 435 3209 492 nequaquam
3263 422 3613 479 habuerimus

319 511 569 579 quoniam
609 507 958 579 confuderunt
988 506 1239 580 gaudium
1288 505 1385 575 ﬁlii
1416 506 1702 561 hominum.
1733 505 1917 572 Quan-

322 612 436 657 tum
460 600 527 657 ad
554 600 841 659 historiam
875 598 1130 669 pertinet,
1169 598 1240 653 oh
1279 599 1632 663 locustarum,
1675 598 1792 653 sive
1821 597 1919 653 lio-

320 696 489 751 Siitlm
536 691 966 757 multitudinem,
1012 691 1105 762 qui
1148 690 1249 749 sub
1277 706 1464 749 earum
1505 692 1687 761 Specie
1712 692 1919 749 descri-

323 788 548 852 buntur,
580 786 808 843 vastatis
849 782 1104 841 omnibus
1148 791 1311 855 atque
1356 783 1717 852 consumptis,
1759 783 1921 852 periit

322 876 648 935 sacriﬁcium
680 882 736 933 et
765 874 951 933 libatio
977 874 1044 931 de
1071 874 1233 931 domo
1267 874 1479 931 Domini
1522 892 1534 927 :
1568 888 1798 944 quorum
1832 874 1916 929 al-

286 960 293 970 ’
323 983 499 1029 terum
523 971 592 1029 de
611 970 817 1037 simila,
841 969 1073 1027 alterum
1103 971 1170 1027 de
1194 969 1323 1025 vino
1344 966 1545 1025 olierre
1565 968 1716 1025 soliti
1740 979 1916 1025 erant.

322 1067 532 1123 Idcirco
568 1066 829 1123 luxerunt
872 1063 1212 1130 sacerdotes,
1247 1064 1338 1133 qui
1386 1072 1513 1121 sunt
1544 1062 1777 1119 ministri
1812 1062 1919 1116 Do-

324 1161 481 1224 mini.
517 1175 615 1217 nec
646 1159 961 1225 sacriﬁciis,
989 1174 1086 1215 nec
1117 1159 1429 1217 libantentis
1452 1158 1556 1215 rite
1585 1159 1874 1215 celebratis
1902 1176 1915 1213 :

325 1257 561 1309 maxime
577 1253 699 1323 quia
723 1261 779 1309 et
799 1252 1027 1309 decimae
1041 1293 1055 1318 ,
1077 1267 1213 1323 quas
1231 1251 1478 1321 accipere
1495 1260 1914 1321 consueverant,

329 1361 671 1417 nequaquam
702 1345 904 1401 oblata:
928 1355 1072 1403 sunt.
1103 1346 1269 1414 Regio
1290 1347 1435 1401 enim
1468 1345 1723 1401 universa
1763 1346 1923 1416 178

323 1438 579 1509 populata
600 1446 701 1497 est.
729 1436 891 1493 Luxit
916 1436 1134 1505 humus,
1159 1445 1542 1509 permutandis,
1569 1452 1668 1507 pro
1685 1451 1752 1495 eo
1773 1437 1917 1507 quod

325 1542 430 1601 ρει,
462 1530 516 1589 hi
546 1531 637 1600 qui
679 1538 705 1566 ει
747 1538 1031 1589 versantur
1062 1531 1113 1589 in
1157 1529 1324 1589 humo
1376 1549 1387 1584 :
1422 1531 1681 1596 triticum,
1730 1530 1927 1586 vinum‘

326 1622 617 1693 oleumque
638 1620 880 1692 elanguit
906 1638 919 1675 :
946 1620 1049 1692 ipsi
1070 1636 1286 1692 quoque
1306 1621 1560 1691 agricola:
1582 1632 1637 1679 et
1658 1624 1920 1679 vinitores

325 1715 535 1773 confusi
575 1724 724 1782 sunt,
758 1723 813 1769 et
841 1712 1187 1773 ululaverunt
1232 1732 1244 1769 :
1292 1715 1422 1787 quia
1454 1728 1562 1771 non
1593 1714 1771 1769 solum
1806 1712 1921 1769 fru-

2022 508 2275 574 cslicem,
2303 508 2375 565 de
2404 525 2512 579 quo
2542 512 2804 582 scriptum
2832 523 2914 568 est
2947 531 2960 567 :
3004 513 3158 569 Catia:
3198 525 3317 570 tuus
3354 515 3614 570 inebrians

2021 618 2177 673 quam
2205 602 2487 672 prwclarus
2518 612 2595 658 est
2618 602 2735 675 (Ps.
2769 621 2903 673 χιιι,
2937 607 3027 677 5)!
3060 607 3129 662 Et
3155 608 3378 677 perierit
3404 608 3610 675 oleum,

2021 695 2089 750 de
2112 712 2220 766 quo
2266 696 2319 753 in
2352 696 2684 753 Ecclesiaste
2716 699 2947 771 legimus
2986 718 2998 754 :
3044 701 3201 757 Omni
3230 712 3458 772 tempore
3506 704 3614 758 sint

2019 789 2245 847 candida
2262 791 2563 846 vestimenta
2589 800 2698 861 tua,
2731 801 2777 849 et
2806 791 2975 847 oleum
3001 794 3065 848 de
3084 798 3254 865 capite
3277 808 3366 851 tuo
3388 813 3490 852 non
3518 797 3608 851 dc-

2020 885 2167 955 ﬁciat
2198 882 2371 956 (Eccl.
2396 899 2474 951 ix,
2508 884 2565 957 8)
2596 902 2609 940 :
2642 900 2750 957 quo
2776 885 3110 942 exhilaretur
3139 888 3327 957 iacies,
3360 897 3416 945 et
3443 898 3609 959 caput

2022 978 2324 1050 jejunautis
2374 981 2614 1049 ungitur.
2677 980 2829 1035 Tune
2874 981 3272 1037 confundantur
3326 983 3608 1053 agricolae,

2021 1088 2142 1126 cum
2172 1073 2408 1129 viderint
2449 1073 2503 1127 in
2545 1073 2982 1144 possessionibus
3008 1077 3118 1129 suis
3148 1090 3259 1129 non
3294 1076 3442 1131 nasci
3473 1077 3612 1131 triti-

2021 1184 2166 1234 cum,
2199 1182 2307 1238 qno
2323 1169 2543 1223 aluntur
2565 1169 2835 1235 homines,
2868 1176 2922 1222 et
2944 1168 3207 1224 hordeum
3237 1170 3606 1240 quojumenta

2023 1260 2415 1315 irrationabilia
2439 1268 2829 1324 sustentantur,
2854 1268 2905 1315 et
2929 1259 3210 1314 confusam
3228 1274 3351 1315 esse
3373 1261 3612 1325 vineam,

2022 1354 2090 1409 de
2115 1369 2219 1424 qua
2249 1354 2511 1424 scriptum
2536 1363 2619 1408 est
2662 1369 2674 1405 ε
2718 1352 2881 1407 Vinea
2911 1352 3161 1423 frondosa
3190 1350 3385 1419 Israel,
3417 1357 3617 1424 fructus

2022 1448 2292 1505 abundans
2320 1448 2373 1500 in
2398 1463 2458 1501 ea
2489 1444 2647 1514 (Isai.
2682 1462 2739 1514 v,
2766 1445 2825 1518 2)
2856 1462 2868 1498 :
2903 1454 3255 1515 exspectante
3280 1445 3528 1513 Domino,
3556 1452 3614 1499 ut

2023 1544 2226 1598 iaceret
2261 1556 2421 1607 uvas,
2458 1550 2514 1596 et
2549 1540 2677 1596 fecit
2711 1542 2918 1610 spinas.
2948 1540 3110 1595 Ficus
3130 1553 3349 1609 quoque
3372 1538 3613 1609 elanguit

2024 1636 2124 1691 sub
2146 1650 2248 1705 qua
2273 1635 2397 1700 fuit,
2412 1642 2703 1704 antequam
2726 1634 2999 1699 crederet,
3018 1633 3317 1689 Nathanael
3339 1630 3521 1702 (Joan.
3547 1632 3613 1704 t),

2022 1739 2077 1786 et
2104 1729 2558 1800 malogranatum,
2591 1731 2744 1800 cujus
2768 1730 2961 1785 cortici
2981 1742 3134 1797 gena:
3156 1742 3373 1798 sponsas
3398 1728 3451 1783 in
3473 1726 3611 1783 Can-

327 1816 591 1875 mentum,
624 1806 720 1867 sed
746 1806 1012 1867 hordeum
1036 1822 1273 1878 quoque,
1304 1807 1451 1878 quod
1472 1808 1630 1865 vilius
1660 1808 1919 1865 fertilius-

2025 1827 2132 1881 tico
2152 1834 2540 1896 comparantur
2580 1824 2754 1897 (Cant.
2788 1824 2887 1896 vi),
2927 1834 2982 1881 et
3009 1826 3183 1895 palma
3204 1838 3350 1894 qum,
3402 1822 3614 1892 perdito

326 1915 433 1969 que
460 1911 564 1971 est,
596 1900 759 1957 aruit.
790 1900 856 1959 Et
881 1901 1154 1973 legumina
1186 1917 1307 1971 quae
1338 1916 1439 1971 ego
1464 1910 1595 1972 puto
1626 1901 1920 1972 signiﬁcari

327 1995 381 2047 iit
410 2007 475 2048 eo
504 1992 647 2063 quod
680 1993 778 2059 ait,
810 1994 961 2062 periit
988 1994 1168 2051 messis
1194 1996 1329 2065 agri,
1364 1994 1417 2048 id
1445 2004 1550 2060 est,
1577 2004 1770 2051 cuncta
1799 2010 1920 2065 quin

326 2085 463 2141 solet
487 2083 686 2141 humus
709 2083 952 2155 gignere.
975 2083 1115 2153 Quid
1144 2085 1335 2156 loquar
1359 2085 1428 2141 de
1452 2084 1744 2153 frumento,
1769 2086 1917 2154 vino,

325 2179 554 2247 oleoque
578 2185 633 2235 et
657 2176 886 2245 hordeo,
914 2191 1037 2235 cum
1061 2178 1225 2235 etiam
1255 2178 1510 2237 arborum
1540 2192 1697 2247 poma
1720 2179 1918 2237 siccata

326 2274 457 2339 sint,
486 2272 619 2329 ﬁcus
645 2272 968 2342 elanguerit,
994 2281 1050 2329 et
1080 2273 1536 2342 inalogranatum,
1560 2282 1616 2329 et
1645 2272 1843 2343 palma,
1866 2282 1919 2328 et

329 2366 557 2435 malum,
586 2376 643 2423 et
662 2368 843 2425 omnia
882 2367 1046 2437 ligna,
1065 2367 1148 2425 vel
1164 2368 1514 2434 infructuosa,
1533 2368 1619 2423 vel
1632 2366 1915 2438 frugifera,

332 2464 534 2517 locusta
548 2470 815 2524 vastante,
844 2472 1167 2532 consumpta
1181 2462 1325 2515 sint?
1347 2477 1464 2532 qua:
1491 2460 1629 2515 facta
1652 2471 1777 2517 sunt
1804 2477 1922 2517 om-

328 2556 436 2623 nia,
453 2563 512 2611 ut
529 2554 860 2621 auferretur,
879 2556 994 2613 sive
1015 2556 1443 2613 confunderetur
1462 2555 1719 2625 gaudium
1742 2572 1771 2610 a
1796 2556 1919 2611 ﬁliis

331 2648 628 2705 hominum.
645 2647 941 2705 Possumus
963 2647 1079 2707 hate
1094 2648 1286 2705 eadem
1310 2656 1364 2704 et
1394 2648 1811 2718 postatlventum
1838 2648 1920 2703 di-

327 2755 451 2796 cere
479 2740 775 2797 Saivatoris
803 2739 1069 2797 accidisse
1102 2740 1303 2810 populo
1329 2738 1670 2804 Jutlteorum,
1703 2740 1920 2809 quando

331 2838 445 2906 pari
479 2835 667 2895 furore
695 2836 990 2893 clamantes
1031 2834 1285 2895 dixerunt
1322 2853 1334 2889 :
1368 2832 1647 2904 Cruci/ipe,
1674 2836 1919 2908 cruciﬁge

331 2932 483 2984 talem
512 2946 531 2985 :
556 2946 654 2983 non
687 2928 935 2987 habemus
964 2944 1135 3001 regem
1168 2930 1270 2985 nisi
1297 2927 1552 2983 Cirsureiit
1586 2927 1768 2997 (Joan.
1798 2944 1915 2991 xu,

328 3024 360 3077 9
385 3032 435 3077 et
472 3022 555 3092 t5)
581 3038 596 3086 ;
624 3021 840 3093 quando
862 3020 1198 3079 circumdata
1222 3027 1307 3078 est
1346 3019 1651 3077 Jerusalem
1675 3020 1742 3073 ab
1763 3033 1921 3075 exer-

329 3118 459 3181 citu,
500 3122 554 3171 et
594 3115 645 3167 in
686 3123 890 3169 tantam
936 3112 1319 3169 necessitatem
1350 3118 1616 3169 venerunt
1666 3110 1825 3169 laniis
1855 3126 1918 3167 ac

2024 1921 2227 1986 virore,
2270 1917 2471 1974 siccata
2512 1927 2616 1985 est,
2654 1918 2724 1973 de
2752 1932 2856 1990 qua
2894 1917 3026 1972 olim
3077 1917 3360 1971 dicebatur
3385 1933 3396 1968 :
3426 1914 3613 1969 Justus

2023 2023 2194 2067 autem
2238 2022 2293 2068 ut
2340 2014 2514 2083 palma
2539 2011 2889 2083 ﬂorebiti(Ps.
2924 2025 3033 2077 scr,
3067 2010 3159 2081 15)
3186 2027 3199 2064 :
3231 2016 3287 2064 et
3313 2008 3515 2063 malum
3546 2007 3614 2061 (le

2022 2124 2130 2180 quo
2152 2109 2203 2162 in
2227 2108 2416 2165 eodem
2440 2107 2666 2161 Cantlco
2688 2106 2920 2177 legimus
2944 2123 2956 2159 :
2985 2104 3134 2160 Sicut
3152 2105 3345 2157 malum
3365 2103 3419 2156 in
3440 2102 3616 2156 medio

2024 2202 2286 2276 lignorum
2335 2218 2353 2255 :
2402 2202 2478 2255 ita
2531 2201 2806 2271 fratruelis
2860 2213 3003 2253 meus
3056 2198 3110 2250 in
3160 2196 3330 2251 medio
3384 2194 3614 2263 ﬁliorum

2023 2295 2196 2373 (Cant.
2230 2311 2290 2363 tt,
2323 2295 2434 2363 ili).
2459 2293 2598 2362 Quid
2627 2307 2853 2348 necesse
2882 2300 2966 2347 est
3001 2304 3193 2347 omnes
3233 2290 3461 2344 arbores
3489 2303 3613 2358 per-

2023 2405 2269 2456 currere,
2297 2404 2422 2444 cum
2446 2388 2701 2443 universa
2725 2385 2987 2450 aruerint,
3019 2393 3072 2439 et
3101 2398 3197 2453 pro
3218 2381 3418 2453 gaudio
3449 2390 3615 2448 atque

2022 2484 2235 2551 laetitia,
2270 2482 2411 2537 ﬁlios
2453 2481 2733 2537 hominum
2780 2493 2988 2535 maeror
3029 2475 3365 2547 Oppresserlt
3399 2482 3454 2530 et
3484 2488 3613 2528 con-

2022 2577 2198 2633 fusio?

2093 2671 2276 2743 (Vers.
2306 2670 2393 2735 15,
2420 2666 2533 2740 14.)
2551 2667 2816 2741 Accingite
2830 2680 2918 2719 vos
2940 2673 2987 2719 et
3008 2664 3260 2735 plangite,
3289 2660 3614 2724 sacerdotes;

2022 2765 2239 2829 ulnlute,
2270 2763 2495 2816 ministri
2522 2762 2735 2827 altaris;
2769 2756 3124 2829 ingredimini,
3156 2753 3340 2809 cubatc
3368 2755 3420 2807 in
3440 2768 3612 2817 sacco,

2026 2855 2249 2909 ministri
2283 2853 2378 2907 Dei
2413 2855 2542 2916 mei,
2575 2854 2819 2923 quoniam
2854 2851 3049 2905 interiit
3080 2848 3144 2902 de
3165 2848 3316 2901 domo
3346 2845 3440 2899 Dei
3460 2845 3616 2899 vestri

2020 2949 2334 3019 sacri/icium
2355 2957 2399 3001 et
2425 2945 2603 3001 libatio
2628 2962 2646 3012 ;
2667 2944 2984 3013 sanctiﬁcata
2994 2942 3279 3015 jejunium,
3314 2949 3490 2992 vocate
3516 2953 3616 2992 ca:-

2022 3055 2152 3108 tnm,
2202 3050 2509 3115 congregata
2554 3057 2719 3105 senes,
2771 3054 2944 3095 omnes
2995 3034 3309 3090 habitatores
3365 3043 3514 3088 terra:
3559 3033 3613 3086 in

2024 3137 2233 3190 domum
2276 3146 2297 3173 ο
2332 3134 2425 3189 Dei
2450 3133 2627 3198 vestri,
2661 3142 2707 3185 et
2731 3132 2953 3186 claritate
2987 3131 3055 3182 ad
3094 3127 3396 3182 Dominum.
3427 3123 3567 3180 LXX
3601 3142 3613 3177 :

330 3207 674 3276 pestilentiae,
709 3214 767 3300 ut
798 3204 1292 3300 ﬁliorumnecdum
1323 3204 1551 3261 maturis
1598 3204 1920 3271 corporibus
1947 3200 1988 3259 C
2024 3229 2288 3300 Arn-"9m
2310 3244 2397 3281 vos
2430 3238 2476 3280 ρ,
2508 3228 2765 3296 planam,
2792 3224 3110 3288 ,αεενάοιθη
3139 3220 3499 3274 mmmam“,
3527 3218 3615 3288 qua

330 3310 678 3357 vescerentur
710 3298 774 3355 :b
805 3312 860 3355 et
881 3298 1148 3359 sacriﬁcia
1171 3300 1425 3355 universa
1448 3300 1658 3355 sublata
1690 3308 1838 3361 sunt.
1864 3308 1921 3355 et

329 3396 611 3451 confusum
650 3407 731 3449 est
771 3394 1030 3465 gaudium
1063 3408 1093 3451 a
1130 3392 1256 3449 liliis
1296 3392 1596 3455 hominum,
1626 3393 1750 3461 quia
1779 3407 1915 3462 gau-

328 3489 476 3543 dium
515 3487 764 3557 recipere
799 3486 1115 3551 nolnerunt,
1148 3485 1218 3540 de
1268 3499 1375 3555 quo
1414 3485 1640 3555 angelus
1680 3485 1922 3554 loquitur

328 3582 393 3638 ad
422 3581 974 3651 pastoreszAnnuntio
993 3579 1132 3635 vobis
1158 3580 1411 3650 gaudium
1427 3596 1670 3649 magnum
1688 3578 1841 3649 (Luc.
1857 3594 1915 3646 ii,

333 3674 446 3745 iit).
497 3674 657 3729 Juxta
717 3677 983 3753 ᾀναιγωγήν
1035 3673 1140 3731 iste
1191 3673 1349 3731 nobis
1401 3688 1597 3729 sensus
1636 3673 1850 3728 videtur
1899 3690 1912 3727 :

331 3768 623 3838 Postquam
650 3782 874 3834 sponsa,
903 3781 1023 3836 qua:
1040 3774 1326 3832 receperat
1347 3765 1651 3821 doctrinam
1685 3766 1799 3831 Dei,
1823 3781 1920 3836 per

331 3869 551 3931 peccata
599 3874 627 3911 a
679 3872 885 3927 sponso
924 3857 1089 3915 fuerit
1127 3867 1404 3927 separata,
1447 3866 1502 3913 et
1541 3874 1639 3927 pro
1678 3858 1920 3928 byssinis

328 3952 603 4023 lineisque
639 3951 905 4017 vestibus,
945 3950 1123 4009 cilicio
1160 3949 1517 4015 circumdata,
1547 3949 1598 4006 id
1628 3958 1734 4015 est,
1766 3949 1922 4006 habi-

329 4056 444 4102 tum
486 4045 721 4117 lugentis
752 4043 1131 4115 assumpserit,
1170 4052 1295 4099 tunc
1327 4043 1528 4113 peribit
1567 4042 1916 4109 sacriﬁcium,

330 4142 399 4195 de
428 4155 534 4211 quo
565 4140 825 4209 scriptum
856 4146 943 4195 est
982 4156 997 4193 :
1042 4137 1373 4208 Sacriﬁcium
1402 4136 1516 4195 Deo
1546 4138 1764 4207 spiritus
1797 4155 1921 4195 con-

330 4234 606 4291 tribulatus
629 4231 750 4306 (Ps.
784 4250 817 4291 ι.
843 4273 860 4301 ,
891 4230 1002 4302 i9),
1033 4242 1089 4289 et
1114 4231 1228 4291 viui
1262 4231 1475 4299 libatio,
1510 4232 1655 4302 qttod
1682 4232 1922 4289 laetiﬁcat

325 4340 422 4381 cor
450 4325 707 4389 hominis,
736 4324 803 4380 de
828 4324 992 4380 domo
1013 4322 1138 4391 Dei,
1166 4338 1286 4393 qua:
1308 4331 1393 4379 est
1416 4322 1683 4391 Ecclesia,
1705 4324 1921 4383 dicente

335 4425 599 4495 Apostolo
625 4423 691 4479 ad
717 4424 1063 4480 Timotheum
1098 4441 1109 4479 :
1148 4423 1214 4479 Ut
1237 4426 1372 4480 scias
1394 4424 1651 4495 quomodo
1682 4424 1735 4478 in
1765 4424 1920 4478 domo

330 4517 427 4571 Dei
458 4516 796 4579 conveneris,
829 4531 945 4585 quin
964 4525 1039 4571 est
1068 4514 1307 4575 Ecclesia
1336 4515 1433 4571 Dei
1462 4517 1679 4572 viventis
1705 4516 1747 4585 (Ι
1777 4514 1915 4570 Tim.

326 4625 410 4677 tu,
444 4607 554 4679 i3).
602 4606 895 4663 Anicretur
937 4616 1115 4667 autem
1163 4606 1490 4665 sacriﬁcium
1531 4617 1584 4660 et
1632 4606 1820 4662 libatio
1850 4606 1921 4663 de

328 4702 494 4757 domo
538 4698 783 4765 Domini,
815 4699 1051 4768 quando,
1087 4698 1437 4768 multiplicata
1490 4698 1798 4767 iniquitate,
1832 4715 1921 4755 re-

328 4790 547 4847 frixerit
569 4788 810 4847 Charitas
836 4790 1123 4849 multorum
1155 4787 1337 4859 (Matt.
1364 4788 1543 4859 xxiv):
1571 4797 1625 4844 et
1648 4789 1922 4859 principes

336 4885 521 4956 populi
555 4900 616 4943 ac
646 4883 885 4941 ministri
921 4883 1109 4943 altaris
1140 4884 1368 4943 viderint
1398 4898 1624 4953 campos
1660 4896 1712 4940 et
1758 4884 1920 4953 plana

334 4978 669 5037 credentium
695 4976 902 5037 fructus
929 4993 1035 5037 non
1060 4976 1261 5037 aﬁ'erre
1292 4976 1587 5043 virtutum;
1614 4979 1708 5034 sed
1736 4979 1922 5035 omnia

331 5072 484 5127 vitiis
507 5071 891 5131 inhorrescere
919 5089 932 5127 :
957 5072 1175 5141 quando
1199 5071 1529 5127 frumentum
1553 5081 1606 5127 et
1635 5073 1921 5141 hordeum,

333 5167 634 5236 vineasque
664 5175 717 5225 et
746 5166 950 5233 oleum,
978 5180 1143 5222 eruca
1164 5209 1178 5235 ,
1207 5165 1433 5233 locusta,
1465 5166 1729 5237 bruchus,
1768 5171 1928 5241 179

406 5339 430 5367 ει
473 5329 707 5389 Rursum
749 5328 955 5387 Victor.
1002 5343 1070 5385 ex
1120 5328 1454 5389 Florentinis
1493 5329 1653 5387 codd.
1700 5332 1911 5400 reponit

329 5402 663 5457 versabantur
692 5415 710 5461 ;
741 5417 863 5455 nam
892 5407 947 5454 et
975 5415 1064 5467 ea,
1100 5401 1307 5471 inquit,
1334 5417 1452 5471 quae
1487 5401 1797 5469 praecedunt
1818 5445 1833 5470 ,
1864 5412 1917 5458 ct

329 5489 452 5543 quas
483 5479 814 5540 sequuntur,
850 5473 1181 5541 praeteritum
1213 5472 1515 5541 respiciunt
1542 5481 1775 5542 tempus.

402 5543 428 5583 δ
456 5544 606 5599 Unus
628 5544 880 5614 Palatin.,
901 5554 946 5597 et
972 5544 1028 5614 in
1048 5545 1304 5614 saerlﬁcia
1325 5544 1529 5597 inversa
1549 5545 1755 5598 sublata
1777 5555 1917 5599 sunt.

406 5626 427 5653 ο
458 5614 739 5668 interserit
763 5613 1214 5685 Victor..Domini,
1241 5632 1358 5683 quae
1384 5631 1507 5680 vox,
1531 5617 1723 5684 inquit,
1750 5618 1799 5669 in
1820 5617 1921 5670 lle-

329 5687 513 5765 li_raico
544 5685 837 5765 invenitur,
865 5701 1093 5765 eamque
1116 5686 1311 5765 habent
1346 5687 1599 5765 tredecim
1652 5688 1918 5765 antiquis-

330 5760 469 5814 sima
512 5757 713 5812 montis
756 5756 964 5811 Cassini
1003 5758 1352 5827 exemplaria,
1399 5765 1451 5812 et
1491 5758 1697 5827 aliquos
1743 5756 1924 5811 Bono-

332 5829 545 5884 niensia
576 5845 589 5879 τ
625 5836 680 5883 et
709 5828 851 5898 quod
884 5844 982 5898 ego
1012 5829 1331 5895 multiiaeio,
1363 5830 1537 5885 codex
1570 5832 1743 5883 sancti
1772 5830 1929 5884 Pauli

2023 3323 2329 3376 ministralis
2353 3320 2535 3386 altari;
2564 3317 2931 3389 ingredimini,
2965 3316 3187 3369 dorntitc
3217 3314 3268 3366 in
3297 3314 3480 3379 saccis,
3512 3312 3613 3364 nti-

2022 3416 2171 3469 nistri
2197 3415 2309 3477 Dei,
2342 3414 2584 3483 quoniam
2607 3412 2792 3481 defecit
2827 3411 2893 3464 de
2932 3411 3084 3464 domo
3113 3409 3207 3462 Dei
3234 3410 3388 3461 vestri
3408 3407 3615 3476 sacri/i-

2020 3510 2157 3560 cium
2180 3517 2225 3559 et
2254 3505 2460 3571 libatio;
2481 3505 2808 3575 sanctiﬁcata
2836 3504 3123 3575 jejunium,
3163 3502 3440 3572 pra’dicate
3461 3517 3615 3553 curae

2022 3601 2210 3653 tionem
2243 3597 2349 3670 [Αι.
2377 3599 2803 3669 praedicationem
2835 3594 3079 3667 curate];
3112 3604 3421 3667 eongregate
3447 3611 3615 3655 series,

2024 3708 2198 3745 omnes
2226 3690 2545 3744 habitatores
2576 3699 2725 3743 terra
2749 3691 2801 3743 in
2825 3690 3035 3743 domum
3058 3687 3155 3743 Dei
3178 3685 3203 3724 ἀ
3224 3689 3400 3754 vestri,
3436 3696 3481 3740 et
3509 3686 3617 3739 cla-

2023 3792 2160 3837 mate
2188 3784 2254 3837 ad
2287 3781 2568 3836 Dominum
2591 3781 2929 3836 vehementer.
2961 3782 3062 3848 Qui
3111 3789 3330 3834 sanctus
3359 3780 3617 3834 sacerdos

2022 3885 2126 3942 est,
2162 3885 2219 3931 et
2256 3875 2492 3930 comedit
2543 3875 2742 3945 pascha
2793 3876 3034 3942 Domini,
3083 3875 3393 3944 accingatur
3436 3873 3618 3928 balteo

2022 3968 2313 4034 cactitatis,
2347 3976 2402 4022 et
2431 3967 2615 4022 audiat
2642 3981 2762 4021 cum
2789 3967 3052 4037 apostolis
3085 3985 3098 4021 :
3128 3968 3248 4023 Sint
3277 3966 3437 4021 lumbi
3464 3966 3619 4020 rcstri

2024 4062 2313 4131 prwcincti,
2369 4070 2418 4114 et
2475 4061 2696 4115 lucernat
2749 4062 2990 4116 ardentes
3042 4062 3097 4137 in
3151 4060 3387 4115 manibus
3436 4062 3618 4114 vestris

2024 4153 2178 4226 (Luc.
2212 4168 2309 4219 xu,
2343 4154 2457 4224 55).
2491 4154 2592 4222 Qui
2631 4165 2811 4209 autem
2842 4161 3102 4225 peccator
3130 4160 3234 4219 est,
3261 4160 3316 4208 et
3344 4167 3504 4222 quem
3533 4166 3619 4207 re-

2025 4246 2242 4301 mordet
2292 4247 2513 4316 proprla
2562 4246 2921 4317 conscientia,
2969 4244 3147 4300 cilicio
3198 4246 3515 4313 accingatur
3566 4252 3619 4298 et

2024 4339 2265 4410 plangat,
2290 4339 2375 4395 vel
2402 4339 2615 4410 propria
2645 4339 2869 4407 delicta,
2895 4339 2980 4394 vel
3013 4337 3222 4409 populi,
3251 4348 3303 4391 et
3342 4336 3617 4407 ingredia-

2027 4441 2114 4487 tur
2150 4432 2309 4503 180
2336 4431 2661 4497 Ecclesiam,
2702 4431 2772 4487 de
2807 4445 2909 4500 qua
2942 4438 3166 4500 propter
3197 4438 3415 4497 peccata
3448 4429 3621 4483 fuerat

2030 4538 2298 4593 egressus,
2332 4532 2387 4579 et
2415 4524 2597 4585 nubet,
2629 4524 2714 4577 vel
2736 4522 2974 4578 dormiat
2996 4522 3053 4575 in
3082 4534 3264 4585 sacco,
3290 4528 3347 4574 ut
3374 4520 3621 4590 praeteri-

2026 4624 2108 4671 tas
2133 4616 2383 4683 delicias,
2413 4630 2510 4685 per
2532 4628 2665 4686 quas
2688 4614 2993 4670 oﬁ‘enderat
3016 4614 3213 4682 Deum,
3238 4613 3365 4667 vitae
3387 4615 3619 4669 austeri-

2026 4714 2133 4760 tate
2171 4715 2509 4777 compenset.
2563 4706 2666 4773 Qui
2708 4706 2854 4760 enim
2904 4704 3158 4760 mollibus
3197 4705 3523 4768 vestiuntur,
3563 4706 3616 4759 in

2025 4798 2276 4853 domibus
2303 4813 2490 4869 regum
2517 4808 2640 4853 sunt
2665 4798 2880 4870 (Matth.
2907 4800 3025 4870 xv).
3053 4799 3417 4869 Accingantur
3438 4808 3617 4855 autem

2024 4888 2337 4946 sacerdotes
2376 4900 2433 4947 et
2480 4892 2737 4963 plangant
2786 4901 2841 4948 et
2876 4892 3102 4961 uluient,
3147 4903 3200 4947 et
3244 4893 3516 4948 dormiant
3562 4893 3616 4947 in

2024 4998 2206 5051 sacco,
2230 4985 2492 5055 propheta
2522 5001 2618 5042 eos
2647 4988 2713 5042 ad
2750 4988 3124 5058 paenitentiam
3156 4988 3498 5055 cohortante,
3526 4989 3615 5058 qui

2033 5078 2166 5133 dicit
2222 5094 2234 5131 ι
2297 5087 2320 5116 ο
2366 5078 2598 5134 Ministri
2648 5081 2742 5136 Del
2803 5082 2930 5149 mei,
2978 5081 3251 5161 quomodo
3292 5080 3498 5136 interiit
3548 5078 3617 5135 de

2034 5172 2196 5228 domo
2228 5173 2318 5229 Dei
2346 5175 2512 5230 vestri
2554 5176 2878 5231 sacriﬁcium
2910 5186 2965 5232 et
2994 5176 3184 5232 llbatio
3214 5174 3394 5248 (Joel.
3427 5173 3524 5241 li),
3549 5173 3618 5229 de

2018 5332 2072 5388 in
2096 5334 2177 5391 via
2201 5332 2433 5395 Oiliensi
2462 5350 2489 5395 ti
2508 5334 2706 5393 Carolo
2736 5336 2926 5403 Magno
2950 5336 3022 5391 illi
3053 5335 3302 5390 ecclosiae
3341 5333 3571 5388 donatus
3598 5350 3613 5389 :

2024 5413 2081 5459 ut
2119 5404 2434 5531 .iltlnpressos
2492 5408 2688 5470 multos
2755 5414 2810 5469 et
2884 5408 3092 5481 aliquot
3146 5404 3432 5469 Florentia}
3482 5420 3612 5467 mss.

2025 5491 2130 5531 omt
2184 5492 2292 5531 am.

2025 5491 2292 5532 Oiﬂlllam.

2095 5545 2121 5591 ἀ
2148 5549 2319 5607 Antea
2344 5557 2463 5605 erat
2494 5551 2677 5617 nostri,
2703 5566 2823 5605 cum
2850 5560 2901 5603 et
2934 5547 3157 5603 Palatini
3191 5562 3321 5604 mss.
3350 5550 3533 5614 vestri,
3564 5556 3619 5603 et

2027 5618 2248 5693 Graecus
2276 5636 2492 5693 quoque
2523 5630 2699 5676 textus
2723 5624 2863 5693 ὑμῶν
2885 5620 3202 5693 praeferant.

2105 5701 2129 5769 (ξ
2159 5690 2307 5747 Unus
2329 5692 2584 5769 P.tl_:ttin.,
2616 5695 2704 5769 qui
2735 5690 3095 5769 dici{,_c_ubate
3126 5694 3177 5745 in
3198 5708 3368 5765 sacco,
3396 5690 3623 5751 ministri

2035 5760 2126 5815 Dei
2160 5779 2177 5817 :
2209 5764 2466 5833 quomodo
2500 5760 2693 5818 interiit
2720 5763 3057 5839 sacriﬁcium,
3090 5773 3195 5820 etc.

2495 5896 2522 5905 ι.
