4100 6336
475 265 582 322 939

1718 266 1777 321 S.
1818 260 2094 335 EUSBBII
2134 260 2520 324 ﬂlEllONYMi

3664 272 3787 330 .060

478 387 672 457 quibus
699 399 862 457 supra
889 383 1093 442 dictum
1116 393 1222 441 est.
1258 384 1365 441 Nec
1392 382 1597 440 sufﬁcit
1622 383 1775 448 flere,
1798 382 1885 438 vel
1915 382 2070 453 plan—
2094 379 2152 443 Α
2171 378 2552 455 Chaldaeisque
2594 384 2885 456 captivitas
2912 404 2924 442 :
2956 386 3379 460 praediciturque
3422 398 3648 446 ventura
3670 434 3683 455 ,
3717 401 3787 446 ut

476 495 610 552 gere
636 488 693 537 et
718 479 966 536 habitum
1004 480 1238 551 lugentis
1262 494 1565 546 assumere,
1598 476 1705 534 nisi
1732 475 2072 533 sanctificent

474 572 768 643 jejunium,
797 582 854 628 et
880 580 1076 629 vocent
1117 581 1344 628 coetum.
1372 572 1429 628 Si
1456 585 1619 627 omne
1658 570 1923 641 jejunium
1956 568 2073 639 pla-

478 673 631 721 ceret
655 664 789 731 Deo,
811 676 837 703 α
856 680 1150 736 numquam
1164 666 1370 720 diceret
1395 683 1407 719 :
1436 664 1772 734 Sanctiﬁcate
1781 662 2067 735 jejunium.

478 756 547 813 Et
580 776 592 811 :
628 755 753 812 Non
802 758 905 812 tale
942 758 1213 831 jejunium
1263 758 1416 829 elegi,
1460 757 1585 811 dicit
1624 753 1878 810 Dominus
1910 753 2070 827 (1δαί.

476 848 650 919 ινιιι).
680 848 749 904 Et
788 848 843 904 in
888 848 1186 919 Evangelia
1220 848 1656 905 condemnentur
1692 849 1782 917 qui
1812 845 2072 903 extermi-

479 954 617 999 nant
658 943 821 999 l’acies
872 958 1021 1008 suas,
1064 952 1125 998 ut
1155 943 1441 998 videantur
1486 940 2073 1010 bominibusjejunare

478 1036 698 1109 (Matth.
727 1035 835 1107 vt);
864 1046 919 1091 et
947 1036 1000 1091 in
1025 1036 1241 1102 diebus,
1274 1036 1470 1107 inquit,
1502 1034 1835 1105 jejuniorum
1863 1041 2073 1088 vestro-

476 1144 599 1185 rum
629 1128 920 1199 percutitis
952 1128 1171 1200 pugnis,
1205 1139 1259 1182 et
1287 1116 1597 1199 opprimitis
1625 1141 1941 1197 pauperem.
1984 1124 2072 1181 Id-

475 1222 624 1278 circo
655 1237 799 1277 nunc
828 1221 1349 1290 dicit:Sancti/icate
1388 1220 1673 1292 jejunium.
1704 1218 1925 1288 Jejunat
1959 1218 2073 1272 Ma-

479 1316 745 1385 nichacus,
778 1325 834 1372 et
869 1316 1027 1371 multi
1076 1316 1338 1381 haeretici,
1383 1316 1728 1384 maximeque
1763 1312 2073 1378 Encratitas,

478 1423 709 1480 quorum
757 1408 1016 1477 princeps
1061 1406 1324 1462 Tatianus
1372 1414 1478 1471 est,
1525 1406 1621 1461 sed
1663 1405 1768 1460 hoc
1806 1404 2072 1475 jejunium

474 1499 764 1557 saturitate
828 1508 883 1555 et
941 1500 1206 1556 ebrietate
1259 1500 1506 1556 deterius
1589 1508 1697 1555 est.
1772 1499 1841 1553 Et
1900 1507 2075 1554 vocate

477 1605 685 1661 emtum,
711 1591 825 1651 sive
854 1594 1194 1650 curationem
1218 1637 1232 1661 ,
1265 1604 1323 1649 ttt
1352 1610 1449 1664 per
1475 1594 1853 1666 paenitentiam
1884 1602 2072 1648 nostra

478 1698 701 1760 peccata
749 1702 1025 1743 curemus.
1074 1688 1181 1743 Pro
1225 1697 1356 1742 ctetu
1407 1688 1460 1742 in
1516 1686 1787 1742 Hebraico
1850 1687 2067 1757 legitur,

2180 488 2302 528 cum
2332 476 2580 545 venerit,
2614 493 2723 533 non
2755 493 2884 534 casu
2923 480 3191 536 accidisse
3224 481 3494 549 videatur,
3528 493 3619 538 aut
3647 484 3789 539 bos-

2176 565 2309 621 tium
2353 566 2703 636 fortitudine;
2737 572 2832 627 sed
2862 573 2940 628 ira
2965 582 3023 629 et
3047 576 3477 632 comminatione
3522 577 3648 644 Dei,
3685 579 3783 633 vel

2172 669 2353 728 certe,
2379 672 2579 732 agente
2613 665 2819 735 populo
2846 666 3247 737 paenitentiam,
3283 683 3389 725 non
3413 671 3785 742 veniat,'quzc

2175 765 2403 809 ventura
2434 767 2547 821 est,
2575 758 2617 812 si
2646 762 3012 827 permanserit
3042 762 3095 817 in
3126 762 3362 818 delictis.

2248 844 2425 913 (Vers.
2458 846 2570 918 16.)
2600 846 2868 921 Numquid
2897 868 2999 906 non
3038 869 3212 908 coram
3255 853 3419 909 oculis
3447 856 3637 911 nostris
3676 857 3791 912 ali-

2175 946 2345 993 menta
2360 943 2621 1011 perierunt
2636 961 2655 1009 ;
2683 943 2746 997 de
2762 945 2913 1000 domo
2938 945 3035 1000 Dei
3058 950 3240 1014 nostri,
3260 948 3438 1003 (tetitia
3463 958 3513 1003 et
3534 950 3787 1005 exsulta-

2178 1029 2246 1083 tio
2269 1032 2292 1085 ?
2323 1030 2466 1085 LXX
2493 1051 2506 1086 :
2537 1035 2668 1088 Ante
2697 1036 2875 1091 oculos
2896 1046 3091 1092 vestros
3113 1041 3360 1095 alimenta
3382 1041 3645 1113 perierunt
3669 1057 3687 1096 :
3714 1042 3792 1095 de

2177 1121 2329 1177 domo
2358 1121 2456 1179 Dei
2485 1127 2647 1180 nostri
2668 1127 2853 1182 laatitia
2879 1138 2928 1182 et
2962 1130 3232 1203 gaudium.
3259 1131 3403 1187 Ante
3445 1132 3636 1187 oculos
3684 1148 3788 1203 pe-

2176 1223 2337 1269 reunt
2362 1216 2614 1272 alintenta
2642 1220 3003 1288 peccantium,
3030 1221 3377 1292 quandojam
3406 1232 3640 1294 speratae
3666 1224 3788 1281 tru-

2175 1325 2275 1380 ges
2301 1325 2331 1365 e
2362 1311 2610 1368 manibus
2629 1312 2970 1381 auferuntur,
3002 1326 3057 1371 et
3092 1317 3356 1386 praevenit
3394 1318 3595 1373 locusta
3629 1334 3783 1375 mes-

2177 1418 2380 1469 sorem,
2413 1414 2473 1459 ut
2500 1405 2643 1475 quod
2675 1420 2770 1476 spe
2802 1405 2914 1479 [Αι.
2940 1408 3108 1481 saepe]
3151 1409 3205 1463 in
3234 1408 3447 1464 horreis
3493 1409 3783 1465 conditum

2177 1505 2261 1551 est
2282 1535 2295 1559 ,
2322 1496 2561 1552 bruchus
2587 1506 2642 1551 et
2673 1497 2868 1569 rubigo
2904 1510 3254 1556 consumant.
3298 1500 3394 1555 His
3440 1516 3656 1573 quoque
3684 1502 3788 1573 qui

2175 1586 2230 1642 in
2262 1587 2503 1644 Ecclesia
2529 1604 2967 1661 commorantur,
3002 1607 3098 1662 pro
3120 1593 3387 1663 qualitate
3419 1596 3745 1650 meritorum
3766 1637 3787 1665 ,

2178 1677 2515 1735 frumentum
2549 1682 2774 1753 spiritus
2796 1729 2809 1754 ,
2837 1694 2892 1740 et
2919 1684 3183 1742 hordeum
3216 1686 3413 1742 littera:
3436 1688 3479 1742 si
3514 1704 3788 1757 peccave-

477 1794 647 1838 ASARA
675 1778 871 1851 (nm)
897 1821 912 1846 ,
966 1780 1107 1849 quod
1142 1778 1503 1851 Symmachus
1555 1777 1848 1849 synodum,
1876 1776 2075 1845 Aquila
2108 1762 2157 1822 Β
2183 1775 2294 1832 rint
2314 1776 2544 1842 tollitur,
2569 1787 2626 1832 ut
2661 1779 2940 1848 patiantur
2961 1780 3160 1836 famem
3186 1782 3456 1837 sermonis
3476 1780 3597 1838 Dei.
3618 1782 3794 1839 Cum—

476 1875 613 1931 diem
656 1874 885 1929 collectae
931 1874 1326 1943 interpretatus
1372 1880 1476 1929 est.
1533 1870 1860 1943 Congregate
1902 1886 2072 1937 senes,

481 1983 714 2039 quorum
756 1975 889 2023 aetas
928 1966 1103 2022 vicina
1149 1967 1331 2033 morti,
1375 1974 1715 2035 maturatque
1760 1963 2075 2031 sententize,

481 2062 655 2133 magis
678 2062 923 2116 timorem
947 2069 1004 2116 et
1022 2060 1227 2116 cultum
1248 2059 1474 2129 suscipit
1496 2058 1612 2114 Dei.
1639 2056 1846 2113 Omnes
1865 2071 2080 2128 quoque

493 2156 833 2213 habitatores
862 2165 1046 2224 terrae,
1076 2155 1145 2212 de
1175 2155 1370 2227 quibus
1408 2169 1572 2225 supra
1603 2154 1816 2209 dixerat
1848 2171 1861 2206 :
1893 2152 2082 2207 Audite

481 2251 601 2317 hoc,
628 2264 793 2313 senes,
823 2258 871 2303 et
892 2248 1107 2303 auribus
1138 2248 1409 2317 percipite,
1438 2263 1614 2301 omnes
1636 2247 1953 2301 habitatores
1982 2256 2083 2300 ter-

485 2358 579 2411 τω,
611 2352 670 2398 ιιι
697 2352 752 2398 et
780 2357 941 2398 senes
969 2352 1023 2397 et
1052 2340 1391 2396 habitatores
1417 2348 1580 2396 terra:
1612 2340 1666 2395 in
1697 2340 1922 2395 domum
1948 2339 2076 2405 Dei,

482 2452 604 2508 quae
643 2445 726 2492 cst
751 2436 1021 2503 Ecclesia,
1052 2444 1473 2508 congregentur.
1507 2434 1753 2506 Cumque
1788 2435 1996 2490 fuerint
2026 2434 2079 2489 in

481 2530 757 2597 Ecclesia,
790 2540 844 2585 et
871 2530 940 2587 de
968 2531 1171 2602 dispari
1204 2545 1372 2602 grege
1398 2528 1745 2585 sacerdotum
1773 2540 1822 2584 et
1855 2528 2038 2599 populi
2066 2570 2080 2594 ,

489 2638 681 2680 senum
705 2632 759 2679 et
786 2621 1152 2678 habitatorum
1183 2632 1366 2688 terrae,
1391 2636 1531 2676 unus
1562 2635 1692 2692 grex
1725 2620 1891 2676 fuerit
1914 2618 2080 2676 eﬂ‘ec-

487 2725 599 2787 tus,
645 2715 899 2782 clamate,
938 2715 1134 2787 inquit,
1179 2715 1250 2770 ad
1289 2714 1583 2770 Dominum
1612 2714 1665 2768 in
1695 2712 1950 2768 cordibus
1993 2727 2085 2769 ve-

488 2813 623 2867 stris
665 2820 720 2867 et
745 2811 914 2866 dicite
941 2829 952 2864 :

561 2906 743 2977 (Vers.
796 2905 912 2976 15.)
965 2903 1068 2971 Ah,
1115 2905 1205 2972 ah,
1255 2906 1321 2959 ah
1358 2905 1482 2971 diei,
1522 2905 1645 2973 quia
1682 2918 1842 2976 prape
1871 2910 1944 2957 est
1976 2902 2084 2955 dies

490 2996 725 3063 Domini,
755 3009 803 3053 et
830 2998 974 3068 quasi
1001 3001 1214 3053 vastitas
1243 2997 1357 3070 [AL
1393 2996 1686 3067 temmestas]
1718 3014 1749 3049 a
1776 3005 1980 3065 potente
2001 3012 2084 3051 ve-

488 3095 614 3149 niet.
655 3093 796 3150 LXX
841 3111 854 3146 :
895 3095 1013 3148 Heu
1053 3093 1205 3161 mihi,
1238 3094 1335 3148 heu
1386 3093 1535 3159 mihi,
1581 3092 1683 3147 heu
1710 3092 1839 3145 mihi
1879 3092 1935 3145 in
1966 3091 2085 3146 die!

495 3189 745 3261 quoniam
758 3193 921 3261 juxta
951 3196 1024 3241 est
1063 3187 1176 3241 dies
1221 3186 1453 3253 Domini,
1489 3196 1535 3239 et
1579 3186 1727 3253 quasi
1770 3184 1979 3239 miseria
2023 3185 2086 3237 de

488 3281 696 3336 miseria
726 3280 910 3335 veniet.
948 3279 1052 3334 Pro
1078 3295 1143 3334 eo
1170 3279 1315 3345 quod
1353 3293 1454 3333 nos
1477 3276 1885 3342 transtulimus,
1933 3294 1967 3330 a
1994 3294 2088 3344 po-

490 3381 648 3435 tente,
682 3379 736 3425 et
770 3370 1033 3426 Hebraice
1059 3369 1259 3425 dicitur
1284 3385 1472 3425 SADDAI
1500 3368 1651 3440 (me)
1672 3411 1687 3436 ,
1734 3368 1879 3440 quod
1920 3384 2086 3424 unum

495 3463 651 3534 181
681 3475 802 3517 esse
826 3461 895 3517 de
924 3461 1114 3517 decem
1148 3461 1242 3516 Dei
1272 3462 1607 3527 nominibus,
1635 3461 1928 3531 aliquoties
1953 3460 2089 3516 dixi-

493 3570 635 3623 mus,
666 3553 809 3609 LXX
859 3555 1212 3624 interpretati
1258 3563 1388 3610 sunt
1442 3555 1737 3619 miseriam,
1771 3568 1867 3609 son
1900 3552 2084 3624 (τηεν),

492 3661 596 3718 pro
625 3662 817 3702 SADDAI
858 3646 1125 3716 legentes.
1154 3647 1271 3702 Vox
1305 3648 1467 3717 igitur
1496 3646 1841 3703 sacerdotum
1895 3656 1951 3702 et
1997 3662 2091 3716 po-

493 3738 610 3809 puli
634 3738 699 3794 ad
736 3739 1027 3794 Dominum
1059 3739 1352 3794 clamantis
1383 3739 1682 3807 inducitur,
1713 3748 1769 3795 ut
1807 3740 1966 3794 tertio
2007 3739 2091 3793 di-

490 3840 641 3899 cant,
674 3831 794 3886 Heu
820 3831 987 3885 mihi!
1011 3833 1197 3899 credo,
1221 3834 1347 3903 quia
1377 3841 1606 3903 prepter
1636 3841 1853 3901 peccata
1875 3847 1997 3902 quae
2018 3832 2095 3887 fe-

492 3934 718 3992 cerunt,
747 3935 991 3980 sanctam
1022 3924 1363 3980 offenderant
1390 3925 1733 3981 Trinitatem.
1759 3925 1886 3980 Dies
1913 3934 2091 3979 autem

493 4014 874 4071 retributionis
936 4016 1177 4070 omnium
1237 4016 1565 4071 delictorum
1599 4016 1689 4070 illa
1728 4027 1843 4081 est,
1872 4015 1942 4071 de
1989 4031 2094 4085 qua

498 4107 742 4162 universi
775 4108 1029 4162 scribunt
1060 4108 1374 4177 pr0phetac,
1400 4117 1455 4162 et
1496 4108 1734 4162 maxime
1780 4108 1945 4162 Isaias
1992 4108 2097 4163 cla-

496 4199 690 4254 mitat:
720 4196 859 4252 Ecce
886 4198 998 4254 dies
1028 4198 1241 4252 Domini
1266 4198 1572 4254 insanabilis
1595 4200 1731 4253 venit
1760 4198 1868 4271 [AL
1888 4199 2092 4272 veniet],

497 4290 692 4362 furoris
718 4299 764 4343 et
796 4290 908 4352 iraa,
943 4300 998 4343 ut
1024 4299 1185 4361 ponat
1207 4291 1502 4345 universum
1534 4291 1707 4344 orbem
1737 4290 2015 4355 desertum,
2048 4301 2094 4344 et

496 4392 788 4455 peccatores
816 4384 995 4454 perdat
1025 4401 1086 4438 ex
1113 4400 1173 4438 eo
1196 4382 1357 4455 (Isai.
1385 4399 1479 4438 χιιι
1498 4426 1512 4450 ,
1556 4382 1638 4453 9).
1670 4384 1771 4440 Hic
1797 4384 1920 4440 dies
1947 4393 2097 4440 recte

501 4478 811 4548 appellatur
844 4477 1194 4543 insanabilis;
1225 4480 1353 4549 quia
1402 4493 1524 4533 cum
1558 4478 1676 4533 dies
1700 4478 1888 4548 judicii
1934 4493 2097 4534 vene-

497 4567 603 4636 rit,
634 4583 744 4624 non
776 4569 881 4623 erit
914 4569 1062 4624 locus
1093 4569 1464 4639 paenitentiae,
1497 4569 1593 4641 qui
1624 4568 1731 4642 [AL
1763 4568 1914 4643 quia]
1942 4581 2099 4625 teter-

504 4660 663 4715 nitati
699 4669 1081 4730 comparatus,
1107 4676 1280 4733 prope
1328 4672 1441 4728 est,
1472 4670 1528 4717 et
1566 4678 1678 4718 non
1707 4664 1887 4735 longe.
1920 4662 2103 4731 Quod-

498 4768 611 4824 que
630 4753 908 4823 sequitur:
934 4752 1005 4808 Et
1028 4756 1177 4825 quasi
1198 4756 1409 4810 miseria
1431 4756 1495 4811 de
1521 4757 1729 4812 miseria
1749 4758 1936 4826 veniet,
1959 4758 2098 4825 sive,

498 4846 715 4900 vastitas
741 4862 773 4899 a
802 4855 1007 4918 potente
1053 4848 1239 4916 veniet,
1275 4847 1365 4903 hic
1390 4862 1586 4905 sensus
1617 4857 1730 4915 est,
1763 4849 1912 4920 quod
1957 4851 2097 4905 mala

498 4939 802 4996 succedant
836 4940 1029 5009 malis,
1063 4950 1119 4996 et
1146 4943 1325 4998 omnis
1355 4942 1581 4999 afﬂictio
1611 4943 1729 5000 Deo
1761 4944 1947 5014 judice
1986 4946 2096 5001 dis-

499 5039 783 5100 pensetur,
812 5031 905 5101 qui
946 5041 1140 5102 potens
1170 5042 1254 5087 est
1293 5042 1346 5088 et
1382 5048 1586 5104 corpus
1614 5042 1671 5089 et
1704 5035 1940 5090 animam
1975 5050 2098 5107 per-

497 5125 629 5181 dere
661 5125 714 5180 in
745 5125 1055 5195 gehennam
1086 5125 1305 5196 (Matth.
1342 5125 1422 5189 χ).
1447 5126 1604 5195 Quod
1649 5128 1984 5198 generaliter
2029 5129 2098 5185 de

499 5217 590 5273 die
613 5216 803 5287 judicii
830 5217 1100 5285 diximus,
1125 5219 1438 5289 specialiter
1468 5218 1768 5275 referamus
1793 5219 1859 5275 ad
1888 5229 2100 5291 tempus

500 5308 747 5365 Iudaicae
775 5310 1109 5380 captivitatis
1134 5355 1147 5377 ,
1182 5311 1402 5381 quando
1432 5313 1734 5367 Jerusalem
1757 5324 1937 5383 capta,
1963 5322 2101 5369 tem-

503 5402 758 5474 plumque
782 5402 1122 5461 destructum
1154 5415 1274 5471 est;
1306 5421 1411 5462 non
1446 5407 1616 5462 multo
1645 5407 1789 5463 enim
1816 5416 1940 5478 post
1968 5417 2103 5464 tem-

507 5509 642 5568 pore
668 5498 818 5555 venit
844 5507 900 5555 et
925 5498 1117 5556 decem
1147 5508 1205 5557 et
1224 5499 1457 5557 duarum
1486 5499 1728 5558 tribuunt
1766 5500 1836 5557 ab
1866 5501 2109 5575 Assyriis

567 5708 872 5785 '.‘-Mal'lian-
904 5711 1069 5785 etiam
1099 5712 1309 5785 absque
1336 5706 1709 5783 interrogandi
1755 5714 1915 5777 nota,
1947 5721 2098 5763 num-

496 5780 622 5850 quirl
639 5797 660 5849 ;
694 5796 823 5838 mss.
857 5783 1155 5854 castigant.

2186 1884 2291 1939 que
2325 1868 2522 1925 fuerint
2547 1871 2804 1927 alimenta
2834 1874 3073 1940 sublata,
3097 1886 3499 1946 consequenter
3527 1876 3791 1948 gaudium

2184 1969 2239 2015 et
2288 1960 2473 2016 laetitia
2523 1961 2733 2017 tollitur
2779 1963 2849 2019 de
2872 1963 3036 2020 domo
3068 1966 3203 2030 Dei,
3237 1975 3293 2021 ut
3338 1968 3429 2037 qui
3482 1968 3790 2023 audiebant

2191 2064 2317 2109 ante
2353 2056 2674 2125 Apostolum
2706 2056 2977 2113 dicentem
3006 2077 3019 2112 :
3050 2057 3288 2114 Gaudete
3314 2060 3367 2113 in
3401 2059 3627 2115 Domino
3651 2078 3793 2116 sem-

2194 2163 2305 2216 per,
2346 2148 2534 2203 iterum
2565 2149 2685 2203 dico
2711 2149 2929 2220 gaudete
2961 2150 3184 2223 (Philip.
3217 2167 3295 2220 tv,
3326 2151 3420 2222 4);
3454 2162 3640 2223 postea
3679 2153 3797 2208 Do—

2186 2242 2391 2296 minum
2421 2241 2650 2297 audiant
2675 2243 2743 2297 ad
2777 2244 3155 2313 paenitentiam
3186 2249 3793 2321 provocantentzlsz

2184 2330 2337 2387 Beati
2365 2334 2455 2403 qui
2482 2333 2681 2406 lugent,
2714 2337 2955 2405 quoniam
2984 2338 3085 2408 ipsi
3116 2335 3525 2393 consolabuntur
3548 2339 3567 2409 (
3590 2338 3791 2396 Matth.

2183 2441 2236 2496 ν,
2266 2426 2352 2496 5).

2254 2518 2435 2591 (Vers.
2468 2520 2556 2590 17,
2589 2521 2705 2592 18.)
2739 2520 3187 2594 Computruerunt
3216 2522 3461 2594 jumenta
3485 2524 3540 2577 in
3565 2532 3797 2579 stercore

2184 2631 2319 2671 suo:
2350 2616 2594 2671 demolita
2617 2625 2737 2671 sunt
2766 2618 2977 2682 horrea,
3011 2618 3284 2686 dissipata:
3325 2627 3448 2672 sunt
3482 2617 3791 2691 apothecw,

2183 2709 2428 2778 quoniam
2458 2714 2734 2782 confusum
2759 2720 2833 2765 est
2861 2712 3114 2775 triticum;
3141 2712 3268 2779 quid
3294 2711 3542 2783 ingemuit
3564 2712 3791 2779 animal,

2184 2803 2481 2876 mugiet-unt
2503 2820 2683 2876 greges
2723 2804 2942 2858 armenti
2964 2806 2989 2859 ?
3010 2806 3136 2875 quia
3164 2821 3266 2859 non
3296 2815 3375 2861 est
3426 2822 3625 2877 pascua
3670 2807 3749 2860 eis
3775 2821 3797 2870 ;

2185 2895 2276 2948 sed
2310 2906 2358 2949 et
2388 2912 2568 2969 greges
2597 2913 2839 2968 pecorum
2869 2898 3243 2968 disperierunt.
3289 2898 3471 2954 LXX:
3505 2899 3795 2955 Subsaltao

2185 3000 2366 3045 verunt
2385 2992 2536 3045 vituli
2562 2991 2616 3045 in
2646 2991 2959 3062 prwsepibus
2991 2993 3099 3046 suis
3123 3008 3142 3047 :
3168 2993 3408 3065 dissipati
3436 3003 3555 3048 sunt
3585 2993 3799 3047 thesau-

2186 3082 2254 3149 ri,
2278 3080 2504 3149 su/fossa
2524 3091 2641 3137 sunt
2664 3082 2972 3151 toreularia,
2989 3084 3112 3155 quia
3134 3086 3422 3155 arefactum
3445 3095 3518 3139 est
3536 3085 3799 3139 triticum:

2189 3177 2313 3248 quid
2341 3193 2645 3248 reponemus
2673 3175 2865 3231 nobis?
2895 3179 3146 3247 ﬂeverunt
3196 3186 3431 3231 armenta
3460 3177 3633 3243 boum,
3664 3178 3794 3248 quia

2189 3286 2292 3323 non
2339 3278 2488 3323 erant
2528 3285 2719 3341 pascua
2758 3270 2853 3337 eis,
2908 3278 2955 3323 et
2983 3285 3163 3341 greges
3204 3271 3377 3323 ovium
3408 3271 3791 3342 disperierunt.

2190 3360 2483 3431 Postquam
2514 3362 2771 3416 alimenta
2806 3364 3087 3431 perierunt
3114 3405 3128 3429 ,
3154 3372 3210 3418 et
3238 3362 3309 3418 de
3341 3363 3506 3417 domo
3534 3364 3628 3419 Dei
3657 3379 3797 3434 gau-

2190 3453 2338 3510 dium
2366 3454 2666 3523 laetitiaque
2692 3454 2910 3509 sublata
2938 3462 3099 3521 sunt,
3132 3456 3380 3525 jumenta
3407 3469 3622 3525 quoque
3645 3471 3803 3510 com-

2191 3555 2521 3617 putruerunt
2558 3547 2609 3601 in
2655 3554 2901 3602 stercore
2931 3562 3031 3602 suo
3058 3588 3074 3613 ,
3100 3547 3218 3602 sive
3241 3588 3257 3612 ,
3286 3547 3442 3616 juxta
3473 3546 3799 3618 intelligen-

2195 3642 2323 3696 tiam
2355 3641 2694 3711 spiritualem
2722 3683 2736 3705 ,
2768 3641 3125 3697 lascivierunt
3169 3641 3224 3696 in
3264 3642 3607 3711 praesepibus
3636 3642 3751 3697 suis
3783 3684 3799 3707 ,

2194 3742 2249 3789 et
2274 3733 2700 3788 calcitraveruut
2720 3742 2908 3787 contra
2933 3732 3255 3789 Creatorem
3280 3748 3437 3787 suum
3464 3774 3479 3798 ,
3514 3742 3572 3788 ut
3595 3734 3801 3804 imple-

2195 3834 2347 3881 retur
2376 3824 2525 3895 quod
2553 3825 2815 3893 scriptum
2862 3834 2983 3879 est:
3016 3824 3078 3880 Si
3132 3825 3357 3879 saturati
3406 3842 3513 3880 non
3536 3894 3543 3903 ἱ
3556 3828 3751 3897 fuerint
3782 3869 3800 3894 ,

2195 3920 2598 3971 murmurabunt
2626 3917 2644 3987 (
2671 3915 2764 3971 Ps.
2796 3930 2947 3979 Lvnt,
2981 3917 3048 3971 l6
3077 3916 3119 3986 ).
3147 3915 3549 3986 Computrescit
3576 3917 3627 3970 in
3658 3927 3804 3972 ster-

2196 4027 2326 4068 core
2356 4026 2457 4067 suo
2498 4012 2653 4082 cujus
2688 4013 2828 4067 Deus
2857 4021 3051 4067 venter
3087 4022 3209 4078 est,
3241 4022 3296 4068 et
3322 4014 3411 4081 qui
3440 4012 3602 4068 dicit:
3640 4012 3801 4068 Man-

2197 4108 2445 4161 ducemus
2477 4116 2522 4159 et
2553 4106 2809 4171 bibamus,
2841 4124 2956 4162 cras
2980 4109 3118 4162 enim
3141 4111 3425 4163 moriemur
3448 4107 3613 4179 (Isai.
3643 4126 3754 4165 xxn
3785 4156 3802 4179 ,

2200 4202 2329 4271 16):
2360 4201 2486 4256 huic
2513 4201 2781 4256 demolita
2809 4210 2935 4257 sunt
2957 4202 3155 4259 horrea
3188 4201 3215 4240 ι)
3240 4204 3438 4257 futura:
3482 4202 3764 4258 felicitatis
3787 4246 3803 4269 ,

2197 4301 2254 4349 et
2284 4293 2568 4365 apothecae
2593 4303 2817 4349 retentas
2841 4294 3191 4351 abundantiae
3215 4295 3495 4366 dissipata:
3524 4305 3682 4361 sunt,
3718 4299 3805 4353 vel

2200 4385 2457 4440 subversa
2491 4398 2617 4441 sunt
2648 4387 2941 4441 toreularia
2965 4429 2981 4456 ,
3032 4390 3158 4458 quia
3190 4389 3233 4443 si
3279 4390 3550 4443 frumenta
3585 4399 3639 4444 et
3673 4389 3805 4444 vina

2202 4496 2307 4534 non
2341 4479 2547 4536 fuerint
2574 4523 2587 4545 ,
2622 4480 2825 4536 frustra
2854 4482 3047 4538 horrea
3079 4491 3137 4538 et
3163 4483 3459 4538 toreularia
3491 4498 3810 4555 praeparano

2204 4586 2309 4631 tur.
2340 4576 2587 4649 Cumque
2614 4579 2795 4633 omnia
2829 4579 3077 4634 aruerint
3102 4621 3116 4646 ,
3151 4589 3277 4635 tunc
3305 4594 3441 4635 voce
3470 4578 3641 4636 ﬂebili
3665 4596 3807 4651 que-

2202 4681 2391 4726 rentur
2428 4681 2484 4727 et
2521 4671 2746 4727 dicent:
2784 4671 2924 4738 Quid
2961 4688 3270 4743 reponemus
3317 4672 3511 4727 nobis?
3539 4672 3809 4743 Quodque

2201 4761 2451 4831 sequitur
2479 4762 2630 4828 juxta
2660 4759 2842 4815 LXX:
2880 4759 3165 4815 Fleverunt
3202 4772 3440 4817 armenta
3465 4762 3644 4830 boum,
3673 4778 3806 4832 quo-

2202 4854 2345 4907 niam
2382 4868 2488 4906 non
2518 4860 2641 4907 sunt
2667 4852 2743 4906 eis
2780 4867 2995 4921 pascua,
3021 4852 3307 4923 compellit
3335 4866 3437 4908 nos
3465 4867 3576 4909 non
3603 4854 3673 4909 de
3701 4854 3804 4911 bo-

2202 4944 2303 5000 bus
2331 4954 2388 4999 et
2414 4943 2676 4999 armentis
2704 4941 2956 5011 accipere
2984 4957 3108 5014 quas
3131 4941 3277 4999 dicta
3307 4952 3467 5008 sunt;
3488 4943 3588 5000 sed
3610 4942 3806 5012 dehis,

2203 5037 2297 5108 qui
2338 5044 2565 5107 propter
2604 5034 3014 5105 simplicitatem
3060 5035 3231 5091 boves
3262 5044 3529 5091 vocantur
3568 5043 3625 5091 et
3648 5049 3805 5092 oves.

2206 5129 2287 5186 De
2331 5142 2564 5200 quorum
2607 5127 2828 5198 pascuis
2875 5126 3129 5182 Salvator
3159 5127 3443 5199 loquitur:
3472 5124 3811 5198 Ingredietur

2208 5234 2255 5280 et
2301 5223 2615 5296 egredietur,
2662 5231 2711 5276 et
2754 5237 2954 5292 pascua
2990 5220 3213 5274 inveniet
3242 5219 3425 5291 (Joan.
3456 5236 3490 5273 x
3513 5261 3528 5286 ,
3554 5218 3635 5292 5).
3677 5218 3807 5274 Haec

2207 5324 2388 5371 autem
2438 5314 2620 5368 omnia
2665 5312 2910 5383 intellige
2952 5310 3055 5366 sub
3081 5310 3399 5381 metaphora
3427 5355 3442 5379 ,
3477 5322 3656 5365 eruca:
3678 5350 3695 5377 ,
3726 5309 3810 5366 lo-

2209 5414 2402 5475 custae,
2418 5404 2612 5462 bruchi
2638 5413 2694 5459 et
2714 5402 3002 5475 rubiginis,
3024 5401 3191 5473 quod,
3208 5401 3443 5459 sublatis
3455 5400 3721 5473 frugibus,
3735 5410 3810 5457 at-

2212 5513 2321 5573 que
2332 5497 2576 5564 vastatis,
2602 5496 2775 5554 fames
2795 5500 2852 5553 et
2879 5494 3193 5567 pestilentia
3221 5502 3417 5551 cuncta
3442 5491 3805 5566 possederint.

2277 5702 2305 5743 ι)
2343 5700 2523 5760 Verba
2546 5742 2562 5770 ,
2593 5701 2786 5774 futurae
2808 5699 3095 5774 felicitatis,
3123 5710 3237 5767 tum
3266 5700 3383 5774 illa,
3415 5706 3623 5757 internae
3642 5696 3809 5753 abun-

2209 5775 2427 5841 dantia’,
2454 5771 2630 5844 neque
2659 5771 2869 5830 Victur.
2896 5788 3074 5844 neque
3105 5773 3282 5830 nostri
3301 5786 3436 5831 mss.
3465 5780 3793 5845 agnoscunt.-
