4120 6342
288 242 388 300 901

1119 228 1775 293 COMMENTARIORUM
1814 226 1883 286 ΙΝ
1920 223 2191 285 JOELEM
2231 224 2457 284 LIBER.
2498 227 2655 286 CAP.
2697 227 2762 286 ll.

3480 232 3587 290 962

361 356 543 426 (Vers.
573 352 663 421 19,
687 351 808 426 20.)
830 352 909 408 Ad
931 360 998 418 te,
1026 351 1272 419 Domine,
1295 352 1530 407 clamabo
1555 367 1573 406 :
1600 351 1722 422 quia
1753 347 1886 419 ignis
1911 348 1966 408 A
1991 359 2129 415 quos
2160 360 2354 401 cervus
2374 346 2674 403 desiderat.
2707 346 2777 401 Et
2802 345 2870 402 de
2897 345 3098 417 quibus
3122 346 3384 405 Dominus
3415 350 3593 421 loqui-

287 449 507 505 coutedit
532 447 764 520 speciosa
788 447 998 513 deserti,
1022 457 1067 501 et
1088 450 1305 518 flamma
1325 445 1591 501 succendit
1620 443 1794 499 omnia
1823 440 1889 495 li-

288 560 389 617 gna
422 540 648 614 regionis
673 558 690 606 ;
719 540 810 595 sed
837 548 886 595 et
915 540 1090 596 bestia:
1111 542 1247 611 agri,
1271 540 1421 611 quasi
1446 555 1567 594 area
1585 538 1765 593 sitiens
1791 536 1913 589 im-'

290 635 455 703 brem,
485 641 833 704 suspexerunt
858 632 931 686 ad
961 641 1046 688 te:
1071 634 1317 705 quoniam
1361 631 1603 689 exsiccati
1626 637 1746 685 sunt
1778 630 1895 700 fon-

294 736 368 783 tes
399 742 674 798 aquarum,
704 734 751 780 et
774 726 911 797 ignis
934 726 1195 780 devoravit
1217 726 1450 796 speciosa
1476 724 1683 778 deserti.
1715 720 1888 778 LXX:

291 819 374 875 Ad
389 829 456 888 te,
473 817 715 885 Domino,
730 818 979 885 clamabo,
994 818 1240 889 quoniam
1268 819 1405 889 ignis
1431 815 1749 887 consumpsit
1775 830 1895 886 spe-

292 914 435 967 ciosa
462 912 672 977 deserti,
706 920 754 966 et
778 912 995 982 ﬂamma
1016 911 1281 967 succendit
1309 910 1483 965 omnia
1507 910 1648 982 ligna
1679 909 1814 979 agri,
1848 915 1897 962 et

287 1007 523 1079 jumenta
564 1004 735 1074 campi
774 1011 1116 1075 suspexerunt
1154 1002 1223 1057 ad
1269 1013 1340 1070 te,
1363 1002 1609 1073 quoniam
1649 1002 1898 1072 arefacta:

292 1106 415 1151 sunt
456 1097 755 1152 emissiones
780 1112 1056 1165 aquarum,
1088 1106 1135 1150 et
1182 1095 1319 1167 ignis
1362 1094 1625 1149 devoravit
1670 1092 1902 1165 speciosa

296 1191 511 1246 deserti.
543 1188 816 1261 PrOpheta
848 1189 1116 1244 clamante
1138 1188 1206 1243 ad
1235 1188 1549 1255 Dominum,
1582 1186 1670 1241 vel
1700 1184 1898 1255 populo

302 1283 459 1355 183
491 1296 586 1352 per
612 1281 932 1351 prophetam
951 1297 967 1335 :
986 1280 1114 1351 quia
1145 1280 1286 1351 ignis
1314 1278 1618 1335 comederit
1650 1276 1899 1347 Speciosa

298 1374 523 1439 deserti,
549 1383 605 1430 et
630 1373 847 1428 ﬂamma
870 1371 1222 1429 succenderit
1242 1371 1426 1425 omnia
1457 1370 1599 1440 ligna
1634 1366 1897 1438 regionis,

297 1470 489 1527 bestia:
515 1481 568 1527 et
593 1468 845 1540 jumenta
892 1466 1034 1538 agri,
1066 1466 1184 1521 sive
1213 1464 1413 1535 campi,
1441 1469 1807 1534 suspexerunt
1832 1458 1901 1514 ad

298 1565 617 1630 Dominum,
642 1563 800 1635 quasi
845 1563 1029 1618 areola
1074 1560 1268 1616 sitiens
1310 1559 1564 1614 imbrem.
1599 1557 1713 1611 lloc
1754 1556 1899 1611 enim

303 1673 412 1712 uno
445 1657 614 1711 verbo
638 1654 909 1727 signiﬁcat
939 1654 1138 1725 Aquila
1165 1653 1357 1709 dicens
1385 1693 1400 1720 ,
1429 1661 1455 1688 ³
1480 1650 1780 1729 ἓπρασιὼθη
1806 1665 1818 1702 :
1846 1655 1904 1704 et

1996 446 2085 493 tur
2111 453 2209 509 per
2228 438 2521 495 Jeremiam
2545 456 2559 493 :
2594 437 2682 494 Me
2702 438 3089 510 dereliquerunt
3122 441 3315 511 fontem
3344 457 3491 512 aqute
3519 441 3595 496 vi-

1992 547 2068 587 vte
2097 531 2232 605 (Jer.
2264 548 2339 602 ιι,
2368 532 2480 605 15).
2511 532 2746 590 Siccatis
2767 542 2951 590 autem
3001 533 3241 591 fontibus
3286 551 3549 608 aquarum
3575 579 3591 607 ,

1995 625 2086 696 qui
2117 626 2328 681 arentia
2357 640 2590 696 quaeque
2618 624 2845 696 irrigant
2870 634 3033 697 atque
3060 628 3383 700 refrigerant
3407 671 3421 696 ,
3450 644 3589 685 cons

1995 727 2287 789 sequenter
2328 717 2592 790 quidquid
2639 719 2691 773 in
2736 718 2893 776 nobis
2942 720 3229 790 pulchrum
3275 721 3413 790 luit,
3453 722 3595 795 ignis

1995 811 2194 867 ardore
2236 822 2618 882 consumptum
2651 820 2736 868 est
2763 857 2776 881 ,
2810 811 2877 868 de
2907 828 3014 884 quo
3062 815 3327 872 Dominus
3356 816 3593 888 loquitur

1998 903 2050 959 in
2082 904 2383 975 Evangelia
2411 921 2423 957 :
2465 903 2709 959 Videbam
2736 903 2991 960 Satanam
3020 906 3170 976 quasi
3198 908 3377 979 fulgur
3404 907 3599 962 caden-

1998 1006 2098 1053 tem
2129 998 2193 1052 de
2213 998 2341 1053 coelo
2370 997 2523 1069 (Luc.
2555 1014 2588 1053 Χ
2614 1040 2629 1066 ,
2660 999 2767 1070 18).

2072 1090 2227 1162 (Cap.
2255 1090 2321 1145 ll.
2348 1120 2422 1131 —-
2454 1092 2606 1147 Vers.
2640 1094 2665 1146 1
2710 1090 2890 1163 seqq.)
2917 1091 3097 1147 Canite
3152 1092 3275 1147 tuba
3318 1094 3373 1147 in
3420 1094 3595 1153 Sion:

2000 1183 2199 1239 ululate
2224 1186 2279 1240 in
2306 1194 2478 1240 monte
2498 1194 2679 1240 sancto
2710 1202 2823 1241 meo
2849 1202 2868 1239 :
2900 1185 3273 1241 conturbentur
3301 1202 3477 1242 omnes
3505 1186 3603 1243 ha-

2001 1278 2242 1333 bitatores
2273 1288 2443 1347 terrm,
2474 1281 2599 1350 quia
2622 1280 2757 1334 venit
2790 1280 2903 1334 dies
2932 1280 3166 1349 Domini,
3198 1282 3319 1352 quia
3345 1296 3504 1355 prape
3530 1290 3603 1338 est

2000 1369 2108 1424 dies
2123 1371 2450 1425 tenebrarum
2460 1380 2508 1425 et
2529 1370 2797 1442 caliginis,
2811 1371 2920 1426 dies
2933 1371 3085 1426 nubis
3108 1383 3157 1427 et
3180 1371 3401 1427 turbinis
3415 1390 3436 1439 ;
3453 1372 3601 1443 quasi

2000 1480 2152 1518 mane
2173 1481 2459 1533 expansum
2478 1481 2633 1536 super
2645 1475 2864 1534 montes,
2880 1467 3101 1538 papulas
3117 1467 3310 1521 multus
3336 1484 3397 1521 ac
3424 1466 3600 1537 fortis,

2002 1558 2190 1613 similis
2213 1560 2258 1612 ei
2277 1575 2378 1613 non
2404 1560 2838 1632 fuitaprincipio,
2855 1570 2903 1615 et
2926 1569 3039 1631 post
3066 1578 3182 1615 eum
3200 1577 3300 1616 non
3320 1562 3416 1615 erit
3443 1578 3603 1632 usque

2003 1652 2058 1705 in
2080 1669 2246 1707 annos
2267 1655 2617 1725 generationis
2643 1664 2691 1709 et
2719 1656 3088 1727 generationis.
3125 1656 3259 1711 Ante
3283 1657 3467 1726 faciem
3487 1658 3604 1729 ejus

300 1756 669 1819 suspexerunt
689 1747 759 1803 ad
784 1763 910 1803 eum
934 1788 949 1814 ,
981 1745 1240 1818 quoniam
1270 1749 1535 1799 aruerunt
1560 1742 1740 1797 fontes
1764 1780 1780 1808 ,
1812 1738 1897 1795 vel
1927 1741 1974 1802 B
2002 1743 2138 1815 ignis
2163 1760 2373 1811 vorans,
2404 1754 2451 1800 et
2480 1756 2594 1817 post
2617 1762 2736 1799 eum
2762 1761 2987 1800 exurens
3012 1748 3265 1817 ﬂamma;
3295 1748 3445 1817 quasi
3474 1747 3604 1801 hor-

302 1842 626 1897 emissiones
672 1854 941 1911 aquarum
970 1880 985 1905 ,
1030 1848 1087 1893 et
1128 1836 1265 1909 ignis
1314 1836 1595 1893 devoravit
1645 1833 1892 1906 speciosa

305 1933 550 2001 deserti,
581 1932 726 2003 quod
781 1931 995 1987 scilicet
1051 1931 1154 1985 hoc
1202 1945 1408 1997 eruca,
1453 1938 1508 1985 et
1559 1926 1811 1994 locusta,
1843 1934 1899 1981 et

305 2025 545 2082 bruchus
577 2024 811 2081 fecerint
836 2032 890 2079 et
917 2023 1113 2094 rubigo
1137 2064 1153 2089 ,
1187 2022 1332 2092 quod
1385 2019 1527 2092 ignis
1568 2019 1621 2073 in
1653 2017 1850 2089 stipula
1880 2060 1894 2084 ,

303 2115 525 2171 ﬂamma
572 2115 627 2171 in
656 2115 937 2186 vepribus.
987 2116 1248 2185 Speciosa
1297 2124 1476 2169 autem
1508 2112 1750 2177 deserti,
1778 2126 1899 2181 qua:

306 2206 569 2264 Hebraice
611 2206 874 2263 dicuntur
920 2221 1099 2263 uso-ru
1147 2204 1358 2279 (mm),
1390 2204 1763 2275 intelligamus
1806 2210 1901 2257 aut

308 2300 470 2373 plana
518 2316 837 2372 camporum
862 2341 879 2367 ,
913 2309 1005 2355 aut
1050 2310 1334 2371 pratorum
1377 2298 1627 2354 ﬂorentia
1655 2338 1668 2363 ,
1699 2304 1797 2352 aut
1823 2296 1901 2351 vi-

310 2396 485 2452 rentia
513 2395 701 2451 herbis
731 2396 851 2451 loca
879 2436 893 2461 ,
926 2409 1047 2466 qua:
1074 2408 1273 2464 pascua
1306 2393 1588 2463 praebuere
1612 2390 1898 2462 iumentis.

310 2489 566 2548 Clamare
608 2498 791 2545 autem
832 2490 898 2543 ad
942 2488 1227 2543 Dominum
1277 2502 1373 2557 per
1420 2485 1746 2557 prophetam
1772 2526 1787 2551 ,
1810 2483 1898 2552 ju-

312 2594 496 2640 menta
528 2583 597 2638 ad
626 2599 748 2639 eum
781 2583 1068 2652 suSpicere
1116 2580 1243 2636 fecit
1272 2579 1415 2651 ignis
1438 2619 1454 2647 ,
1487 2579 1578 2649 qui
1622 2576 1903 2633 devoravit

314 2678 562 2748 speciosa
589 2675 813 2742 deserti,
847 2683 903 2730 et
928 2673 1145 2728 ﬂamma
1167 2688 1288 2744 quae
1312 2671 1595 2728 succendit
1623 2669 1807 2725 omnia
1838 2669 1904 2724 li-

311 2786 417 2843 gna
446 2770 685 2843 regionis
710 2811 724 2835 ,
760 2778 818 2824 ut
846 2768 1034 2838 fruges
1058 2776 1117 2823 et
1143 2781 1304 2839 poma
1342 2764 1542 2835 pariter
1569 2762 1862 2819 interirent
1887 2802 1903 2828 ,

314 2874 370 2920 et
397 2864 519 2934 quia
544 2862 730 2918 siccati
773 2869 900 2917 sunt
930 2863 1110 2917 lontes
1154 2874 1422 2929 aquarum
1448 2898 1465 2925 ,
1497 2855 1526 2895 ι’
1550 2866 1606 2912 et
1645 2853 1904 2927 quidquid

315 2955 368 3011 in
399 2954 622 3011 deserto
650 2963 866 3025 poterat
892 2951 1157 3019 inveniri,
1176 2966 1343 3007 vorax
1372 2949 1590 3005 ﬂamma
1614 2960 1905 3015 consump-

316 3048 409 3103 sit.
442 3048 723 3118 Simulque
754 3045 1197 3110 consideremus,
1229 3043 1374 3115 quod
1402 3042 1511 3097 nisi
1542 3048 1764 3112 propter
1801 3052 1903 3092 an-

2000 1844 2080 1889 tus
2102 1835 2379 1909 voluptatis
2407 1846 2546 1892 terra
2565 1854 2743 1892 coram
2773 1854 2852 1905 eo,
2884 1848 2931 1893 et
2959 1848 3073 1911 post
3106 1856 3221 1894 eum
3250 1838 3483 1895 solitudo
3511 1841 3602 1895 de-

1998 1930 2354 2000 serti:neque
2394 1939 2467 1984 est
2508 1931 2597 2001 qui
2659 1929 2877 2001 effugiat
2932 1948 3047 1986 eum
3086 1948 3105 1987 :
3163 1934 3312 2004 quasi
3360 1943 3603 2001 aspectus

2000 2036 2273 2091 equorum,
2307 2030 2549 2094 aspectus
2570 2039 2767 2090 eorum,
2798 2032 2846 2078 et
2866 2025 3027 2095 quasi
3052 2026 3250 2096 equites
3271 2027 3348 2080 sic
3374 2034 3605 2092 current,

1999 2115 2136 2170 sicut
2162 2116 2364 2171 sonitus
2385 2116 2762 2188 quadrigarum
2786 2133 2945 2186 super
2962 2118 3140 2188 capita
3169 2120 3422 2173 montium
3463 2119 3604 2175 exsi-

2002 2208 2149 2275 lient,
2174 2209 2313 2263 sicut
2342 2212 2542 2265 sonitus
2571 2213 2798 2280 flammw
2826 2211 2963 2281 ignis
2986 2211 3283 2266 devorantis
3315 2212 3597 2283 stipulam,

2001 2299 2138 2353 velut
2181 2302 2405 2371 populus
2437 2302 2592 2373 fortis
2620 2310 2947 2372 prceparatus
2984 2302 3055 2357 ad
3100 2305 3365 2375 praelium,
3395 2322 3426 2358 a
3468 2305 3604 2376 facie

2003 2391 2118 2462 ejus
2148 2392 2517 2446 cruciabuntur
2539 2393 2761 2463 populi:
2787 2408 2962 2447 onmes
3001 2392 3172 2449 vultus
3204 2395 3520 2468 redigentur
3549 2396 3604 2450 in

2004 2485 2187 2552 ollam,
2219 2486 2352 2542 sicut
2380 2487 2540 2557 fortes
2562 2496 2791 2553 current,
2824 2486 2975 2557 quasi
2997 2488 3095 2541 viri
3124 2486 3400 2543 bellatores
3426 2505 3606 2545 ascen-

2004 2578 2187 2633 derunt
2236 2578 2348 2652 [AL
2382 2578 2681 2651 ascendent]
2713 2596 2921 2635 murum
2942 2596 2961 2635 :
2992 2580 3091 2635 viri
3114 2582 3169 2635 in
3214 2582 3310 2636 viis
3330 2582 3439 2637 suis
3480 2598 3604 2654 gra-

2004 2672 2212 2727 dientur
2230 2672 2411 2745 [Vulg.
2439 2675 2610 2730 vim...
2640 2672 2930 2747 gradietur]
2956 2715 2970 2739 ,
3000 2683 3048 2730 et
3085 2691 3187 2730 non
3214 2674 3545 2733 declinabunt
3573 2694 3606 2734 a

2003 2765 2201 2821 semitis
2240 2766 2350 2820 suis
2368 2782 2386 2819 :
2409 2766 2763 2837 unusquisque
2793 2769 3007 2839 fratrem
3035 2784 3191 2823 suum
3233 2785 3338 2825 non
3366 2779 3609 2825 coarcta-

2007 2860 2102 2927 bit,
2132 2861 2327 2931 singuli
2358 2862 2411 2915 in
2433 2860 2569 2915 calle
2596 2877 2693 2915 suo
2721 2861 3078 2916 ambulabunt.
3110 2863 3219 2917 Sed
3241 2872 3289 2917 et
3317 2880 3407 2933 per
3436 2866 3606 2935 fenes-

2008 2965 2114 3009 tras
2142 2955 2351 3023 cadent,
2376 2964 2425 3010 et
2460 2972 2565 3010 non
2608 2954 2974 3020 demolientur,
3006 2955 3183 3009 urbem
3220 2955 3603 3028 ingredientur,

2008 3050 2062 3104 in
2090 3066 2237 3105 muro
2264 3058 2495 3115 current,
2525 3050 2704 3105 domos
2743 3049 3107 3113 conscendent,
3140 3065 3230 3121 per
3251 3052 3497 3123 fenestras
3526 3051 3607 3107 in-

317 3141 551 3213 gustiam
578 3185 593 3210 ,
622 3151 679 3197 et
719 3141 1047 3195 ablutionem
1078 3137 1407 3194 deliciarum
1427 3177 1444 3201 ,
1467 3149 1569 3191 nec
1600 3132 1896 3205 ριόριιθιαι
1932 3127 1979 3192 C
2011 3143 2219 3198 trabunt
2248 3143 2397 3214 quasi
2424 3144 2545 3213 fur:
2571 3160 2603 3196 a
2630 3138 2781 3212 facie
2801 3144 2913 3213 ejus
2943 3142 3249 3196 contremuit
3290 3153 3449 3209 terra,
3478 3144 3608 3199 moti

320 3250 423 3292 nec
463 3235 651 3291 bestiae
692 3234 1026 3290 clamassent
1051 3231 1118 3287 ad
1148 3229 1438 3287 Dominum
1465 3269 1480 3296 ,
1507 3235 1602 3282 aut
1630 3225 1698 3281 ad
1730 3224 1911 3280 Domi-

328 3346 456 3387 num
483 3329 889 3401 suspexissent,
916 3326 1060 3399 quod
1090 3324 1309 3397 quidem
1340 3332 1395 3380 et
1418 3322 1483 3377 ad
1508 3321 1717 3393 justum
1740 3332 1913 3389 quon-

322 3425 447 3481 dam
489 3424 663 3479 virum
708 3421 905 3479 referri
950 3428 1166 3491 potest,
1194 3419 1440 3490 quicum
1475 3415 1829 3472 declinaverit
1857 3421 1913 3468 et

322 3516 515 3573 fecerit
546 3516 748 3571 malum
775 3556 790 3582 ,
823 3528 1164 3585 nequaquam
1194 3511 1245 3567 ei
1273 3512 1503 3568 virtutes
1528 3509 1769 3581 pristinae
1789 3521 1915 3579 pro-

326 3608 523 3665 derunt
550 3624 565 3675 ;
597 3606 691 3664 sed
712 3607 977 3678 jndicabit
1013 3620 1137 3662 eum
1172 3604 1437 3659 Dominus
1461 3604 1514 3658 in
1542 3602 1737 3673 quibus
1760 3602 1911 3655 inre-

326 3701 491 3757 nerit.
520 3700 773 3772 Speciosa
804 3700 1009 3755 deserti
1039 3698 1320 3769 appellare
1353 3710 1672 3766 possumus,
1700 3694 1767 3750 de
1792 3693 1913 3764 qui-

328 3792 425 3848 bus
450 3793 715 3864 scriptum
760 3799 845 3847 est
876 3808 890 3845 :
919 3788 1107 3846 Plures
1153 3788 1254 3858 ﬁlii
1299 3789 1511 3843 deserta:
1556 3788 1718 3859 magis
1759 3803 1915 3859 quam

328 3885 438 3956 ejus
465 3901 579 3956 qua:
609 3885 758 3939 habet
790 3884 957 3939 virum
1002 3880 1138 3955 (Isa.
1186 3898 1295 3949 Ltv,
1338 3884 1414 3952 1).
1444 3881 1703 3953 Flamma
1737 3890 1916 3936 autem

328 3995 449 4050 qum
492 3979 779 4036 succendit
821 3980 1003 4036 omnia
1032 3980 1176 4051 ligna
1206 3979 1448 4051 regionis
1474 4019 1489 4046 ,
1517 3978 1608 4034 illa
1650 3991 1772 4033 esse
1807 3991 1920 4032 cre-

330 4070 505 4127 denda
536 4080 621 4127 est
643 4113 659 4139 ,
688 4087 808 4145 quae
839 4072 1149 4128 immittitur
1170 4071 1495 4128 ardentibus
1520 4070 1726 4127 diaboli
1753 4070 1919 4141 sagit-

333 4166 404 4220 tis
429 4207 443 4233 ,
477 4175 536 4220 ut
576 4166 711 4221 nihil
754 4165 811 4221 in
852 4166 1010 4222 nobis
1042 4166 1310 4221 bonarum
1348 4164 1560 4236 frugum
1592 4173 1915 4229 remaneat;

334 4256 432 4315 sed
481 4268 675 4315 cuncta
727 4258 983 4315 incendio
1048 4265 1458 4315 consumantur.
1523 4257 1726 4313 Omnes
1775 4255 1920 4312 enim

334 4350 705 4408 adulterantes
746 4350 853 4422 [AL
879 4366 1042 4407 omne
1071 4366 1260 4406 semen
1305 4347 1701 4419 adulterantisj
1726 4389 1739 4415 ,
1767 4347 1923 4419 quasi

334 4442 585 4499 clibanus
607 4442 774 4498 corda
801 4458 989 4498 eorum
1015 4458 1031 4508 ;
1061 4450 1119 4498 et
1145 4457 1254 4498 non
1284 4442 1459 4497 solum
1495 4442 1761 4512 propheta
1791 4481 1805 4507 ,
1837 4438 1922 4495 vel

2009 3244 2128 3290 sunt
2169 3235 2307 3305 caeli,
2348 3234 2426 3290 sol
2469 3243 2514 3289 et
2560 3234 2689 3289 luna
2717 3234 3034 3289 obtenebrati
3060 3244 3201 3304 sunt,
3248 3248 3295 3289 et
3321 3235 3484 3291 stella:
3518 3252 3603 3291 re-

2010 3337 2283 3383 traxerunt
2328 3329 2657 3397 splendorem
2701 3345 2879 3395 suum,
2912 3337 2959 3384 et
2982 3328 3237 3384 Dominus
3259 3329 3401 3385 dedit
3432 3344 3605 3386 vocem

2011 3422 2155 3477 suam
2184 3433 2304 3478 ante
2331 3424 2522 3493 faciem
2553 3424 2810 3479 exercitus
2839 3424 2941 3490 sui,
2968 3424 3091 3494 quia
3114 3423 3281 3478 multa
3305 3434 3425 3480 sunt
3452 3425 3606 3481 nimis

2013 3524 2186 3571 castra
2227 3519 2361 3589 ejus,
2393 3516 2516 3586 quia
2542 3516 2702 3587 fortia
2734 3525 2781 3571 et
2808 3517 3055 3583 facientia
3083 3516 3289 3572 verbum
3328 3520 3460 3591 ejus.
3488 3517 3610 3573 Ma-

2013 3624 2144 3679 gnus
2167 3607 2307 3663 enim
2332 3606 2442 3662 dies
2469 3606 2682 3661 Domini
2710 3616 2757 3662 et
2796 3606 3042 3662 terribilis
3069 3607 3239 3675 valde,
3269 3616 3316 3663 et
3344 3610 3459 3677 quis
3487 3625 3603 3665 sus-

2013 3701 2194 3755 tinebit
2220 3717 2340 3756 eum
2362 3701 2389 3754 ?
2411 3700 2556 3756 LXX
2580 3717 2594 3754 :
2628 3699 2812 3756 Canite
2836 3700 2956 3755 tuba
2978 3700 3031 3756 in
3058 3701 3211 3769 Sion,
3242 3701 3520 3775 prtedicate
3552 3704 3608 3759 in

2017 3804 2190 3849 monte
2226 3803 2404 3849 sancto
2445 3809 2561 3849 meo
2582 3808 2602 3849 :
2632 3805 2655 3833 ο
2680 3793 3050 3849 conturbantur
3080 3810 3252 3850 omnes
3299 3796 3610 3852 habitatores

2019 3887 2478 3957 terrw:quoniam
2529 3885 2677 3941 adest
2731 3886 2845 3940 dies
2899 3885 3153 3954 Domini,
3183 3888 3425 3958 quoniam
3453 3892 3612 3961 juxta

2019 3988 2093 4034 est
2138 3979 2248 4034 dies
2298 3979 2628 4034 tenebrarum
2677 3989 2725 4035 et
2779 3980 3045 4052 caliginis,
3078 3981 3187 4036 dies
3217 3982 3366 4037 nubis
3390 3993 3438 4039 et
3468 3985 3616 4055 prui-

2020 4088 2139 4139 nte;
2170 4073 2303 4127 sicut
2343 4088 2494 4127 mane
2524 4072 2772 4141 fundatur
2796 4090 2952 4145 super
2989 4082 3189 4130 montes
3215 4073 3437 4146 papulus
3481 4077 3617 4131 mul-

2023 4174 2104 4219 tus
2135 4165 2292 4236 185
2315 4173 2363 4218 et
2389 4166 2557 4236 fortis,
2582 4165 2773 4220 similis
2794 4166 2843 4221 ei
2867 4163 2895 4203 ἀ
2927 4183 3029 4221 non
3064 4168 3163 4237 fuit
3195 4184 3227 4221 a
3258 4169 3536 4241 principio,
3568 4179 3618 4225 ct

2022 4265 2139 4328 post
2163 4271 2278 4309 eum
2307 4272 2411 4311 non
2435 4256 2535 4310 erit
2562 4272 2721 4328 usque
2748 4256 2818 4310 ad
2846 4274 3009 4313 annos
3028 4259 3373 4329 generationis
3401 4276 3619 4330 genera-

2026 4347 2245 4403 tionum.
2280 4349 2415 4403 Ante
2436 4365 2553 4403 eum
2581 4366 2883 4404 consumens
2909 4352 3064 4421 ignis,
3087 4361 3133 4404 et
3162 4360 3273 4422 post
3295 4368 3411 4407 eum
3466 4357 3620 4424 fiam.

2028 4460 2113 4497 ma
2142 4460 2412 4499 succensa.
2441 4444 2592 4500 Sicut
2619 4444 2893 4516 paradisus
2926 4447 3206 4516 voluptatis
3237 4457 3372 4500 terra
3392 4456 3514 4502 ante
3538 4451 3621 4519 fa-

334 4535 572 4605 popnlus
596 4550 691 4604 per
733 4535 1054 4606 prophetam
1080 4574 1097 4601 ,
1128 4535 1221 4605 qui
1266 4533 1532 4590 rationale
1577 4531 1785 4587 animal
1840 4538 1926 4587 est
1949 4517 2003 4580 Ῑ)
2028 4536 2157 4589 ciem
2176 4539 2287 4606 ejus
2306 4552 2326 4603 ;
2347 4545 2395 4590 et
2422 4536 2706 4604 posteriora
2728 4534 2893 4606 illius,
2917 4538 3051 4591 sicut
3076 4553 3290 4607 campus
3304 4517 3623 4609 solitudinis,

339 4626 490 4700 (Ose.
521 4628 641 4697 vn),
695 4628 790 4683 sed
817 4628 1061 4699 iumenta
1092 4642 1311 4699 quoque
1338 4668 1354 4694 ,
1380 4626 1450 4682 de
1483 4624 1677 4697 quibus
1721 4625 1926 4680 dictum

340 4731 464 4777 est:
495 4717 750 4775 Homines
778 4730 827 4776 et
863 4725 1105 4795 jumenta
1152 4722 1325 4777 salvos
1348 4720 1527 4792 facies,
1562 4718 1782 4774 Domine
1807 4717 1928 4791 (Ps.

341 4832 504 4882 xxxv,
528 4815 650 4889 vn).
684 4815 753 4871 Et
770 4813 932 4871 alibi:
960 4814 1121 4881 Quasi
1142 4821 1438 4885 jumentum
1460 4814 1630 4885 factus
1650 4829 1765 4866 sum
1792 4811 1933 4884 apud

343 4918 394 4964 te
422 4908 600 4982 (Psal.
624 4923 734 4975 vn,
764 4908 878 4977 25).
916 4908 983 4963 Et
1024 4908 1224 4963 iterum
1254 4924 1267 4961 :
1304 4905 1580 4963 Seminabo
1627 4922 1715 4960 eos
1742 4905 1937 4961 semine

346 5002 615 5056 hominum
630 5010 678 5056 et
689 5004 1046 5074 jumentorum
1076 5000 1216 5073 (Jer.
1242 5016 1370 5055 xxxx
1389 5042 1404 5068 ,
1429 4996 1548 5070 '27),
1572 5008 1938 5070 suspexerunt

347 5093 416 5149 ad
451 5094 743 5150 Dominum
773 5139 790 5165 ,
815 5106 871 5151 et
900 5109 1083 5151 rorem
1111 5094 1257 5150 illius
1294 5091 1687 5149 misericordiae
1729 5091 1940 5162 ﬂagita-

348 5195 511 5255 runt;
542 5188 666 5259 quia
717 5190 971 5246 exsiccati
1021 5199 1149 5245 sunt
1190 5188 1370 5244 fontes
1418 5202 1679 5259 aquarum
1707 5228 1723 5253 ,
1780 5186 1941 5259 184

430 5330 474 5402 ιι.
494 5320 550 5377 ln
581 5336 689 5377 uno
740 5322 984 5402 Palatino
1009 5366 1024 5389 ,
1056 5324 1353 5402 inpete-dibu.
1394 5321 1603 5402 Aquila;
1630 5364 1646 5390 ,
1696 5324 1945 5402 πρασιὰω

358 5394 587 5449 verbum
615 5406 775 5466 sonat
802 5396 1019 5450 imbrem
1046 5394 1191 5451 sitire
1216 5410 1235 5449 :
1260 5410 1372 5466 quo
1394 5405 1450 5450 et
1478 5394 1623 5449 Psal.
1654 5394 1765 5464 xu",
1800 5411 1945 5451 vers.

361 5469 416 5534 1,
448 5468 638 5528 utitur,
662 5465 754 5539 ubi
783 5481 881 5521 nos
909 5468 1192 5536 habemus,
1224 5465 1658 5539 quemadmodum
1683 5467 1949 5524 desiderat

362 5552 539 5609 cervus
563 5538 631 5591 ad
658 5538 851 5609 fontem
880 5555 1162 5605 aquarum,
1195 5538 1303 5593 etc.

436 5607 725 5681 1{inducit
754 5609 1027 5667 Victorius
1075 5619 1122 5665 et
1163 5610 1413 5681 copulam
1444 5649 1457 5673 ,
1504 5609 1949 5668 Florentinorum

366 5679 525 5761 codd.
555 5681 906 5761 auctoritate.
934 5681 1069 5761 Erat
1092 5679 1310 5761 quoque
1337 5683 1464 5737 olim
1492 5724 1507 5750 ,
1538 5692 1776 5752 poterant
1812 5684 1953 5737 inve-

368 5752 479 5809 nire
491 5792 509 5820 ,.
537 5765 637 5823 pro
665 5760 863 5815 poterat
888 5752 1123 5808 inreniri.

2028 4639 2078 4684 et
2097 4629 2185 4699 qui
2236 4629 2461 4684 salvetur
2511 4644 2614 4683 non
2665 4629 2762 4683 erit
2790 4630 2877 4694 ei;
2921 4630 3055 4684 sicut
3085 4641 3323 4701 aspectus
3352 4648 3619 4704 equorum,

2032 4729 2269 4794 aspectus
2285 4737 2484 4787 eorum,
2515 4730 2563 4776 et
2592 4722 2724 4776 sicut
2751 4721 2944 4791 equites
2972 4722 3048 4775 sic
3070 4733 3453 4794 persequentur.
3480 4725 3629 4783 Sicut

2033 4830 2135 4869 voa:
2156 4814 2527 4885 quadrigarum
2555 4829 2711 4887 super
2729 4815 2942 4869 vertices
2971 4816 3225 4870 montium
3275 4818 3531 4883 exsilient,
3582 4826 3631 4873 et

2036 4908 2170 4961 sicut
2209 4922 2307 4962 vox
2340 4908 2567 4977 ﬂammis
2614 4907 2750 4978 ignis
2798 4907 3093 4963 devorantis
3122 4908 3393 4979 stipulam,
3423 4920 3469 4966 et
3498 4910 3630 4965 sicut

2041 5001 2267 5073 populus
2311 5000 2506 5054 multus
2528 5009 2578 5054 et
2599 5001 2749 5072 fortis
2777 5011 3097 5074 prteparatus
3117 5001 3187 5056 ad
3208 5003 3467 5074 pra'lium,
3495 5019 3527 5057 a
3547 5002 3632 5073 fa-

2043 5096 2119 5149 cie
2145 5098 2259 5166 ejus
2281 5102 2609 5149 conterentur
2632 5093 2836 5167 populi,
2868 5096 3036 5150 omnis
3057 5095 3231 5151 vultus
3255 5096 3387 5151 sicut
3432 5097 3636 5153 adustio

2046 5185 2185 5254 ollce,
2213 5186 2345 5241 sicut
2365 5194 2677 5258 pugnatores
2706 5196 2934 5257 current,
2970 5196 3018 5242 et
3058 5188 3192 5242 sicut
3222 5188 3318 5243 viri
3362 5187 3637 5245 bellatores

2128 5334 2157 5400 °_
2196 5321 2447 5400 Victor.1
2485 5324 2895 5397 confundantur,
2945 5343 3042 5395 pro
3084 5328 3474 5400 conturbantur,
3528 5334 3646 5390 vult

2055 5395 2158 5467 legi
2185 5436 2199 5460 ,
2232 5394 2377 5473 quod
2407 5394 2599 5454 Graece
2621 5400 2691 5453 sit
2716 5394 3158 5473 πγχυθῆτωσαν.
3189 5399 3260 5455 At
3283 5417 3414 5456 vero
3440 5394 3490 5457 in
3520 5404 3644 5461 aliis

2054 5468 2486 5541 exemplaribus,
2500 5480 2566 5541 et
2595 5485 2719 5526 cum
2751 5468 2943 5541 primis
2974 5473 3345 5528 Alexandrino
3374 5483 3452 5530 est
3486 5497 3647 5534 συνα-

2057 5540 2334 5623 χθήιςωσαν
2354 5582 2371 5606 ,
2405 5541 2455 5623 in
2484 5538 2859 5623 Cnmplutétlsi
2890 5552 3073 5623 autem
3104 5549 3647 5623 συνταραχθήτωσαν,

2056 5612 2467 5685 quoduproprie
2480 5622 2637 5668 sonat
2667 5613 3081 5685 confundantur.

2128 5680 2155 5761 εξ
2197 5680 2352 5761 Unus
2376 5683 2635 5749 Palatin.,
2669 5680 2855 5761 similis
2887 5686 2935 5740 ei
2957 5688 3330 5761 non__erit,nec
3374 5690 3496 5761 fuit,
3520 5700 3649 5761 etc.,

2056 5754 2148 5824 qui
2180 5764 2233 5809 et
2257 5753 2392 5810 infra
2424 5770 2704 5828 perperam
2748 5770 2777 5812 a
2807 5754 3000 5815 Graeco
3053 5753 3304 5818 dissentit
3332 5753 3651 5837 archetypo;
