4100 6336
538 266 643 324 965

1800 266 1857 325 Β.
1903 265 2172 329 Ευεειιιι
2210 266 2596 328 HIERONYMI

3730 272 3837 328 964

537 386 814 441 ascenderit
838 400 995 455 super
1013 401 1212 453 muros,
1243 392 1291 438 et
1321 385 1670 455 unusquisque
1712 382 1765 439 in
1807 384 1889 439 uia
1917 400 2015 440 sua
2040 401 2149 438 ωηο
2176 386 2231 448 Α
2255 385 2564 442 sublimitas
2585 386 2841 457 impetum
2876 385 3092 441 fortium
3141 384 3429 456 prohibere
3481 397 3585 438 non
3638 383 3835 447 valeat,

545 479 759 548 bulabit,
810 489 857 534 et
906 495 1009 533 non
1060 477 1393 532 declinabunt
1423 494 1455 531 a
1482 478 1676 531 semitis
1733 480 1862 545 suis,
1895 479 2085 549 singuli
2112 494 2146 530 a

546 573 783 644 proximo
805 588 899 628 suo
929 588 1029 627 non
1062 569 1319 638 recedent,
1350 571 1621 644 aggrauati
1644 570 1803 624 armis
1824 570 1931 626 suis
1973 570 2142 638 ibunt,

2249 490 2304 535 et
2322 495 2662 551 nequaquam
2695 495 2794 551 per
2820 488 3024 548 portas,
3051 478 3145 533 sed
3178 494 3274 550 per
3305 492 3488 533 muros
3529 475 3843 547 ingredian-

2250 582 2337 630 tur
2370 592 2382 629 :
2419 574 2656 647 Singulis
2705 576 2758 629 in
2794 576 2889 630 viis
2910 576 3021 629 suis
3049 572 3371 645 gradientur,
3400 581 3447 626 et
3474 587 3577 626 non
3604 571 3838 625 declina-

544 676 591 719 et
622 665 675 719 in
694 665 890 738 jaculis
918 665 1026 721 suis
1070 664 1277 732 cadent,
1310 672 1357 719 et
1383 680 1488 718 non
1534 671 1923 728 consumentur,
1971 662 2146 716 urbem
2244 666 2372 721 bunt
2397 686 2429 722 a
2463 669 2656 723 semitis
2681 668 2811 722 suis.
2845 667 2958 723 Hoc
2997 681 3172 737 nuper
3201 667 3255 723 ln
3283 668 3381 720 hac
3407 665 3684 736 provincia
3706 672 3733 703 ι
3758 665 3837 717 vi-

546 759 958 833 apprehendent,
990 768 1037 814 et
1062 775 1218 829 super
1239 774 1411 813 muros
1440 757 1729 813 discurrerit
1752 774 1773 814 :
1792 774 1947 830 super
1967 758 2148 813 domos

544 854 840 918 ascendant,
874 862 921 908 et
951 870 1039 922 per
1067 854 1320 923 fenestras
1346 853 1610 907 intrabunt
1626 852 1759 909 sicut
1780 855 1993 923 fures,a
2017 852 2149 923 facie

545 951 662 1021 ejus
688 947 1042 1020 confundetur
1074 956 1231 1014 terra,
1259 956 1305 1003 et
1323 947 1724 1004 commorebitur
1761 946 1967 1014 caelum,
1991 945 2071 1001 sol
2100 955 2148 1000 et

549 1041 674 1095 luna
697 1039 1216 1107 contenebrabuntur,
1246 1050 1292 1095 et
1322 1041 1487 1095 stella:
1508 1043 1742 1110 auferent
1777 1041 1951 1094 lumen
1972 1056 2144 1104 suum,

549 1145 598 1191 ct
627 1136 880 1193 Dominus
903 1138 1047 1191 dabit
1076 1154 1250 1193 uocem
1274 1154 1425 1191 suam
1447 1154 1478 1191 a
1507 1138 1639 1208 facie
1669 1137 1993 1209 fortitudinis
2020 1153 2147 1204 suco,

549 1232 795 1303 quoniam
826 1232 990 1286 multa
1015 1241 1135 1287 sunt
1167 1232 1321 1285 nimis
1345 1240 1518 1286 castra
1542 1233 1678 1301 ejus,
1709 1234 1955 1299 quoniam
1991 1233 2150 1302 fortia

550 1343 710 1399 opera
732 1342 1029 1382 sermonum
1058 1325 1228 1395 illius,
1259 1327 1387 1397 quia
1417 1343 1607 1399 magna
1632 1327 1742 1381 dies
1772 1326 2007 1391 Domini,
2040 1342 2147 1379 ma.

548 1436 651 1493 gna
681 1428 727 1473 et
764 1419 985 1475 illustris
1013 1420 1189 1485 nimis,
1221 1427 1269 1474 et
1296 1419 1412 1490 quis
1428 1418 1526 1473 erit
1574 1420 1830 1489 sufﬁciens
1877 1419 1947 1473 ad
2003 1419 2150 1473 eain?

548 1511 783 1568 Rursum
824 1529 921 1586 per
969 1512 1349 1584 metaphoram
1403 1513 1765 1576 locustarum,
1816 1511 2151 1567 describitur

549 1600 784 1675 impetus
845 1604 1250 1672 Chaldazorum,
1288 1611 1345 1659 et
1377 1603 1605 1673 jubetur
1636 1603 1924 1674 prapheta,
1983 1604 2150 1657 immo

549 1712 649 1770 per
688 1699 1009 1769 prophetam
1034 1696 1289 1754 omnibus
1314 1697 1408 1767 qui
1439 1706 1667 1767 possunt
1686 1695 1785 1761 Dei
1821 1695 2009 1751 audire
2035 1709 2152 1750 ser-

2248 763 2448 820 dlmus.
2506 765 2640 819 Cum
2672 764 2815 819 enim
2856 763 3186 818 locustarum
3228 764 3444 833 agmina
3475 760 3749 823 venirent,
3783 767 3840 813 et

2249 873 2432 914 aerem
2460 859 2554 928 qui
2585 859 2727 912 inter
2754 856 2951 915 cmlum
2996 865 3051 912 et
3097 865 3300 912 terram
3353 865 3438 910 est
3477 863 3833 923 occuparent,

2252 961 2401 1006 tanto
2425 953 2619 1007 ordine
2656 966 2721 1007 ex
2751 951 3108 1021 dispositione
3149 950 3395 1021 julientis
3446 950 3543 1006 Dei
3585 949 3835 1013 volitant,

2252 1054 2313 1101 ut
2374 1046 2548 1100 instar
2602 1044 2991 1101 tesserularum
3040 1043 3241 1115 quain
3274 1043 3592 1113 pavimentis
3618 1042 3844 1097 artiﬁcis

2250 1138 2493 1211 figuntur
2550 1153 2732 1207 manu,
2784 1153 2942 1193 suum
2971 1139 3150 1193 locum
3181 1144 3425 1201 teneant,
3458 1146 3512 1192 et
3544 1150 3613 1190 ne
3641 1144 3843 1207 puncto

2248 1233 2493 1304 quidem,
2525 1241 2601 1299 et,
2632 1242 2687 1288 ut
2712 1233 2780 1286 ita
2804 1232 3000 1298 dicam,
3033 1244 3209 1303 ungue
3231 1239 3547 1286 transverso
3571 1226 3846 1283 declinent

2250 1326 2320 1381 ad
2342 1327 2595 1381 alteram.
2626 1324 2691 1380 Et
2722 1335 2780 1381 ut
2809 1333 3051 1395 apertam
3105 1326 3308 1383 faceret
3358 1323 3766 1396 metaphoram,
3794 1334 3842 1375 et

2255 1437 2346 1491 per
2368 1420 2644 1490 fenestras,
2672 1422 2769 1488 ait,
2813 1421 3024 1489 cadent,
3057 1431 3105 1475 et
3136 1437 3237 1475 non
3284 1419 3652 1475 demolientur.
3696 1416 3844 1474 Nihil

2254 1517 2399 1572 enim
2433 1517 2659 1572 locustis
2690 1516 2892 1572 invium
2925 1524 3029 1585 est,
3081 1530 3205 1571 cum
3236 1526 3291 1572 et
3313 1531 3498 1585 agros,
3531 1524 3589 1571 et
3618 1525 3759 1581 sata,
3793 1523 3848 1570 et

2254 1610 2504 1675 arbores,
2536 1620 2593 1665 et
2624 1610 2812 1679 urbes,
2842 1618 2899 1665 et
2920 1610 3133 1676 domos,
3156 1620 3213 1666 et
3270 1608 3424 1683 187
3465 1606 3844 1666 cubiculorom

2254 1710 2463 1757 secreta
2494 1711 2801 1772 penetrem.
2835 1704 2945 1759 lloc
2974 1713 3155 1759 autem
3183 1703 3253 1759 de
3275 1703 3499 1760 locustis
3535 1703 3754 1764 dicitur,
3790 1709 3848 1756 ut

551 1805 795 1857 mortem,
843 1802 900 1845 ut
948 1791 1105 1862 quasi
1156 1791 1281 1847 tuba
1313 1791 1558 1847 exultent
1588 1805 1777 1847 vocem
1808 1806 1984 1858 suam,
2010 1800 2064 1845 et
2096 1788 2150 1844 in
2183 1784 2229 1845 Β
2255 1793 2324 1850 de
2355 1795 2606 1850 hostibus
2634 1797 2989 1867 intelligatur.
3035 1797 3303 1868 Quodque
3350 1810 3452 1852 nos
3499 1794 3844 1867 interpretati

553 1882 684 1943 Sion
741 1884 1064 1955 praedicent,
1099 1894 1157 1942 et
1195 1886 1450 1956 clangunt
1478 1886 1530 1940 iu
1564 1896 1750 1943 monte
1786 1896 1983 1942 sancto
2011 1885 2149 1956 ejus,

553 1987 608 2030 ut
644 1976 712 2032 ad
746 1979 1034 2047 strepitum
1074 1978 1334 2034 clamoris
1363 1989 1419 2035 at
1457 1979 1703 2035 buccina:
1727 1979 1907 2035 clunis
1930 1980 2156 2035 Jerusa-

547 2072 654 2126 lem
688 2072 919 2141 p0pulus
941 2073 1349 2128 contremiscat.
1382 2071 1654 2142 Cumque,
1686 2071 1786 2142 ait,
1814 2072 2152 2137 cecineritis,

550 2163 655 2221 boc
680 2165 876 2222 dicite:
900 2165 1249 2237 Nequaquam
1280 2164 1399 2221 dies
1432 2165 1644 2221 Domini
1670 2166 1812 2220 ultra
1845 2162 2152 2225 diil‘eretur,

550 2258 602 2313 id
652 2267 755 2324 est,
813 2259 932 2314 dies
980 2258 1204 2314 ultionis
1252 2267 1416 2328 atque
1464 2258 1762 2324 vindictas;
1793 2257 1955 2313 adest
1980 2257 2154 2311 vicina

550 2351 867 2422 captivitas,
893 2352 1007 2421 jam
1046 2350 1117 2406 de
1138 2366 1240 2407 suo
1264 2351 1390 2407 loco
1406 2350 1831 2424 Babyloniorum
1857 2361 1944 2408 est
1973 2366 2158 2422 egres-

549 2464 647 2504 sus
674 2449 972 2513 exercitus,
1015 2463 1182 2518 prope
1210 2457 1297 2505 est
1323 2446 1448 2504 dics
1470 2447 1853 2514 tenebrarum,
1894 2456 1951 2502 et
1989 2461 2159 2517 angu-

548 2539 693 2606 stiae,
716 2541 834 2596 dies
866 2540 1122 2610 caliginis
1150 2548 1207 2595 et
1232 2539 1392 2595 nubis
1411 2549 1465 2595 et
1492 2539 1750 2605 turbinis,
1781 2540 1835 2593 in
1872 2552 1978 2609 qua
2008 2537 2159 2593 aufe-

553 2646 705 2690 retur
755 2636 937 2691 lumen
988 2648 1152 2690 omne
1207 2632 1416 2689 lautitiae
1442 2630 1551 2705 [AL
1580 2631 1851 2703 iustitiae],
1882 2639 1938 2687 et
1964 2640 2158 2686 ctmcta

555 2726 803 2785 tenebris
830 2724 1232 2796 opprimentur.
1257 2724 1649 2794 Sicut,inquit,
1678 2737 1838 2779 tuane
1867 2731 1923 2777 et
1948 2722 2158 2776 dilucu-

556 2822 667 2878 lum
698 2822 882 2877 subito
907 2820 1172 2878 tenebras
1194 2820 1363 2892 fugat,
1391 2828 1447 2875 et
1466 2829 1697 2875 cunctos
1722 2827 1936 2873 montes
1962 2830 2161 2871 aurora

558 2916 884 2972 collustrat:
918 2916 988 2970 ita
1013 2913 1437 2985 Babyloniorum
1472 2926 1639 2981 super
1676 2924 1898 2966 omnem
1958 2918 2158 2963 terram

558 3017 798 3066 vestram
821 3008 1084 3065 fundetur
1110 3009 1409 3064 exercitus.
1444 3005 1555 3063 Nec
1577 3006 1778 3076 putetis
1798 3005 2011 3059 turbam
2040 3017 2161 3057 esse

556 3101 879 3170 invalidam,
913 3102 1144 3173 populus
1177 3100 1338 3172 186
1361 3098 1561 3154 multus
1590 3106 1646 3152 et
1668 3097 1823 3154 fortis
1850 3106 1960 3163 est,
2001 3094 2159 3163 cujus

2258 1905 2448 1946 sumus
2492 1907 2583 1963 per
2607 1893 2859 1963 fenestras
2879 1893 3088 1961 cadent,
3114 1903 3159 1946 et
3188 1908 3287 1947 non
3319 1893 3681 1961 demolientur,
3702 1888 3845 1946 LXX

2256 1985 2675 2051 transtulerunt,
2706 1987 2971 2059 aggravati
3015 1986 3067 2039 in
3091 1984 3248 2040 armis
3277 1986 3385 2040 suis
3409 1985 3577 2053 ibunt,
3602 1992 3655 2039 et
3682 1984 3738 2036 in
3758 1987 3848 2056 ja-

2256 2078 2390 2133 culis
2418 2081 2528 2133 suis
2569 2079 2756 2134 cadent
2795 2090 2839 2135 et
2869 2097 2971 2135 non
3001 2091 3375 2135 consumentur
3406 2094 3422 2132 :
3453 2078 3599 2150 quod
3646 2091 3849 2147 nequa-

2257 2186 2418 2240 quam
2444 2173 2575 2226 mihi
2630 2171 2845 2228 videtur
2890 2172 3251 2243 expositionis
3298 2171 3475 2227 ordini
3531 2172 3847 2239 convenire,

2258 2263 2354 2320 sed
2389 2263 2441 2318 in
2471 2278 2537 2319 eo
2564 2278 2811 2320 errorem
2837 2278 2958 2319 esse
2984 2274 3333 2333 generatum,
3366 2262 3490 2334 quia
3520 2278 3655 2319 sua
3682 2246 3847 2334 (τὴν)

2256 2357 2486 2413 verbum
2542 2348 2889 2424 Ucbt-aicum,
2952 2357 3029 2412 illi
3052 2358 3257 2431 jacula,
3292 2373 3392 2413 nos
3415 2358 3663 2428 fenestras
3694 2357 3853 2415 intel-

2260 2451 2515 2506 leximus.
2548 2450 2846 2522 Servatque
2875 2458 3105 2522 emptam
3136 2453 3525 2517 narrationem,
3559 2460 3613 2506 ut
3637 2466 3733 2507 eos
3773 2451 3851 2507 di-

2258 2552 2346 2598 cat
2378 2545 2565 2599 urbem
2597 2545 2829 2616 ingredi,
2865 2546 2916 2600 in
2965 2548 3135 2600 muris
3166 2542 3496 2614 discurrere,
3556 2546 3853 2615 domosque

2259 2637 2655 2703 conscendere,
2707 2646 2763 2693 et
2809 2652 2906 2708 per
2936 2636 3202 2694 fenestras
3247 2637 3452 2693 intrare
3498 2638 3649 2709 quasi
3680 2638 3849 2702 fures,

2264 2744 2371 2786 non
2397 2730 2539 2801 quod
2566 2728 2746 2786 iurum
2771 2732 3025 2786 timorem
3056 2729 3291 2787 habeant
3312 2732 3402 2802 qui
3428 2730 3667 2786 victores
3690 2737 3850 2794 sunt;

2261 2825 2356 2880 sed
2380 2836 2435 2878 ut
2468 2826 2614 2881 fures
2645 2826 2825 2881 solent
2853 2826 3062 2897 ingredi
3094 2840 3190 2895 per
3221 2824 3517 2891 fenestras,
3552 2831 3606 2879 ct
3634 2823 3854 2878 occulte

2261 2932 2479 2986 rapere,
2505 2918 2585 2972 sic
2610 2915 2709 2984 illi,
2740 2917 2940 2972 clausis
2989 2916 3195 2988 ianuis,
3230 2931 3297 2972 ne
3325 2917 3432 2971 ulla
3462 2916 3527 2971 sit
3556 2929 3727 2971 mora.
3760 2929 3856 2984 per

2266 3008 2539 3065 fenestras
2566 3016 2672 3064 tota
2709 3007 3014 3080 irrumpent
3035 3008 3285 3065 audacia.
3316 3010 3361 3062 A
3387 3010 3520 3079 facie
3566 3007 3855 3062 istiusmodi

2262 3102 2581 3156 locustarum
2635 3112 2771 3157 terra
2822 3100 3149 3169 contremuit,
3203 3102 3382 3156 etcceli
3412 3099 3537 3155 moti
3565 3109 3706 3165 sunt,
3736 3112 3855 3169 qua:

556 3194 750 3251 similis
777 3210 878 3250 nec
895 3195 950 3249 iu
980 3196 1279 3264 prazterito,
1309 3209 1410 3249 nec
1436 3193 1492 3247 in
1523 3191 1725 3257 futuro,
1758 3191 1865 3245 ulla
1895 3204 2029 3261 gens
2052 3188 2158 3243 alia
2188 3174 2233 3238 C
2264 3195 2407 3250 diem
2444 3195 2790 3267 hyperbolice
2819 3196 3139 3261 sentiamus,
3191 3210 3302 3248 non
3332 3196 3472 3265 quod
3519 3192 3852 3249 locustarum

557 3288 758 3358 poterit
808 3287 1041 3344 inveniri
1083 3305 1098 3343 :
1139 3286 1398 3357 quidquid
1454 3285 1740 3356 attigerit,
1792 3284 1947 3355 quasi
1992 3297 2160 3337 vorax

556 3380 774 3438 ﬂamma
794 3390 1107 3446 consumet,
1143 3380 1386 3450 nihilque
1427 3387 1635 3450 postse
1685 3380 1954 3449 integrum
1997 3377 2161 3432 dere-

559 3475 801 3546 linquet;
834 3476 990 3547 quasi
1018 3474 1214 3530 hortus
1245 3483 1300 3529 et
1336 3474 1626 3543 paradisus
1656 3473 1951 3543 voluptatis
1979 3469 2163 3525 omnis

558 3577 699 3624 terra
732 3576 839 3635 est,
871 3583 1034 3639 quam
1063 3582 1170 3623 non
1198 3566 1440 3637 tetigerit
1466 3583 1479 3621 :
1510 3566 1669 3637 quasi
1704 3564 1950 3621 solitudo
1984 3578 2036 3620 et
2068 3563 2163 3618 de-

558 3671 791 3730 sertum,
841 3660 1104 3732 quidquid
1157 3660 1317 3716 fuerit
1364 3658 1735 3728 depraedatus,
1785 3673 1967 3728 neque
2019 3658 2162 3712 ullus

560 3755 768 3827 poterit
799 3754 1035 3811 inveniri
1076 3755 1166 3822 qui
1203 3752 1353 3809 illius
1381 3751 1605 3823 etl‘ugiat
1638 3765 1855 3807 manus.
1889 3750 2162 3820 Aspectus

559 3864 750 3903 eorum
781 3848 935 3918 quasi
962 3846 1225 3903 feracium
1252 3860 1538 3917 equorum,
1566 3846 1792 3917 etquasi
1810 3844 2026 3915 equites
2055 3844 2161 3897 huc

560 3939 799 4009 illucque
852 3938 1184 3995 discurrent.
1230 3939 1350 3993 Non
1389 3952 1501 4007 quo
1545 3939 1825 4009 Babylonii
1876 3937 2163 4006 equitibus

560 4039 987 4101 comparentur;
1021 4030 1117 4086 sed
1165 4045 1274 4101 quo
1328 4031 1555 4087 locusta:
1604 4046 1700 4100 per
1745 4030 2158 4085 translationem

564 4122 799 4178 hostium
824 4123 982 4194 quasi
1013 4123 1226 4192 equites
1253 4124 1507 4179 dicantur
1538 4123 1642 4179 huc
1687 4123 1925 4194 illucque
1953 4122 2162 4178 discur-

563 4233 689 4273 rere
723 4235 736 4270 :
763 4216 915 4273 Sicut
947 4217 1166 4283 sonitus,
1198 4215 1392 4285 inquit,
1425 4218 1794 4287 quadrigarum
1812 4225 1863 4271 et
1890 4230 2156 4281 curruum,

562 4312 641 4364 sic
669 4310 770 4364 erit
792 4309 996 4364 sonitus
1024 4307 1370 4363 locustarum.
1438 4308 1617 4379 Super
1671 4312 1849 4379 capita
1891 4311 2159 4365 montium

562 4404 834 4469 exsrlient,
855 4412 915 4458 ut
934 4402 1117 4457 omnia
1144 4402 1359 4457 excelsa
1388 4402 1789 4469 conscendant;
1818 4412 1874 4458 et
1898 4403 2041 4457 sicut
2061 4403 2160 4456 sti-

563 4498 744 4568 pulam
803 4498 912 4552 cito
948 4496 1168 4551 ﬂamma
1224 4496 1501 4552 consumit
1529 4535 1545 4562 ,
1570 4496 1645 4552 ita
1667 4495 1879 4552 sonitus
1899 4506 1954 4553 et
1973 4506 2159 4552 terror

2263 3297 2357 3342 aut
2389 3288 2620 3343 hostium
2652 3298 2798 3342 tanta
2824 3289 2906 3343 vis
2936 3288 3027 3353 sit,
3059 3298 3117 3343 ut
3146 3288 3311 3358 possit
3338 3300 3559 3343 movere
3582 3286 3773 3351 cmlos,
3806 3293 3859 3340 et

2265 3389 2467 3435 terram
2496 3391 2830 3446 concutere;
2864 3381 3114 3452 sedquod
3138 3378 3371 3436 adversa
3397 3379 3723 3449 patientibus
3747 3392 3857 3447 prae

2266 3474 2492 3528 terroris
2547 3474 2944 3545 magnitudine,
3002 3483 3059 3530 et
3086 3475 3282 3530 cmlum
3315 3489 3478 3529 ruere
3514 3480 3570 3528 et
3589 3480 3736 3529 terra
3756 3471 3857 3527 ﬂu-

2262 3574 2452 3621 ctuare
2504 3566 2777 3622 videatur.
2837 3568 3078 3639 Denique
3102 3582 3210 3638 pra:
3242 3566 3593 3623 multitudine
3622 3568 3847 3623 locusta-

2263 3674 2382 3712 rum
2418 3659 2788 3714 obtexentium
2815 3663 3035 3728 coelum,
3062 3661 3144 3715 sol
3174 3668 3229 3716 et
3252 3659 3380 3715 luna
3402 3659 3856 3716 convertentnrin

2264 3751 2542 3815 tenebras,
2565 3760 2620 3805 et
2640 3751 2814 3806 stellae
2838 3751 3117 3807 retralteut
3152 3751 3499 3823 splendorem
3522 3767 3708 3807 suum:
3728 3752 3857 3805 dum

2263 3842 2447 3898 lumen
2473 3846 2523 3897 in
2541 3844 2722 3898 medio
2760 3843 2929 3900 nubes
2956 3846 3131 3914 posita
3172 3843 3529 3909 locustarum,
3566 3844 3856 3899 adtert'am

2263 3954 2370 3992 non
2399 3939 2525 3992 sinit
2558 3938 2865 4008 pervenire.
2926 3939 3188 3994 Dominus
3219 3953 3436 4010 quoque
3469 3938 3619 3994 dabit
3666 3950 3856 3992 vocem

2262 4045 2414 4085 suam
2440 4040 2566 4086 ante
2588 4030 2779 4086 faciem
2806 4040 2913 4085 tam
2955 4032 3192 4101 potentis
3215 4032 3514 4098 exercitus,
3544 4030 3665 4102 quia
3688 4031 3857 4085 multa

2261 4132 2386 4177 sunt
2416 4133 2590 4177 castra
2615 4123 2750 4191 ejus,
2778 4134 2827 4178 et
2858 4123 3171 4195 magnitudo
3190 4125 3409 4180 virtutis
3431 4124 3575 4180 illius
3597 4123 3648 4179 in
3672 4121 3859 4194 parvis

2261 4231 2478 4286 quoque
2551 4217 2921 4272 animantibus
2980 4218 3410 4274 demonstratur.
3483 4217 3611 4273 Hmc
3678 4226 3858 4271 autem

2262 4308 2430 4362 multa
2463 4319 2676 4376 castra,
2702 4318 2754 4364 et
2785 4309 3201 4365 innumerabilia
3255 4308 3417 4365 fortia
3448 4317 3576 4364 sunt
3602 4308 3786 4375 nimis,
3808 4314 3863 4363 et

2261 4398 2517 4455 facientia
2550 4402 2772 4456 verbum
2799 4401 2959 4457 illius.
2986 4401 3107 4469 Quo
3131 4401 3277 4456 dicto
3304 4400 3604 4456 ostenditur
3628 4398 3863 4470 Babylo—

2265 4493 2383 4549 nios
2422 4494 2512 4549 Dei
2541 4496 2819 4550 voluntate
2841 4503 3123 4563 veuturos,
3158 4492 3384 4550 etillius
3436 4492 3667 4562 imperio
3720 4491 3863 4561 pari-

558 4589 706 4644 vocis
735 4604 924 4644 eorum
969 4596 1163 4645 cuncta
1224 4588 1598 4660 populabitur.
1649 4589 1917 4659 Quodque
1960 4589 2163 4645 infert:
2196 4578 2250 4642 D
2275 4593 2449 4641 turos.
2488 4587 2712 4658 Magnus
2742 4597 2837 4653 est,
2862 4586 3060 4657 inquit,
3093 4587 3201 4640 dies
3226 4582 3455 4655 Domini,
3483 4600 3585 4656 quo
3610 4581 3863 4653 capienda

575 4678 725 4735 Velut
759 4680 1168 4755 populusfortis
1186 4692 1518 4752 preparatus
1539 4682 1609 4736 ad
1659 4678 1920 4754 prndium,
1946 4695 2160 4737 rursum

566 4772 635 4829 ad
685 4774 926 4830 locustas
966 4772 1157 4841 refert,
1186 4784 1245 4831 ut
1273 4790 1386 4831 non
1444 4774 1708 4845 quaside
1731 4775 2008 4841 hostibus,
2066 4773 2162 4829 sed

564 4870 720 4942 quasi
752 4868 822 4925 de
840 4868 1069 4925 locustis
1099 4869 1308 4925 referre
1340 4867 1622 4935 videatur;
1646 4877 1701 4923 et
1731 4878 1912 4923 tanien
1930 4868 2059 4923 dum
2086 4868 2166 4921 lo-

567 4975 753 5019 custas
778 4963 1035 5033 legimus,
1070 4962 1751 5034 Babylonios‘cogitemus.
1794 4961 2005 5017 Tantus
2055 4969 2164 5016 tero

564 5071 659 5113 ror
685 5060 816 5126 erit,
858 5066 918 5112 ut
938 5071 1130 5113 omnes
1158 5071 1257 5126 per
1285 5055 1573 5112 circuitum
1596 5057 1870 5124 nationes,
1904 5064 1962 5112 et
1985 5062 2169 5110 animo

566 5159 623 5206 et
651 5164 885 5221 corpore
918 5149 1368 5219 perborrescmt,
1403 5152 1572 5205 immo
1603 5150 1917 5206 crucientur
1947 5167 1961 5205 :
1987 5160 2046 5206 et
2076 5166 2168 5221 pa.

564 5247 713 5302 voris
740 5245 1137 5317 magnitudine.
1165 5245 1345 5300 vultus
1371 5244 1619 5299 omnium
1642 5244 1697 5299 in
1734 5245 1863 5301 olle
1902 5243 2164 5301 similitu-

564 5338 750 5394 dinem
778 5345 1189 5403 convertantur,
1241 5354 1361 5406 qtttc
1392 5337 1517 5407 igne
1565 5337 1871 5403 combusta,
1932 5336 2168 5408 nigredi-

564 5444 692 5488 nem
716 5442 771 5487 et
802 5429 1076 5503 fuliginem
1092 5427 1223 5485 foedi
1249 5437 1513 5486 monstret
1531 5439 1804 5498 aspectus.
1834 5427 2163 5495 Discurrent,

568 5522 766 5597 inquit,
796 5527 948 5596 quasi
969 5524 1065 5581 viri
1093 5525 1271 5596 fortes,
1303 5522 1447 5579 haud
1485 5522 1708 5579 dubium
1739 5523 1867 5594 quin
1908 5522 2163 5579 locusta:

568 5621 785 5692 etquasi
809 5621 906 5675 uiri
934 5619 1206 5676 bellatores
1246 5617 1528 5673 ascendant
1554 5630 1781 5684 riturum,
1810 5625 1868 5673 ut
1888 5629 2164 5672 murorum

2269 4688 2340 4732 est
2361 4676 2673 4745 Jerusalem,
2713 4687 2761 4733 et
2788 4679 2939 4733 ualde
2958 4677 3223 4743 terribilis,
3249 4685 3295 4732 et
3320 4675 3496 4731 nullus
3523 4690 3641 4730 cum
3674 4674 3861 4745 poterit

2271 4774 2545 4839 sustinere,
2579 4780 2634 4826 et
2676 4771 2745 4828 de
2773 4773 3098 4828 necessitate
3140 4770 3471 4843 captivitatis
3519 4779 3612 4825 aut
3666 4769 3862 4822 mortis

2271 4868 2533 4922 evadere.
2585 4866 2835 4922 Junctam
2898 4876 2951 4922 et
3002 4865 3375 4923 cohzcreutem
3417 4862 3519 4919 sibi
3570 4861 3863 4933 pericopen

2272 4959 2519 5015 dividere
2541 4959 2714 5024 nolui,
2746 4974 2815 5015 ne
2853 4959 2995 5029 quod
3023 4972 3187 5015 sensu
3226 4970 3394 5013 unum
3444 4966 3583 5023 erat,
3636 4952 3865 5011 diversis

2272 5054 2528 5124 capitulis
2578 5064 2922 5124 carperetur.
2965 5053 3331 5110 Transeamus
3360 5052 3426 5109 ad
3454 5050 3861 5122 intelligentiam

2274 5148 2634 5219 spiritualem,
2677 5148 2887 5220 singula
2918 5162 3149 5220 quaeque
3194 5156 3530 5219 repetentes.
3578 5143 3861 5201 Tubarum

2269 5243 2734 5314 buccinarumque
2763 5244 3070 5314 clangorem
3105 5256 3213 5297 non
3257 5243 3432 5297 solum
3461 5240 3513 5296 in
3545 5236 3781 5296 Levitico
3811 5244 3864 5293 et

2270 5334 2633 5392 Numerorum
2665 5336 2802 5392 libro
2830 5335 3058 5407 legimus
3084 5333 3275 5406 (Num.
3302 5334 3381 5402 ι),
3405 5333 3458 5387 in
3484 5330 3681 5403 quibus
3701 5330 3861 5401 jube-

2274 5441 2381 5497 tur,
2414 5441 2475 5486 ut
2499 5431 2632 5487 duas
2660 5440 2951 5501 argenteas
2973 5430 3129 5485 tubas
3149 5428 3314 5484 faciat
3329 5429 3561 5500 Moyses,
3588 5424 3785 5495 quibus
3810 5434 3863 5479 et

2274 5524 2327 5579 in
2359 5523 2644 5587 kalendis,
2674 5535 2727 5579 et
2754 5524 2807 5578 in
2836 5523 3072 5593 septimo
3095 5535 3306 5590 mense,
3326 5519 3495 5592 prima
3519 5518 3608 5576 die
3633 5516 3857 5579 mensis,

2275 5627 2330 5675 et
2362 5619 2411 5673 in
2437 5618 2684 5687 jubilato,
2710 5629 2765 5674 et
2816 5618 2871 5672 in
2904 5617 3063 5690 188
3091 5614 3307 5673 caeteris
3356 5612 3760 5673 festivitatibus,
3811 5619 3863 5663 ct

646 5770 672 5800 ι
711 5761 886 5817 Nostri
906 5755 1518 5817 mss.audivirnus.1‘um
1534 5770 1633 5827 pro
1660 5756 1908 5828 venirent,
1925 5762 1976 5814 et
1994 5767 2320 5830 occuparent,
2348 5756 2618 5814 Victorius
2630 5773 2691 5813 es
2713 5756 3003 5812 Florentiae
3024 5754 3181 5811 codd.
3210 5755 3435 5811 venerint
3464 5760 3519 5811 et
3538 5750 3861 5823 occuparint.
