4120 6342
345 255 451 316 065

1169 261 1819 324 COMMENTARIORUM
1858 261 1928 324 IN
1967 255 2235 322 JOELEM
2276 257 2503 320 LIBER.
2547 260 2706 320 CAP.
2747 260 2814 321 ll.

3541 263 3647 322 968

345 371 564 441 quando
588 371 655 428 ad
683 371 823 430 bella
855 376 1181 445 procedunt,
1222 393 1421 436 canant
1450 381 1509 436 hi
1531 383 1620 452 qui
1661 383 1786 438 huic
1811 381 1938 437 otti—
1961 383 2015 443 Α
2041 385 2237 434 cuncta
2271 377 2588 444 vastabunt,
2617 378 2894 449 quomodo
2922 376 3177 447 stipulam
3205 377 3418 432 ilatnma
3449 393 3651 432 consu-

343 465 430 520 cio
455 467 745 536 mancipati
773 473 937 538 sunt;
966 471 1064 527 sed
1087 472 1250 528 etiam
1285 489 1471 531 muros
1507 475 1726 533 Jericho
1751 477 1816 531 ad
1851 487 1936 531 tuo

343 557 536 614 barum
564 557 876 628 clangorem
903 564 1166 632 scriptum
1190 574 1274 620 est
1314 566 1593 623 corruisse
1630 567 1814 638 (Iosue
1836 565 1935 640 vr).

344 649 413 704 Et
465 651 722 708 Dominus
772 653 1026 724 angelum
1089 655 1382 712 missurum
1412 674 1472 714 se
1494 659 1627 714 dicit
1651 674 1773 715 esse
1812 673 1934 715 cum

345 741 602 813 clangore
629 745 773 800 tubae
805 744 1024 816 (Matth.
1059 747 1230 819 xxiv),
1261 758 1320 804 et
1340 750 1634 820 Apostolus
1659 765 1939 808 resurrec—

347 838 549 892 tionem
590 846 954 904 mortuorum,
981 841 1050 896 ad
1080 842 1222 897 tuba
1263 841 1504 898 sonitum
1533 845 1656 900 fieri
1681 846 1939 914 prmdlcat

342 929 390 1001 (ι
421 930 540 986 Cor.
573 929 690 1000 xv).
723 932 787 988 Et
816 931 870 988 itt
898 933 1228 1006 Apocalypsi
1269 949 1487 1007 quoque
1529 937 1760 993 Joannis
1805 939 1939 1010 legi-

343 1038 490 1090 mus,
505 1034 716 1093 septem
734 1026 966 1095 angelos
982 1030 1261 1100 accepisse
1279 1032 1436 1086 tubas
1456 1031 1724 1103 singulas,
1741 1033 1939 1104 quibus

344 1131 443 1187 per
472 1117 721 1176 ordinem
752 1122 1095 1192 canentibus,
1142 1123 1279 1180 facta
1325 1136 1450 1180 sunt
1499 1139 1622 1195 quas
1657 1127 1938 1196 Scriptum

345 1211 604 1269 describit
634 1213 876 1284 (Apocat.
913 1213 1050 1276 vutl.
1081 1217 1405 1288 Pratcipitttr
1429 1231 1563 1290 ergo
1590 1233 1731 1276 nunc
1755 1231 1940 1276 sacer-

345 1303 567 1364 dmibus
618 1316 674 1363 et
725 1310 1024 1379 magistris,
1054 1321 1116 1366 ut
1139 1314 1380 1368 exaltant
1409 1315 1564 1385 quasi
1593 1315 1718 1370 tuba
1749 1327 1937 1371 vocem

345 1413 524 1468 suam,
549 1410 602 1455 et
628 1401 890 1469 impleant
919 1403 1049 1460 illud
1078 1405 1222 1476 quod
1252 1407 1519 1476 scriptum
1545 1417 1631 1463 est
1661 1423 1674 1462 :
1705 1407 1774 1464 In
1793 1419 1941 1464 man-

345 1501 446 1548 tem
474 1494 733 1550 excelsum
753 1497 970 1552 ascende
988 1499 1078 1570 qui
1109 1501 1432 1572 cvangelistts
1459 1501 1590 1559 Sion
1621 1504 1830 1557 :exaita
1851 1515 1940 1557 vo.

345 1601 454 1640 cent
471 1595 612 1640 tuam
634 1587 723 1655 qui
755 1595 1040 1647 annmttins
1060 1590 1358 1648 Jerusalem
1382 1592 1538 1666 (ιω.
1567 1594 1850 1668 xtmtt,9),
1880 1601 1940 1651 ut

344 1688 506 1734 canat
527 1678 652 1735 tuba
685 1679 742 1736 in
771 1680 926 1747 Sion,
961 1683 1011 1738 id
1037 1686 1212 1751 est,in
1238 1686 1502 1750 Ecclesia.
1527 1700 1648 1758 qua:
1671 1690 1939 1759 interpre-

2041 470 2137 526 mlt
2169 487 2181 524 :
2216 470 2288 525 ita
2322 469 2542 524 venient
2581 469 2646 524 ad
2697 470 3027 540 puniendum
3063 487 3077 524 :
3113 471 3184 525 ita
3217 469 3462 539 expediti
3492 479 3656 525 erunt

2037 572 2096 621 et
2121 566 2319 635 parati,
2351 574 2407 618 ut
2443 564 2675 634 pepulus
2700 563 2856 619 fortis
2895 564 2962 618 ad
2994 564 3267 633 praelium.
3298 562 3503 618 Tantus
3545 560 3651 617 erit

2040 659 2206 714 timor
2227 659 2496 724 omnium,
2524 663 2674 712 tanta
2697 657 3029 711 conscientia
3056 666 3421 728 peccatorum,
3447 663 3506 709 ut
3530 655 3650 709 nul-

2039 749 2124 804 ius
2149 751 2344 818 luceat,
2379 763 2479 805 nec
2509 747 2855 818 splendorem
2896 747 3091 803 habeat
3119 747 3322 817 gaudii,
3348 747 3442 802 sed
3481 746 3651 802 instar

2038 843 2248 899 adustae
2277 842 2400 899 olla:
2431 843 2594 898 iacies
2623 842 2744 912 ejus
2771 848 3016 898 vertatur
3049 841 3099 896 in
3129 841 3405 898 tenebras.
3439 843 3649 898 Ascen-

2039 935 2171 992 deut
2213 946 2432 989 murum
2463 943 2522 990 et
2548 947 2766 989 omneut
2815 932 3174 988 munitionem
3200 949 3214 999 ;
3245 934 3652 1004 injunctumque

2039 1031 2139 1086 sibi
2165 1031 2449 1100 explentes
2473 1043 2631 1098 opus,
2666 1041 2772 1084 non
2797 1027 3144 1084 declinabunt
3189 1029 3240 1082 in
3268 1035 3476 1098 partem
3511 1031 3651 1084 alte—

2038 1135 2189 1190 ram;
2217 1123 2310 1179 sed
2342 1132 2366 1160 α
2392 1121 2678 1177 initiabunt
2709 1123 3030 1176 miserorum
3060 1119 3361 1190 suppliciis,
3408 1131 3508 1177 nec
3534 1128 3648 1177 tor-

2040 1220 2238 1276 mentis
2259 1231 2446 1274 eorum
2480 1216 2852 1282 satiabuntur;
2896 1214 2991 1270 sed
3036 1213 3410 1284 unusquisque
3441 1213 3647 1269 credita

2039 1311 2140 1366 sibi
2167 1311 2216 1366 in
2249 1319 2566 1382 peccatores
2611 1309 2874 1379 supplicia
2917 1314 3298 1377 preseqttetur.
3331 1305 3436 1363 Sed
3467 1317 3522 1360 ct
3553 1319 3651 1376 per

2039 1404 2307 1463 fenestras
2335 1403 2639 1470 intrabunt,
2663 1403 2777 1458 sive
2798 1401 3030 1468 cadent;
3065 1401 3151 1456 vel
3183 1398 3460 1471 aggravati
3483 1400 3651 1454 armis

2040 1500 2153 1554 suis
2185 1496 2562 1566 ambulabunt,
2595 1505 2650 1550 et
2683 1495 2736 1549 in
2778 1494 2977 1565 jaculis
3007 1507 3195 1550 eorum
3243 1491 3350 1565 [ΑΙ.
3399 1491 3534 1564 suis]
3561 1507 3655 1548 ca-

2039 1593 2173 1649 dent
2203 1591 2276 1660 lti,
2315 1605 2453 1661 quos
2496 1591 2813 1660 acceperint
2843 1587 3270 1644 consumendos.
3307 1589 3398 1642 liae
3425 1593 3552 1642 sunt
3585 1589 3660 1643 i'e-

2042 1695 2260 1752 nostrae,
2295 1685 2363 1740 de
2407 1684 2604 1756 quibus
2637 1692 2694 1738 et
2736 1683 3003 1738 Jeremias
3045 1680 3177 1736 dicit
3217 1697 3227 1733 :
3268 1679 3414 1734 Mors
3441 1679 3656 1734 intrabit

348 1772 1242 1846 taturspeculaatquesublimitas.
1268 1779 1403 1834 Elin
1428 1790 1617 1836 sancto
1638 1783 1734 1838 Dei
1757 1793 1943 1839 monte
1971 1764 2023 1831 Β
2049 1793 2140 1850 per
2179 1778 2433 1849 fenestras
2459 1786 2662 1830 nostras
2693 1775 2828 1846 (Jer.
2863 1787 2937 1841 vt,
2967 1775 3061 1844 Ἠ)
3095 1789 3106 1828 :
3139 1785 3330 1829 omnes
3361 1776 3506 1830 enim
3533 1789 3655 1828 seu-

346 1864 438 1932 qui
461 1862 711 1922 Christus
735 1876 839 1934 est,
866 1879 925 1924 ut
953 1871 1370 1937 conturbentur,
1397 1875 1517 1928 sire
1538 1874 1942 1931 confundantur
1976 1928 1978 1930 ,

345 1971 537 2014 clunes
584 1959 920 2016 habitatores
962 1970 1143 2031 terrae,
1173 1975 1230 2021 et
1251 1965 1506 2022 confusio
1535 1983 1628 2022 eos
1662 1968 1944 2038 pertrahat

346 2051 411 2105 ad
440 2053 696 2108 salutem.
725 2054 876 2111 Diem
906 2069 1088 2114 autem
1123 2061 1780 2136 Domini,dieutinteiligc
1801 2065 1943 2136 judi-

347 2144 440 2210 cii,
469 2145 583 2202 sive
604 2145 746 2202 diem
761 2149 942 2205 exitus
968 2153 1397 2226 uniuscujusque
1417 2156 1487 2212 de
1515 2167 1766 2228 corpore.
1786 2158 1944 2224 Quod

347 2240 492 2293 enim
527 2240 578 2294 in
610 2240 702 2297 die
727 2241 918 2312 judieii
945 2243 1179 2300 futurum
1211 2259 1295 2302 est
1323 2250 1603 2317 omnibus,
1631 2251 1732 2307 hoc
1753 2249 1808 2306 in
1839 2253 1946 2308 sim

349 2331 492 2400 gulis
535 2331 624 2388 die
678 2337 872 2390 mortis
925 2335 1201 2408 impletur.
1228 2339 1356 2396 Dies
1389 2341 1737 2399 tenebrarum
1770 2353 1853 2400 est
1893 2355 1946 2401 et

348 2427 638 2495 angustiae,
669 2427 786 2484 dies
819 2431 980 2487 nubis
1007 2441 1064 2495 et
1089 2434 1352 2500 turbinis;
1377 2437 1502 2506 quia
1532 2447 1726 2494 cuncta
1760 2453 1944 2510 prens-

349 2533 468 2573 rum
502 2518 658 2589 plena
690 2531 817 2578 sunt
841 2533 1001 2594 atque
1024 2526 1382 2582 cruciatuum.
1410 2528 1604 2584 Veniet
1629 2533 1944 2603 angelorum

313 2677 316 2680 _
350 2611 581 2680 populus
609 2613 810 2670 multus
837 2623 890 2668 ct
920 2615 1098 2682 fortis,
1129 2629 1185 2672 ut
1211 2619 1403 2676 reddat
1426 2622 1722 2693 unicuique
1749 2637 1947 2681 secun-

351 2702 478 2757 dum
506 2719 668 2774 opera
690 2721 786 2762 sua
812 2723 826 2772 ;
857 2710 920 2764 et
950 2710 1091 2766 sicut
1121 2725 1282 2768 unane
1303 2723 1358 2769 et
1383 2729 1579 2770 aurora
1610 2730 1948 2790 consurgens

353 2797 584 2866 primum
609 2810 842 2872 occupat
877 2815 1116 2872 montes,
1150 2807 1513 2876 sicjudicium
1541 2811 1610 2865 ab
1633 2814 1866 2869 excelsis
1891 2823 1947 2870 et

353 2891 668 2960 potentibus
697 2895 940 2967 incipiet,
973 2909 1031 2954 ut
1063 2911 1319 2968 potentes
1367 2914 1618 2974 potenter
1673 2914 1947 2964 tormenta

352 2983 646 3053 patiantur.
700 2985 904 3046 Similis
942 2992 991 3046 ei
1020 3005 1130 3047 non
1161 2992 1266 3048 fuit
1312 3007 1343 3049 ε
1394 2999 1682 3070 principio,
1732 3007 1786 3055 et
1827 3009 1951 3070 post

351 3088 474 3128 eum
505 3091 608 3131 non
635 3078 744 3134 erit
766 3095 936 3150 usque
957 3083 1023 3136 ad
1048 3099 1222 3140 atinas
1245 3089 1612 3158 generationis
1636 3101 1692 3146 et
1719 3106 1950 3162 genera-

2043 1889 2137 1928 sus
2168 1879 2386 1928 nostros
2417 1869 2625 1941 ingredi
2648 1871 2835 1924 hostes
2874 1867 3207 1934 desiderant,
3243 1877 3296 1922 et
3326 1881 3528 1936 capere
3561 1883 3652 1921 nr-

2045 1967 2170 2024 bem
2193 1967 2350 2023 home
2376 1966 2748 2034 conscientiae,
2775 1974 2830 2021 et
2849 1979 2949 2036 per
2970 1973 3155 2019 nostra
3185 1966 3520 2020 munimenta
3543 1965 3658 2020 div-

2043 2073 2286 2128 currere,
2315 2057 2617 2130 domosque
2645 2073 2784 2130 quas
2813 2059 2971 2115 nobis
2999 2058 3158 2112 bonis
3197 2059 3456 2129 operibus
3481 2059 3654 2112 tcdiii-

2043 2154 2311 2218 cavimus,
2335 2153 2646 2209 destruere.
2671 2151 2862 2208 Omnia
2889 2159 3064 2206 autem
3094 2151 3296 2206 faciunt
3321 2152 3658 2206 introcuntcs

2045 2258 2142 2319 per
2171 2247 2458 2310 fenestras,
2483 2246 2640 2315 quasi
2669 2244 2754 2300 fur
2789 2261 2800 2298 :
2831 2244 3004 2299 libere
3031 2245 3176 2300 enim
3210 2259 3317 2300 non
3343 2244 3659 2314 ingrediun-

2045 2353 2152 2410 tur,
2183 2348 2238 2396 ut
2263 2343 2520 2412 sagittent
2548 2339 2604 2394 in
2629 2339 2861 2395 obscuro
2886 2347 3068 2393 rectos
3096 2337 3264 2392 corde
3290 2337 3464 2410 (Paci.
3498 2337 3578 2409 ι).
3613 2339 3654 2392 Α

2045 2431 2184 2490 facie
2215 2434 2370 2488 istius
2412 2429 2621 2503 populi,
2658 2431 2751 2502 qui
2795 2437 2880 2485 est
2931 2430 3130 2484 multus
3179 2439 3237 2482 et
3287 2428 3466 2500 fortis,
3513 2438 3657 2485 terra

2045 2527 2394 2592 contremuit,
2443 2535 2498 2582 et
2545 2525 2668 2582 creti
2719 2525 2978 2580 commoti
3025 2531 3171 2577 sunt.
3213 2521 3413 2577 (Italum
3443 2523 3580 2577 enim
3609 2532 3658 2576 et

2049 2629 2186 2674 terra
2218 2618 2509 2674 transibunt
2535 2657 2549 2682 ,
2590 2616 2794 2671 verbum
2835 2625 3008 2670 autem
3054 2613 3267 2668 Domini
3309 2621 3576 2683 permanet
3606 2615 3660 2667 in

2047 2723 2294 2768 internum
2325 2709 2543 2783 (Matth.
2575 2707 2690 2780 94).
2727 2708 2832 2766 Sed
2861 2715 2917 2764 et
2944 2708 3024 2763 sol
3051 2717 3106 2764 et
3146 2709 3273 2763 luna
3302 2716 3451 2762 tanta
3493 2709 3663 2763 mise-

2049 2819 2238 2862 rorum
2267 2806 2534 2876 supplicia
2557 2804 2744 2860 videre
2784 2811 3195 2873 nonpoterunt,
3240 2809 3296 2857 ct
3336 2802 3664 2868 mmrebunt,

2049 2898 2204 2957 1³ιιοη
2237 2899 2492 2956 habentia
2539 2897 2707 2954 cilicii
2742 2895 2830 2953 sui
2855 2897 3146 2969 justitiam.
3179 2905 3235 2951 et
3262 2909 3364 2966 pro
3406 2897 3559 2952 claro
3587 2897 3667 2950 itt-

2051 2995 2216 3061 mine,
2249 2993 2492 3050 tenebris
2518 2993 2841 3064 aperientur
2879 2990 3191 3057 horrendis;
3223 2989 3404 3047 stelisc
3448 3005 3664 3062 quoque

2051 3085 2334 3144 rctrnhent
2352 3088 2612 3158 fulgorem
2645 3099 2829 3151 suum,
2860 3087 3020 3158 190
3042 3087 3170 3140 dum
3192 3085 3359 3140 etiam
3376 3087 3465 3156 qui
3491 3085 3668 3140 sancti

353 3167 516 3226 tionis
541 3171 782 3242 (Sapien.
809 3174 905 3246 vr).
934 3175 1127 3235 Omnia
1151 3153 1296 3236 enim
1319 3183 1481 3249 mala,
1509 3199 1630 3255 quae
1672 3153 1950 3243 vevtei‘iims

2056 3189 2180 3236 sunt
2208 3153 2556 3252 prtnseniiam
2583 3179 2800 3234 Domini
2829 3153 3035 3249 absque
3066 3177 3361 3235 formidine
3384 3153 3492 3232 non
3515 3177 3665 3233 vide-

354 3259 603 3318 historiis
646 3270 1015 3336 continentur,
1045 3281 1099 3326 et
1125 3273 1592 3330 autinundatiooe
1646 3279 1832 3342 maris,
1856 3288 1950 3334 aut

351 3354 615 3416 illuvione
641 3359 941 3432 fluminum,
979 3375 1072 3420 aut
1120 3369 1456 3437 pestilentia,
1508 3371 1731 3437 morbis,
1779 3371 1946 3440 fame,

354 3447 564 3517 bestiis,
589 3453 825 3511 hostium
859 3459 1137 3528 vastitate,
1159 3462 1480 3519 hominibus
1497 3465 1833 3537 acciderunt,
1861 3467 1948 3523 his

352 3543 654 3611 suppliciis,
712 3562 837 3617 quae
885 3552 936 3604 in
993 3551 1089 3607 die
1136 3563 1265 3610 sunt
1290 3556 1804 3628 reddendttjudicii,
1839 3575 1946 3616 non

354 3645 609 3728 poterunt
647 3647 975 3712 comparari.
1037 3649 1175 3704 Ante
1227 3649 1419 3708 faciem
1450 3653 1608 3725 hujus
1635 3657 1822 3724 populi
1854 3657 1944 3728 qui

354 3727 510 3786 fortis
544 3740 599 3787 et
647 3736 846 3791 multus
873 3746 982 3806 est,
1012 3741 1119 3796 erit
1146 3743 1290 3813 ignis
1340 3757 1560 3813 vorans,
1584 3745 1702 3802 sive
1743 3727 1946 3803 consu-

354 3836 532 3890 mens,
554 3835 612 3880 ut
643 3841 806 3884 omne
837 3829 892 3885 in
923 3831 1086 3887 nobis
1115 3835 1317 3902 fenum,
1367 3836 1532 3908 ligna,
1581 3837 1948 3910 stipulamque

354 3926 660 3972 consumat.
695 3917 851 3977 Unde
879 3935 927 3976 et
962 3924 1030 3979 de
1053 3924 1164 3980 Deo
1191 3925 1394 3982 dicitur
1422 3945 1434 3981 :
1462 3929 1603 3984 Deus
1647 3932 1783 4004 ignis
1823 3947 1948 3988 con-

354 4020 564 4063 sumens
585 4019 679 4078 esl,
699 4018 744 4065 et
771 4023 884 4084 post
909 4031 1192 4071 eumuretts
1222 4021 1436 4088 ﬂantma
1454 4018 1632 4093 (Dent.
1653 4035 1728 4090 tv,
1743 4023 1863 4093 9.4);
1890 4036 1948 4082 ut

357 4097 490 4151 nihil
507 4100 710 4170 absque
721 4104 1000 4174 suppliciis
1020 4108 1382 4182 derelinquat.
1405 4112 1816 4186 Quetnctunque
1859 4117 1946 4173 hic

355 4192 584 4260 populus
600 4211 704 4250 non
720 4197 979 4269 attigerit,
999 4201 1384 4260 necinvenerit
1403 4205 1458 4261 in
1473 4221 1543 4262 eo
1553 4209 1950 4266 combustionis

357 4286 662 4354 materiam,
681 4289 838 4346 horto
853 4293 946 4348 Dei
961 4303 1014 4350 et
1028 4295 1284 4364 paradiso
1300 4299 1952 4374 assimiiabiturvolupta~

358 4378 450 4484 tis,
466 4381 556 4450 qui
576 4384 734 4484 ιω
751 4384 1388 4484 Ηθὺη-ἰοθᾷἀὶείιιιηυιπ
1403 4393 1562 4484 (τη).
1583 4396 1641 4451 Si
1667 4411 1831 4466 quem
1861 4413 1952 4452 au-

2051 3272 2209 3328 bunt.
2252 3271 2311 3326 In
2339 3271 2425 3327 his
2450 3271 2706 3326 omnibus
2747 3270 2902 3326 dabit
2945 3270 3204 3326 Deminus
3247 3283 3438 3326 vocem
3486 3284 3663 3336 suam,

2051 3373 2180 3421 ante
2207 3363 2403 3420 faelem
2437 3364 2712 3418 exercitus
2741 3362 2846 3418 sui.
2878 3361 3166 3430 Quomodo
3195 3361 3344 3418 enim
3373 3361 3666 3433 Babylonii

2053 3459 2339 3531 punientes
2381 3457 2718 3526 Jerusalem,
2777 3455 2869 3512 Dei
2915 3465 3180 3511 vocantur
3229 3455 3501 3511 exercitus
3548 3454 3663 3510 :sic

2051 3554 2224 3626 angeii
2258 3551 2482 3624 pessimi
2511 3551 2608 3621 (de
2636 3550 2836 3623 quibus
2875 3551 3139 3620 scriptum
3167 3559 3251 3606 est
3282 3568 3296 3604 :
3329 3547 3590 3604 Furorem
3619 3557 3668 3603 et

2049 3647 2183 3702 iram
2211 3654 2259 3700 et
2301 3647 2616 3716 angustiam,
2646 3643 3020 3698 immissionetn
3057 3659 3148 3712 per
3171 3641 3387 3712 angelos
3411 3641 3664 3714 pessimos

2051 3738 2228 3809 (Psal.
2261 3747 2448 3794 Lxxvtt
2473 3779 2489 3802 ,
2523 3737 2615 3809 49)
2647 3737 2742 3792 Dei
2771 3736 3049 3792 exercitus
3075 3735 3350 3801 dicuntur,
3403 3744 3457 3789 et
3481 3743 3660 3790 castra

2049 3833 2200 3890 illius
2226 3832 2599 3897 nominatur,
2653 3829 2783 3886 dum
2831 3827 3044 3883 Domini
3075 3827 3281 3882 iaciunt
3303 3827 3660 3882 voluntatem.

2052 3928 2279 3997 Magnus
2323 3932 2408 3979 est
2454 3923 2572 3978 dies
2615 3919 2832 3977 Domini
2886 3927 3052 3991 atque
3105 3918 3407 3986 terribilis,
3460 3918 3529 3974 dc
3547 3933 3658 3988 quo

2049 4019 2176 4076 alibi
2206 4017 2466 4087 scriptum
2491 4025 2574 4072 est
2605 4029 2620 4068 :
2681 4013 2752 4069 Ut
2775 4013 2901 4085 quid
2921 4012 3226 4067 desideratis
3263 4012 3401 4066 diem
3446 4009 3664 4066 Domini

2050 4113 2232 4187 (Amos
2254 4111 2347 4184 v)?
2375 4120 2428 4168 et
2455 4107 2916 4183 hidesttenebrte,
2942 4116 2996 4163 et
3027 4123 3134 4161 non
3161 4107 3286 4176 lux;
3318 4114 3378 4162 et
3409 4105 3667 4162 terribilis

2054 4206 2238 4272 valde;
2281 4215 2546 4274 rarusque
2614 4209 2708 4258 aut
2738 4201 2924 4257 nullus
2959 4215 3085 4256 eum
3119 4199 3322 4271 poterit
3365 4200 3658 4270 sustinere,

2049 4298 2180 4369 quin
2216 4297 2269 4352 in
2296 4309 2358 4354 se
2387 4296 2628 4367 praebeat
2655 4294 2934 4351 materiam
2967 4293 3248 4350 saeviendi.

2125 4391 2309 4461 (Vers.
2335 4389 2403 4446 l2
2431 4391 2612 4462 seqq.)
2635 4389 2794 4446 Nunc
2819 4405 2942 4461 ergo
2970 4389 3097 4442 dicit
3121 4386 3378 4442 Dominus
3399 4404 3418 4442 .'
3439 4387 3664 4444 Conver-

357 4476 464 4560 tetn
486 4476 1308 4546 exusserit,quasisolitudinem
1329 4476 1639 4544 inciperem
1665 4489 1951 4560 redigetac
1982 4549 2024 4560 __
2054 4485 2220 4541 limini
2257 4485 2326 4540 ad
2359 4501 2440 4540 me
2466 4487 2520 4540 in
2548 4494 2657 4540 toto
2691 4485 2850 4539 corde
2893 4491 3081 4547 castra,
3107 4483 3163 4536 δη
3184 4481 3426 4554 ieiunio,
3457 4493 3509 4536 οι
3537 4484 3663 4550 ﬂe"i

357 4559 591 4629 favillas,
621 4581 725 4620 nec
749 4578 834 4624 est
860 4572 950 4638 qui
973 4571 1216 4630 furorem
1240 4576 1356 4646 ejus
1379 4581 1546 4648 possit
1579 4549 1836 4649 evadere,
1857 4597 1954 4638 cu-
1981 4549 2029 4612 θ
2055 4589 2100 4635 et
2133 4579 2379 4651 planetu;
2414 4588 2463 4635 et
2487 4579 2707 4634 scindite
2730 4579 2891 4632 corda
2927 4588 3117 4643 vestra,
3155 4549 3205 4633 et
3235 4549 3338 4632 non
3363 4549 3666 4634 uestimenta

352 4652 442 4724 jus
484 4654 721 4714 crudelis
759 4669 1014 4730 aspectus
1047 4663 1396 4722 t't-etneotitun
1437 4685 1704 4740 equorum
1735 4672 1960 4728 habebit
2058 4683 2243 4742 uestra,
2275 4686 2324 4728 et
2355 4674 2713 4730 convertimini
2755 4675 2826 4728 ad
2868 4671 3154 4728 Dominum
3191 4673 3359 4727 Deum
3389 4683 3612 4728 oestrum
3643 4687 3666 4728 .°

358 4747 799 4841 similitudinem,
831 4763 887 4810 et
915 4755 995 4811 sic
1033 4757 1347 4818 discurrerit
1367 4763 1435 4816 ad
1461 4765 1790 4820 cruciandos
1820 4781 1958 4838 quos
2059 4769 2184 4841 quia
2209 4769 2458 4839 benignus
2489 4777 2536 4824 et
2563 4768 2854 4823 misericors
2885 4777 2988 4834 est,
3017 4769 3220 4840 patiens
3245 4776 3293 4823 et
3319 4779 3341 4808 ε
3373 4769 3551 4824 multis
3570 4768 3667 4822 mi-

361 4838 413 4895 in
435 4850 760 4938 j‘iotestatetn
792 4850 1128 4917 acceperint,
1157 4853 1312 4922 quasi
1345 4855 1559 4925 equites
1585 4856 1692 4914 huc
1721 4858 1960 4931 illucque
2063 4838 2380 4934 ξενίσω-αἰαῖ,
2409 4876 2458 4922 et
2488 4866 2795 4937 praestabilis
2842 4879 2998 4938 super
3019 4838 3267 4922 malitia:
3307 4869 3422 4938 quis
3470 4869 3568 4922 scit
3617 4868 3664 4922 si

360 4935 648 4993 volitantes
679 4956 694 4994 :
721 4941 982 5000 terribilis
1007 4946 1116 5001 erit
1145 4949 1362 5005 sonitus
1397 4964 1610 5016 eorum,
1639 4957 1791 5024 quasi
1823 4971 1960 5027 qua-

360 5028 634 5102 drigarum
660 5049 757 5105 per
766 5051 941 5106 prona
961 5044 1330 5110 currentium;
1349 5055 1406 5100 et
1425 5061 1592 5117 super
1613 5049 1790 5120 capita
1809 5067 1960 5108 mon-

361 5122 492 5176 tium
521 5127 796 5198 exsiiient,
827 5133 1079 5207 excelsos
1101 5149 1344 5207 quosque
1375 5143 1433 5193 et
1470 5141 1522 5194 in
1555 5140 1814 5199 Eccicsim
1844 5147 1956 5200 cui-

360 5221 506 5272 mine
549 5205 878 5279 constitutos
915 5226 1164 5284 cruciare
1197 5205 1502 5299 cupientes.
1553 5233 1622 5288 lit
1662 5238 1784 5304 quia
1833 5247 1959 5296 ante

361 5309 550 5366 facient
580 5331 770 5372 eorum
803 5320 942 5389 ignis
968 5330 1054 5379 est
1081 5337 1280 5391 vorax,
1309 5333 1473 5397 atque
1497 5343 1850 5401 consumens,
1879 5334 1959 5392 sic

438 5503 462 5582 ξ
491 5494 639 5582 linus
665 5501 926 5582 Palatin.,
955 5508 1338 5582 sed/iterabant
1362 5514 1657 5582 suppliciis.

435 5563 462 5656 ξ
493 5569 637 5656 idem
662 5577 894 5656 negandi
913 5563 1513 5656 'pariicuilatnﬁrespt'ii'i;

439 5639 1049 5728 f4unrsutn'idenrtns,
1073 5664 1161 5728 2ει
1209 5639 1405 5709 multus
1451 5658 1812 5715 misericordia
1842 5702 1856 5728 ,
1907 5673 1954 5716 et

365 5708 745 5801 ξιξξνςεαῡξςίῃ
787 5719 929 5801 quod
963 5708 1179 5801 quidem
1233 5708 1856 5801 postreaiiiii‘iéitiiin’
1901 5708 1957 5788 in

365 5777 590 5840 Conone
618 5777 897 5847 llebrsicte
921 5777 1190 5866 veritatis,
1217 5777 1962 5873 tithoni-ian:

2069 4969 2390 5016 convertatur
2417 4969 2466 5015 et
2490 4961 2746 5035 ignoscat,
2795 4969 2843 5016 et
2883 4961 3147 5033 relinquat
3190 4971 3308 5032 post
3334 4973 3387 5016 se
3427 4959 3666 5015 benedic-

2072 5055 2262 5112 tionem
2287 5102 2302 5128 ,
2353 5056 2668 5127 sacriﬁcium
2694 5067 2740 5110 et
2783 5055 3005 5111 libamen
3043 5055 3271 5111 Domino
3323 5055 3431 5109 Deo
3483 5063 3662 5110 nostro

2067 5148 2252 5223 (Vulg.
2280 5146 2512 5221 vestro]?
2557 5143 2737 5204 LXX:
2786 5147 2855 5202 Et
2871 5161 3011 5203 nunc
3051 5150 3176 5203 dicit
3221 5147 3478 5202 Dominus
3529 5147 3666 5203 Dens

2067 5249 2272 5297 noster:
2293 5239 2660 5296 Convertimini
2685 5242 2754 5295 ad
2778 5253 2858 5297 me
2883 5242 2937 5296 in
2967 5251 3072 5296 tota
3103 5241 3258 5296 corde
3285 5250 3472 5310 uestro,
3506 5242 3560 5295 in
3584 5244 3668 5313 je-

2055 5337 2236 5410 junio,
2263 5335 2320 5391 in
2340 5332 2367 5374 ἀ
2394 5335 2587 5405 cilicio,
2617 5337 2671 5392 in
2701 5337 2848 5409 ﬂetu,
2878 5347 2926 5393 et
2960 5340 3016 5393 in
3065 5339 3317 5410 planctu;
3368 5345 3418 5391 et
3446 5335 3669 5392 scindite

2061 5519 2423 5594 gangcrman,
2465 5535 2567 5594 pro
2612 5522 2853 5578 variante
2905 5523 3147 5576 lectione
3192 5521 3260 5576 ad
3317 5523 3615 5594 marginem
3648 5565 3662 5592 ,

2062 5588 2526 5663 Carcsssoneos'is
2556 5595 2608 5648 in
2645 5597 2763 5663 ipso
2805 5594 3027 5662 prmfert
3055 5603 3228 5652 testu.

2139 5661 2164 5699 ἀ
2201 5663 2404 5730 Verbs,
2429 5664 2487 5720 in
2514 5661 2705 5727 cilicia.
2733 5661 2984 5733 nesciunt
3013 5683 3144 5724 mss.
3177 5666 3350 5723 nostri
3379 5684 3392 5733 ;
3423 5684 3520 5723 ttet:
3561 5669 3664 5724 ni~i

2071 5733 2306 5792 Aldinus
2334 5750 2365 5791 e
2397 5735 2604 5793 Graecis
2624 5741 2728 5794 τῶν
2755 5731 2903 5794 LXX
2931 5735 3094 5796 codd.
3127 5731 3395 5812 agnoscit.
