4120 6342
463 255 569 315 967

1706 252 1768 311 S.
1810 250 2087 314 EUSEBII
2125 250 2515 311 HIERONYMI

3652 253 3766 315 968

463 368 621 422 corda
649 373 839 433 vestra,
870 373 917 421 et
946 380 1048 421 non
1070 363 1373 421 vestimenta
1396 371 1586 431 vestra,
1615 375 1663 420 et
1709 369 2063 422 convertimini
2088 373 2144 433 Α
2171 372 2393 427 tentiam
2421 378 2684 441 tempero,
2740 377 2794 426 et
2850 376 2981 442 opto
3024 370 3207 441 potius
3234 385 3395 441 quam
3438 384 3715 444 praesumo
3742 417 3761 443 ,

472 460 541 514 ad
565 460 847 514 Dominum
874 457 1043 513 Deum
1086 468 1345 514 vestrum:
1372 458 1496 531 quia
1524 458 1814 514 misericors
1835 470 1883 513 et
1916 460 2070 513 mise-

467 561 612 607 rator
638 560 729 615 est,
759 552 959 622 patiens
989 560 1036 606 et
1069 552 1245 605 multa:
1274 550 1667 618 misericordiae,
1718 560 1767 604 et
1816 552 2070 622 paenitens

468 660 624 713 super
649 642 856 697 malitiis
876 658 895 697 :
915 643 1029 714 quis
1052 644 1191 697 novit
1219 642 1264 697 si
1284 651 1569 697 revertatur
1594 652 1644 697 et
1661 644 1903 713 paeniteat
1930 658 2065 709 eum,

471 748 519 792 et
538 737 761 791 dimittat
781 744 895 805 post
917 753 971 790 se
991 734 1413 799 benedictionem,
1434 736 1748 803 sacriﬁcium
1778 745 1824 789 et
1848 734 2071 789 libamen

472 826 703 882 Domino
734 825 845 882 Deo
870 835 1047 881 nostro
1072 828 1097 881 ?
1119 828 1384 898 Superius
1414 827 1711 897 capitulum
1733 827 1802 881 ab
1848 841 1917 880 eo
1948 826 2070 882 loco

473 922 566 975 ubi
596 922 855 991 scriptum
885 929 1002 976 est:
1049 919 1229 975 Canite
1281 918 1405 972 tuba
1452 920 1505 973 in
1536 917 1711 985 Sion,
1768 916 1967 971 ululate
2017 916 2072 970 in

473 1024 642 1070 monte
677 1022 856 1068 sancto
911 1030 1021 1068 meo
1055 1029 1071 1066 :
1110 1012 1479 1069 conturbentur
1527 1027 1703 1065 omnes
1752 1008 2070 1064 habitatores

477 1122 631 1165 terra:
657 1155 671 1179 ,
701 1124 873 1180 usque
902 1108 972 1165 ad
1003 1123 1125 1165 eum
1160 1108 1362 1172 locum,
1390 1107 1481 1162 ubi
1509 1106 1742 1177 legimus
1772 1121 1787 1160 :
1841 1102 2072 1175 Magnus

471 1214 550 1260 est
568 1204 678 1259 dies
704 1202 915 1257 Domini
944 1214 990 1256 et
1012 1202 1260 1257 terribilis
1287 1201 1455 1267 valde,
1480 1200 1595 1271 quis
1616 1198 1885 1253 sustinebit
1913 1195 2069 1251 eum?

475 1313 573 1370 per
604 1298 1009 1353 translationem
1059 1296 1394 1352 locustarum
1426 1335 1443 1361 ,
1496 1295 1795 1348 adventum
1850 1288 2070 1345 nuntiat

476 1393 902 1460 Chaldaeorum,
959 1399 1016 1447 et
1065 1406 1185 1461 quae
1229 1389 1372 1444 mala
1414 1396 1641 1443 ventura
1694 1386 1803 1441 sint
1844 1383 2064 1455 populo.

476 1488 631 1542 Nunc
654 1502 752 1542 eos
784 1486 849 1541 ad
885 1484 1262 1555 paenitentiam
1296 1492 1599 1552 provocat,
1630 1489 1684 1535 et
1719 1477 1962 1533 converti
2000 1476 2070 1531 ad

477 1582 764 1637 Dominum
787 1579 1127 1645 cohortatur,
1152 1587 1210 1632 ut
1254 1586 1363 1631 tota
1408 1584 1593 1631 mente
1641 1575 1908 1641 correcti,
1959 1588 2065 1627 non

476 1674 750 1746 patiantur
775 1688 899 1744 qua:
926 1671 1196 1726 Dominus
1231 1669 1618 1736 comminatur,
1650 1676 1705 1723 et
1729 1674 1814 1722 est
1833 1681 2060 1722 sensus:

2171 464 2387 520 dicens:
2419 465 2536 535 quis
2564 465 2659 518 scit
2699 464 2747 518 si
2785 474 3119 519 convertatur
3170 466 3328 538 192
3378 477 3424 520 et
3474 468 3765 538 ignoscat?

2170 557 2325 623 Quod
2360 556 2436 611 ait
2458 557 2593 626 quis,
2624 565 2717 611 aut
2747 558 3104 628 impossibile,
3134 570 3227 615 aut
3255 560 3481 615 difﬁcile
3507 561 3760 616 sentien-

2168 648 2297 704 dum
2320 658 2432 703 est:
2468 649 2803 718 Sacriﬁcium
2830 659 2881 705 et
2910 649 3137 706 libamen
3156 648 3385 707 Domino
3402 649 3515 707 Deo
3542 662 3719 708 nostro
3742 670 3764 721 ,-

2171 751 2230 794 ut
2258 749 2541 812 postquam
2571 740 2782 797 dederit
2801 742 3256 813 benedictionem,
3288 755 3345 801 et
3375 757 3562 801 nostra
3591 747 3755 803 nobis

2171 845 2394 904 peccata
2418 834 2723 902 donaverit,
2754 836 2865 891 Deo
2893 836 3100 892 hostias
3120 838 3322 895 oll‘erre
3343 839 3653 897 valeamus.

2246 927 2425 997 (Vers.
2461 927 2527 981 15
2554 927 2736 999 seqq.)
2766 927 2949 984 Canite
2975 930 3095 984 tuba
3118 932 3171 986 in
3216 932 3385 989 Sion:
3428 935 3763 1005 sanctiﬁcata

2160 1020 2448 1092 jejunium,
2477 1008 2655 1075 vocate
2677 1031 2879 1088 coetum,
2911 1036 3219 1097 congregato
3242 1026 3497 1097 papulum
3524 1044 3542 1081 :
3575 1028 3772 1083 sancti-

2171 1112 2323 1180 ﬁcate
2346 1109 2660 1182 Ecclesiam,
2684 1113 2974 1169 coadunate
2991 1132 3160 1183 senes,
3190 1129 3498 1189 congregate
3516 1120 3768 1189 parvulos

2170 1212 2216 1257 et
2245 1213 2485 1275 sugentes
2514 1204 2695 1259 ubera.
2733 1204 3052 1275 Egrediatur
3075 1225 3297 1279 sponsus
3334 1211 3399 1264 de
3446 1211 3604 1265 cubili
3630 1228 3728 1267 suo
3752 1253 3767 1279 ,

2171 1307 2218 1351 et
2249 1314 2441 1368 sponsa
2463 1298 2526 1353 de
2554 1298 2786 1353 thalamo
2815 1316 2945 1355 suo:
2984 1302 3121 1355 inter
3156 1303 3465 1358 uestibulum
3513 1316 3561 1359 et
3598 1305 3771 1361 altare

2172 1390 2444 1460 plorabant
2463 1392 2761 1448 sacerdotes
2774 1396 3002 1449 ministri
3014 1394 3250 1463 Domini,
3267 1406 3318 1452 et
3338 1398 3506 1452 dicent
3525 1414 3543 1453 :
3568 1398 3763 1469 Parce,

2171 1483 2392 1539 Domine
2417 1483 2597 1557 [ang.
2622 1486 2747 1540 add.
2784 1487 3002 1559 parce],
3060 1490 3257 1559 papula
3306 1500 3415 1557 tuo,
3466 1501 3514 1545 et
3565 1508 3626 1546 ne
3677 1494 3769 1547 des

2167 1578 2527 1635 hwreditatem
2548 1588 2694 1634 tuam
2724 1581 2779 1634 in
2808 1583 3167 1654 opprobrium,
3202 1594 3257 1639 ut
3297 1584 3637 1639 dominentur
3687 1586 3768 1640 eis

2169 1675 2429 1728 nationes.
2449 1674 2623 1740 Quare
2636 1676 2816 1730 dicunt
2842 1677 2897 1729 in
2913 1676 3121 1748 populis
3139 1694 3155 1731 :
3173 1676 3274 1733 Ubi
3285 1687 3361 1732 est
3385 1676 3526 1733 Deus
3548 1681 3770 1734 eorum?

476 1766 671 1822 Omnia
691 1781 810 1837 quae
832 1779 1091 1820 sermone
1117 1763 1397 1834 praeterito
1417 1761 1790 1825 continentur,
1822 1768 2069 1829 propter-

2175 1767 2347 1823 LXX:
2383 1769 2619 1841 Clangite
2658 1772 2780 1826 tuba
2813 1772 2868 1826 in
2908 1772 3061 1840 Sion,
3112 1775 3437 1844 sanctiﬁcate
3475 1777 3763 1849 jejunium,

478 1877 539 1919 ea
566 1876 685 1917 sum
713 1860 949 1926 locutus,
966 1867 1023 1912 ut
1043 1873 1139 1913 vos
1158 1857 1311 1929 191
1326 1854 1749 1911 comminatione
1770 1867 1888 1908 mea
1903 1860 2073 1907 terre-

475 1973 613 2014 rem.
632 1955 787 2013 Unde
807 1952 1187 2010 convertimini
1203 1952 1270 2006 ad
1294 1965 1378 2006 me
1393 1952 1444 2005 in
1473 1959 1585 2005 toto
1602 1949 1766 2004 corde
1787 1955 1994 2013 vestro,
2019 1955 2072 2001 et

472 2051 637 2108 animi
669 2049 1040 2122 paenitentiam
1056 2045 1266 2117 jejunio
1296 2053 1353 2101 et
1377 2045 1507 2099 lletu
1530 2050 1585 2097 et
1605 2040 1912 2113 planctibus
1942 2039 2073 2095 indi-

472 2155 612 2215 cate;
634 2157 689 2202 ut
702 2142 1159 2215 nuncjejunantes
1176 2151 1361 2211 postea
1376 2137 1865 2205 saturemini,nunc
1879 2135 2072 2191 ﬂentes

474 2251 660 2312 postea
674 2239 1069 2303 rideatis,nune
1082 2236 1395 2307 plangentes
1415 2242 1598 2303 postea
1611 2229 1990 2287 consolemini.
2004 2228 2073 2284 Et

476 2334 602 2407 quia
630 2328 1037 2388 consuetudinis
1061 2338 1165 2396 est,
1190 2337 1249 2382 ut
1277 2327 1332 2382 in
1356 2326 1602 2381 tristibus
1648 2335 1812 2395 atque
1832 2321 2072 2377 adversis

482 2427 741 2487 scindatis
754 2423 1109 2494 vestes,quod
1122 2432 1176 2478 et
1206 2422 1447 2491 pontifex
1458 2419 1525 2475 ad
1539 2417 1751 2475 Domini
1774 2416 2072 2473 Salvatoris

481 2525 689 2580 crimen
737 2517 1046 2591 augendum
1087 2515 1141 2571 in
1171 2514 1465 2585 Evangelio
1503 2512 1701 2568 fecisse
1742 2520 2072 2567 memoratur

478 2613 934 2687 (Matth.xxvt),et
956 2610 1179 2665 Paulum
1202 2618 1257 2664 et
1279 2606 1577 2663 Barnabam
1600 2605 1883 2661 audientes
1904 2606 2070 2661 verba

476 2705 857 2779 blasphemiae,
889 2702 1117 2774 legimus
1138 2710 1485 2772 perpetrasse
1514 2698 1653 2772 (Act.
1688 2698 1831 2769 xxv):
1863 2697 2070 2755 idcirco

476 2818 576 2874 ego
604 2799 860 2873 praicipio
887 2797 1065 2863 vobis,
1093 2805 1155 2851 ut
1200 2809 1540 2865 nequaquam
1598 2791 1867 2849 scindatis
1904 2793 2070 2849 vesti—

477 2904 684 2964 menta,
715 2892 816 2949 sed
861 2891 1030 2947 corda
1063 2905 1185 2961 quae
1233 2888 1397 2959 plena
1448 2897 1575 2942 sunt
1620 2887 1861 2957 peccatis
1891 2926 1906 2953 ,
1949 2900 2070 2955 quae

477 2994 649 3048 instar
678 2989 900 3055 utrium,
925 2987 1029 3042 nisi
1047 2986 1218 3042 scissa
1249 2983 1475 3053 fuerint,
1500 2990 1695 3053 sponte
1721 2991 2066 3050 rumpentur.

475 3087 720 3156 Cumque
747 3082 854 3138 hoc
897 3080 1178 3147 feceritis,
1234 3077 1409 3134 redite
1457 3074 1525 3131 ad
1557 3075 1846 3130 Dominum
1898 3073 2065 3130 Deum

2178 1863 2456 1931 prcrdicate
2486 1866 2803 1921 curationem
2831 1909 2845 1933 ,
2879 1881 3187 1942 congregato
3217 1872 3497 1942 populum,
3531 1872 3770 1942 sancti/i-

2175 1966 2286 2010 cate
2315 1954 2627 2026 Ecclesium,
2657 1958 2831 2031 eligite
2849 1976 3037 2015 senes:
3076 1973 3385 2037 congregate
3429 1964 3675 2034 parvulos
3722 1973 3770 2019 et

2174 2056 2412 2119 augentes
2440 2048 2621 2115 ubera,
2658 2050 2956 2119 egrediatur
2982 2069 3206 2122 sponsus
3230 2056 3293 2109 de
3330 2055 3491 2109 cubili
3535 2072 3666 2124 suo,
3718 2065 3769 2111 et

2174 2157 2365 2210 sponsa
2385 2140 2450 2193 de
2477 2139 2707 2194 thalamo
2727 2157 2844 2195 suo.
2878 2141 3029 2197 Inter
3044 2146 3359 2216 crepidinem
3387 2157 3435 2201 et
3466 2148 3634 2202 altare
3650 2147 3770 2217 plo-

2174 2236 2360 2289 rabunt
2384 2236 2673 2290 sacerdotes
2695 2236 2924 2291 ministri
2961 2238 3195 2309 Domini,
3224 2251 3274 2297 et
3300 2244 3477 2297 dicent
3503 2258 3520 2296 :
3553 2240 3725 2297 Parce
3751 2282 3765 2306 ,

2177 2325 2419 2396 Domine,
2456 2331 2653 2402 populo
2685 2344 2794 2401 tuo,
2838 2344 2885 2389 et
2916 2351 2979 2389 ne
3008 2334 3213 2388 dederis
3243 2334 3601 2390 htereditatem
3625 2343 3767 2387 tuam

2174 2423 2227 2476 in
2258 2424 2613 2496 opprobrium,
2639 2433 2693 2478 ut
2718 2426 3049 2482 dominentur
3068 2443 3247 2482 eorum
3265 2436 3461 2497 gentes,
3491 2444 3554 2481 ne
3581 2426 3761 2481 dicant

2174 2519 2229 2573 in
2255 2522 2594 2576 nationibus:
2621 2521 2721 2577 Ubi
2748 2531 2823 2577 est
2878 2521 3018 2576 Deus
3044 2524 3264 2577 eorum?
3302 2522 3500 2577 Adhuc
3550 2537 3645 2577 eos
3692 2521 3764 2577 ad

2175 2615 2548 2685 paenitentiam
2568 2615 2909 2684 cohortatur,
2958 2624 3250 2687 antequam
3308 2615 3491 2671 veniat
3541 2614 3763 2670 hostilis

2174 2707 2469 2763 exercitus.
2498 2707 2696 2777 Supra,
2731 2707 2926 2778 inquit,
2960 2706 3215 2763 dixeram
3251 2724 3266 2761 :
3319 2704 3501 2760 Canite
3540 2706 3663 2760 tuba
3705 2706 3763 2760 in

2176 2800 2327 2867 Sion,
2356 2800 2553 2854 ululata
2580 2801 2636 2854 in
2658 2810 2831 2855 monte
2859 2809 3038 2856 sancto
3066 2816 3199 2867 meo,
3232 2808 3288 2854 et
3328 2799 3534 2869 reliqua
3562 2841 3576 2866 ,
3636 2783 3763 2869 quia

2172 2893 2326 2947 venit
2356 2892 2473 2947 dies
2506 2892 2745 2959 Domini,
2776 2893 2901 2963 quia
2928 2907 3101 2962 prope
3122 2901 3206 2947 est
3238 2892 3356 2947 dies
3405 2891 3758 2947 tenebrarum

2173 2995 2226 3041 et
2259 2984 2534 3056 caliginis,
2572 2985 2688 3040 dies
2714 2984 2875 3040 nubis
2916 2995 2970 3041 et
2999 2984 3270 3054 turbinis,
3300 2984 3633 3040 annuntians
3667 2999 3765 3039 vo-

2174 3077 2262 3132 bis
2288 3079 2547 3149 populum
2570 3078 2802 3133 multum
2823 3088 2879 3134 et
2915 3077 3113 3134 fortem
3147 3093 3270 3135 esse
3296 3090 3616 3145 venturum,
3670 3079 3763 3149 qui

475 3150 734 3243 vestrum,
764 3190 926 3247 quem
950 3173 1105 3230 vobis
1126 3171 1306 3243 priora
1356 3179 1581 3242 peccata
1635 3168 1871 3223 alienum
1922 3150 2139 3225 lece-C
2173 3178 2381 3225 vestras
2428 3172 2805 3240 possessiones
2866 3170 3134 3242 urbesque
3183 3172 3551 3229 subverteret.
3608 3170 3765 3227 Nunc

470 3286 626 3332 rant:
655 3287 757 3330 nec
784 3268 1089 3342 desperetis
1108 3266 1321 3322 veniam
1350 3266 1621 3321 scelerum
1651 3262 2059 3333 magnitudine;

475 3366 599 3441 quia
652 3379 845 3435 magna
900 3369 1122 3432 peccata
1178 3372 1369 3429 magna
1415 3356 1616 3413 delebit
1661 3355 2060 3411 misericordia.

474 3469 567 3520 Est
595 3461 739 3518 enim
762 3458 1031 3528 benignus
1060 3464 1115 3511 et
1163 3453 1501 3520 misericors,
1546 3449 1753 3505 malens
1799 3449 2067 3520 poeniten-

476 3560 604 3614 tiam
629 3562 997 3628 peccatorum,
1026 3564 1190 3621 quam
1233 3557 1462 3602 mortem
1515 3544 1534 3615 (
1565 3542 1759 3598 Ezech.
1794 3558 1965 3598 χχχιιι
1994 3551 2007 3614 )
2045 3583 2064 3612 ,

477 3654 684 3725 patiens
704 3659 759 3706 et
782 3638 991 3703 multus
1022 3644 1075 3699 in
1103 3638 1499 3704 misericordia,
1527 3637 1616 3709 qui
1640 3652 1748 3692 non
1776 3636 2064 3691 humanam

478 3747 721 3803 imitatur
745 3737 1135 3811 impatientiam
1162 3750 1178 3801 ;
1211 3731 1307 3790 sed
1335 3732 1498 3801 longo
1531 3738 1777 3799 tempore
1824 3735 2063 3782 nostram

476 3839 824 3913 praistolatur
852 3830 1264 3905 pmnitentiam:
1290 3833 1347 3881 et
1374 3820 1727 3895 praestabilis,
1759 3820 1873 3875 sive
1902 3819 2070 3889 poeni-

478 3946 598 3994 tens
619 3949 781 4004 super
802 3927 1045 3993 malitiis,
1069 3935 1130 3981 ut
1156 3923 1199 3979 si
1228 3935 1329 3977 nos
1351 3918 1623 3990 egerimus
1647 3930 1812 3987 super
1828 3914 2068 3985 peccatis

480 4027 876 4103 paenitentiam,
901 4029 956 4079 et
984 4020 1161 4091 ipsum
1179 4014 1443 4087 paeniteat
1466 4006 2063 4103 comminationissum,

476 4099 533 4181 et
574 4122 717 4179 mala
768 4132 889 4189 qua:
932 4112 1297 4170 comminatus
1344 4115 1430 4163 est
1482 4104 1639 4161 nobis
1678 4117 1786 4158 non
1841 4099 2063 4169 inferat,

479 4228 789 4287 nostrasque
826 4208 1125 4267 mutatione
1164 4204 1476 4268 sententiae,
1528 4208 1584 4255 et
1636 4197 1754 4268 ipse
1806 4204 2063 4287 mutetur.

480 4286 741 4370 Malitiam
766 4314 946 4362 autem
980 4303 1034 4358 in
1066 4301 1171 4356 hoc
1196 4299 1319 4354 loco
1350 4310 1461 4351 non
1507 4289 1834 4348 contrariam
1883 4286 2069 4343 virtuti

479 4404 742 4461 debemus
768 4396 1041 4467 accipere,
1071 4390 1167 4448 sed
1189 4388 1559 4453 alllictionem,
1582 4382 1731 4453 juxta
1762 4380 1890 4435 illud
1922 4378 2067 4450 quod

475 4498 607 4553 alibi
628 4494 884 4567 legimus:
920 4487 1121 4559 Sufﬁcit
1144 4483 1245 4538 diei
1268 4479 1469 4536 malitia
1492 4494 1589 4532 sua
1615 4473 1809 4548 (Matt.
1845 4489 1917 4538 γι,
1950 4471 2062 4544 54).

481 4549 776 4652 Eli—Sigea
798 4589 854 4643 in
873 4549 1078 4641 ciuitbte
1106 4578 1329 4645 malitia,
1364 4590 1517 4645 quam
1545 4571 1806 4628 Dominus
1850 4584 1955 4623 non
2001 4567 2071 4637 [θ-
2092 4549 2150 4611 Ῑ)

482 4692 610 4748 cerit
634 4688 814 4761 (Amos
845 4697 926 4748 ιιι,
951 4678 1031 4749 6).
1087 4671 1462 4740 Similiterque
1488 4666 1612 4738 quia
1635 4677 1807 4761 supra
1830 4661 2065 4761 dixerat,

482 4752 749 4852 benignus
778 4785 833 4833 et
859 4770 1195 4831 misericors,
1232 4765 1442 4836 patiens
1468 4770 1524 4817 et
1553 4757 1755 4814 multus
1794 4754 1850 4811 in
1894 4752 2067 4852 mise-

481 4845 693 4937 cordia,
721 4878 776 4925 et
802 4862 1156 4939 praestabilis,
1175 4858 1291 4915 sive
1316 4854 1589 4927 paenitens
1615 4865 1781 4921 super
1803 4845 2025 4903 malitiis
2048 4887 2065 4914 ,

388 4987 393 4992 ‘
484 4984 555 5024 ne
576 4963 805 5021 forsitan
837 4953 1153 5029 magnitudo
1192 4948 1500 5007 clementiae
1531 4960 1629 5001 nos
1661 4942 1865 4998 laceret
1894 4940 2068 5011 negli-

479 5069 691 5135 gentes,
722 5072 787 5114 ex
811 5066 1046 5125 persona
1089 5048 1378 5116 Prophetas
1418 5042 1599 5113 jungit
1643 5046 1699 5135 et
1740 5035 1903 5091 dicit:
1936 5034 2066 5099 Quis

476 5132 572 5212 scit
615 5154 658 5210 si
686 5154 1018 5206 convertatur
1064 5152 1112 5197 et
1154 5142 1429 5215 ignoscat,
1483 5143 1531 5190 et
1576 5132 1832 5203 relinquat
1862 5137 1978 5200 post
2015 5143 2070 5183 se

479 5241 929 5305 benedictionem?
956 5240 1091 5310 Ego,
1124 5234 1320 5306 inquit,
1342 5231 1553 5294 hortor,
1586 5225 1729 5297 quod
1759 5239 1938 5279 meum
1957 5230 2063 5291 est,

478 5341 545 5399 ad
575 5336 969 5413 paenitentiam,
1004 5341 1059 5388 et
1090 5329 1257 5388 Deum
1286 5320 1634 5380 iuell’abiliter
1658 5318 1783 5413 novi
1810 5332 1934 5373 esse
1964 5316 2069 5371 cle-

481 5412 748 5498 mentem,
780 5430 997 5486 dicente
1015 5420 1219 5480 David:
1250 5417 1498 5473 Miserere
1524 5414 1641 5479 mei,
1686 5412 1847 5479 Deus,
1879 5427 2064 5466 secun-

480 5533 604 5587 dum
629 5540 873 5600 magnam
902 5513 1317 5575 misericordiam
1340 5520 1505 5573 tuam,
1538 5515 1586 5561 et
1611 5504 1897 5560 secundum
1928 5502 2067 5558 mul-

484 5624 758 5682 titudinem
786 5615 1181 5674 miserationum
1198 5620 1410 5664 tuarum
1434 5603 1882 5675 deleiniquitatem
1897 5616 2068 5655 meam

482 5717 657 5791 (Psal.
684 5732 738 5784 ι,
769 5717 825 5783 1,
847 5711 929 5784 2).
957 5707 1068 5768 Sed
1104 5704 1233 5778 quia
1285 5699 1608 5774 profundum
1654 5697 1968 5754 divitiarum
2013 5704 2067 5752 et

485 5810 765 5887 sapientiae
795 5817 853 5864 et
875 5803 1120 5864 scientias
1144 5801 1418 5859 Deinosse
1446 5811 1555 5856 non
1585 5809 1871 5867 possumus
1891 5838 1905 5863 ,
1939 5809 2065 5852 sen-

2170 3260 2293 3332 quia
2327 3261 2594 3331 benignus
2625 3276 2742 3317 sum
2765 3271 2823 3318 et
2846 3263 3181 3331 misericors,
3206 3265 3441 3334 patiens,
3476 3274 3531 3320 et
3558 3265 3762 3320 multus

2168 3355 2565 3422 misericordia,
2591 3370 2804 3411 rursum
2833 3356 3092 3426 praecipio
3114 3364 3167 3412 ct
3192 3356 3315 3412 dico
3336 3355 3607 3430 :Clangite
3638 3356 3764 3411 tuba

2168 3446 2222 3500 in
2254 3447 2407 3514 Sion,
2439 3457 2494 3502 et
2522 3448 2903 3518 paenitentiam
2929 3449 2982 3504 in
3013 3449 3227 3520 p0pulis
3256 3451 3581 3520 prmdicate;
3612 3465 3765 3505 sanc-

2169 3541 2359 3611 tiﬁcate
2374 3542 2669 3615 jejunium,
2699 3542 2975 3612 prcedicate
3012 3544 3355 3612 curationem,
3403 3544 3521 3601 sive
3549 3554 3759 3615 coetum,

2169 3631 2239 3689 de
2262 3632 2461 3704 quibus
2477 3634 2589 3705 jam
2615 3643 2744 3690 ante
2765 3634 3003 3691 diximus
3026 3653 3040 3691 :
3062 3647 3372 3709 congregata
3402 3638 3652 3710 populum
3672 3678 3688 3706 ,
3704 3646 3767 3693 ut

2170 3725 2261 3794 qui
2280 3725 2563 3796 dispersus
2590 3740 2955 3798 peccaverat,
2987 3739 3353 3800 congregatus
3398 3745 3628 3801 peccare
3669 3732 3766 3787 de-

2169 3820 2346 3875 sistat.
2383 3820 2727 3891 Sanctiﬁcate
2758 3820 3071 3891 Ecclesium,
3101 3833 3160 3879 ut
3206 3824 3389 3879 nullus
3428 3824 3481 3880 in
3515 3824 3763 3881 Ecclesia

2172 3928 2280 3969 non
2305 3920 2525 3969 sanctus
2556 3916 2647 3982 sit,
2678 3931 2747 3970 ne
2786 3915 3017 3971 forsitan
3063 3917 3435 3986 impediantur
3479 3917 3764 3974 orationes

2170 4015 2389 4072 vestrae,
2419 4014 2475 4062 et
2503 4006 2775 4062 modicum
2808 4006 3132 4065 fermentum
3179 4016 3347 4063 totam
3377 4025 3611 4065 massam
3638 4025 3761 4065 cor-

2170 4102 2425 4173 rumpat(
2456 4101 2473 4156 Ι
2506 4100 2630 4157 Cor.
2663 4100 2736 4173 v).
2772 4101 3093 4171 Coadunate,
3148 4104 3263 4160 sive
3300 4105 3475 4178 eligite
3505 4121 3669 4170 senes,
3703 4117 3766 4161 ut

2172 4212 2279 4251 non
2310 4207 2444 4252 aetas
2466 4196 2519 4251 in
2545 4196 2649 4262 eis,
2678 4195 2776 4252 sed
2800 4195 3070 4252 sanctitas
3107 4196 3401 4269 deligatur.
3435 4198 3764 4272 Congregate

2170 4304 2384 4360 quoque
2412 4290 2660 4363 parvulos
2692 4301 2741 4345 et
2769 4301 3013 4363 augentes
3040 4291 3231 4359 ubera,
3261 4309 3328 4348 ue
3371 4293 3481 4349 ulla
3513 4294 3581 4348 sit
3626 4306 3762 4350 tetas

2172 4398 2293 4453 qua:
2322 4398 2432 4438 non
2461 4391 2811 4439 convertatur
2833 4384 2899 4439 ad
2933 4384 3240 4439 Dominum.
3283 4384 3548 4442 Parvulos
3597 4396 3763 4456 atque

2174 4479 2460 4550 lactentes,
2486 4479 2554 4534 de
2581 4480 2778 4550 quibus
2810 4480 2861 4534 in
2886 4480 3116 4534 Psalmis
3137 4490 3194 4535 et
3235 4480 3288 4535 in
3339 4479 3634 4551 Evangelio
3684 4480 3764 4535 le-

2172 4574 2378 4645 gimus:
2410 4572 2493 4627 Ex
2515 4588 2602 4628 ore
2626 4574 2909 4644 infantium
2941 4584 2990 4629 et
3014 4574 3314 4629 lactentium
3339 4574 3605 4643 perfecisti
3635 4572 3759 4627 lau-

2173 4666 2287 4720 dem
2319 4665 2490 4738 (Psal.
2523 4680 2637 4733 vm,
2665 4665 2740 4732 5;
2773 4664 2962 4719 Matth.
3000 4681 3113 4735 xxx,
3154 4666 3263 4737 16).
3303 4666 3459 4739 193
3486 4666 3635 4735 Quos
3662 4667 3769 4723 Pe—

2173 4770 2288 4815 trus
2340 4758 2595 4814 rationali
2644 4766 2695 4813 et
2744 4757 2950 4829 absque
2976 4758 3105 4813 dolo
3150 4758 3285 4814 dicit
3335 4759 3472 4814 lacte
3523 4759 3762 4816 nutritas

2175 4852 2219 4924 (Ι
2244 4851 2390 4907 Petr.
2416 4852 2476 4921 ιι)
2506 4869 2519 4905 :
2545 4849 2740 4920 quibus
2768 4848 2877 4922 [Αι.
2904 4850 2972 4905 de
3000 4849 3218 4922 quibus]
3249 4850 3446 4905 Paulus
3475 4848 3758 4921 loquitur:

2174 4945 2278 5000 Lac
2306 4946 2441 5000 vobis
2469 4953 2647 5015 potum
2678 4944 2817 5009 dedi,
2848 4960 2951 4998 non
2975 4961 3144 4999 escam
3171 4944 3212 5017 (l
3242 4944 3359 4999 Cor.
3393 4960 3474 5014 ιιι,
3500 4944 3558 5016 2)
3592 4962 3606 4998 :
3635 4961 3763 5015 quo—

2171 5058 2288 5095 rum
2319 5049 2375 5095 et
2410 5040 2662 5095 Salvator
2687 5037 2940 5093 meminit
2972 5057 2983 5092 :
3015 5037 3099 5092 Ne
3143 5039 3551 5111 contempseritis
3596 5056 3763 5094 unum

2171 5136 2235 5189 de
2266 5133 2489 5187 minimis
2517 5132 2631 5188 istis
2671 5130 2831 5205 (Mat.
2864 5148 3020 5199 xvm,
3055 5131 3168 5203 10).
3203 5133 3517 5221 Egrediatur
3545 5148 3761 5206 quoque

2170 5244 2389 5299 sponsus
2421 5228 2485 5281 de
2515 5224 2671 5280 cubili
2707 5241 2829 5291 suo,
2860 5234 2921 5291 {et
2947 5241 3139 5297 sponsa
3170 5226 3232 5280 de
3272 5226 3502 5282 thalamo
3531 5243 3627 5281 suo
3656 5244 3673 5281 :
3706 5238 3763 5283 ut

2171 5321 2498 5392 injtempore
2525 5317 2741 5391 jejunii,
2774 5318 3076 5374 vocationis
3104 5326 3161 5375 et
3189 5327 3365 5375 coetus
3390 5361 3405 5384 ,
3449 5322 3760 5377 sanctiﬁca-

2174 5416 2338 5471 tionis
2368 5414 2627 5470 Ecclesia‘.
2653 5454 2668 5479 ,
2700 5412 2988 5469 electionis
3036 5427 3229 5468 senum
3256 5455 3271 5480 ,
3321 5414 3759 5484 congregationis

2174 5509 2527 5580 parvulorum
2552 5514 2610 5562 et
2629 5504 2933 5574 augentium
2960 5504 3147 5570 ubera,
3169 5519 3274 5559 non
3302 5506 3505 5560 serviat
3527 5520 3761 5574 sponsus

2172 5613 2224 5660 et
2252 5618 2451 5673 Sponsa
2484 5600 2634 5672 operi
2666 5597 2919 5669 nuptiali,
2945 5597 3147 5668 quibus
3176 5606 3231 5651 et
3260 5596 3407 5669 Lege
3430 5596 3759 5669 permissum

2171 5709 2283 5767 est,
2321 5707 2380 5754 ut
2408 5696 2478 5752 ad
2522 5694 2666 5751 bella
2706 5708 2812 5748 non
2844 5689 3161 5762 procedant.
3194 5691 3352 5747 Unde
3377 5700 3431 5746 et
3456 5690 3759 5761 Apostolus

2172 5792 2535 5852 recedendum
2577 5799 2873 5859 parumper
2899 5799 2929 5840 a
2960 5784 3108 5841 coitu
3134 5782 3431 5855 praecepit,
3464 5790 3525 5840 ut
3558 5798 3755 5848 vacare
