4120 6342
304 253 410 314 969

1119 252 1771 314 COMMENTARIORUM
1810 253 1874 310 IN
1913 252 2184 312 JOELEM
2224 253 2450 312 LIBER.
2491 256 2649 316 CAP.
2689 257 2763 314 ll.‘

3489 264 3594 320 970

305 363 578 436 possimus
603 363 838 421 orationi
871 365 931 436 (Ι
958 366 1082 449 Cor.
1113 368 1235 440 vn).
1281 370 1426 440 Ergo
1452 369 1546 440 qui
1585 371 1638 425 in
1672 369 1903 440 castiga—
1927 376 1982 438 Α
2007 385 2167 440 quam
2219 370 2537 427 sacerdotes
2590 387 2690 442 pro
2742 372 2948 444 populo
2988 374 3272 445 deprecati
3323 389 3452 434 sunt
3478 421 3494 448 ,
3548 392 3604 437 et

305 459 453 516 tione
463 461 665 528 victus,
681 471 736 517 et
742 460 955 532 jejunio
967 470 1133 533 atque
1148 464 1510 537 eleemosynis
1522 465 1656 519 dicit
1667 479 1727 520 se
1739 479 1902 535 agere

306 555 723 626 paenitentiam,
754 555 953 612 frustra
996 557 1102 614 hoc
1143 573 1400 614 sermone
1444 559 1750 630 promittit,
1799 557 1903 612 uisi

303 649 616 720 egrediatur
635 649 703 705 de
725 648 892 706 cubili
917 664 1039 718 suo,
1072 659 1126 705 et
1151 660 1400 707 sanctum
1433 666 1739 722 purumque
1760 650 1903 722 jeju-

303 741 454 796 nium
487 741 681 812 pudica
702 742 922 812 expleat
949 742 1294 810 poenitentia.
1319 742 1584 813 Quodque
1609 744 1861 814 sequitur
1886 759 1900 796 :

307 831 454 888 Inter
489 833 799 888 vestibulum
828 843 878 887 et
908 834 1077 889 altare
1113 834 1397 906 plorabant
1429 835 1734 891 Sacerdotes
1756 877 1771 903 ,
1808 851 1904 907 pro

305 924 556 982 vestibulo
598 925 742 982 LXX
779 927 1106 997 crepidinem
1157 927 1502 998 interpretati
1542 938 1672 984 sunt
1703 947 1716 982 :
1750 929 1909 1000 Sym-

307 1019 536 1075 machus
561 1029 589 1061 ει
617 1021 936 1098 προπύλαιον
970 1036 984 1074 :
1014 1019 1210 1091 Aquila
1264 1020 1516 1100 πρὸδομον
1549 1037 1581 1100 :7
1600 1023 1906 1078 Theodotio

308 1111 484 1184 ipsum
507 1114 734 1170 verbum
762 1113 1094 1169 Hebraicum
1118 1099 1312 1186 posuit
1335 1131 1477 1172 uuu
1505 1099 1694 1189 (dm)
1713 1134 1723 1170 :
1743 1131 1904 1188 quam

307 1221 410 1262 nos
434 1217 555 1262 ante
585 1207 720 1277 fores
746 1206 929 1278 templi
961 1213 1328 1279 porticnmque
1379 1225 1670 1278 possumus
1700 1209 1902 1266 dicere.

311 1298 380 1354 Et
412 1309 534 1354 nuta
555 1311 682 1370 quae
722 1299 833 1372 [Al.
877 1298 1047 1371 quod]
1094 1300 1472 1356 sacerdotibus
1506 1299 1786 1371 praecipiat
1814 1301 1906 1370 qui

310 1403 437 1450 sunt
466 1394 704 1450 ministri
748 1394 963 1451 Domini
989 1436 1004 1460 ,
1038 1404 1096 1450 ut
1129 1396 1343 1466 plorent
1384 1397 1530 1452 inter
1561 1397 1820 1468 templum
1853 1406 1910 1453 et

311 1487 520 1554 altare,
548 1500 604 1543 et
627 1488 812 1543 dicant
839 1503 961 1544 cum
992 1489 1258 1559 Apostolo
1292 1508 1305 1546 :
1339 1489 1468 1556 Quis
1508 1491 1829 1559 inﬁrmatur,
1863 1499 1911 1545 et

312 1595 403 1650 ego
432 1595 532 1633 non
558 1579 835 1648 inﬁrntor?
857 1581 974 1652 quis
1001 1581 1416 1650 scandalizatur,
1445 1591 1492 1639 et
1521 1600 1614 1655 ego
1643 1600 1750 1638 non
1787 1601 1912 1638 uror

315 1669 382 1742 (ll
407 1669 529 1726 Cor.
561 1687 637 1738 x1,
669 1671 762 1746 29)
795 1673 818 1727 ?
847 1672 915 1727 Et
951 1691 965 1729 :
998 1671 1159 1729 Flere
1187 1691 1306 1728 cum
1325 1677 1588 1746 flentibus.
1623 1677 1911 1748 Locusque

311 1779 469 1837 aptus
517 1768 852 1837 poenitentiae
893 1782 946 1825 et
997 1770 1372 1838 confessioni,
1418 1773 1683 1843 templum
1726 1781 1811 1827 est
1853 1764 1985 1826 etB

313 1862 485 1918 altare
519 1878 532 1915 :
562 1863 831 1934 docetque
871 1865 1004 1934 quid
1036 1865 1220 1922 dicere
1267 1867 1502 1923 debeant
1552 1866 1864 1922 sacerdotes
1889 1909 1905 1934 ,

314 1955 481 2011 immo
497 1957 772 2026 quomodo
792 1958 1084 2016 Dominum
1101 1961 1384 2032 deprecari
1411 1979 1425 2017 :
1450 1962 1638 2030 Parce,
1665 1961 1907 2030 Domine,

316 2049 512 2120 populo
561 2059 650 2104 tuo
677 2067 695 2117 ;
727 2051 820 2122 qui
851 2053 1069 2122 quando
1108 2054 1407 2123 peccabat,
1441 2055 1745 2110 vocabatur
1802 2071 1910 2111 non

318 2142 551 2211 populus
595 2152 718 2200 tuus
754 2162 767 2200 :
798 2159 944 2201 nunc
969 2156 1253 2217 postquam
1287 2150 1522 2204 recessit
1550 2164 1580 2204 a
1607 2149 1776 2217 vitiis,
1810 2165 1910 2218 ap-

319 2234 554 2304 pellatur
585 2237 820 2306 populus
858 2247 1006 2293 tuus.
1057 2237 1127 2294 Et
1155 2257 1217 2295 ne
1240 2239 1330 2296 des
1375 2241 1731 2296 Itwreditatent
1774 2251 1916 2296 tuam

319 2331 372 2385 in
404 2332 738 2404 approbrittm
766 2375 779 2398 ,
811 2341 870 2388 ut
900 2335 1232 2390 dominentur
1263 2337 1336 2391 eis
1365 2337 1619 2392 nationes.
1650 2335 1913 2406 Apertum

321 2435 406 2482 est
434 2428 666 2498 aenigma
695 2428 838 2497 quod
872 2429 1105 2485 latebat.
1148 2430 1387 2501 Populus
1415 2431 1559 2485 enim
1591 2430 1686 2486 ille
1718 2431 1918 2486 multus

322 2527 376 2576 et
400 2520 573 2585 fortis,
603 2519 696 2590 qui
718 2537 880 2592 supra
911 2523 1012 2577 sub
1037 2537 1242 2590 erucas,
1265 2531 1323 2579 et
1348 2524 1594 2590 locustae,
1619 2532 1676 2579 et
1699 2523 1914 2591 bruchi,

323 2624 378 2670 et
406 2615 669 2686 rubiginis
693 2615 1001 2687 descriptus
1028 2627 1113 2673 est
1136 2616 1378 2686 nomine,
1403 2633 1550 2673 nunc
1575 2616 1918 2674 manifestius

322 2707 413 2780 qui
436 2709 507 2763 sit
527 2709 840 2765 ostenditur
860 2729 874 2766 :
899 2707 968 2764 Ut
983 2709 1336 2776 dominentur,
1358 2709 1552 2780 inquit,
1572 2711 1645 2766 eis
1662 2711 1916 2766 nationes.

322 2798 494 2854 Datur
508 2808 687 2856 autem
706 2801 758 2856 in
774 2802 1128 2872 Opprobrium
1146 2801 1686 2871 haereditasDomini,
1704 2802 1921 2872 quando

323 2893 614 2951 servierint
657 2895 910 2951 hostibus
937 2937 952 2961 ,
991 2905 1050 2952 et
1079 2895 1320 2952 dixerint
1361 2897 1612 2952 nationes
1648 2913 1662 2952 :
1703 2895 1802 2952 Ubi
1847 2905 1922 2951 est

324 2985 470 3042 Dens
493 3004 693 3052 eorum,
720 3004 884 3059 quem
915 2989 1019 3043 sibi
1046 2989 1366 3060 praesulem,
1391 3005 1552 3060 quem
1577 2989 1919 3045 defensorem

326 3097 446 3138 esse
483 3083 808 3151 iactabant?
839 3082 1142 3140 Possumus
1183 3086 1434 3141 nationes
1484 3086 1834 3154 interpretari
1866 3092 1921 3139 et

327 3173 674 3230 adversarius
705 3184 1028 3245 potestates,
1061 3192 1181 3246 quae
1205 3177 1466 3248 quamdiu
1491 3191 1599 3232 non
1630 3176 1790 3250 lsﬁ.
1813 3177 1920 3247 agi-

329 3283 450 3323 mus
475 3268 880 3339 ptenitentiam,
905 3268 1264 3325 dominantur
1287 3269 1484 3338 nostri,
1511 3276 1566 3325 et
1591 3269 1928 3339 exprobrant

329 3369 386 3416 et
413 3360 603 3417 dicunt
635 3380 649 3417 :
685 3360 786 3416 Ubi
814 3371 888 3417 est
918 3360 1058 3418 Deus
1090 3363 1312 3417 eorum?
1341 3361 1516 3418 Judaei
1547 3363 1713 3417 istum
1744 3361 1923 3416 locum

329 3455 396 3512 ad
425 3455 543 3527 Gog
570 3466 623 3512 et
674 3456 868 3528 Magog
913 3456 1199 3522 referunt,
1248 3455 1584 3511 saevissimas
1630 3454 1922 3523 nationes,

330 3565 470 3620 quas
499 3551 553 3606 in
585 3551 776 3606 ultimo
825 3558 1077 3622 tempore
1122 3559 1317 3605 contra
1367 3549 1538 3604 Israel
1576 3548 1763 3603 dicunt
1803 3561 1926 3602 esse

330 3656 594 3704 venturas
623 3687 638 3709 ,
665 3645 734 3702 de
762 3645 962 3716 quibus
992 3645 1209 3715 plenius
1240 3643 1503 3699 scribitur
1541 3643 1594 3698 in
1647 3641 1924 3698 Ezechiel.

403 3738 590 3808 (Vers.
613 3739 682 3794 18
706 3737 888 3810 seqq.)
920 3737 1135 3793 Zelatus
1158 3747 1234 3793 est
1256 3737 1512 3793 Dominus
1539 3746 1726 3792 terram
1755 3754 1923 3805 suam,

329 3843 375 3887 et
404 3833 635 3906 pepercit
665 3832 864 3903 populo
891 3849 986 3888 suo
1015 3848 1033 3887 :
1064 3842 1110 3888 et
1139 3832 1408 3904 respondit
1434 3831 1693 3887 Dominus
1721 3841 1768 3886 et
1795 3832 1931 3887 dixit

333 3927 530 4000 papula
561 3945 658 3983 suo
691 3943 708 3981 :
737 3925 873 3982 Ecce
902 3944 994 3999 ego
1027 3929 1229 3982 mittam
1270 3927 1414 3983 vobis
1439 3928 1750 3999 frumentum
1782 3935 1830 3981 et
1857 3927 1932 3980 vi-

332 4035 457 4074 num
487 4029 537 4075 et
567 4020 758 4087 oleum,
789 4029 836 4076 et
861 4019 1190 4090 replebimini
1211 4037 1286 4086 eo,
1319 4028 1366 4074 et
1392 4037 1496 4074 non
1519 4020 1650 4075 dabo
1678 4035 1765 4074 vos
1794 4019 1931 4074 ultra

333 4114 671 4187 approbrium
711 4116 764 4171 in
797 4115 1031 4189 gentibus
1057 4131 1075 4170 :
1107 4124 1154 4170 et
1195 4132 1312 4170 eum
1345 4115 1436 4184 qui
1466 4114 1530 4168 ab
1557 4113 1809 4181 Aquilone
1835 4120 1930 4180 est,

333 4208 516 4277 procul
547 4207 736 4279 faciant
767 4225 799 4261 a
825 4207 967 4263 vobis
986 4249 1002 4274 ,
1030 4217 1079 4261 et
1109 4206 1367 4280 expellam
1397 4223 1513 4261 eum
1540 4205 1597 4261 in
1631 4215 1823 4260 terram
1853 4205 1934 4259 in-

333 4301 468 4354 viam
495 4309 542 4355 et
568 4301 825 4356 desertam
857 4316 874 4354 :
906 4301 1065 4372 facies
1107 4299 1288 4373 [Vulg
1334 4298 1545 4372 facient]
1592 4302 1711 4372 ejus
1757 4307 1938 4353 contra

335 4411 479 4448 mare
503 4396 778 4460 orientale,
803 4405 850 4448 et
873 4405 1155 4450 extremum
1174 4396 1288 4464 eius
1310 4397 1378 4449 ad
1399 4412 1542 4450 mare
1564 4395 1898 4450 novissimum
1917 4410 1935 4448 .·

2003 460 2264 518 dixerunt
2295 480 2310 517 :
2344 461 2534 529 Parce,
2564 461 2806 532 Domine,
2839 467 3032 538 popqu
3061 478 3171 538 tuo,
3201 479 3247 524 et
3279 487 3341 524 ne
3369 471 3458 526 des
3489 473 3599 528 Ita:-

2004 555 2278 610 reditatem
2304 564 2448 610 tuam
2474 558 2529 611 in
2554 559 2906 629 opprobrium,
2935 559 3170 633 fecitque
3195 563 3431 634 populus
3457 567 3599 634 quod

2005 661 2340 722 praeceptum
2379 661 2490 720 est,
2527 661 2582 706 ut
2611 652 2980 710 sanctificaret
3014 655 3308 727 jejunium,
3340 659 3604 728 praedica-

2004 759 2088 805 ret
2118 751 2457 805 curationem
2482 790 2496 814 ,
2528 758 2894 821 congregaret
2925 748 3035 822 [Αι.
3066 753 3311 825 cogeret]
3359 754 3607 810 multitu—

2005 843 2211 910 dinem,
2236 843 2605 900 sanctiﬁcaret
2636 844 2960 910 Ecclesium,
2995 846 3233 918 eligeret
3261 863 3443 918 senes,
3480 865 3604 919 par-

2006 939 2160 997 vulos
2187 950 2242 996 et
2268 952 2523 1012 sugeutes
2551 943 2723 998 ubera
2751 954 3138 1015 congregaret,
3170 953 3226 1000 et
3251 946 3606 1016 egrederetur

2007 1046 2243 1100 Sponsus
2269 1034 2337 1090 de
2362 1035 2529 1091 cubili
2561 1050 2682 1104 suo,
2714 1043 2773 1091 et
2799 1051 3000 1106 sponsa
3032 1037 3103 1092 de
3130 1036 3370 1092 thalamo
3401 1054 3522 1108 suo,
3551 1050 3609 1096 et

2009 1142 2353 1198 nequaquam
2387 1127 2543 1184 carni
2567 1137 2622 1184 et
2645 1130 2942 1197 voluptati,
2974 1131 3070 1187 sed
3093 1132 3286 1186 animm
3318 1133 3608 1189 etlletibus

2010 1222 2367 1278 inservirent.
2400 1222 2612 1278 Zelatus
2635 1234 2708 1279 est
2739 1224 2994 1279 Dominus
3024 1236 3217 1279 terram
3249 1244 3419 1291 smnn,
3445 1243 3606 1298 quam

2011 1313 2166 1382 prius
2196 1320 2352 1385 quasi
2383 1315 2615 1371 alienam
2647 1323 3053 1387 contempserat
3076 1359 3090 1384 ,
3125 1326 3179 1373 et
3207 1333 3402 1386 passus
3434 1318 3614 1374 fuerat

2011 1405 2225 1461 locusta
2257 1418 2505 1462 vastante
2539 1407 2815 1477 p0pulari,
2840 1415 2896 1464 et
2919 1408 3187 1464 intantum
3220 1411 3466 1480 pepercit
3496 1426 3612 1482 pte~

2013 1498 2316 1554 nitentibus
2337 1541 2352 1566 ,
2390 1508 2446 1554 ut
2477 1515 2569 1554 eos
2602 1500 2797 1569 dignos
2839 1517 2936 1557 sua
2981 1504 3340 1573 reSponsione
3369 1504 3612 1575 faceret,

2014 1590 2357 1662 diceretque,
2387 1593 2648 1663 quoniam
2677 1608 2870 1648 omnes
2904 1593 3092 1663 fruges
3123 1604 3351 1666 vestras,
3379 1597 3610 1663 locusta,

2013 1686 2277 1754 bruchus,
2325 1687 2624 1759 rubigoque
2669 1688 2902 1743 vastavit
2933 1707 2944 1743 :
2978 1689 3104 1745 ideo
3143 1689 3285 1746 dabo
3310 1691 3466 1746 vobis
3498 1692 3614 1748 fru-

2015 1790 2280 1848 mentum,
2307 1793 2359 1838 et
2387 1791 2586 1838 caetera
2618 1797 2739 1853 quae
2767 1782 3037 1852 propheta
3068 1783 3356 1853 describit,
3389 1794 3442 1840 et
3469 1785 3616 1840 ultra

2015 1888 2111 1928 vos
2139 1888 2246 1928 non
2272 1874 2482 1930 tradam
2508 1874 2839 1944 captivitati.
2869 1875 2937 1930 Et
2959 1876 3244 1948 Assyrium
3269 1888 3432 1948 atque
3456 1878 3620 1934 Chal-

2014 1967 2189 2022 dzcum
2223 1968 2316 2036 qui
2343 1967 2412 2022 ab
2440 1969 2698 2038 aquilone
2732 1967 2842 2042 [AL
2873 1984 2903 2023 a
2936 1969 3238 2043 Babylone]
3269 1980 3353 2026 est
3379 2013 3392 2036 ,
3427 1973 3617 2042 procul

2016 2058 2209 2114 faciam
2241 2073 2267 2112 a
2297 2058 2473 2126 vobis,
2505 2060 2573 2114 de
2600 2075 2708 2129 quo
2732 2074 2901 2129 supra
2923 2061 3190 2131 scriptum
3218 2072 3304 2116 est
3332 2080 3345 2116 :
3377 2061 3620 2134 Populus

2017 2151 2211 2204 multus
2241 2159 2286 2203 et
2315 2151 2466 2220 fortis
2486 2191 2500 2216 ,
2536 2151 2692 2224 195
2724 2160 2844 2205 ante
2871 2153 3056 2222 faciem
3086 2157 3200 2224 ejus
3233 2155 3367 2226 ignis
3407 2172 3617 2225 vorans,

2018 2253 2065 2296 et
2105 2253 2219 2313 post
2247 2261 2362 2297 eum
2400 2261 2620 2299 exurens
2649 2245 2861 2313 flamma
2885 2290 2898 2314 ,
2933 2248 3082 2315 quasi
3111 2258 3348 2317 aspectus
3377 2265 3620 2318 equorum

2018 2344 2258 2406 aspectus
2287 2352 2489 2390 eorum.
2540 2334 2609 2389 Et
2636 2335 2923 2406 expellam,
2952 2337 3167 2407 inquit,
3199 2355 3312 2392 eum
3349 2341 3400 2393 in
3433 2350 3621 2396 terram

2020 2427 2334 2495 solitudinis,
2368 2437 2422 2484 et
2465 2427 2659 2498 prima:
2703 2437 2889 2500 partes
2936 2429 3087 2486 illius
3129 2431 3330 2487 cadent
3371 2434 3422 2487 in
3471 2449 3624 2490 mare

2020 2519 2302 2576 Orientale
2323 2563 2338 2587 ,
2368 2531 2423 2577 et
2451 2522 2794 2593 posteriores
2821 2523 2888 2592 in
2944 2539 3098 2580 mare
3146 2526 3536 2594 novissimum,
3569 2540 3628 2584 et

2023 2615 2284 2670 ascendet
2315 2615 2459 2670 fetor
2488 2615 2632 2684 ejus,
2668 2615 2721 2671 id
2748 2626 2854 2684 est,
2887 2618 2979 2687 qui
3015 2619 3084 2672 ab
3108 2620 3382 2690 Aquilone
3422 2631 3538 2690 est,
3572 2633 3627 2679 et

2024 2706 2286 2776 putredo,
2324 2710 2450 2778 quia
2503 2707 2744 2776 superbe
2793 2709 2924 2779 egit.
2959 2709 3120 2780 Saepe
3165 2695 3626 2769 commonuisth

2026 2801 2389 2857 translatione
2449 2801 2788 2859 locustarum
2847 2803 3087 2860 describi
3147 2806 3406 2876 impetum
3458 2808 3622 2864 Chal-

2025 2895 2294 2963 daeorum,
2325 2911 2432 2965 quo
2460 2895 2649 2952 Judaca
2681 2906 2892 2954 vastata
2925 2909 3030 2954 est.
3071 2898 3260 2970 Itaque
3301 2912 3483 2958 servat
3515 2920 3627 2960 me-

2027 2987 2322 3058 taphoram
2351 2988 2403 3042 in
2441 2989 2702 3060 reliquis,
2735 2999 2790 3045 et
2822 2993 2979 3061 juxta
3011 2993 3177 3048 situm
3220 2997 3513 3066 provincia:
3547 3000 3628 3054 sic

2028 3079 2291 3151 loquitur,
2333 3083 2488 3153 quasi
2536 3098 2646 3138 non
2687 3083 2755 3138 de
2800 3084 3052 3140 hostibus
3081 3127 3096 3154 ,
3148 3088 3241 3142 sed
3281 3087 3349 3144 de
3398 3089 3626 3146 locustis

2028 3175 2236 3231 referre
2267 3175 2540 3233 videatur.
2574 3176 2752 3232 Etiam
2787 3179 2992 3233 nostris
3023 3180 3360 3250 temporibus
3393 3182 3627 3240 vidimus

2025 3270 2242 3339 agmina
2290 3270 2628 3326 locustarum
2682 3278 2880 3326 terram
2935 3272 3134 3328 texisse
3175 3273 3460 3343 Judacam,
3504 3293 3628 3348 quae

2028 3373 2218 3434 postea
2251 3363 2626 3419 misericordia
2677 3363 2892 3418 Domini
2925 3367 3068 3421 inter
3099 3367 3432 3422 vestibulum
3461 3377 3517 3423 et
3544 3371 3626 3424 al-

2030 3465 2170 3523 tare,
2203 3455 2306 3511 hoc
2330 3466 2434 3521 est,
2483 3457 2624 3512 inter
2653 3457 2832 3512 crucis
2864 3466 2918 3511 ct
2954 3459 3378 3515 resurreCIionis
3415 3462 3592 3518 locum
3613 3508 3626 3530 ,

2029 3549 2413 3605 sacerdotibus
2443 3558 2499 3604 et
2527 3549 2744 3620 populis
2777 3550 3066 3606 Dominum
3097 3552 3522 3622 deprecantibus
3551 3566 3631 3610 at-

2027 3658 2133 3713 que
2160 3643 2472 3698 dicentibus
2499 3662 2512 3698 :
2543 3643 2714 3699 Parce
2740 3644 2935 3715 populo
2961 3655 3049 3701 tuo
3071 3692 3084 3713 ,
3121 3657 3290 3704 Vento
3330 3660 3586 3720 surgente
3613 3693 3627 3718 ,

2027 3735 2082 3790 in
2127 3750 2279 3791 mare
2311 3736 2548 3806 primum
2581 3745 2638 3791 et
2682 3737 3044 3793 novissimum
3093 3739 3450 3810 praecipitata:
3481 3752 3627 3797 sunt.

2031 3829 2180 3887 Mare
2213 3831 2449 3901 primum
2476 3829 2620 3900 quod
2648 3829 2801 3900 juxta
2835 3831 3191 3888 solitudinem
3223 3843 3306 3889 est
3333 3878 3346 3899 ,
3375 3842 3432 3890 et
3458 3837 3635 3902 vergit

2033 3926 2100 3980 ad
2145 3926 2427 3982 Orientem
2455 3966 2469 3989 ,
2505 3925 2640 3980 illud
2684 3925 2968 3996 intellige,
3001 3925 3055 3981 in
3088 3943 3198 3994 quo
3226 3929 3328 3983 fuit
3355 3929 3630 4000 quondam

2033 4016 2279 4073 Sodoma
2315 4027 2371 4074 et
2413 4017 2719 4075 Gomorrha
2745 4062 2759 4085 ,
2796 4018 3002 4075 Adama
3033 4031 3088 4074 et
3127 4019 3354 4076 Seboim
3380 4063 3396 4086 ,
3431 4020 3458 4059 δ
3485 4013 3648 4093 quod

2036 4127 2187 4167 nunc
2217 4112 2485 4167 Mortuutn
2525 4111 2862 4176 nominatur,
2900 4127 2970 4168 eo
2997 4113 3141 4181 quod
3172 4114 3320 4167 nulla
3352 4113 3424 4168 ibi
3458 4114 3642 4169 vivant

2037 4207 2357 4262 animantia.
2407 4207 2558 4263 Mare
2587 4216 2770 4262 autem
2821 4207 3184 4262 novissimum
3209 4251 3224 4275 ,
3269 4208 3372 4263 hoc
3404 4209 3544 4280 qucd
3573 4209 3642 4266 ad

2039 4299 2395 4356 Occidentem
2421 4310 2529 4368 est,
2557 4309 2611 4355 et
2637 4301 2778 4371 quod
2804 4299 2954 4354 ducit
2980 4300 3032 4354 in
3058 4298 3378 4370 Egyptum,
3404 4299 3457 4353 in
3483 4302 3638 4372 cujus

2040 4393 2224 4449 littore
2255 4393 2402 4450 Gaza
2427 4435 2443 4462 ,
2491 4404 2546 4448 et
2571 4394 2810 4448 Ascalon
2830 4435 2844 4458 ,
2869 4392 3182 4460 AzotuSque
3225 4402 3279 4447 et
3319 4391 3496 4462 JOppe
3524 4433 3537 4456 ,
3583 4404 3641 4449 et

335 4499 384 4543 et
413 4489 660 4543 ascendet
699 4489 832 4558 fetor
859 4492 1006 4562 ejus,
1035 4498 1084 4544 et
1113 4491 1356 4545 ascendet
1387 4492 1608 4560 putredo
1637 4491 1815 4554 illius,
1846 4491 1937 4561 qui
1963 4517 2014 4577 D
2040 4487 2291 4543 Caesarea
2319 4533 2332 4557 ,
2381 4497 2439 4542 et
2489 4495 2703 4541 cteterm
2751 4487 2916 4541 urbes
2976 4486 3263 4539 maritimae
3315 4486 3434 4540 sita:
3487 4497 3636 4543 sunt.

337 4582 525 4654 [Vulg
556 4579 700 4653 quia]
729 4583 942 4653 superbe
978 4585 1105 4655 egit.
1144 4583 1289 4639 LXX
1323 4602 1338 4641 :
1368 4583 1437 4639 Et
1478 4585 1675 4639 zelatus
1714 4593 1786 4640 est
1823 4582 1933 4639 Do—
1963 4575 1994 4577 ”
2040 4577 2286 4650 Cumque
2320 4577 2505 4632 littora
2534 4578 2818 4647 utriusque
2847 4575 3015 4630 maris
3046 4575 3258 4630 acervis
3298 4589 3636 4635 mortuarum

340 4676 508 4729 minus
550 4683 740 4728 terram
789 4690 936 4729 suam
961 4718 977 4744 ,
1007 4685 1056 4729 et
1102 4677 1333 4748 pepercit
1377 4679 1574 4746 populo
1605 4693 1699 4731 suo
1725 4719 1739 4744 ,
1773 4685 1818 4730 et
1849 4692 1932 4730 re-

333 4769 544 4837 spondit
571 4765 849 4836 Dominus,
886 4776 928 4820 et
960 4768 1097 4823 dixit
1123 4770 1316 4840 populo
1356 4787 1448 4824 suo
1479 4787 1496 4824 :
1530 4769 1665 4824 Ecce
1692 4786 1787 4840 ego
1817 4769 1935 4823 mit-

340 4869 445 4914 tam
469 4860 614 4915 vobis
634 4861 952 4930 frumentum
979 4871 1024 4915 et
1049 4863 1218 4916 vinum
1240 4871 1286 4916 et
1308 4863 1498 4928 oleum,
1525 4873 1569 4917 et
1593 4863 1935 4932 implebimini

339 4969 404 5008 ex
431 4954 530 5020 eis,
559 4964 604 5009 et
637 4971 739 5008 non
774 4953 909 5008 dabo
933 4971 1022 5010 vos
1052 4957 1188 5009 ultra
1219 4956 1550 5028 approbrium
1577 4957 1628 5010 in
1659 4955 1892 5027 gentibus
1919 4997 1932 5020 ,

342 5057 390 5103 et
416 5065 532 5104 eum
554 5049 643 5120 qui
669 5049 733 5102 ab
759 5049 1015 5120 Aquilone
1036 5063 1110 5106 est
1137 5051 1388 5118 repellam
1413 5068 1442 5104 a
1464 5050 1626 5117 vobis,
1653 5061 1700 5104 et
1723 5051 1954 5104 educam‘

339 5156 459 5194 eum
484 5142 539 5195 in
567 5152 758 5196 terram
788 5159 905 5214 qua:
932 5153 1006 5198 est
1033 5145 1144 5198 sine
1164 5160 1321 5215 aqua,
1352 5152 1399 5198 et
1424 5143 1728 5214 disperdam
1753 5144 1940 5214 faciem

343 5236 454 5306 ejus
480 5235 535 5288 in
561 5251 704 5290 mare
745 5236 974 5308 primum
994 5279 1008 5305 ,
1035 5245 1083 5290 et
1114 5237 1405 5308 posteriora
1433 5239 1546 5309 ejus
1587 5238 1641 5291 in
1673 5253 1816 5291 mare
1844 5253 1941 5290 no-

343 5328 610 5383 vissimum
641 5346 658 5384 :
685 5337 733 5385 et
762 5332 1000 5386 ascendet
1035 5332 1167 5402 fetor
1196 5334 1308 5404 ejus
1326 5376 1340 5399 ,
1375 5340 1423 5386 et
1452 5332 1694 5386 ascendet
1721 5330 1946 5404 putredo

345 5420 527 5490 illius,
564 5425 811 5493 quoniam
853 5425 1188 5498 magniﬁcam
1234 5436 1353 5481 sunt
1402 5441 1563 5496 Opera
1607 5427 1737 5498 ejus.
1785 5423 1946 5480 Post-

418 5599 443 5671 ςι
476 5590 702 5671 [fulmini
735 5607 867 5648 mss.
899 5595 1180 5671 arpblruim,
1211 5594 1735 5671 quod_idem_80n€!l_-

415 5661 445 5700 ι»
492 5660 547 5715 ld
573 5673 862 5731 exaggerat
897 5660 954 5719 in'
988 5660 1407 5722 Commentariis
1444 5667 1498 5722 in
1531 5665 1800 5722 Ezechiel.
1832 5677 1951 5731 cap.

346 5749 526 5811 sunt.
558 5734 666 5788 col.
695 5737 798 5791 595
831 5755 844 5789 :
877 5735 1155 5811 Hucusque
1184 5737 1314 5811 nihil
1338 5738 1478 5810 quod
1509 5739 1766 5811 spiret,4et
1795 5734 1954 5811 possit

347 5803 610 5873 incedere,
654 5821 764 5875 pra:
788 5803 1135 5862 antaritudine
1172 5810 1332 5864 nimia
1351 5803 1419 5864 ’ἔτι
1451 5803 1548 5865 hoc
1576 5809 1706 5864 mari
1742 5803 1953 5881 reperiri

629 5898 908 5962 Panos.
991 5900 1194 5964 XXV.

2041 4672 2375 4728 locustarum
2403 4713 2419 4739 ,
2451 4685 2588 4741 quas
2628 4686 2785 4740 aquae
2816 4679 3171 4726 evomuerant
3196 4713 3209 4737 ,
3254 4670 3637 4742 implerentur,

2041 4765 2276 4836 putredo
2307 4781 2492 4819 earum
2527 4773 2582 4819 et
2612 4763 2753 4818 fetor
2784 4764 3053 4819 intautum
3086 4765 3281 4820 noxius
3309 4764 3430 4830 fuit,
3457 4777 3513 4821 ιιι
3540 4783 3636 4824 ae—

2042 4872 2157 4913 rem
2184 4871 2398 4928 quoque
2427 4866 2828 4925 corrumperet,
2863 4865 2916 4910 et
2948 4858 3257 4925 pestilentia
3291 4867 3398 4911 tam
3426 4858 3646 4928 jumen-

2045 4958 2224 5005 torum
2257 4966 2416 5018 quam
2451 4948 2732 5004 hominum
2772 4949 3110 5020 gigneretur.
3141 4950 3359 5018 Qua-rat
3397 4951 3644 5009 eruditus

2045 5044 2221 5100 lector
2246 5045 2336 5099 ubi
2386 5043 2488 5098 hnc
2534 5044 2689 5114 juxta
2743 5043 2979 5098 litteram
3017 5045 3214 5098 factum
3259 5045 3327 5100 sit
3364 5045 3433 5100 de
3475 5045 3642 5101 Chal-

2047 5137 2230 5194 daeis?
2267 5137 2384 5193 Non
2413 5139 2586 5192 multo
2619 5146 2744 5208 post
2783 5147 3034 5207 tempore
3064 5154 3226 5208 quam
3263 5139 3379 5195 haec
3411 5142 3646 5212 prophe-

2051 5237 2164 5285 tata
2197 5239 2347 5295 sunt,
2381 5229 2653 5301 siquidem
2686 5231 2741 5285 in
2776 5231 2913 5285 lsaia
2947 5230 3211 5300 legimus,
3247 5244 3464 5287 centum
3497 5245 3650 5291 octo-

2051 5325 2204 5394 ginta
2240 5325 2480 5396 quinque
2501 5323 2674 5380 millia
2703 5322 3086 5378 Chaldzrorum
3129 5324 3230 5379 sub
3258 5341 3386 5395 rege
3418 5325 3646 5387 Ezechia

2053 5418 2105 5474 in
2133 5435 2237 5474 una
2260 5427 2421 5476 nocte
2443 5419 2640 5490 angelo
2657 5419 2921 5474 sazviente
2944 5432 3203 5489 percussa
3230 5419 3388 5492 (Isai.
3416 5424 3650 5495 xxxvii).

2065 5594 2356 5653 potest;ne
2389 5587 2664 5642 cochleolaz
2706 5587 2912 5654 quidem
2941 5625 2956 5651 ,
3004 5586 3253 5658 parvique
3298 5591 3563 5644 vermiculi
3600 5603 3648 5646 et

2063 5657 2328 5728 anguillte.
2343 5669 2388 5713 et
2410 5669 2598 5733 Cretera
2612 5658 2978 5733 animantium,
2996 5658 3099 5711 sive
3116 5657 3427 5728 serpentium
3441 5677 3644 5733 genera,

2063 5732 2474 5805 quor'-unt_tnagis
2504 5729 2807 5805 corpuscula
2835 5745 3113 5805 possumus
3154 5745 3334 5805 nosse,
3362 5729 3515 5802 quam
3553 5729 3649 5789 no;

2063 5800 2224 5865 mina.
2261 5800 2545 5877 Vide'qute
2575 5800 2627 5860 i'u
2663 5800 2807 5858 hunc
2835 5800 3014 5858 locum
3051 5800 3478 5860 observavimus.

3079 5895 3153 5958 31
