4100 6336
565 224 662 286 9H

1811 218 1872 280 Β.
1915 213 2190 280 EUSEBII
2229 209 2618 282 HIEBONYMI

3749 211 3846 282 οη

565 339 678 396 Hoc
705 337 864 408 juxta
887 335 1172 394 historiam
1203 335 1526 392 dixerimus.
1559 333 1832 394 Castorum
1857 335 2012 408 juxta
2041 343 2152 392 tro.
2183 339 2230 402 Α
2259 345 2362 400 gna
2383 345 2540 400 quant
2571 327 2686 390 misi
2705 329 2756 386 iu
2787 343 2912 384 vos:
2945 338 2992 388 et
3021 329 3294 394 comedetis
3319 339 3594 394 vescentes,
3639 339 3688 390 ct
3713 343 3848 388 tatu-

563 431 860 504 pologiam,
883 429 1066 488 omnis
1091 429 1274 488 anitna
1305 437 1456 488 terra
1483 437 1566 486 est
1595 429 1835 496 Domini,
1865 429 1918 486 in
1943 443 2046 501 qua
2079 443 2160 484 se-

561 525 734 582 minat
765 521 1164 596 paterfamilias
1187 531 1494 582 sementem
1527 535 1682 584 suam
1700 563 1716 591 ,
1745 537 1868 594 qua:
1897 537 2026 584 eum
2061 535 2160 592 pro

561 617 746 674 tritico
775 615 984 678 zizania
1017 615 1238 684 iecerit,
1275 613 1333 672 id
1363 623 1480 682 est,
1513 629 1716 672 avenas
1755 625 1812 670 et
1849 614 2076 680 lolium,
2103 624 2162 672 et

563 707 854 768 oﬂ'enderit
893 709 1184 766 Dominum
1213 721 1378 768 suum
1403 753 1418 780 ,
1453 715 1510 764 et
1545 717 1736 784 postea
1767 709 1946 780 egerit
1987 707 2160 776 ιιωιιίι»

563 801 814 870 tentiam,
849 801 1006 878 196
1029 801 1400 874 plangeusque
1427 799 1630 860 dixerit
1653 815 1668 860 :
1693 798 1884 868 Parce,
1913 799 2156 870 Domine,

559 891 755 966 populo
787 901 894 964 tuo,
925 893 1140 950 zelatur
1167 893 1433 952 Dominus
1463 903 1664 954 terram
1687 907 1866 964 suam,
1893 901 1950 950 et
1975 899 2162 964 parcet

563 985 614 1044 ei
639 1000 802 1058 quam
825 985 1030 1046 dudum
1063 995 1494 1062 contempserat,
1527 1001 1735 1060 suoque
1761 1001 1884 1048 eam
1905 985 2160 1060 dignatur

562 1079 806 1152 alloquio
849 1087 906 1136 et
943 1079 1078 1136 dicit
1107 1097 1122 1136 :
1156 1079 1364 1136 Mittam
1406 1081 1506 1140 tibi
1547 1079 1876 1142 frumentum
1899 1121 1916 1148 ,
1948 1080 2016 1142 de
2051 1093 2160 1150 quo

561 1173 826 1244 scriptum
857 1181 944 1228 est
977 1188 990 1226 :
1021 1173 1182 1228 Amen
1223 1189 1398 1244 amen,
1435 1173 1550 1228 dico
1579 1173 1720 1230 vobis
1745 1215 1762 1246 ,
1795 1173 1896 1230 nisi
1935 1187 2160 1244 granum

563 1263 812 1334 frumenti
835 1263 1022 1320 cadens
1049 1265 1102 1318 in
1141 1273 1330 1320 terram
1359 1272 1625 1322 mortuum
1651 1265 1832 1338 fuerit,
1875 1264 2044 1336 ipsum
2075 1280 2160 1318 so—

561 1355 674 1408 lum
701 1365 870 1410 ntanet
907 1371 922 1410 :
953 1356 996 1410 si
1027 1365 1198 1416 autem
1225 1369 1488 1418 mortuum
1513 1358 1708 1432 fuerit,
1744 1357 1932 1420 multos
1963 1357 2160 1428 fructus

561 1447 690 1518 facit
736 1445 919 1522 (Joan.
957 1447 1060 1522 xu)
1093 1469 1106 1504 :
1139 1457 1193 1506 et
1225 1451 1408 1506 vinum
1431 1451 1576 1522 quod
1607 1449 1850 1512 laetiﬁcat
1871 1465 1964 1510 cor
1993 1451 2162 1514 homi-

561 1539 670 1608 nis,
693 1549 748 1594 et
767 1541 950 1606 oleum
973 1543 1116 1614 quod
1140 1541 1416 1600 exltilarat
1439 1543 1654 1616 faciem,
1681 1551 1738 1602 ut
1759 1554 1917 1604 vetus
1941 1543 2159 1606 tristitia

557 1639 928 1702 peccatorum,
953 1633 1214 1692 frumenti
1234 1645 1290 1692 et
1311 1637 1424 1696 vini
1452 1645 1510 1698 et
1529 1637 1661 1708 olei,
1691 1636 1746 1700 id
1765 1647 1869 1706 est,
1893 1639 2156 1698 virtutum

2257 421 2540 490 rabimini,
2573 429 2618 476 et
2667 419 2951 482 laudabitis
2993 438 3181 482 nomen
3213 421 3392 496 [ναις.
3441 423 3598 484 addit
3623 423 3848 498 Domini]

2261 513 2362 570 Dei
2381 513 2558 582 uestri,
2593 513 2680 586 qui
2709 515 2830 584 fecit
2861 513 3126 572 nobiscum
3163 513 3348 590 [Vulg.
3377 515 3658 588 vobiscum]
3697 517 3846 572 mira-

2259 607 2404 676 bilia,
2451 617 2500 664 et
2539 623 2642 668 non
2691 607 3040 678 confundetur
3081 609 3308 680 populus
3331 625 3472 670 ineas
3507 609 3560 670 in
3589 611 3846 682 sampitcr.

2259 715 2386 754 nam
2413 713 2432 756 :
2459 708 2508 754 et
2547 699 2720 758 scietis
2745 699 2866 768 quia
2909 698 2964 754 in
2983 698 3152 762 medio
3179 697 3352 762 lsi-uel
3381 717 3476 772 ego
3505 717 3644 770 sunt,
3673 711 3724 756 et
3763 719 3847 772 ego

2259 791 2516 852 Dominus
2537 789 2680 854 Deus
2701 801 2886 862 uester,
2909 801 2959 854 et
3009 807 3112 854 non
3135 800 3212 852 est
3241 791 3470 864 carptim
3493 835 3508 864 ,
3531 803 3579 860 et
3611 809 3714 854 non
3737 809 3848 854 con-

2273 885 2526 956 fundetur
2553 883 2776 958 populus
2821 901 2965 948 incus
2995 885 3048 942 in
3075 885 3467 956 sempiternum.
3507 884 3652 950 LXX
3682 902 3696 940 :
3725 883 3848 948 Con-

2269 981 2400 1052 ﬁde,
2431 989 2594 1046 terra,
2615 980 2786 1054 gaude
2805 989 2958 1054 atque
2981 979 3176 1048 lictore,
3207 981 3332 1052 quia
3369 980 3720 1054 ntagniﬁcauit
3753 979 3850 1040 Do-

2259 1072 2430 1130 minus
2463 1083 2516 1132 ut
2543 1073 2734 1152 faceret
2759 1089 2776 1126 :
2807 1073 3072 1144 conﬁdite.
3093 1075 3338 1146 jamenta
3377 1073 3568 1144 campi,
3615 1074 3850 1142 quoniam

2259 1165 2680 1240 germinat-erunt
2709 1167 2880 1238 campi
2921 1165 3244 1234 solitudinis,
3271 1168 3398 1238 quia
3437 1167 3638 1241 lignum
3683 1167 3848 1224 attulit

2257 1257 2490 1330 fructum
2517 1274 2706 1328 suum,
2735 1259 2868 1330 ﬁcus
2911 1269 2962 1314 et
3007 1259 3158 1316 uinea
3201 1259 3457 1322 dederunt
3495 1261 3848 1332 fortitudinem

2258 1367 2410 1412 suam
2439 1362 2524 1410 :et
2555 1351 2655 1424 ﬁlii
2677 1351 2830 1420 Sion,
2859 1353 3084 1426 gaudete
3105 1360 3260 1428 atque
3285 1353 3536 1416 laetemini
3561 1355 3620 1414 in
3637 1353 3848 1416 Donum:

2261 1441 2374 1504 Deo
2393 1453 2584 1518 vestra,
2613 1447 2858 1518 quoniam
2887 1447 3030 1508 dedit
3053 1447 3196 1510 vobis
3215 1465 3358 1510 escas
3371 1449 3618 1520 iustitiae,
3651 1459 3702 1504 et
3727 1450 3848 1520 pluit

2261 1537 2402 1600 vobis
2423 1539 2640 1600 imbrem
2665 1549 3054 1614 temperandum
3075 1551 3122 1598 et
3153 1541 3456 1612 serotinum,
3479 1543 3616 1604 sicut
3657 1561 3692 1600 α
3715 1545 3848 1614 prin-

2261 1629 2434 1706 cipio,
2465 1639 2512 1692 et
2555 1633 2894 1704 rapiebantur
2945 1649 3082 1694 area:
3129 1635 3340 1702 tritico,
3389 1643 3442 1690 et
3493 1633 3850 1696 redundabant

559 1723 752 1780 laetitia
789 1735 1156 1798 temperetur,
1209 1737 1518 1802 tantamque
1565 1729 1846 1786 habebunt
1889 1731 2154 1788 bonorum
2185 1729 2234 1798 Β
2261 1721 2550 1782 torcularia
2579 1725 2696 1784 uina
2729 1735 2776 1780 ct
2819 1725 2952 1786 oleo.
2987 1725 3054 1786 Et
3085 1725 3302 1788 reddam
3341 1726 3478 1788 vobis
3503 1743 3600 1800 pro
3623 1727 3776 1784 annis
3803 1727 3850 1784 in

561 1815 806 1872 omnium
829 1817 1248 1888 abundantiam,
1276 1827 1334 1876 ut
1361 1819 1682 1890 repleantur
1707 1820 1790 1880 eis
1819 1829 1980 1898 atque
2009 1831 2156 1880 satu-

561 1920 774 1972 rentur.
809 1910 1054 1986 Cumque
1085 1913 1188 1970 lioc
1215 1913 1420 1976 fuerint
1445 1915 1732 1978 consecuti
1763 1957 1778 1986 ,
1811 1931 2154 1992 nequaquam

561 2005 846 2064 tradentur
875 2005 930 2062 in
959 2006 1312 2080 opprobrium
1341 2007 1596 2082 gentibus
1615 2051 1628 2078 ,
1657 2009 1730 2066 de
1757 2011 1958 2086 quibus
2009 2013 2155 2084 Apo-

559 2099 740 2154 stolus
793 2099 1078 2174 loquitur:
1111 2099 1234 2162 Non
1283 2113 1356 2162 est
1383 2103 1526 2164 nobis
1571 2103 1866 2164 colluctatio
1915 2105 2158 2162 adversus

555 2207 768 2246 carnem
793 2203 846 2248 et
877 2195 1202 2268 sanguinem,
1230 2195 1322 2250 sed
1347 2195 1594 2254 adversus
1623 2198 1882 2270 principes
1911 2207 1962 2254 et
1987 2207 2158 2268 putes-

557 2293 686 2338 totes
723 2301 741 2338 :
777 2287 1026 2344 adversus
1067 2289 1248 2350 mundi
1289 2297 1513 2350 rectores
1555 2291 1888 2352 tenebrarum
1935 2293 2154 2362 harum,

557 2387 738 2430 contra
755 2379 1054 2452 spiritantia
1077 2383 1316 2452 nequitia!
1333 2383 1386 2442 in
1405 2383 1688 2444 cwlestibus
1701 2385 1718 2456 (
1731 2382 1922 2458 Ephes.
1941 2401 2018 2456 rt,
2039 2384 2154 2456 1‘2).

557 2467 696 2524 Eum
731 2485 952 2544 quoque
979 2473 1068 2546 qui
1099 2473 1168 2528 ab
1199 2473 1473 2544 Aquilone
1519 2483 1604 2538 est
1629 2474 1722 2550 (de
1751 2490 1860 2548 quo
1889 2475 2158 2540 Jeremias

557 2557 800 2630 loquitur
827 2579 840 2616 :
867 2563 942 2618 Ab
972 2563 1224 2634 Aquilone
1253 2565 1592 2626 exardescent
1621 2567 1762 2630 mala
1790 2585 1943 2642 super
1983 2585 2156 2630 omnes

557 2655 874 2712 habitatores
905 2669 1058 2712 terrae
1087 2657 1304 2734 (Jerem.
1329 2677 1368 2732 ι,
1399 2661 1488 2734 id)
1519 2679 1532 2718 :
1565 2661 1634 2718 de
1661 2677 1767 2734 quo
1809 2673 1864 2720 et
1897 2663 2152 2728 Salomon

557 2749 746 2806 scribit
777 2769 790 2806 :
821 2751 1011 2824 Aquilo
1043 2763 1219 2808 ventus
1249 2755 1584 2828 durissimus)
1623 2757 1840 2832 procul,
1879 2757 2082 2830 inquit,
2121 2771 2154 2820 a

561 2849 718 2903 vobis
751 2847 972 2918 faciam,
1007 2861 1060 2908 et
1090 2851 1360 2922 expellam
1395 2869 1520 2910 eum
1551 2855 1604 2910 in
1639 2861 1840 2916 terram
1869 2853 2068 2916 inviam
2099 2863 2156 2918 et

559 2939 858 3008 desertam,
890 2959 1012 3016 qua:
1045 2957 1152 3000 non
1191 2945 1354 3000 habet
1385 2945 1632 3006 notitiam
1669 2945 1794 3020 Dei,
1823 2945 1878 3002 in
1907 2959 2014 3018 qua
2045 2961 2153 3006 non

563 3034 768 3092 habitat
793 3035 1032 3110 Spiritus
1058 3049 1302 3096 sanctus.
1335 3039 1636 3110 Faciesque
1663 3039 1780 3114 ejus
1805 3039 1912 3098 erit
1937 3041 1990 3100 in
2015 3041 2150 3102 tnari

2259 1814 2442 1884 quibus
2469 1817 2690 1874 comedit
2719 1819 2944 1886 locusta,
2973 1829 3022 1876 et
3049 1819 3270 1880 bruchus
3297 1828 3348 1874 et
3379 1819 3582 1892 rubigo,
3609 1829 3658 1876 et
3683 1837 3848 1882 erum

2261 1905 2543 1970 Fortitudo
2569 1927 2684 1970 mea
2713 1927 2904 1984 magna
2937 1927 3092 1986 quam
3131 1913 3254 1972 misi
3293 1915 3346 1972 in
3379 1929 3484 1980 res.
3515 1923 3564 1976 et
3593 1913 3851 1976 uescemini

2259 2001 2600 2072 comedentes,
2629 2013 2676 2058 ct
2697 2004 3060 2064 saturabimini
3087 2013 3176 2062 :et
3217 2005 3494 2064 laudabitis
3535 2021 3722 2068 nomen
3755 2005 3854 2068 Dec

2257 2097 2384 2152 mini
2405 2093 2506 2152 Dei
2525 2099 2700 2166 uestri,
2719 2097 2810 2172 qui
2835 2099 2956 2172 fecit
2977 2099 3238 2160 uobiscum
3259 2101 3524 2164 mirabilia
3541 2109 3592 2164 et
3613 2117 3720 2158 non
3739 2117 3852 2160 con-

2259 2191 2510 2262 fundetur
2535 2191 2762 2268 populus
2805 2211 2948 2258 meus
2973 2195 3028 2254 in
3055 2207 3330 2264 attentum,
3360 2205 3408 2258 et
3451 2197 3626 2254 scietis
3653 2197 3778 2266 quia
3805 2197 3850 2254 in

2260 2284 2432 2346 medio
2461 2283 2632 2350 Israel
2657 2301 2752 2362 ego
2783 2303 2916 2360 sum,
2949 2295 2997 2348 et
3025 2303 3118 2364 ego
3145 2287 3404 2350 Dominus
3431 2285 3572 2348 Deus
3597 2297 3780 2356 uester,
3809 2297 3852 2342 rt

2261 2395 2362 2436 non
2385 2387 2460 2440 est
2483 2379 2709 2452 amplius
2733 2387 2924 2448 printer
2943 2395 3042 2446 me,
3069 2391 3116 2440 et
3139 2397 3242 2440 non
3267 2381 3616 2452 confundetur
3639 2381 3852 2452 papulas

2259 2485 2400 2530 meus
2451 2471 2504 2530 in
2533 2481 2804 2530 cateruam.
2839 2471 3108 2536 Omnibus
3151 2489 3268 2546 qua:
3299 2473 3410 2546 [ΑΙ.
3441 2473 3666 2548 quibus]
3697 2489 3850 2546 supra

2259 2561 2438 2628 fuerat
2485 2565 2884 2636 comminatus,
2919 2580 3066 2626 nunc
3104 2567 3376 2628 contraria
3409 2566 3716 2640 pollicetur.
3749 2567 3850 2630 Su-

2257 2669 2352 2726 pra
2383 2655 2598 2720 dixerat
2629 2673 2642 2710 :
2677 2655 2818 2730 ignis
2839 2657 3080 2720 comedit
3101 2657 3350 2730 speciosa
3379 2657 3607 2726 deserti.
3631 2667 3688 2722 et
3707 2657 3852 2718 ﬂatu-

2257 2767 2346 2814 ma
2375 2751 2664 2816 suscendit
2691 2755 2874 2814 contria
2927 2753 3070 2824 ligna
3105 2751 3380 2826 regionis.
3415 2761 3470 2818 et
3499 2753 3694 2816 bestiae
3745 2753 3852 2826 agri

2255 2849 2412 2922 quasi
2443 2863 2570 2912 area
2599 2849 2798 2912 sitiens
2827 2849 3056 2912 imbrem
3085 2857 3460 2918 suspexerunt
3491 2847 3558 2904 ad
3591 2861 3644 2906 te
3673 2866 3688 2902 :
3721 2863 3848 2920 quo-

2257 2941 2400 3000 niam
2445 2943 2706 3004 exsiccati
2739 2941 3066 3006 suntl‘ontes
3091 2957 3382 3014 aquarum,
3415 2951 3470 3000 et
3501 2941 3640 3016 ignis
3687 2943 3850 3000 dero.

2257 3033 2398 3096 ravit
2429 3037 2678 3106 speciosa
2709 3035 2936 3098 deserti.
2967 3035 3122 3098 Nunt:
3153 3035 3293 3098 lit-tis
3315 3036 3588 3098 tristitiam
3623 3037 3848 3108 mitigat,

557 3131 734 3200 primo
766 3131 900 3188 etin
929 3133 1062 3188 mari
1093 3133 1417 3198 novissimo,
1449 3135 1500 3192 in
1529 3133 1614 3190 his
1637 3135 1728 3206 qui
1755 3135 2072 3206 aperuerint
2093 3133 2152 3206 ei
2179 3125 2224 3188 Ο
2257 3135 2311 3184 el
2341 3127 2612 3206 laorytuas
2643 3129 2806 3192 vertit
2835 3127 2888 3186 iu
2917 3127 3116 3190 risum.
3161 3125 3340 3190 Nolite
3364 3167 3380 3194 ,
3411 3127 3624 3200 inquit,
3655 3129 3848 3196 timere,

553 3221 774 3294 januam
811 3234 1154 3296 peccatorum
1182 3267 1196 3292 .
1231 3237 1286 3288 et
1317 3227 1459 3298 apud
1493 3241 1632 3297 quos
1661 3241 1830 3300 usque
1867 3227 1934 3284 ad
1966 3237 2148 3284 extre-

558 3331 706 3370 mum
735 3315 859 3374 vitae
891 3323 1103 3390 tempus
1141 3319 1582 3388 permanserint,
1632 3327 1688 3376 et
1731 3317 1878 3380 fetor
1917 3321 2060 3380 illius
2099 3328 2154 3382 et

559 3407 794 3476 putredo
819 3407 1070 3464 ascendit
1101 3409 1262 3464 etiam
1301 3408 1354 3464 in
1389 3425 1486 3466 eos
1515 3411 1606 3482 qui
1645 3411 1748 3468 sibi
1789 3425 1978 3482 magna
2019 3427 2150 3484 pro-

559 3499 782 3558 mittunt
806 3541 821 3568 ,
851 3511 908 3556 et
933 3501 1140 3558 cadunt
1169 3517 1270 3580 per
1293 3503 1604 3578 superbiam
1643 3521 1654 3558 :
1687 3503 1810 3573 quia
1855 3519 2150 3572 tlut'uquam

561 3603 672 3648 tuta
699 3605 782 3650 est
803 3593 1040 3650 humana
1069 3595 1354 3674 fragilitas,
1381 3605 1434 3654 et
1455 3605 1658 3666 quanto
1685 3595 1978 3658 virtutibus
2001 3609 2154 3650 cres—

557 3683 752 3748 cimus,
781 3694 935 3742 tanto
959 3689 1132 3760 magis
1155 3689 1346 3748 timere
1367 3689 1629 3748 debemus
1655 3703 1720 3752 ne
1743 3689 1810 3744 de
1829 3689 2152 3750 sublimibus

555 3795 896 3838 corruamus.
921 3783 1080 3838 Juxta
1107 3783 1368 3852 litteram,
1394 3798 1591 3856 greges
1619 3783 1952 3840 locustarum
1979 3783 2152 3858 inagis

555 3875 756 3930 Auster
777 3889 942 3952 quam
973 3877 1172 3946 Aquilo
1195 3877 1478 3934 consuevit
1505 3876 1800 3944 adducere,
1831 3875 1880 3932 id
1909 3883 2016 3942 est,
2045 3889 2152 3934 non

555 3983 620 4022 ex
651 3969 852 4040 frigore
881 3972 1146 4040 veniunt,
1177 3971 1270 4032 sed
1307 3985 1374 4032 es
1405 3973 1590 4026 calore
1623 3987 1636 4026 :
1671 3985 1862 4028 verum
1893 3971 2150 4044 quoniam

553 4059 622 4114 de
653 4061 890 4134 Assyriis
923 4063 1280 4134 loquebatur,
1323 4063 1658 4122 locustarum
1699 4077 1914 4136 ponens
1953 4063 2150 4118 simili-

557 4151 824 4220 tudinem,
857 4153 978 4208 ideo
1004 4153 1326 4226 Aquilonem
1361 4154 1709 4232 interposuit,
1739 4165 1798 4212 ut
1829 4167 1934 4208 non
1965 4169 2146 4216 veram

553 4243 840 4312 lucustam,
865 4262 988 4318 qua:
1019 4247 1086 4302 ab
1117 4250 1322 4306 Austro
1353 4249 1540 4304 venire
1569 4247 1890 4316 consuevit,
1923 4249 2018 4306 sed
2047 4248 2149 4308 sub

555 4337 768 4394 locusta
819 4338 1186 4412 intelligamus
1213 4339 1468 4413 Assyrios
1495 4351 1656 4412 atque
1694 4341 2000 4402 Chaldaeos.

629 4431 810 4504 (Vers.
861 4435 930 4488 2'2
975 4433 1152 4508 seqq.)
1197 4433 1326 4488 Noli
1373 4435 1584 4504 timere,
1637 4445 1774 4498 terra
1803 4453 1820 4490 .'
1851 4437 2054 4492 exsultet
2099 4447 2148 4496 et

2253 3219 2506 3280 animalia
2551 3221 2778 3294 regionis
2809 3237 2828 3282 ;
2857 3221 2980 3294 quia
3029 3220 3446 3298 germinarerant
3491 3220 3724 3294 speciosa
3769 3221 3850 3278 de-

2257 3315 2382 3374 serti
2409 3331 2428 3378 .'
2453 3315 2578 3388 quia
2607 3317 2808 3388 lignum
2835 3315 3014 3372 attulit
3055 3319 3286 3388 fructum
3307 3331 3500 3386 suum,
3533 3315 3662 3388 ficus
3689 3327 3742 3378 et
3783 3315 3850 3370 ei-

2255 3425 2352 3462 nca
2379 3409 2630 3466 dederunt
2657 3413 2894 3468 uirtutem
2923 3424 3074 3464 suam
3119 3423 3140 3464 .'
3201 3415 3258 3468 et
3313 3415 3468 3470 tanta.
3515 3409 3622 3470 erit
3667 3425 3848 3468 rerum

2253 3508 2500 3568 omnium
2523 3505 2878 3576 abundantia,
2929 3513 2988 3562 ut
3019 3521 3368 3584 nequaquam
3399 3505 3538 3570 desit
3563 3501 3674 3578 [AL
3705 3501 3848 3574 dem]

2253 3599 2412 3658 vobis
2431 3601 2792 3668 frumentum,
2825 3599 3012 3666 viuum.
3067 3601 3228 3674 198
3275 3599 3540 3664 ctoleum
3567 3613 3676 3672 quo
3701 3609 3850 3654 salu-

2253 3692 2488 3760 remini;
2519 3692 2616 3752 sed
2648 3691 3054 3766 adimpletum
3073 3707 3218 3756 area:
3241 3691 3544 3760 frumento.
3569 3701 3626 3756 et
3655 3691 3850 3752 redun-

2253 3789 2390 3852 dent
2433 3789 2726 3850 toreularia
2781 3789 2910 3848 vino
2953 3799 3008 3850 et
3037 3787 3162 3846 oleo
3189 3833 3206 3858 ,
3267 3795 3328 3848 ut
3355 3804 3466 3852 uoti
3511 3785 3694 3850 solum
3751 3784 3848 3856 ipsi

2253 3879 2578 3950 comedere.
2613 3879 2708 3944 sed
2749 3881 2918 3944 etiam
2950 3879 3074 3944 aliis
3103 3879 3354 3954 praebere
3381 3879 3632 3944 valeatis.
3663 3877 3748 3938 Ad
3793 3877 3850 3934 ti-

2253 3973 2358 4036 lios
2411 3987 2626 4046 quoque
2657 3971 2790 4036 Sion
2819 3973 3132 4044 specialiter
3163 3971 3424 4046 loquitur,
3463 3983 3522 4036 ιιι
3569 3971 3852 4034 exstilteut

2253 4077 2310 4124 et
2329 4069 2620 4140 gaudeant,
2659 4083 2768 4126 non
2801 4067 2856 4128 in
2886 4081 3232 4140 quacumque
3263 4081 3324 4128 re
3355 4065 3496 4130 levi;
3525 4064 3622 4130 sed
3655 4065 3712 4128 iu
3751 4065 3850 4122 Do-

2253 4161 2406 4222 mino
2431 4163 2542 4218 Deo
2573 4175 2694 4234 suo,
2727 4163 2816 4236 qui
2847 4160 3000 4224 dedit
3021 4161 3104 4224 eis
3131 4161 3396 4220 alimenta
3419 4159 3644 4230 justitiam
3675 4175 3686 4212 :
3711 4167 3768 4214 et
3793 4165 3848 4214 ut

2251 4254 2606 4330 Septuaginta
2633 4255 3052 4322 transtulerunt,
3079 4261 3128 4308 et
3157 4253 3370 4314 imbrem
3393 4261 3784 4326 temporaaeum
3803 4259 3846 4308 et

2251 4349 2552 4422 serotinum,
2611 4359 2672 4412 ut
2701 4349 2994 4412 comedunt
3033 4359 3198 4422 atque
3225 4349 3500 4416 linteatus,
3529 4353 3588 4406 et
3629 4343 3846 4402 laudent

2251 4459 2446 4508 nomen
2473 4443 2686 4506 Domini
2713 4443 2810 4504 Dei
2839 4443 2960 4516 sui,
2995 4445 3084 4516 qui
3113 4441 3244 4500 fecit
3273 4457 3396 4504 eum
3423 4443 3508 4500 eis
3537 4437 3806 4500 mirabilia
3827 4479 3840 4504 ,

553 4523 728 4580 laetare
774 4527 1020 4598 quoniam
1070 4528 1420 4598 magniﬁcarit
1483 4527 1741 4588 Dominus
1787 4537 1844 4586 ut
1893 4531 2084 4604 faceret
2125 4549 2144 4586 .’
2171 4539 2306 4602 Det
2329 4553 2666 4612 nequaquam
2687 4538 3200 4602 contundanturtet
3227 4537 3404 4596 sciant
3421 4539 3550 4610 quia
3579 4533 3844 4596 Dominus

553 4619 714 4671 nolite
751 4620 956 4686 timere,
1007 4621 1258 4674 animalia
1305 4621 1526 4694 regionis
1565 4637 1588 4686 ;
1631 4621 1756 4694 quia
1807 4623 2142 4694 germinave-

551 4721 668 4764 runt
723 4713 876 4786 197
922 4715 1154 4784 speciosa
1185 4715 1409 4782 deserti,
1469 4716 1712 4786 quoniam
1759 4711 1940 4788 [\’ulg.
1986 4715 2144 4790 quia]

549 4803 746 4874 lignum
791 4805 964 4860 attulit
995 4809 1224 4874 fructum
1267 4823 1450 4872 suum,
1489 4807 1622 4876 ﬁcus
1647 4815 1692 4860 et
1719 4807 1864 4862 vinea
1891 4807 2145 4866 dederunt

547 4901 780 4954 virtutem
821 4917 968 4956 suam
1005 4917 1024 4956 :
1067 4911 1112 4957 et
1155 4903 1254 4970 ﬁlii
1295 4903 1426 4958 Sion
1453 4943 1466 4968 ,
1515 4903 1768 4960 exsatiate
1809 4913 1856 4958 et
1893 4903 2146 4964 [tutamini

543 4993 598 5046 in
637 4991 861 5050 Domino
899 4993 1008 5048 Deo
1033 5003 1226 5064 restro,
1259 4995 1380 5068 quia
1419 4993 1562 5048 dedit
1603 4995 1742 5050 vobis
1769 4995 2028 5050 doctorem
2047 4999 2144 5068 ju-

539 5089 722 5156 stitire,
768 5099 814 5144 et
857 5089 1160 5144 descendere
1189 5090 1344 5160 faciet
1365 5089 1434 5142 ad
1463 5105 1549 5144 vos
1570 5090 1782 5150 imbrem
1810 5091 2136 5158 matutinum,

541 5189 586 5234 et
617 5181 896 5234 serotinum
925 5179 1108 5252 [ναις.
1134 5179 1284 5234 addit
1317 5179 1475 5252 sicut]
1497 5191 1520 5216 ει
1547 5181 1602 5234 in
1647 5181 1926 5252 principio,
1961 5191 2006 5234 et
2037 5183 2138 5240 im-

541 5271 820 5340 plebantur
859 5289 992 5326 arere
1021 5273 1280 5344 frumento
1309 5313 1322 5338 ,
1355 5283 1402 5328 et
1455 5271 1821 5332 redundabant
1855 5272 2138 5332 toreularia

537 5367 654 5420 riuo
679 5375 728 5420 et
753 5365 890 5436 oleo,
925 5373 973 5422 et
1003 5365 1222 5419 reddam
1245 5365 1386 5420 robis
1433 5382 1622 5436 annos,
1655 5383 1784 5440 quos
1813 5367 2032 5420 comedit
2061 5369 2134 5422 lo-

537 5467 703 5527 custa,
729 5459 976 5526 bruchus,
1011 5471 1056 5514 et
1079 5459 1282 5532 rubigo,
1313 5469 1358 5514 et
1385 5475 1560 5514 eruca.
1591 5459 1878 5515 Fortitudo
1899 5477 2008 5516 mea
2029 5479 2136 5518 ma-

611 5669 636 5696 ἰ
663 5659 800 5732 Vide
815 5659 996 5716 Ruﬁni
1017 5703 1030 5726 ,
1063 5663 1178 5716 sive
1205 5661 1324 5732 ejus
1359 5661 1452 5732 qui
1477 5661 1704 5718 Ruﬁnus
1735 5663 1916 5730 audit,
1963 5663 2130 5720 Com-

539 5731 836 5808 mentarios
863 5733 916 5788 in
945 5733 1090 5786 hunc
1127 5731 1324 5788 loctuu.

2251 4633 2394 4690 Deus
2427 4631 2590 4690 Israel
2613 4625 2816 4692 habitet
2843 4633 2896 4688 in
2929 4629 3111 4692 medio
3139 4645 3354 4698 eorum,
3379 4638 3434 4686 et
3465 4639 3665 4702 printer
3695 4629 3840 4686 illuni

2253 4727 2432 4784 nullus
2453 4725 2524 4784 sit
2547 4727 2704 4792 alius,
2765 4727 2888 4798 quia
2923 4725 3081 4786 Pater
3107 4725 3160 4784 in
3190 4725 3350 4790 Filio,
3383 4733 3440 4782 et
3460 4725 3630 4784 Filius
3659 4725 3712 4780 in
3745 4725 3844 4782 Pa-

2249 4827 2330 4876 tre
2359 4835 2374 4878 :
2407 4827 2462 4876 et
2483 4833 2590 4878 non
2619 4817 2984 4878 confundetur
3013 4817 3244 4890 populos
3275 4817 3420 4876 illius
3449 4817 3558 4894 (At.
3585 4816 3762 4888 utens]
3787 4817 3840 4872 iu

2247 4921 2536 4968 aeternum.
2567 4911 2694 4970 llaec
2719 4913 2870 4984 juxta
2897 4911 3156 4978 litteram,
3187 4913 3312 4984 quia
3333 4926 3364 4968 a
3395 4911 3626 4976 Domino
3653 4923 3840 4982 repro-

2247 5003 2410 5060 missa
2443 5014 2590 5070 sunt,
2613 5004 2892 5068 credimus
2929 5005 3226 5072 accidisse,
3257 5014 3314 5060 et
3335 5005 3676 5066 sterilitatem
3707 5021 3838 5074 prm-

2249 5097 2466 5154 teritam
2499 5099 2656 5158 atavis
2703 5097 2950 5170 frugibus
2989 5109 3398 5172 compensatatn
3425 5115 3438 5154 :
3467 5105 3526 5160 ut
3575 5099 3836 5170 quidquid

2247 5187 2274 5226 1'
2305 5189 2536 5260 locusta,
2567 5189 2832 5260 bruchus,
2867 5201 2924 5252 et
2949 5191 3160 5264 rubigo,
3191 5201 3246 5248 et
3293 5207 3454 5252 eruca
3483 5207 3838 5261 consanuiss-

2245 5290 2352 5350 rat,
2395 5283 2550 5340 altilis
2601 5285 2952 5362 sequentibus
2991 5285 3328 5356 impleretur.
3383 5285 3686 5358 thrimus
3741 5297 3838 5338 cur

2247 5388 2410 5438 eruca
2437 5377 2726 5448 fortitudo,
2771 5379 2854 5436 vel
2885 5378 3056 5438 virtus
3103 5379 3316 5440 Domini
3357 5377 3628 5450 appellata
3659 5377 3750 5442 sit,
3781 5383 3838 5432 et
3873 5369 3886 5382 '

2247 5481 2357 5522 non
2391 5469 2566 5524 solum
2597 5470 2800 5538 virtus,
2831 5473 2926 5528 sed
2957 5473 3131 5528 virtus
3171 5472 3406 5544 tnagna?
3431 5471 3714 5540 Quomodo
3743 5485 3834 5540 po-

2311 5663 2336 5704 ³³
2359 5667 2640 5730 luterserit
2669 5671 2900 5732 Ρὶιιειιὶη.
2931 5683 3208 5752 τροπικῶς.
