4120 6342
345 256 448 318 ωδ

1146 257 1785 328 ΟΟΜΜΕΝΤΑΒῙΟΒΗΜ
1822 259 1890 322 ΙΝ
1927 255 2192 326 ΙΟΕΙιΕὶί
2229 255 2456 324 LIBER.
2508 256 2663 318 CAP.
2704 258 2767 318 ll.

3535 264 3641 327 974

347 369 514 424 tentia
549 366 646 430 Dei
701 368 752 430 in
783 369 1059 448 Egyptiis
1090 373 1266 450 plagis
1289 384 1507 436 ostensa
1534 386 1618 438 est
1649 392 1745 448 per
1769 391 1934 450 parva
1964 379 2014 446 Α
2040 371 2246 450 lignum
2275 373 2460 432 crucis
2481 372 2704 436 afferret
2720 373 2951 434 fructum
2978 387 3160 442 suum,
3179 384 3237 430 et
3260 374 3497 446 Spiritus
3525 393 3649 439 san-

344 463 630 532 animalia,
665 471 719 520 et
748 465 1025 536 praecipue
1071 465 1339 540 cinipbes.
1368 470 1461 542 qui
1498 479 1604 525 tam
1639 472 1789 542 parvi
1815 476 1944 528 sunt

344 556 572 625 culices,
613 566 669 612 ut
701 557 789 616 vix
813 567 1108 618 cernantur
1130 561 1326 618 oculis.
1359 561 1452 622 Sic
1480 571 1535 618 et
1557 579 1703 622 nunc
1735 562 1788 621 in
1823 578 1943 634 par-

344 668 415 708 vo
443 651 706 722 tardaque
733 653 1055 722 vermiculo,
1081 654 1173 726 qui
1199 657 1288 712 vix
1311 657 1517 716 moveri
1543 665 1742 727 potest,
1767 663 1816 712 et
1837 656 1943 712 levi

347 755 493 804 tactu
541 745 868 816 conteritur,
921 745 1016 804 Dei
1051 749 1293 824 potentia
1324 757 1382 806 et
1415 748 1647 806 humana
1679 746 1943 820 fragilitas

346 838 773 900 demonstratur.
806 837 924 898 Non
963 854 1070 910 quo
1099 839 1242 898 Deus
1269 841 1337 897 ad
1368 849 1556 900 nutum
1579 855 1738 901 suum
1771 848 1826 896 et
1857 856 1945 912 po-

348 931 529 986 tentize
546 931 888 1001 majestatem
910 941 1150 1010 nequeat
1171 942 1350 992 terras
1377 933 1722 1002 subvertere,
1745 943 1800 992 et
1817 949 1946 1008 ope-

345 1025 458 1082 rire
500 1034 696 1084 cuncta
735 1025 944 1084 diluvio
971 1067 987 1095 ,
1040 1026 1123 1086 vel
1153 1027 1377 1086 fulmine
1410 1042 1795 1096 concremare;
1847 1027 1945 1088 sed

345 1133 445 1189 per
473 1132 658 1190 parva,
684 1127 834 1185 et,ut
858 1118 929 1176 ita
955 1118 1159 1190 dicam,
1187 1129 1388 1196 puncta
1414 1135 1728 1194 corporum,
1755 1129 1944 1176 osten-

345 1207 427 1263 dit
468 1208 760 1270 humanam
811 1209 1185 1281 fragilitatem.
1245 1211 1398 1270 Unde
1442 1222 1497 1270 et
1525 1213 1660 1274 illud
1708 1214 1946 1272 solemus

346 1298 605 1360 Marcioni
634 1309 690 1362 et
735 1303 947 1362 cmteris
977 1303 1316 1375 respondere
1349 1303 1622 1364 haereticis
1667 1305 1759 1377 qui
1793 1314 1945 1362 vetus

347 1394 556 1456 laniant
580 1396 1016 1468 Testamentum,
1049 1397 1194 1470 quod
1219 1407 1278 1454 et
1309 1397 1516 1472 pulices
1544 1409 1599 1458 et
1641 1399 1843 1458 euliccs
1892 1407 1948 1459 et

348 1489 590 1562 cimices,
634 1500 695 1552 et
741 1490 1114 1564 hujuscemodi
1168 1493 1466 1554 animantia
1508 1493 1714 1554 idcirco
1761 1493 1950 1552 fecerit

351 1582 518 1648 Deus,
549 1590 605 1642 ut
632 1582 990 1658 fragilitatem
1021 1594 1078 1644 et
1120 1584 1555 1646 imbecillitatem
1585 1594 1784 1646 nostra:
1825 1601 1949 1642 car-

350 1675 434 1734 nis
461 1675 796 1746 ostenderet,
825 1693 948 1748 qutc
972 1677 1238 1736 intentum
1263 1678 1397 1740 nihil
1419 1688 1523 1748 est,
1548 1688 1609 1738 ut
1635 1679 1704 1736 ab
1725 1677 1809 1736 his
1827 1694 1948 1750 qua:

2041 465 2113 524 eti
2146 466 2288 522 dona
2341 464 2658 526 dulcissima
2691 480 2849 524 suam
2897 467 3112 526 eunetis
3143 467 3451 526 tribuerent
3482 469 3644 538 largi-

2042 563 2233 614 tatem.
2265 557 2378 614 Vos
2411 572 2630 628 quoque
2654 572 2791 628 quos
2815 559 2960 627 juste
2987 568 3108 629 post
3136 561 3515 629 pmuitentiam
3544 579 3641 616 vo-

2041 664 2106 708 co
2137 650 2276 710 ﬁlios
2304 649 2434 708 Sion
2467 659 2528 710 et
2553 650 2818 708 Ecclesiae
2844 691 2858 718 ,
2893 650 3149 710 lmtamini
3184 661 3345 724 atque
3375 653 3604 724 gaudete
3630 694 3643 718 ,

2041 741 2168 818 quia
2198 743 2354 804 dedit
2381 744 2538 802 vobis
2569 743 2712 804 Deus
2734 751 2891 816 pater
2919 743 3201 804 doctorem
3226 745 3478 816 iustitiae.
3536 747 3650 802 sive

2044 837 2236 896 tribuit
2285 836 2440 898 vobis
2470 837 2731 896 alimenta
2755 834 3004 908 justitiae,
3052 845 3108 892 et
3139 837 3479 900 descendere
3518 837 3650 894 fecit

2045 930 2115 988 ad
2168 946 2266 992 vos
2299 931 2516 1002 pluvias
2557 941 2944 1002 tempm'aneas
2975 939 3137 1004 atque
3183 931 3647 1005 serotinasUsai.

2046 1039 2152 1078 xxx
2177 1023 2215 1098 ).
2249 1023 2435 1080 Pluvia
2469 1023 2631 1097 200
2658 1022 2983 1094 tempesﬁva
3027 1031 3110 1084 εει
3152 1023 3371 1092 quando
3413 1025 3646 1095 primum

2047 1113 2350 1174 doctrinam
2386 1114 2714 1186 suscipimus
2747 1115 2964 1185 pluvia;
3023 1114 3264 1174 serotina
3315 1116 3533 1186 quando
3567 1117 3645 1170 la-

2048 1205 2198 1266 boris
2227 1208 2397 1264 nostri
2428 1205 2638 1266 fructus
2667 1206 2988 1276 recipimus,
3021 1214 3074 1264 et
3103 1205 3170 1264 ad
3199 1207 3492 1275 perlectam
3525 1221 3650 1262 sau-

2046 1308 2256 1356 ctarum
2286 1299 2703 1374 Scripturarum
2734 1300 3020 1360 scientiam
3065 1299 3437 1372 pervenimus.
3460 1298 3650 1356 Potest

2049 1393 2232 1465 pluvia
2277 1403 2634 1468 temporanea
2658 1404 2715 1448 et
2758 1393 3020 1460 serotina,
3050 1401 3206 1452 vetus
3237 1401 3292 1453 et
3319 1406 3522 1450 novum
3557 1404 3653 1446 ac-

2048 1487 2155 1558 cipi
2187 1486 2627 1546 Testamentum.
2663 1485 2730 1548 Et
2754 1501 2866 1544 non
2893 1485 3093 1548 solum,
3122 1485 3319 1557 inquit,
3349 1486 3452 1544 hoc
3475 1484 3655 1552 dedit;

2050 1580 2147 1642 sed
2175 1580 2310 1642 fecit
2334 1596 2433 1638 vos
2480 1581 2636 1640 novis
2668 1580 2928 1644 virtutum
2975 1578 3222 1650 frugibus
3247 1579 3528 1638 abundare
3551 1620 3565 1644 ,
3598 1587 3656 1635 et

2053 1675 2287 1738 saturari
2319 1684 2482 1746 atque
2525 1673 2785 1755 inebriari
2817 1674 3115 1742 frumento,
3160 1674 3288 1734 vino
3325 1685 3384 1730 et
3414 1675 3554 1741 oleo,
3587 1673 3656 1731 de

350 1784 516 1840 parva
583 1779 712 1830 sunt
739 1771 1082 1830 vulneretur.
1115 1772 1172 1828 Si
1202 1779 1388 1832 autem
1418 1787 1581 1832 eruca
1613 1771 1797 1828 tardus
1825 1788 1948 1843 purv
1976 1767 2025 1838 Β
2052 1782 2160 1838 quo
2190 1781 2340 1840 saepe
2370 1767 2632 1824 diximus.
2666 1766 2734 1826 Et
2761 1780 2936 1830 annos
2965 1780 3105 1837 quos
3149 1765 3657 1836 perturbationibus

348 1877 558 1936 vusqne
585 1864 915 1923 vermiculus
945 1864 1137 1924 fortior
1159 1863 1382 1924 homine
1397 1874 1505 1934 est,
1529 1863 1654 1936 quid
1677 1863 1949 1938 gloriatur

347 1965 494 2016 terra
520 1965 584 2015 er
604 1957 773 2024 cinis;
802 1966 856 2014 et
879 1958 1019 2014 elata
1049 1973 1146 2028 per
1175 1958 1484 2030 superbiam
1516 1957 1661 2033 (cum
1684 1972 1754 2018 ex
1781 1955 1948 2014 humo

348 2052 461 2122 sit,
499 2067 529 2106 a
560 2067 666 2126 quo
718 2052 882 2110 homo
935 2052 1273 2125 appellatur)
1329 2053 1562 2110 humana
1608 2051 1950 2112 contemnit?

349 2144 580 2214 Quidam
611 2145 788 2204 locum
833 2147 995 2204 istum
1033 2147 1115 2206 sic
1147 2147 1580 2218 interpretantur
1614 2165 1628 2200 :
1659 2150 1699 2208 A
1741 2146 1950 2206 dextris

349 2247 405 2296 et
429 2256 458 2294 a
482 2239 715 2298 sinistris
733 2241 966 2296 virtutes
983 2251 1035 2296 et
1052 2241 1398 2302 fortitudines
1412 2241 1506 2300 Dei
1528 2239 1947 2314 lsslegimus,

351 2347 486 2402 quas
520 2331 691 2390 Graeci
723 2331 967 2408 δυνάμεις
993 2343 1213 2390 vocant.
1252 2336 1294 2392 A
1325 2333 1534 2392 dextris
1565 2333 1854 2405 Seraphim
1896 2341 1952 2394 et

351 2425 666 2492 Cbcrubim,
680 2427 1310 2500 cunctasqueangelicas
1328 2435 1647 2500 potestates,
1668 2442 1698 2481 a
1715 2425 1953 2488 sinistris

351 2519 658 2578 contrarias
685 2520 1049 2587 fortitudines,
1082 2519 1150 2578 de
1173 2520 1368 2596 quibus
1409 2520 1668 2592 scriptum
1697 2528 1818 2580 est:
1851 2517 1956 2576 Mi-

353 2612 421 2666 sit
444 2612 498 2669 in
525 2628 608 2669 eos
637 2613 768 2672 iram
787 2613 1162 2687 indignationis
1180 2629 1307 2684 aute,
1348 2617 1580 2690 furorem
1611 2622 1659 2671 et
1711 2613 1863 2680 iram,
1907 2621 1957 2666 et

355 2703 742 2764 tribulationem
769 2749 784 2778 ,
829 2707 1196 2764 immissionem
1237 2724 1329 2778 per
1376 2707 1587 2779 angelos
1629 2707 1792 2762 malos
1823 2703 1954 2777 (Ps.

357 2813 566 2868 Lxxvu,
596 2797 744 2872 49);
778 2799 848 2860 de
875 2800 1079 2870 quibus
1133 2811 1186 2858 ct
1233 2800 1490 2858 lllieltaaas
1531 2801 1587 2858 iu
1644 2800 1956 2870 Regnorum

361 2888 470 2962 [ΑΙ.
485 2889 715 2963 Regum]
754 2892 1028 2950 volumine
1048 2892 1285 2966 loquitur
1306 2911 1318 2948 :
1347 2892 1468 2950 Vidi
1489 2891 1770 2952 Dominum
1792 2889 1958 2947 Deum

361 2979 534 3040 Israel
573 2984 829 3044 sedentem
868 3001 1026 3058 super
1057 2987 1300 3046 thronum
1331 3002 1505 3054 suum,
1547 2995 1596 3039 et
1626 2985 1792 3040 omnis
1821 2999 1960 3038 exer-

361 3075 494 3129 citus
523 3076 638 3134 caeli
683 3077 850 3142 stabat
886 3080 1042 3150 juxta
1065 3095 1180 3138 eum
1203 3097 1237 3134 a
1259 3079 1478 3148 dextris,
1511 3089 1558 3134 et
1601 3078 1821 3134 sinistris
1842 3081 1958 3152 ejus

2051 1870 2178 1918 ante
2196 1861 2551 1934 regnantibus
2575 1861 2942 1934 perdideratis
2963 1862 3017 1918 in
3047 1862 3226 1932 vobis,
3245 1861 3466 1933 quando
3489 1876 3655 1932 opera

2048 1966 2232 2016 vestra
2261 1957 2497 2026 locusta,
2529 1957 2796 2027 bruchus,
2831 1957 3050 2028 rubigo,
3077 1972 3356 2029 erucaque
3387 1971 3653 2014 consum-

2051 2061 2296 2120 pserant,
2335 2049 2480 2106 Deus
2511 2049 2667 2114 vobis
2687 2049 2873 2122 perire
2897 2064 3004 2112 non
3035 2063 3230 2120 passus
3259 2061 3363 2110 est.
3394 2049 3545 2106 Tunc
3566 2066 3655 2103 cn-

2053 2142 2284 2204 medetis
2316 2141 2528 2200 fructus
2554 2141 2808 2211 justitize,
2836 2152 2894 2198 et
2922 2143 3326 2211 saturabimini,
3378 2152 3435 2200 et
3462 2144 3650 2200 lauda.

2054 2235 2183 2296 bitis
2229 2250 2427 2292 nomen
2473 2235 2691 2298 Domini
2723 2235 2818 2292 Dei
2848 2237 3038 2305 vestri,
3075 2237 3167 2308 qui
3220 2237 3346 2298 fecit
3371 2238 3650 2296 vobiscum

2055 2330 2346 2390 mirabilia.
2379 2330 2434 2386 Si
2476 2339 2661 2388 autem
2693 2338 2818 2399 post
2848 2330 3226 2400 pmnitentiam
3255 2340 3459 2388 tantam
3493 2333 3655 2390 uber-

2058 2433 2222 2482 tatem
2251 2423 2395 2484 Deus
2417 2437 2602 2482 rerum
2633 2422 2883 2482 omnium
2927 2423 3241 2494 pollicetur,
3271 2423 3402 2494 quid
3432 2441 3660 2494 restion-

2057 2513 2218 2574 debit
2254 2514 2499 2574 Novatus
2540 2527 2745 2587 negans
2797 2514 3216 2583 paenitentiam,
3263 2526 3318 2572 et
3373 2515 3655 2574 reformari

2059 2624 2225 2680 posse
2255 2617 2571 2680 peccatores
2603 2607 2655 2670 in
2713 2607 3002 2682 pristinum
3051 2617 3277 2672 statum.
3309 2609 3355 2666 si
3385 2610 3548 2680 digna
3582 2611 3661 2667 fe.

2059 2705 2237 2762 cerint
2267 2717 2435 2774 opera
2471 2700 2854 2774 paenitentia?
2909 2701 3181 2763 lntantum
3211 2702 3354 2760 enim
3391 2705 3531 2760 Deus
3573 2719 3660 2760 re-

2061 2797 2192 2868 cipit
2218 2797 2567 2868 ptenitentes,
2603 2807 2664 2857 ut
2689 2806 2964 2856 voceteos
2990 2799 3250 2870 populum
3276 2815 3460 2866 suum,
3490 2809 3545 2856 et
3569 2818 3663 2858 ne-

2061 2905 2334 2961 quaquam
2367 2899 2576 2948 asserat
2607 2889 3051 2956 conlundcndos;
3105 2900 3160 2948 et
3201 2890 3569 2952 habitatorum
3599 2910 3660 2951 se

2061 2981 2116 3038 in
2139 2997 2331 3040 eorum
2363 2983 2546 3040 medio
2570 2984 2939 3054 repromittat,
2975 2999 3076 3046 inec
3113 2986 3345 3056 amplius
3373 3002 3467 3043 eos
3497 2989 3662 3045 alium

2066 3073 2352 3136 habituros
2378 3061 2586 3142 Deum;
2621 3075 2716 3134 sed
2751 3076 2804 3132 in
2837 3091 2961 3134 eum
2997 3087 3113 3134 toto
3135 3079 3317 3136 animo
3338 3082 3662 3152 confisuros,

366 3166 460 3238 (lll
483 3168 614 3244 Reg.
645 3171 826 3244 χχιιι).
862 3173 973 3244 Ego
999 3186 1127 3244 puto
1155 3173 1441 3230 sinistrum
1483 3173 1650 3230 fuisse
1681 3173 1954 3244 spiritum,
1984 3155 2032 3220 C
2063 3169 2154 3241 qui
2183 3169 2236 3232 in
2267 3169 2376 3225 illis
2407 3178 2628 3228 maneat
2657 3169 2710 3228 in
2739 3179 3035 3228 teternum.

369 3265 460 3332 (ιυί
482 3279 732 3334 egressus
756 3274 860 3332 est,
890 3274 946 3324 et
967 3267 1116 3326 stetit
1141 3283 1326 3324 coram
1351 3267 1600 3334 Domino,
1625 3275 1680 3322 et
1703 3267 1778 3322 ait
1809 3285 1820 3320 :
1846 3266 1960 3340 Ego

363 3354 619 3428 decipiam
654 3357 857 3426 Achab,
884 3368 932 3420 et
952 3361 1208 3436 egrediar,
1230 3369 1276 3422 et
1299 3377 1387 3418 ero
1417 3361 1634 3433 spiritus
1659 3361 1885 3416 mendax
1903 3362 1961 3418 in

363 3463 451 3502 ore
477 3450 702 3506 omnium
727 3450 1108 3526 PrOpltetarum
1129 3456 1265 3530 ejus.
1305 3454 1383 3514 Ad
1419 3469 1580 3525 quam
1603 3454 1876 3512 siniStram
1906 3461 1962 3510 et

363 3542 691 3602 contrariam
719 3552 1083 3618 potestatem,
1129 3562 1251 3620 qua:
1289 3557 1415 3618 apta
1445 3555 1565 3608 crat
1589 3546 1655 3604 ad
1686 3547 1964 3618 decipien-

363 3631 516 3701 dum,
547 3643 601 3694 ct
648 3637 945 3696 exercitata
977 3637 1043 3692 ad
1074 3638 1279 3706 ruinas,
1314 3649 1370 3696 et
1399 3639 1604 3698 multos
1644 3649 1772 3696 ante
1801 3639 1963 3696 dece-

367 3735 542 3796 perat,
575 3728 814 3802 loquitur
865 3731 1048 3791 Deus:
1082 3729 1326 3804 Decipies
1365 3740 1414 3788 et
1452 3731 1752 3805 pravalebis
1777 3748 1796 3786 :
1821 3749 1965 3806 egre—

366 3819 486 3874 dere
512 3829 558 3880 et
587 3824 673 3894 [ac
717 3822 811 3880 sic.
853 3821 1093 3894 Spiritus
1131 3839 1347 3898 quoque
1399 3825 1495 3884 ille
1540 3825 1632 3896 qui
1669 3824 1966 3888 sull'ocabat

370 3911 500 3972 Saul
520 3955 533 3978 .
564 3914 632 3976 de
655 3931 762 3987 quo
799 3915 1053 3978 dixerunt
1075 3918 1141 3974 ad
1169 3933 1291 3980 eum
1315 3919 1468 3992 pueri
1496 3920 1577 3974 sui
1605 3936 1618 3973 :
1649 3917 1784 3978 Ecce
1809 3920 1966 3988 spiri-

371 4014 448 4060 tus
489 4003 588 4064 Dei
615 4009 783 4064 ntalus
813 4007 1168 4080 obstupescere
1214 4019 1260 4068 te
1287 4011 1412 4083 facit
1439 4009 1651 4084 (lReg.
1683 4026 1800 4079 ενι,
1831 4011 1899 4070 l3
1921 4009 1963 4082 ),

371 4099 438 4154 de
459 4101 698 4162 sinistris
729 4103 978 4176 partibus
1009 4115 1146 4174 erat,
1175 4107 1264 4176 qui
1300 4105 1612 4164 ministrant
1642 4107 1872 4168 Domino
1897 4105 1966 4166 ad

373 4193 676 4262 puniendos
715 4211 810 4256 eos
838 4195 933 4270 qui
973 4197 1202 4260 cruciari
1231 4207 1452 4272 propter
1481 4208 1703 4272 peccata
1748 4215 1966 4256 merue-

374 4293 518 4346 runt.
545 4284 662 4350 Non
689 4288 864 4346 solum
894 4290 1038 4350 enim
1067 4289 1318 4352 homines
1357 4291 1592 4354 ministri
1619 4300 1767 4358 sunt,
1800 4301 1856 4348 et
1888 4292 1970 4348 nl.-

376 4387 521 4442 lores
547 4380 641 4440 ira:
669 4381 808 4454 ejus,
837 4383 892 4440 in
922 4383 1006 4442 bis
1037 4385 1128 4454 qui
1154 4387 1355 4448 malum
1389 4395 1688 4457 operantur
1714 4431 1728 4456 ,
1775 4397 1828 4444 et
1861 4402 1968 4446 non

2139 3261 2325 3333 (Vers.
2353 3261 2423 3318 28
2454 3263 2640 3334 seqq.)
2667 3259 2734 3318 Et
2763 3263 2860 3318 erit
2891 3273 3005 3334 post
3033 3264 3162 3333 Ita'c,
3209 3265 3474 3334 effundam
3510 3271 3666 3340 spiri-

2067 3369 2176 3418 tum
2205 3375 2375 3417 meum
2404 3376 2560 3428 super
2581 3375 2782 3415 omnem
2808 3376 3038 3429 carnem,
3069 3371 3117 3415 et
3144 3361 3524 3433 prapltetabunt
3567 3364 3668 3432 ﬁlii

2065 3453 2243 3518 vestri,
2267 3462 2316 3510 et
2340 3452 2466 3523 ﬁliw
2488 3463 2690 3522 vestrm,
2719 3471 2867 3510 senes
2894 3457 3047 3510 vestri
3078 3458 3278 3511 somnia
3306 3457 3664 3520 somniabunt,

2065 3555 2113 3602 et
2136 3546 2351 3616 juvenes
2377 3547 2532 3602 vestri
2554 3547 2774 3603 uisiones
2811 3548 3087 3614 videbunt,-
3112 3548 3204 3604 κά
3241 3557 3290 3602 et
3324 3565 3478 3618 super
3497 3565 3669 3603 servos

2063 3655 2206 3694 tneos
2231 3649 2282 3696 et
2303 3637 2488 3712 [ναις.
2517 3639 2673 3696 addit
2695 3640 2871 3715 super]
2895 3642 3115 3697 ancillas
3135 3659 3276 3704 meas
3295 3641 3480 3715 [ναις.
3520 3653 3667 3700 tacet

2068 3731 2230 3804 meas]
2253 3734 2307 3788 in
2329 3733 2508 3789 diebus
2530 3734 2634 3788 illis
2654 3733 2920 3803 effundant
2955 3736 3190 3807 spiritum
3219 3753 3384 3791 meum
3405 3778 3419 3802 ,
3450 3748 3493 3790 et
3535 3737 3670 3792 dabo

2066 3827 2316 3900 prodigia
2341 3829 2398 3882 in
2435 3828 2562 3884 coelo
2605 3838 2652 3883 et
2679 3828 2734 3882 in
2764 3838 2924 3894 terra,
2971 3829 3297 3902 sanguinem,
3323 3840 3370 3883 et
3398 3830 3590 3900 ignem,
3624 3838 3672 3886 et

2070 3935 2283 3991 sapores
2312 3921 2464 3992 fumi.
2502 3919 2602 3976 Sol
2629 3931 2955 3976 convertetur
2973 3921 3154 3994 [Vulg.
3184 3923 3430 3997 vertetur]
3456 3925 3506 3978 in
3528 3933 3666 3979 tene-

2069 4011 2190 4070 bras
2209 4054 2224 4079 ,
2256 4022 2304 4068 et
2326 4014 2454 4068 luna
2475 4015 2529 4070 in
2554 4017 2860 4088 sanguinem
2880 4058 2895 4084 ,
2921 4027 3200 4089 antequam
3229 4019 3399 4074 veniat
3424 4019 3533 4074 dies
3559 4019 3674 4075 Do-

2071 4111 2201 4164 mini
2228 4127 2445 4183 magnus
2475 4122 2521 4167 et
2545 4112 2828 4170 horribilis.
2866 4113 2937 4166 Et
2966 4113 3099 4181 erit,
3144 4115 3310 4170 omnis
3337 4117 3426 4186 qui
3465 4116 3675 4169 invoca-

2073 4205 2204 4260 uerit
2251 4222 2436 4262 nomen
2471 4206 2701 4272 Domini,
2733 4209 2906 4264 salvus
2943 4209 3060 4264 erit.
3094 4207 3237 4264 LXX
3276 4227 3288 4263 :
3319 4209 3389 4264 Et
3431 4211 3529 4265 erit
3559 4221 3672 4280 post

2075 4298 2207 4365 hare,
2236 4297 2507 4366 effundam
2522 4301 2587 4356 de
2613 4301 2804 4372 spiritu
2829 4318 2938 4356 meo
2959 4317 3112 4374 super
3141 4319 3346 4358 omnem
3372 4319 3603 4371 carnem,
3627 4316 3676 4358 et

2073 4393 2453 4462 propitelabunt
2477 4393 2576 4463 ﬁlii
2601 4394 2775 4462 vestri,
2807 4402 2857 4448 et
2879 4395 3005 4464 ﬁlice
3033 4404 3234 4461 uestrw,
3266 4405 3312 4449 et
3339 4413 3483 4450 senes
3523 4399 3678 4452 vestri

374 4473 493 4534 sine
544 4487 710 4533 causa
759 4484 977 4552 portant
1000 4476 1278 4550 gladium;
1331 4481 1425 4541 sed
1457 4482 1621 4544 etiam
1675 4479 1972 4540 contraria:
2003 4557 2024 4559 _
2075 4487 2280 4542 somnia
2308 4486 2671 4553 somniabunt,
2719 4496 2766 4541 et
2805 4491 3022 4559 juvenes
3064 4489 3220 4542 uestri
3270 4489 3490 4543 visiones
3536 4491 3678 4546 vide-

375 4565 747 4637 fortitudines,
789 4583 911 4640 quas
940 4571 1282 4646 appellantur
1302 4572 1454 4632 furor
1483 4583 1539 4632 et
1573 4574 1651 4634 ira
1681 4572 1798 4643 Dei,
1832 4587 1969 4644 quos
1995 4557 2051 4620 D
2075 4578 2200 4634 bunt
2233 4595 2252 4634 :
2281 4590 2331 4633 et
2376 4597 2532 4649 super
2559 4595 2728 4634 servos
2758 4557 2895 4635 meos
2933 4591 2980 4634 et
3014 4597 3174 4651 super
3197 4583 3420 4637 ancillas
3453 4599 3590 4638 meas
3621 4585 3676 4638 in

373 4658 643 4732 propheta
672 4660 952 4722 declinans
978 4663 1081 4718 ait:
1112 4661 1334 4736 Domine
1357 4707 1373 4736 ,
1407 4683 1471 4722 ne
1496 4668 1548 4722 in
1572 4668 1748 4739 furore
1773 4679 1862 4726 tuo
1893 4683 1974 4720 ar-

376 4770 507 4825 guas
538 4770 636 4820 me,
671 4771 837 4828 neque
875 4757 929 4814 in
959 4757 1039 4818 ira
1085 4766 1174 4818 tua
1219 4761 1470 4832 corripias
1496 4777 1575 4822 me
1607 4758 1742 4834 (Ps.
1768 4775 1844 4829 v1,
1884 4757 1971 4831 1).

379 4847 684 4912 Istiusmodi
717 4849 812 4926 (ut
839 4852 910 4912 ita
939 4851 1150 4925 dicam)
1179 4854 1578 4925 qumstionariis
1613 4865 1774 4925 atque
1802 4864 1976 4914 torto-

381 4942 532 5004 ribus
561 4944 783 5006 tradidit
801 4945 1097 5018 Apostolus
1111 4955 1456 5019 peccatorem
1479 4948 1533 5006 in
1559 4949 1837 5006 interitum
1857 4962 1977 5004 car—

392 5036 500 5104 nis,
526 5043 584 5094 ut
605 5039 827 5108 spiritus
849 5039 1035 5100 salvus
1067 5039 1223 5096 lieret
1253 5039 1306 5112 (Ι
1337 5038 1457 5098 Cor.
1481 5057 1512 5096 ν
1531 5039 1574 5113 ),
1601 5041 1670 5102 de
1690 5042 1886 5112 quibus
1918 5051 1974 5104 et

383 5129 614 5194 Satanas
633 5141 749 5204 eat.
777 5134 862 5196 cui
893 5133 1118 5196 tradidit
1164 5135 1302 5196 alios
1331 5143 1388 5190 ut
1409 5135 1685 5198 discerent
1733 5151 1840 5196 nou
1866 5136 1981 5192 bla-

387 5222 951 5300 spttemare(l_'l‘im.i).
967 5227 1096 5290 Hac
1114 5228 1183 5288 de
1204 5243 1366 5290 eruca
1389 5243 1488 5288 cur
1501 5228 1596 5288 Dei
1621 5230 1895 5304 appellata
1911 5229 1984 5284 sit

386 5315 578 5380 virtus.
599 5317 963 5384 Transeamus
984 5321 1049 5386 ad
1073 5321 1318 5388 ordinem
1344 5320 1713 5393 intelligentiae
1735 5323 1980 5393 spiritua-

384 5409 570 5474 liszNe
591 5413 804 5484 timeas,
833 5424 998 5486 terra.
1023 5417 1188 5480 immo
1214 5416 1427 5480 conlide
1451 5426 1612 5488 atque
1634 5417 1836 5485 laetare,
1863 5433 1986 5486 quae

388 5503 538 5574 prius
575 5518 870 5570 sementem
907 5508 1232 5574 dominicam
1253 5517 1343 5570 tua
1360 5508 1614 5572 ariditate
1635 5509 1984 5580 perdideras:

389 5599 514 5667 quia
545 5599 907 5670 magniﬁcavit
937 5602 1218 5676 Dominus,
1252 5612 1310 5658 ut
1337 5602 1541 5658 faceret
1570 5611 1744 5658 tecum
1771 5601 1986 5660 miseri-

390 5691 652 5756 cordiam,
675 5694 962 5763 intentum,
993 5705 1054 5751 ut
1078 5699 1244 5760 etiam
1265 5697 1510 5774 iumenta
1541 5696 1781 5772 regionis
1805 5706 1857 5758 et
1887 5696 1986 5758 de-

391 5791 550 5838 sertae
589 5785 896 5841 solitudinis
951 5786 1088 5848 betis
1135 5787 1416 5852 novalibus
1474 5789 1901 5860 complerentur,
1933 5796 1989 5846 et

2081 4671 2258 4726 diebus
2288 4672 2394 4726 illis
2425 4671 2692 4740 eﬁundam
2721 4672 2784 4726 de
2813 4673 3002 4741 spiritu
3025 4691 3157 4742 meo,
3182 4684 3228 4730 et
3251 4675 3386 4730 dabo
3430 4677 3676 4749 prodigia

2081 4763 2135 4816 in
2164 4763 2308 4828 mlo,
2341 4772 2387 4818 et
2423 4781 2578 4834 super
2615 4773 2809 4822 terram
2839 4767 3167 4837 sanguinem,
3201 4768 3394 4839 ignem,
3433 4778 3480 4824 et
3520 4787 3679 4842 vapo-

2081 4872 2190 4912 rem
2231 4858 2382 4928 fumi.
2429 4857 2523 4913 Sol
2567 4868 2890 4913 convertelur
2949 4861 3004 4913 in
3043 4861 3306 4930 tem-bras,
3366 4873 3416 4916 et
3464 4864 3589 4917 luna
3625 4865 3679 4918 in

2080 4951 2416 5022 sanguinem,
2455 4963 2733 5023 antequam.
2780 4954 2948 5007 veniat
2979 4954 3087 5008 dies
3139 4953 3350 5010 Domini
3381 4972 3601 5028 magnus
3631 4966 3678 5010 et

2077 5041 2321 5097 illustris.
2352 5041 2421 5096 Et
2447 5044 2564 5112 erit,
2609 5044 2778 5099 omnis
2827 5047 2916 5115 qui
2945 5047 3253 5102 invocaverit
3283 5065 3470 5103 nomen
3502 5049 3681 5103 Domi-

2085 5136 2159 5201 ni,
2191 5135 2364 5190 salvus
2389 5137 2509 5190 erit.
2543 5135 2698 5194 Hunc
2727 5139 2909 5194 locum
2941 5139 3132 5197 beatus
3163 5142 3442 5211 apostolus
3489 5142 3684 5198 Petrus

2085 5227 2245 5300 201
2283 5228 2565 5298 impletum
2599 5239 2847 5300 tempore
2879 5231 3179 5288 Dominicae
3211 5235 3482 5304 passionis
3516 5251 3685 5306 expo-

2084 5319 2214 5384 suit,
2242 5319 2466 5390 quando
2491 5321 2772 5378 descendit
2799 5322 2888 5378 die
2915 5323 3268 5381 Peutecostes
3293 5325 3532 5396 Spiritus
3557 5343 3686 5382 san-

2086 5421 2210 5468 ctus
2247 5427 2413 5484 super
2441 5414 2756 5478 credentes,
2804 5427 2858 5470 et
2903 5430 3096 5471 omnes
3138 5417 3507 5487 loquebantur
3547 5420 3690 5476 sicut

2091 5504 2336 5576 Spiritus
2378 5518 2601 5562 sanctus
2647 5506 2810 5563 dabat
2836 5507 2919 5562 eis
2965 5523 2975 5558 :
3012 5509 3084 5562 ita
3118 5517 3176 5562 ιιι
3220 5511 3552 5566 mirarentur
3599 5514 3689 5583 qui

2095 5600 2344 5672 aderant,
2368 5610 2421 5657 et
2451 5601 2732 5657 dicerent:
2772 5601 2962 5656 Nonne.
2987 5619 3158 5662 omnes
3189 5606 3273 5664 isti
3297 5607 3384 5675 qui
3410 5607 3692 5677 loquuntur

2098 5692 2304 5752 Galiltei
2332 5705 2484 5762 sunt;
2512 5705 2557 5750 et
2583 5695 2840 5765 quomodo
2873 5712 2965 5756 nos
2994 5696 3289 5754 audivimus
3319 5697 3548 5768 linguam
3577 5717 3696 5754 nos-

2099 5796 2230 5840 tram
2263 5787 2313 5842 in
2344 5804 2444 5858 qua
2475 5789 2583 5841 nati
2629 5789 2843 5842 sumus?
2875 5786 3079 5854 Parthi,
3114 5798 3158 5844 et
3181 5788 3343 5860 Medi,
3377 5801 3421 5844 et
3454 5790 3695 5847 Elamita’
