4100 6336
495 301 600 357 975

1746 298 1806 357 S.
1851 297 2118 358 EUSEBII
2159 296 2539 356 IIIERONYMI

3686 298 3788 356 976

494 416 633 488 (Λι-ι.
667 414 749 487 ιι),
779 420 833 470 et
859 414 1088 486 reliqui;
1124 412 1218 469 alii
1254 425 1387 470 vero
1414 392 1685 481 dicebant,
1717 415 1842 487 quid
1865 416 1972 470 vult
1999 416 2093 469 hoc
2120 415 2176 475 Α
2198 412 2250 467 in
2283 412 2461 481 primo
2488 410 2734 467 adventu
2783 408 2998 466 Domini
3044 408 3346 466 Salvatoris
3382 409 3630 467 dicerent
3670 423 3791 466 esse

497 507 647 563 esse?
669 506 1139 576 lrridentibusque
1168 506 1288 560 aliis
1319 514 1480 575 atque
1522 506 1826 562 dicentibus
1859 526 1872 561 :
1926 514 2093 559 musto

492 600 636 672 pleni
665 610 807 670 sunt,
836 610 987 656 stans
1009 601 1204 656 Petrus
1226 615 1349 655 cum
1373 600 1623 655 undecim
1646 600 1879 657 elevavit
1905 615 2090 655 vocem

491 714 669 767 suam,
706 707 761 753 et
804 697 880 753 ait
911 716 924 752 :
966 696 1079 753 Viri
1106 698 1305 765 Judwi,
1352 706 1399 752 et
1426 699 1515 770 qui
1539 697 1779 752 habitatis
1801 698 2090 752 Jerusalem

498 791 744 857 universi,
776 791 872 845 hoc
893 801 1073 845 notum
1100 792 1167 845 sit
1194 791 1358 857 vobis,
1388 800 1434 844 et
1454 790 1665 845 auribus
1688 792 1929 863 percipile
1946 790 2095 845 verba

488 901 635 939 mea:
665 882 848 954 Neque
873 885 1007 938 enim
1036 894 1089 938 ut
1116 901 1204 939 vos
1224 883 1513 949 cestimatis,
1538 885 1626 937 isti
1657 883 1781 937 ebrii
1804 891 1943 950 sunt,
1975 899 2093 936 cum

489 977 556 1029 sit
602 977 733 1031 hora
761 977 917 1030 tertia
943 978 1087 1040 diei;
1121 977 1209 1031 sed
1256 976 1352 1029 hoc
1393 988 1465 1030 est
1492 975 1629 1046 quod
1660 976 1855 1030 dictant
1882 984 1957 1030 est
2004 992 2094 1045 per

491 1069 797 1139 prophetam
824 1068 962 1123 Joel.
997 1067 1068 1123 Et
1099 1070 1194 1123 erit
1224 1078 1338 1139 post
1368 1066 1502 1135 lucc,
1536 1068 1660 1120 dicit
1689 1067 1973 1122 Dominus:
1998 1066 2095 1138 Ef—

490 1163 711 1231 fundam
746 1164 809 1217 de
841 1164 1029 1232 spiritu
1059 1181 1172 1219 meo
1209 1181 1364 1236 super
1395 1180 1598 1217 omnem
1627 1178 1852 1227 carnem,
1886 1172 1933 1215 et
1973 1177 2094 1230 pro-

490 1257 795 1328 phetabunt,
826 1266 879 1313 et
918 1259 1122 1328 reliqua
1158 1273 1331 1328 usque
1362 1257 1429 1311 ad
1460 1272 1582 1311 eum
1613 1256 1812 1324 locum,
1848 1270 2005 1324 quem
2038 1255 2091 1309 in

487 1349 727 1418 capitulo
760 1351 1169 1420 proposuimus.
1199 1359 1223 1386 κ
1255 1349 1392 1404 Cum
1415 1349 1583 1420 igitur
1608 1349 1805 1404 Petrus
1837 1348 1931 1402 illo
1954 1358 2094 1403 tem-

488 1454 624 1508 pore
656 1456 761 1509 quo
804 1455 995 1510 passus
1036 1450 1119 1494 est
1154 1440 1438 1506 Dominus,
1473 1438 1812 1508 prophetiam
1844 1437 1961 1493 Joel
1993 1438 2091 1491 im-

486 1532 692 1597 pletam
725 1547 848 1587 esse
897 1542 1185 1597 memoret,
1219 1532 1321 1586 hoc
1352 1540 1559 1585 tantum
1592 1531 1907 1599 qurerimus,
1952 1544 2091 1599 quo-

491 1624 655 1680 modo
681 1632 736 1679 et
758 1625 1040 1691 superiora
1066 1632 1122 1679 et
1146 1625 1345 1690 media,
1377 1633 1431 1678 et
1458 1636 1575 1693 quae
1598 1632 1897 1693 sequuntur
1922 1637 2093 1693 usque

490 1719 559 1774 ad
604 1719 767 1773 linem
811 1718 1104 1773 voluminis
1136 1718 1242 1773 sibi
1274 1719 1488 1774 valeant
1531 1717 1834 1783 cohaerere,
1880 1731 1949 1772 ne
1990 1716 2092 1771 sub

2197 505 2533 575 completum
2569 524 2581 558 :
2624 503 2865 560 maxime
2893 520 3015 559 eum
3043 514 3099 559 et
3138 504 3246 569 illi,
3280 511 3336 559 et
3376 519 3475 559 nos
3515 518 3639 572 qua:
3669 518 3794 573 pro-

2199 599 2364 654 missa
2393 609 2541 665 sunt,
2571 599 2626 653 in
2658 598 2879 654 Christo
2900 597 3148 652 dicamus
3177 612 3301 653 esse
3323 595 3648 667 complenda
3684 613 3697 650 :
3736 594 3790 650 in

2205 692 2309 748 hoc
2332 684 2720 749 tantummodo
2741 691 3141 763 discrepantes,
3172 691 3314 763 quod
3346 691 3422 745 illi
3451 690 3632 745 futura
3663 703 3792 745 con-

2197 788 2445 855 tendunt,
2475 802 2575 843 nos
2604 788 2713 857 jam
2758 786 2899 841 facta
2926 786 3301 841 convincimus
3344 800 3358 838 :
3400 784 3470 840 de
3495 799 3602 855 quo
3626 784 3681 838 in
3710 782 3794 837 his

2194 894 2315 949 quae
2346 889 2671 950 sequuntur,
2697 879 2916 948 plenius
2939 875 3322 933 disserendum
3351 885 3455 932 est.
3485 876 3676 931 Omnis
3703 889 3798 929 au-

2197 981 2302 1028 tem
2335 987 2464 1028 caro
2508 989 2673 1040 super
2704 988 2863 1041 quam
2907 970 3203 1026 eiiusurum
3251 984 3310 1025 se
3351 969 3420 1025 de
3467 968 3659 1039 spiritu
3699 982 3798 1025 suo

2199 1065 2463 1121 Dominus
2488 1065 2800 1135 pollicetur,
2848 1064 2941 1118 illa
2968 1073 3054 1119 est
3084 1063 3152 1118 de
3182 1077 3285 1133 qua
3310 1060 3477 1117 Isaias
3517 1061 3792 1132 loquitur:

2195 1158 2264 1212 Et
2286 1160 2475 1215 videbit
2497 1159 2665 1214 omnis
2693 1176 2814 1213 caro
2840 1160 3072 1213 salutare
3104 1157 3203 1212 Dei
3232 1155 3389 1229 (Isai.
3423 1172 3519 1223 ιι..
3555 1154 3798 1228 5).Ergo

2195 1253 2439 1308 salutare
2477 1253 2571 1308 Dei
2600 1252 2781 1308 videri
2805 1268 2912 1308 non
2944 1261 3145 1322 potest,
3171 1251 3275 1305 nisi
3307 1250 3545 1321 Spiritus
3575 1258 3797 1305 sanctus

2196 1344 2522 1399 effundatur.
2558 1345 2628 1399 Et
2669 1344 2998 1415 quicumque
3037 1342 3263 1399 credere
3292 1357 3352 1398 se
3379 1341 3511 1397 dicit
3539 1341 3595 1396 in
3640 1340 3799 1396 Chri-

2195 1446 2365 1503 stum,
2401 1452 2510 1493 non
2541 1436 2774 1493 credens
2820 1438 2875 1491 in
2919 1435 3184 1507 Spiritum
3218 1441 3489 1499 sanctum,
3538 1431 3801 1504 perfecta:

2197 1529 2324 1585 fidei
2354 1530 2541 1585 oculos
2572 1542 2685 1583 non
2724 1527 2966 1584 habebit.
2993 1527 3151 1583 Unde
3194 1535 3250 1581 et
3292 1528 3344 1580 in
3395 1524 3619 1580 Actibus
3663 1539 3803 1595 apo-

2197 1623 2489 1690 stolorum,
2522 1624 2613 1693 qui
2645 1623 2903 1693 baptizati
2934 1630 3093 1677 erant
3141 1619 3465 1690 baptismate
3493 1617 3721 1675 Joannis
3749 1618 3800 1671 iu

2197 1732 2319 1773 eum
2348 1720 2438 1789 qui
2466 1725 2730 1773 venturus
2754 1725 2893 1783 erat,
2934 1716 3038 1771 hoc
3070 1722 3176 1781 est,
3223 1714 3276 1768 in
3309 1711 3534 1768 nomine
3581 1708 3799 1765 Domini

488 1825 600 1865 uno
620 1819 771 1865 textu
803 1809 1309 1879 consequentiaque
1328 1808 1625 1873 sermonis,
1654 1808 1865 1865 diversa
1896 1818 1952 1863 et
1976 1808 2087 1863 dis-
2123 1801 2170 1861 B
2197 1810 2322 1866 Jesu
2346 1830 2356 1864 :
2390 1812 2514 1880 quia
2550 1809 2951 1880 responderunt
2972 1805 3143 1862 Paulo
3176 1803 3541 1875 interroganti
3568 1820 3581 1856 :
3610 1801 3719 1859 Sed
3743 1818 3805 1855 ne

488 1918 692 1960 sonans
720 1902 864 1958 inter
886 1918 947 1960 se
975 1902 1291 1974 explanatio
1316 1911 1525 1958 scatere
1553 1901 1841 1957 videatur?
1872 1904 1913 1956 Α
1942 1901 2095 1971 prin-

487 1998 632 2068 cipio
670 2012 801 2068 ergo
839 2012 1010 2068 usque
1055 1997 1122 2052 ad
1148 2011 1274 2051 eum
1320 1997 1498 2051 locum
1526 1997 1621 2051 ubi
1661 1995 1926 2066 scriptum
1960 2005 2042 2050 est
2076 2012 2089 2048 :

491 2089 716 2162 Magnus
761 2091 872 2144 dies
903 2090 1114 2144 Domini
1142 2099 1189 2144 et
1221 2089 1469 2144 terribilis
1492 2088 1663 2155 valde,
1697 2096 1741 2144 el
1783 2091 1898 2159 quis
1940 2090 2095 2145 susti—

498 2183 634 2236 nebit
660 2198 775 2236 eum
788 2184 942 2237 ?com
953 2181 1177 2237 minatio
1204 2191 1286 2235 est
1306 2188 1470 2251 atque
1496 2181 1818 2251 descriptio,
1836 2196 1958 2251 qua:
1972 2195 2097 2251 pec-

492 2276 661 2332 catori
707 2277 905 2347 populo
943 2276 1205 2331 Dominus
1246 2274 1500 2331 illaturus
1549 2278 1640 2331 sit.
1688 2276 1771 2332 Ab
1816 2290 1883 2331 eo
1914 2286 2095 2331 autem

492 2371 616 2425 loco
646 2370 738 2424 ubi
783 2369 1013 2441 legimus
1049 2388 1060 2421 ι
1093 2368 1466 2424 Convertimini
1497 2368 1566 2421 ad
1598 2386 1675 2423 me
1707 2370 1759 2423 in
1786 2378 1891 2424 toto
1921 2368 2094 2435 corde,

494 2473 540 2518 et
580 2465 632 2517 in
653 2465 881 2535 jejunio,
914 2473 961 2518 et
988 2464 1039 2515 in
1073 2465 1223 2532 ﬂetu,
1256 2470 1302 2515 et
1326 2462 1379 2515 in
1411 2461 1649 2533 planctu,
1681 2476 1851 2532 usque
1875 2461 1942 2516 ad
1973 2477 2098 2516 eum

493 2559 697 2626 locum,
733 2557 825 2613 ubi
848 2557 953 2611 ait:
988 2556 1162 2622 Quare
1189 2557 1369 2610 dicunt
1398 2556 1450 2609 in
1474 2556 1706 2627 populis,
1738 2556 1828 2609 ubi
1854 2566 1927 2610 es!
1960 2555 2097 2609 Deus

495 2655 710 2708 eorum?
737 2649 1043 2706 cohortatio
1072 2649 1284 2704 Domini
1314 2656 1400 2703 est
1429 2658 1552 2719 post
1574 2663 1765 2719 pmnas
1786 2657 1950 2718 atque
1971 2662 2099 2717 sup-

497 2745 657 2813 plicia
702 2743 769 2798 ad
811 2743 1185 2812 penitentiam
1226 2742 1592 2811 provocantis.
1638 2742 1870 2795 Rursum
1919 2742 1985 2795 ab
2033 2756 2099 2796 eo

495 2835 619 2890 loco
648 2834 739 2905 qui
768 2835 1013 2906 sequitur
1047 2851 1059 2887 :
1090 2833 1304 2889 Zelatus
1344 2842 1416 2888 est
1444 2832 1699 2887 Dominus
1731 2842 1920 2887 terram
1950 2850 2099 2887 suam

495 2936 543 2981 et
570 2928 795 2999 pepercit
823 2926 1019 2998 populo
1063 2944 1178 2995 suo,
1214 2934 1259 2981 et
1309 2926 1627 2997 respondens
1661 2926 1913 2979 Dominus
1941 2925 2094 2993 dixit,

498 3036 672 3090 usque
702 3021 769 3076 ad
793 3036 917 3077 eum
950 3021 1149 3085 locum,
1185 3020 1275 3074 ubi
1306 3020 1568 3088 scriptum
1600 3027 1717 3074 est:
1748 3018 1816 3072 Et
1843 3036 1945 3073 non
1971 3035 2097 3073 con-

499 3112 750 3184 fundetur
768 3114 993 3185 populus
1013 3128 1153 3167 meus
1178 3113 1232 3165 in
1262 3121 1535 3180 aeternum,
1568 3110 1925 3181 repromissio
1957 3111 2099 3166 futu-

2199 1906 2244 1959 si
2271 1906 2335 1958 sit
2356 1904 2562 1975 quidem
2592 1902 2825 1973 Spiritus
2854 1908 3089 1965 sanctus,
3112 1899 3345 1953 novimus
3373 1896 3511 1967 (Act.
3541 1894 3677 1966 XIX),
3711 1892 3805 1949 ite-

2200 2014 2319 2054 rum
2361 1998 2744 2068 baptizantur:
2780 1996 2953 2050 immo
2983 2009 3177 2050 verum
3200 1993 3467 2062 baptisma
3495 1988 3798 2061 accipiunt,

2199 2091 2325 2162 quia
2345 2092 2465 2145 sine
2493 2090 2699 2159 Spiritu
2733 2096 2925 2143 saneto
2950 2095 3005 2141 et
3028 2086 3291 2156 mysterio
3319 2082 3627 2151 Trinitatis,
3652 2080 3807 2153 quid-

2199 2185 2327 2256 quid
2357 2186 2408 2239 in
2440 2200 2602 2239 unam
2634 2193 2690 2239 et
2710 2184 2937 2238 alterunt
2968 2194 3260 2251 personam
3291 2178 3576 2249 accipitur,
3609 2176 3808 2245 imper-

2200 2279 2397 2334 fectum
2421 2286 2525 2333 est.
2556 2275 2742 2347 Neque
2766 2290 2897 2330 vero
2926 2274 3105 2327 omnis
3134 2273 3224 2343 qui
3248 2270 3520 2342 acceperit
3544 2269 3805 2341 Spiritum

2204 2373 2363 2445 203
2393 2379 2663 2436 sanctum,
2711 2368 2895 2425 statim
2926 2366 3149 2422 habebit
3186 2375 3241 2422 et
3273 2365 3501 2436 gratiam
3545 2363 3802 2435 spiritua-

2204 2463 2457 2529 lem;sed
2490 2478 2585 2533 per
2606 2460 2924 2517 effusionem
2952 2457 3186 2530 Spiritus
3200 2457 3375 2513 sancti
3403 2456 3648 2512 diversas
3676 2470 3807 2527 gra-

2203 2559 2304 2613 tias
2347 2566 2712 2627 consequetur
2759 2554 2802 2625 (I
2847 2552 2968 2609 Cor.
3019 2552 3139 2623 xu).
3183 2551 3288 2606 Alii
3327 2550 3694 2622 prophetiam,
3750 2555 3809 2603 ut

2203 2650 2295 2705 ﬁlii
2328 2659 2383 2705 et
2410 2650 2535 2703 lilia:
2564 2648 2655 2719 qui
2700 2646 2925 2718 majoris
2946 2653 3072 2701 sunt
3101 2643 3281 2700 meriti
3312 2659 3327 2711 ;
3357 2644 3447 2697 alii
3479 2641 3711 2708 somnia,
3752 2648 3811 2695 ut

2203 2757 2363 2798 senes
2396 2743 2507 2812 jam
2552 2740 2911 2811 provectioris
2939 2738 3139 2793 :etatis:
3171 2738 3263 2792 alii
3285 2736 3545 2803 visiones,
3574 2743 3635 2791 ut
3655 2733 3813 2805 juve-

2205 2850 2301 2892 nes
2323 2836 2412 2907 qui
2446 2836 2695 2891 vicerunt
2726 2833 3041 2901 malignum.
3067 2829 3225 2888 Servi
3252 2846 3386 2887 vero
3410 2840 3467 2886 et
3483 2828 3696 2885 ancilla:
3718 2828 3809 2897 qui

2203 2930 2383 2985 adhuc
2434 2928 2683 2997 Spiritum
2727 2926 2937 2982 timoris
2974 2925 3196 2991 habent,
3236 2933 3292 2979 et
3329 2939 3437 2980 non
3480 2922 3810 2990 dilectionis,

2204 3026 2327 3094 quia
2362 3023 2590 3092 perfecta
2616 3021 2826 3075 dilectio
2854 3021 2996 3092 foras
3028 3020 3187 3073 mittit
3214 3018 3472 3085 timorem,
3502 3032 3611 3073 non
3644 3014 3813 3072 halte-

2205 3119 2340 3174 bunt
2382 3118 2744 3187 prophetiam,
2791 3132 2897 3171 non
2945 3114 3177 3181 somnia,
3219 3128 3326 3169 non
3370 3113 3644 3179 visiones;
3690 3110 3808 3178 sed,

498 3220 686 3259 rerum
712 3214 955 3275 est,qure
984 3204 1125 3258 bona
1157 3210 1440 3273 postquam
1466 3203 1679 3274 egerint
1701 3204 2098 3273 paenitentiam,
2127 3187 2173 3250 (ἶ
2205 3212 2440 3284 Spiritus
2464 3211 2638 3265 sancti
2671 3209 2934 3266 eﬂ‘usione
2955 3207 3222 3275 contenti,
3247 3206 3371 3263 lidei
3405 3215 3615 3261 tantum
3642 3215 3699 3261 et
3724 3219 3811 3259 sa-

499 3298 737 3354 deheant
769 3298 1096 3367 praestolari.
1127 3296 1195 3352 Et
1224 3307 1351 3368 post
1379 3296 1543 3349 multa
1560 3312 1681 3366 quae
1707 3314 1850 3352 nunc
1880 3298 2102 3368 longum

500 3402 587 3446 est
634 3400 908 3456 retexere,
960 3392 1072 3444 haec
1105 3403 1321 3458 quoque
1352 3389 1403 3443 in
1433 3389 1798 3457 promissione
1826 3390 2099 3459 dicuntur,

501 3498 622 3553 qua:
644 3483 695 3536 in
726 3482 1141 3552 praesentiarum
1174 3495 1441 3535 conamur
1467 3496 1745 3551 exponere
1779 3499 1791 3534 :
1823 3482 2105 3549 E/fundam

501 3576 565 3629 de
591 3575 777 3646 spiritu
818 3591 929 3629 meo
966 3590 1119 3646 super
1150 3589 1353 3627 omnem
1382 3590 1613 3641 carnem,
1644 3583 1693 3628 et
1722 3576 2105 3646 prophetabunt

503 3670 601 3735 [illi
645 3668 821 3735 vestri,
847 3668 1006 3740 202
1050 3677 1099 3721 et
1142 3668 1269 3736 filia:
1310 3676 1510 3732 vestras,
1544 3677 1600 3723 et
1644 3668 1871 3739 reliqua.
1908 3668 2107 3724 Videor

504 3759 639 3814 mihi
669 3774 696 3812 a
732 3759 1002 3829 principio
1034 3773 1205 3828 usque
1236 3760 1301 3811 ad
1333 3759 1477 3815 hunc
1509 3761 1710 3824 locum,
1759 3770 1966 3815 textum
1993 3776 2107 3815 ser-

502 3868 663 3907 vasse
693 3852 988 3907 sermonis.
1024 3851 1252 3906 Laboris
1280 3862 1363 3908 est
1394 3852 1637 3919 maximi,
1680 3854 1957 3924 quomodo
1986 3871 2107 3923 qua:

507 3953 829 4014 sequuntur,
861 3943 947 3997 his
962 3958 1085 4013 qua:
1115 3958 1258 3998 nunc
1284 3943 1629 4011 disserimus,
1648 3946 1952 4015 coaptanda
1974 3947 2101 4002 sint.

507 4034 661 4088 Alius
690 4034 824 4089 dicit
865 4050 985 4105 quae
1033 4035 1365 4105 generaliter
1408 4035 1461 4090 in
1495 4037 1690 4092 ultimo
1736 4048 1983 4108 tempore
2023 4057 2107 4096 re-

508 4127 780 4195 promissa
830 4135 974 4195 sunt,
1028 4141 1176 4181 nunc
1222 4143 1288 4181 ex
1339 4137 1496 4197 parte
1540 4130 1834 4199 completa.
1866 4131 1935 4186 Et
1980 4134 2107 4204 quia

516 4218 545 4256 ι»
594 4218 878 4290 praemium
929 4218 1235 4273 futurorum
1294 4220 1346 4273 in
1394 4222 1571 4290 primo
1612 4221 1846 4279 adventu
1898 4225 2109 4283 Domini

515 4311 745 4381 apostoli
779 4310 1109 4378 sentiebant,
1142 4311 1435 4367 libamenta
1462 4314 1710 4384 quaedam
1748 4326 1805 4371 et
1844 4318 2110 4387 primitias

515 4405 847 4461 mirabilium
876 4407 1119 4476 expletas
1139 4421 1472 4475 memorare,
1498 4416 1557 4463 ut
1576 4408 1751 4465 donec
1773 4412 2110 4485 veniatquod

514 4502 819 4572 perlectum
853 4510 956 4569 est,
987 4500 1040 4555 id
1065 4501 1207 4571 quod
1237 4516 1305 4557 ex
1348 4510 1503 4573 parte
1534 4515 1910 4575 praecesserat,
1945 4510 2111 4563 senti-

516 4606 721 4648 remus.
749 4592 901 4647 Alius
931 4607 1062 4647 vero
1093 4592 1407 4662 apostolicae
1431 4609 1553 4650 esse
1582 4597 1782 4651 asserit
1814 4609 2111 4656 consuetu-
2135 4584 2188 4645 Γ)

515 4688 676 4754 diuis,
706 4688 859 4757 juxta
887 4686 1017 4741 illud
1043 4687 1186 4757 quod
1211 4686 1279 4742 de
1315 4695 1508 4743 sancto
1539 4688 1659 4743 viro
1688 4690 1947 4761 scriptum
1988 4702 2105 4748 est:

519 4782 849 4851 Dispensabit
875 4796 1133 4835 sermones
1160 4796 1278 4835 suos
1316 4781 1370 4834 in
1392 4781 1601 4853 judicio
1633 4781 1751 4852 (Ps.
1799 4800 1905 4851 cxt,
1940 4784 2019 4855 5):
2051 4796 2108 4841 ut

519 4872 779 4942 quidquid
827 4872 959 4927 utile
994 4872 1342 4927 audientibus
1384 4888 1505 4928 esse
1546 4874 1863 4945 cernebant,
1910 4885 1964 4931 et
1997 4893 2103 4934 non

513 4981 827 5037 repugnare
873 4965 1254 5035 praesentibus,
1284 4966 1351 5020 de
1381 4966 1606 5021 alterius
1644 4970 1909 5038 temporis
1950 4972 2103 5026 testi-

514 5059 718 5113 moniis
758 5058 1099 5125 roborarent,
1134 5073 1241 5111 nou
1288 5057 1434 5126 quod
1480 5059 1842 5115 abuterentur
1881 5062 2103 5118 audien-

511 5152 647 5207 tium
675 5149 1023 5220 simplicitate
1042 5159 1100 5205 et
1120 5149 1414 5219 imperitia,
1440 5162 1493 5204 ut
1519 5152 1716 5221 impius
1742 5154 2103 5211 calumniatur

516 5243 876 5316 Porphyrius,
909 5243 1002 5299 sed
1026 5243 1181 5313 juxta
1211 5244 1514 5312 apostolum
1561 5244 1812 5315 Paulum,
1844 5248 2100 5318 prredica.

510 5345 637 5391 rent
664 5346 978 5405 opportune,
1014 5335 1304 5406 importune
1330 5333 1394 5402 (ll
1423 5332 1559 5390 Tim.
1585 5336 1686 5405 IV).
1714 5336 1781 5391 Et
1808 5349 2103 5409 sequentes

508 5430 754 5499 regulam
810 5428 1220 5499 prophetarum,
1270 5428 1532 5498 quidquid
1578 5428 1751 5485 Judaei
1804 5432 1857 5486 in
1915 5433 2102 5491 ultimo

514 5533 763 5592 tempore
814 5522 916 5578 sibi
965 5522 1257 5577 carnaliter
1303 5522 1709 5592 repromittunt,
1756 5527 2105 5596 Spiritualiter

587 5673 609 5697 τι
640 5660 775 5734 Vide
802 5660 1245 5734 Confirmentarios
1272 5660 1475 5734 veteris
1501 5660 1807 5730 scriptoris,
1832 5665 1921 5734 qui
1956 5665 2105 5723 Ruti-

512 5749 608 5813 nue
632 5732 803 5813 audit,
828 5742 883 5786 et
914 5733 1301 5813 Hieronymum
1326 5731 1566 5803 audaciae
1594 5731 1921 5792 temeritatis
1943 5750 2101 5811 atque

511 5802 801 5873 imperitiae
830 5816 1018 5857 accusa
1031 5820 1086 5856 re
1118 5802 1299 5857 audet.

2206 3303 2331 3359 lutis
2358 3303 2587 3374 gratiam
2636 3301 3017 3372 possidebunt.
3047 3300 3199 3356 Tunc
3240 3299 3390 3355 dabit
3437 3298 3680 3371 prodigia
3712 3298 3816 3353 Do-

2206 3396 2384 3450 minus
2417 3395 2468 3449 in
2522 3394 2664 3450 coelo
2710 3395 2848 3449 etin
2898 3403 3040 3449 terra
3081 3411 3094 3447 :
3140 3393 3194 3448 in
3232 3393 3399 3458 coelo,
3427 3393 3551 3464 quia
3600 3392 3684 3447 sol
3731 3399 3816 3447 est

2206 3503 2395 3543 versus
2426 3488 2477 3542 in
2510 3488 2780 3551 tenebras,
2827 3496 2883 3543 et
2910 3488 3039 3542 luna
3069 3488 3118 3541 in
3153 3486 3503 3557 sanguinem:
3541 3485 3592 3540 in
3629 3495 3808 3550 terra,

2207 3584 2331 3653 quia
2369 3593 2476 3637 tam
2514 3581 2824 3638 vehementi
2866 3591 2920 3637 et
2955 3580 3175 3637 insolito
3216 3589 3367 3636 motu
3408 3589 3552 3635 terra
3598 3586 3813 3635 contre-

2208 3676 2365 3743 muit,
2405 3683 2465 3730 ut
2504 3682 2850 3730 monumenta
2893 3682 3103 3744 aperta,
3142 3682 3199 3728 et
3241 3687 3371 3728 saxa
3408 3671 3650 3741 disrupta
3680 3670 3812 3725 sint.

2209 3766 2365 3835 Quod
2396 3777 2574 3824 autem
2604 3767 2754 3833 dicit,
2789 3767 3096 3836 sanguinem
3125 3774 3177 3820 et
3220 3780 3461 3835 vapores,
3494 3764 3611 3819 sive
3651 3778 3811 3835 vapo-

2209 3876 2316 3915 rem
2336 3861 2489 3930 fumi,
2521 3860 2738 3932 sanguis
2756 3860 2843 3915 ille
2869 3869 2969 3926 est,
3000 3860 3067 3917 de
3093 3875 3199 3931 quo
3227 3860 3279 3914 in
3293 3859 3524 3915 Psalmis
3546 3858 3809 3929 legimus:

2221 3953 2289 4009 Ut
2327 3955 2619 4025 intingatur
2654 3971 2742 4026 pes
2782 3965 2900 4009 tuus
2928 3955 2983 4007 in
3013 3955 3267 4027 sanguine
3288 3952 3464 4023 (Psal.
3494 3968 3663 4019 nvu,
3692 3951 3810 4023 24).

2210 4049 2280 4104 Et
2324 4050 2377 4105 in
2415 4049 2551 4104 Isaia
2597 4066 2609 4103 :
2668 4048 2838 4116 Quam
2883 4050 3177 4103 rubicunda
3219 4058 3343 4102 sunt
3388 4048 3688 4102 vestimenta
3723 4055 3813 4100 tua

2212 4143 2370 4214 (Isai.
2406 4159 2556 4209 xcut,
2585 4143 2664 4214 2)!
2689 4152 2744 4199 et
2769 4158 2953 4213 quem,
2988 4157 3243 4213 percusso
3274 4143 3445 4198 latere
3467 4140 3770 4198 Salvatoris
3794 4184 3809 4206 ,

2213 4236 2394 4290 mixtis
2425 4234 2577 4306 aquis
2604 4234 2881 4291 Romanus
2930 4235 3089 4291 miles
3126 4232 3314 4289 effudit
3341 4232 3523 4306 (Joan.
3566 4230 3707 4302 xtx).
3748 4232 3814 4287 Et

2214 4328 2352 4398 ignis
2393 4326 2630 4397 Spiritus
2677 4326 2876 4392 sancti,
2914 4326 3002 4397 qui
3034 4324 3320 4382 descendit
3349 4324 3419 4380 de
3458 4324 3624 4393 caelo,
3656 4332 3717 4379 ut
3758 4322 3811 4379 in

2213 4418 2438 4478 Actibus
2464 4420 2833 4490 apostolorum
2866 4420 3096 4491 legimus
3121 4436 3133 4473 :
3168 4418 3539 4490 Apparuerunt
3566 4416 3674 4471 illis
3704 4415 3812 4470 dis-

2214 4512 2413 4582 pertita:
2434 4513 2626 4583 linguae
2652 4523 2913 4584 tamquam
2943 4513 3101 4583 ignis,
3133 4512 3370 4581 seditque
3396 4526 3556 4583 supra
3577 4509 3809 4583 singulos

2214 4622 2415 4673 eorum,
2447 4615 2492 4660 et
2523 4606 2708 4677 repleti
2735 4616 2851 4661 sunt
2880 4622 3058 4660 omnes
3087 4605 3293 4679 Spiritu
3321 4614 3526 4670 sancto,
3552 4612 3603 4659 et
3648 4618 3812 4674 cmpe-

2214 4708 2336 4751 runt
2366 4698 2508 4767 loqui
2540 4698 2695 4752 rariis
2719 4698 2930 4768 linquis,
2964 4706 3114 4767 prout
3146 4696 3373 4769 Spiritus
3416 4704 3624 4751 sanctus
3655 4695 3813 4749 dabat

2216 4790 2387 4860 eloqui
2410 4789 2519 4844 illis
2548 4790 2685 4859 (Act.
2718 4807 2777 4857 il,
2803 4792 2835 4846 ’5
2863 4791 3052 4861 seqq.).
3089 4788 3187 4843 Hic
3212 4799 3295 4844 est
3315 4788 3452 4858 ignis
3474 4802 3633 4859 quem
3664 4787 3812 4841 venit

2216 4883 2479 4938 Dominus
2516 4885 2733 4938 mittere
2777 4897 2940 4955 super
2968 4893 3188 4949 terram,
3231 4890 3287 4937 et
3331 4892 3619 4951 antequam
3662 4886 3812 4949 pate-

2214 4985 2387 5042 retur,
2426 4979 2479 5031 in
2517 4976 2796 5046 discipulis
2846 4976 2959 5030 suis
2991 4975 3215 5044 Optabat
3256 4973 3449 5030 ardere
3491 4971 3649 5045 (Luc.
3681 4970 3807 5041 xu).

2208 5070 2352 5141 Ignis
2380 5080 2586 5127 naturae
2627 5081 2710 5127 est
2731 5070 3001 5141 duplicis:
3035 5069 3197 5124 habet
3222 5069 3402 5124 lumen
3428 5065 3804 5127 credentibus;

2217 5163 2381 5220 habet
2428 5165 2681 5220 tenebras
2732 5165 3103 5235 suppliciaque
3146 5162 3463 5229 incredulis,
3494 5160 3588 5232 qui
3618 5157 3809 5229 appel-

2212 5257 2393 5312 lantur
2437 5272 2666 5328 vapores
2706 5258 2857 5314 fumi.
2907 5257 3013 5314 iste
3053 5257 3230 5313 fumus
3271 5265 3355 5313 est
3411 5252 3805 5319 amarissimus,

2212 5349 2301 5419 qui
2332 5350 2624 5405 exemeavit
2651 5350 2839 5405 oculos
2865 5350 3205 5416 Judaeorum,
3254 5347 3322 5404 de
3349 5361 3460 5419 quo
3489 5346 3542 5401 in
3586 5357 3807 5415 prover-

2212 5440 2315 5496 biis
2346 5442 2574 5513 legimus
2600 5460 2614 5498 :
2647 5444 2798 5501 Sicut
2815 5446 2987 5516 fumus
3014 5443 3202 5499 noxius
3229 5452 3303 5499 est
3328 5442 3516 5509 oculis,
3547 5448 3593 5494 et
3622 5440 3808 5493 imma-

2211 5541 2329 5587 tura
2376 5551 2475 5589 uva
2513 5536 2781 5603 dentibus,
2834 5538 2911 5592 sic
2938 5537 3185 5607 iniquitas
3212 5535 3471 5591 utentibus
3511 5548 3573 5588 ea
3618 5530 3800 5603 (Prov.

2284 5670 2313 5709 ι’
2345 5670 2499 5748 Unus
2530 5673 2785 5748 Palatin.,
2815 5684 2861 5730 et
2888 5677 3011 5748 quia
3048 5675 3317 5747 praemium
3344 5675 3665 5745 futurorum,
3698 5679 3801 5748 etc,

2214 5742 2291 5818 Ex
2316 5745 2505 5799 eodem
2540 5760 2659 5815 post
2687 5742 2987 5803 Victoriam
3020 5742 3145 5804 mox
3175 5758 3220 5802 et
3239 5742 3516 5818 copulam,
3541 5761 3662 5818 qua:
3685 5743 3801 5801 voci

2212 5815 2486 5870 libamenta
2522 5818 2956 5889 praeponebatur,
2985 5819 3305 5876 delevimus.
