4120 6342
361 308 467 366 977

1182 322 1840 385 COMMENTARIORUM
1881 329 1946 384 IN
1985 329 2256 388 JOELEM
2287 331 2514 389 LIBER.
2571 336 2728 394 CAP.
2771 340 2839 397 Il.

3560 346 3668 404 978

359 443 414 495 ι,
444 428 563 502 26).
595 431 672 486 De
695 431 797 488 hoc
830 432 978 490 fumo
1003 445 1058 492 et
1087 437 1252 495 lsaias
1293 441 1347 496 in
1381 440 1591 498 visione
1637 457 1828 515 magna
1875 443 1958 499 lo-
1988 447 2044 508 Α
2066 462 2184 502 eos:
2203 447 2259 501 in
2283 449 2526 504 columna
2549 452 2700 506 nubis
2721 453 3028 525 loquebatur
3049 457 3115 511 ad
3133 473 3217 512 eos
3235 455 3354 529 (Ps.
3373 473 3562 522 xcvut,
3582 458 3664 530 9).

357 523 562 594 quitur,
593 525 647 580 in
677 541 782 596 qua
823 529 1227 598 prmdicehatur
1263 535 1480 590 caecitas
1500 535 1814 593 Judaeorum
1846 556 1858 591 :
1888 535 1960 592 Et

353 617 752 687 superliminare
778 630 976 675 motum
1003 634 1098 691 est,
1143 633 1190 678 et
1232 626 1418 682 domus
1439 626 1652 697 impleta
1681 639 1759 684 est
1788 629 1954 699 fumo.
2008 648 2013 654 ·

359 709 514 768 Unde
554 721 742 782 postea
787 717 1032 785 sequitur
1065 734 1077 769 :
1131 717 1292 786 Vade,
1337 730 1386 774 et
1429 721 1514 774 dic
1555 721 1748 792 populo
1778 721 1900 776 huic
1941 738 1956 776 :

353 803 553 859 Audita
577 807 822 876 audietis,
865 817 915 864 et
957 826 1059 865 non
1100 812 1440 886 intelligetis;
1467 825 1513 869 et
1543 815 1770 871 uidentes
1807 819 1951 885 aspi-

353 899 520 966 cietis,
550 909 597 955 et
639 918 743 956 non
769 903 1010 959 uidebitis
1029 921 1049 960 :
1097 906 1441 962 incrassatum
1469 917 1542 963 est
1571 909 1709 964 enim
1751 926 1838 965 cor
1869 928 1959 982 po-

355 991 473 1062 puli
513 991 692 1063 hujus,
739 1004 786 1050 et
816 996 1032 1051 auribus
1062 999 1169 1054 suis
1217 1002 1444 1071 graviter
1471 1002 1752 1060 audierunt
1793 1004 1956 1076 (lsai.

355 1102 432 1154 vt,
457 1088 515 1154 9,
547 1089 773 1159 IO).Sol
802 1108 1020 1164 quoque
1035 1104 1119 1151 est
1138 1112 1332 1154 versus
1357 1099 1409 1154 in
1442 1101 1724 1166 tenebras,
1743 1103 1959 1173 quando

355 1178 684 1248 pendentem
715 1182 1005 1240 Dominum
1035 1202 1193 1244 suum
1226 1191 1410 1247 videre
1437 1207 1546 1248 non
1575 1209 1740 1250 ausus
1767 1205 1871 1262 est,
1905 1207 1960 1252 et

352 1271 480 1328 luna
510 1273 562 1329 in
605 1274 948 1346 sanguinem,
973 1280 1118 1349 quod
1145 1291 1240 1336 aut
1257 1282 1411 1352 juxta
1439 1284 1726 1341 historiam
1759 1287 1958 1344 factum

351 1379 475 1421 esse
499 1366 790 1425 credamus
814 1378 870 1426 et
897 1371 966 1426 ab
994 1375 1350 1445 evangelistis
1382 1377 1546 1450 205.
1572 1379 1793 1435 silentio
1818 1396 1958 1451 prae-

353 1460 700 1528 termissum,
754 1477 932 1533 neque
985 1467 1132 1522 enim
1183 1471 1364 1524 omnia
1416 1486 1536 1541 qua:
1589 1471 1722 1528 fecit
1773 1473 1954 1544 Jesus,

353 1551 551 1622 scripta
578 1552 910 1624 referuntur,
943 1574 1062 1626 quae
1092 1560 1139 1615 si
1180 1561 1549 1618 scriberentur
1587 1579 1683 1634 per
1722 1565 1953 1637 singula,

351 1660 414 1699 ne
439 1645 612 1715 ipsum
628 1648 836 1717 quidem
853 1649 1084 1706 arbitror
1105 1655 1359 1709 mundum
1375 1673 1558 1728 capere
1584 1673 1692 1723 eos,
1719 1660 1808 1728 qui
1829 1659 1957 1714 scri-

353 1735 506 1792 bendi
533 1749 675 1808 sunt,
708 1739 868 1796 libros
895 1741 1080 1816 (Joan.
1108 1747 1247 1820 xxi).
1273 1751 1381 1805 Aut
1400 1759 1554 1806 certe
1576 1753 1850 1821 quomodo
1871 1754 1954 1810 sol

2063 537 2120 596 Si
2153 541 2320 612 igitur
2350 541 2418 597 de
2443 544 2790 603 credentibus
2820 547 3140 617 Corinthiis.
3170 562 3226 609 et
3273 553 3344 609 de
3391 553 3576 626 Moyse
3605 565 3660 610 ει

2064 633 2244 688 Aaron
2281 649 2344 690 ac
2382 634 2636 692 Samuele
2667 640 2944 709 scribitur,
2978 644 3123 713 quod
3153 645 3530 701 invocaverint
3557 661 3658 702 no-

2065 741 2187 782 men
2246 728 2478 792 Domini,
2523 745 2629 785 non
2675 731 3074 803 incipientium,
3122 738 3220 794 sed
3269 739 3662 810 periectorum,

2062 817 2202 875 hanc
2239 821 2468 891 gratiam
2502 838 2624 879 esse
2655 825 2966 882 credamus.
2997 828 3234 884 Verbum
3267 845 3487 902 quoque
3516 831 3657 887 effu—

2063 912 2251 983 sionis,
2276 915 2418 984 quod
2452 915 2715 972 Hebraice
2736 919 2896 990 205
2919 920 3118 976 dicitur
3135 937 3370 978 esruocu
3393 925 3661 1006 (meum),

2064 1015 2120 1060 et
2167 1022 2358 1062 omnes
2398 1007 2649 1064 similiter
2680 1013 3095 1082 transtulerunt,
3140 1016 3379 1070 ostendit
3418 1018 3663 1072 muneris

2063 1096 2390 1167 largitatem,
2439 1102 2584 1170 quod
2622 1117 2961 1174 nequaquam
3003 1105 3059 1160 in
3108 1120 3309 1175 paucos
3358 1107 3668 1179 Prophetas

2063 1190 2147 1264 (ut
2170 1192 2298 1247 olim
2331 1193 2496 1248 ﬁebat
2519 1195 2569 1248 in
2605 1197 2775 1250 veteri
2815 1197 3212 1266 Testamento),
3236 1197 3331 1254 sed
3383 1201 3435 1254 in
3469 1215 3661 1256 omnes

2061 1283 2346 1339 credentes
2378 1283 2432 1338 in
2463 1285 2685 1341 nomine
2709 1287 3035 1354 Salvatoris,
3059 1289 3294 1359 Spiritus
3315 1291 3488 1346 sancti
3517 1290 3660 1346 dona

2062 1373 2440 1432 descenderint
2459 1375 2568 1449 [Αἰ.
2588 1377 3042 1450 descenderent]:
3073 1395 3416 1451 nequaquam
3441 1381 3492 1435 in
3515 1380 3665 1435 hunc

2061 1479 2115 1526 et
2158 1469 2333 1537 illum,
2385 1471 2481 1526 sed
2525 1472 2577 1526 in
2610 1487 2827 1528 omnem
2867 1489 3110 1531 carnem.
3154 1474 3345 1547 Neque
3398 1478 3539 1531 enim
3582 1485 3667 1532 est

2060 1563 2343 1620 distinctio
2373 1565 2546 1621 Judaei
2576 1576 2632 1622 et
2672 1566 2871 1634 Graeci,
2905 1569 3048 1624 servi
3072 1563 3127 1624 et
3157 1569 3341 1634 liberi,
3370 1569 3469 1625 viri
3502 1579 3557 1626 et
3588 1571 3671 1627 le-

2061 1657 2256 1712 minte:
2285 1658 2409 1728 quia
2431 1673 2624 1715 omnes
2647 1659 2700 1714 in
2723 1658 2942 1715 Christo
2965 1677 3134 1716 unum
3163 1675 3355 1716 sumus
3378 1660 3562 1733 (Rom.
3582 1662 3663 1733 ιι).

2060 1748 2215 1806 Unde
2245 1761 2299 1806 et
2325 1749 2544 1821 Agabus
2575 1751 2844 1807 Cmsarem
2876 1754 3226 1824 prophetavit
3253 1754 3392 1826 (Act.
3429 1754 3570 1825 χιιι),
3610 1763 3669 1810 ει

352 1845 542 1887 versus
573 1833 625 1888 in
659 1837 916 1892 tenebras
937 1848 1042 1908 est,
1073 1856 1184 1896 non
1212 1842 1356 1913 quod
1387 1842 1506 1914 ipse
1535 1845 1605 1899 sit
1633 1855 1869 1902 mutatus
1898 1848 1950 1902 in
1981 1856 2030 1916 Β
2058 1843 2113 1898 in
2159 1842 2454 1898 Antiochia
2483 1855 2640 1899 erant
2679 1845 2962 1914 prOphetae
2991 1846 3248 1916 plurimi:
3281 1855 3339 1901 et
3363 1845 3664 1916 Apostolus

353 1925 627 1990 tenebras,
649 1928 743 1983 sed
769 1930 913 2000 quod
937 1932 1192 1990 tenebras
1221 1935 1422 1991 mundo
1451 1937 1726 1993 induxerit
1755 1957 1766 1994 :
1793 1938 1871 1994 sic
1897 1949 1951 1995 et

350 2016 475 2074 luna
502 2033 608 2075 non
638 2030 721 2076 est
748 2037 908 2079 versa
949 2024 1002 2079 in
1033 2027 1381 2097 sanguinem,
1415 2028 1512 2084 sed
1541 2028 1761 2088 Judaeos
1803 2033 1950 2089 blas-

349 2109 691 2182 phemiarum
719 2124 773 2170 et
813 2117 1118 2187 negationis
1147 2119 1198 2174 in
1235 2119 1510 2176 Christum
1544 2121 1774 2180 horrore
1819 2140 1950 2181 coo-

352 2210 559 2274 pertos,
585 2213 792 2261 aeterno
815 2209 1110 2264 testimonii
1140 2211 1226 2266 sui
1252 2213 1518 2284 sanguine
1545 2215 1950 2283 condemnavit,

352 2295 600 2353 dicentes
625 2315 638 2353 :
683 2299 913 2371 Sanguis
935 2304 1048 2367 eius
1071 2321 1224 2377 super
1254 2323 1370 2374 nos,
1405 2318 1452 2362 et
1473 2325 1629 2380 super
1670 2311 1810 2379 ﬁlios
1833 2329 1948 2366 nos-

348 2397 453 2442 tros
485 2389 704 2460 (Matth.
744 2408 911 2460 xxvn,
955 2395 1073 2464 25).
1107 2395 1232 2452 Haec
1263 2398 1449 2454 omnia
1478 2401 1790 2471 priusquam
1821 2403 1942 2459 dies

349 2480 559 2537 Domini
584 2483 771 2539 veniat
799 2501 1027 2556 magnus
1048 2496 1104 2542 et
1126 2487 1426 2559 horribilis,
1451 2490 1634 2548 futura
1665 2493 1945 2550 describit.

347 2574 474 2631 Dies
499 2584 682 2633 autem
712 2578 926 2634 Domini
957 2595 1182 2651 magnus
1221 2591 1277 2638 et
1318 2583 1594 2640 horribilis
1623 2596 1717 2641 aut
1764 2601 1947 2642 resur-

345 2672 602 2728 rectionis
639 2688 762 2730 esse
790 2675 1099 2734 credendus
1123 2687 1226 2745 est,
1260 2689 1352 2734 aut
1395 2689 1570 2747 certe,
1615 2681 1782 2736 multa
1823 2693 1946 2752 post

347 2773 613 2836 tempora.
650 2766 765 2823 dies
789 2768 1000 2840 judicii,
1027 2771 1117 2841 qui
1147 2787 1276 2828 vere
1301 2787 1528 2844 magnus
1555 2782 1642 2829 est
1681 2784 1735 2829 et
1765 2774 1946 2830 horri-

343 2854 487 2912 bilis.
518 2856 627 2914 Sed
647 2859 770 2930 quia
793 2865 1066 2932 sequitur:
1087 2862 1153 2918 Et
1179 2864 1301 2931 erit,
1327 2866 1494 2920 omnis
1515 2866 1606 2937 qui
1631 2857 1940 2923 invocaverit

343 2964 529 3004 nomen
551 2947 786 3019 Domini,
816 2953 988 3009 salvus
1018 2955 1136 3023 erit,
1165 2965 1190 2993 ιι
1223 2965 1278 3012 ει
1309 2957 1413 3014 hoc
1445 2959 1729 3030 apostolus
1755 2960 1951 3016 Paulus

343 3044 514 3100 refert
552 3045 620 3100 ad
650 3055 863 3118 tempus
894 3048 1191 3104 Dominicae
1231 3052 1523 3121 passionis,
1556 3053 1728 3122 magis
1763 3053 1830 3108 de
1861 3068 1949 3108 re-

341 3136 702 3192 surrectionis
733 3138 820 3194 die
845 3139 1258 3212 intelligendum
1277 3151 1381 3198 est.
1411 3144 1503 3198 Ait
1525 3145 1671 3198 enim
1698 3145 1948 3201 scribens

2056 1937 2323 2008 prxcipit,
2352 1937 2505 2004 utsi,
2536 1939 2714 1994 altero
2745 1938 3130 2009 prophetante,
3163 1939 3324 1995 alteri
3369 1938 3537 1994 fuerit
3577 1954 3708 2011 re-f

2056 2033 2319 2096 velatum,
2354 2031 2506 2102 prior
2533 2041 2710 2088 taceat
2738 2033 2781 2102 (l
2809 2031 2932 2089 Cor.
2969 2032 3098 2105 xiv).
3148 2034 3216 2088 Et
3245 2041 3482 2104 quatuor
3524 2032 3666 2088 ﬁlias

2064 2123 2300 2195 Philippi
2329 2125 2683 2194 evangelista:
2709 2125 2938 2197 legimus
2963 2125 3317 2206 prophetasse
3345 2124 3487 2198 (Act.
3516 2123 3662 2197 xxi).

2059 2216 2230 2272 Senes
2259 2231 2473 2287 quoque
2503 2217 2758 2272 viderunt
2788 2220 3023 2285 somnia,
3049 2217 3270 2288 quando
3294 2217 3500 2274 Paulus
3547 2218 3661 2288 jam

2058 2325 2226 2366 senex
2272 2309 2479 2364 audivit
2529 2309 2705 2364 virum
2754 2309 3126 2376 Macedonem,
3177 2309 3449 2366 dicentem
3486 2309 3594 2365 sibi
3639 2328 3653 2364 :

2059 2403 2340 2459 Trausiens
2353 2405 2408 2458 in
2433 2401 2798 2458 Macedoniam
2827 2403 3022 2476 adjuva
3051 2419 3146 2457 nos
3177 2402 3315 2474 (Act.
3353 2418 3464 2470 va,
3489 2403 3570 2474 9).
3599 2403 3664 2458 Et

2060 2513 2256 2554 omnes
2271 2497 2499 2568 juvenes
2527 2497 2620 2568 qui
2652 2497 2708 2552 in
2735 2494 2956 2552 Christo
2983 2497 3248 2554 exstitere
3274 2497 3580 2564 fortissimi,
3607 2508 3664 2551 et

2059 2591 2088 2630 ι)
2121 2593 2338 2648 Domini
2368 2591 2516 2648 bella
2544 2591 2840 2657 bellarunt,
2869 2591 3124 2646 viderunt
3144 2590 3411 2658 visiones,
3434 2590 3668 2646 Domino

2057 2702 2155 2743 sua
2203 2687 2475 2757 promissa
2522 2686 2832 2757 complente
2869 2703 2883 2740 :
2933 2685 3049 2757 Ego
3096 2686 3320 2742 visiones
3360 2685 3658 2758 multiplico

2056 2781 2169 2855 [ΑΙ.
2197 2779 2601 2853 multiplicabo],
2632 2790 2680 2834 et
2702 2781 2758 2834 in
2779 2779 3020 2833 manibus
3052 2778 3430 2850 prophetarum
3459 2771 3672 2833 assimi-

2050 2875 2186 2929 latus
2213 2891 2328 2927 sum
2359 2872 2518 2944 (Osee
2544 2888 2601 2939 Χ,
2630 2873 2744 2942 12).

2123 2965 2307 3038 (Vers.
2332 2963 2450 3036 5‘2.)
2478 2965 2614 3031 Quia
2638 2966 2695 3019 in
2723 2973 2895 3020 monte
2917 2964 3047 3020 Sion
3074 2974 3122 3018 et
3153 2965 3206 3017 in
3237 2963 3528 3019 Jerusalem
3555 2965 3664 3020 erit

2049 3061 2266 3117 saluatio
2287 3075 2307 3116 .'
2325 3062 2458 3115 sicut
2489 3059 2626 3114 dixit
2649 3057 2908 3114 Dominus
2934 3075 2950 3112 :
2979 3067 3026 3114 et
3054 3060 3109 3113 in
3135 3059 3360 3112 residuis
3388 3076 3517 3130 quos
3541 3057 3652 3111 Do-

2051 3156 2222 3208 minus
2255 3154 2531 3208 uocaverit.
2562 3151 2708 3207 LXX
2742 3170 2754 3207 :
2788 3151 2929 3217 Quia
2959 3152 3014 3205 in
3044 3162 3218 3205 monte
3245 3150 3375 3207 Sion
3405 3161 3450 3204 et
3481 3152 3535 3205 in
3564 3149 3656 3205 Je-

343 3228 409 3284 δά
439 3229 748 3286 Romanos:
772 3231 823 3286 Ν
828 3249 895 3287 οη
922 3245 994 3288 εει
1023 3233 1290 3290 ἀίειὶηειὶο
1314 3234 1492 3292 Ιῑιάιεί
1518 3245 1566 3292 ει
1594 3237 1831 3293 Gravi-1
1837 3241 1949 3294 dem
1980 3239 2025 3303 C
2056 3246 2282 3300 rusalem
2311 3247 2408 3299 erit
2434 3245 2524 3314 qui
2552 3243 2780 3298 salvatus
2806 3243 2964 3314 fuerit
2989 3260 3005 3296 :
3029 3243 3162 3297 sicut
3190 3242 3322 3296 dixit
3352 3241 3604 3297 Dominus
3635 3258 3651 3294 :

343 3325 479 3379 enim
501 3326 615 3396 ipse
645 3326 897 3383 Dominus
927 3330 1156 3384 omnium
1198 3346 1218 3385 .'
1247 3332 1392 3388 diues
1419 3333 1474 3386 in
1499 3349 1674 3388 omnes
1699 3336 1789 3405 qui
1811 3336 1953 3390 invo-

343 3427 462 3472 cant
487 3418 660 3475 illum.
711 3421 893 3478 Omnis
922 3425 1059 3478 enim
1092 3426 1402 3498 quicumque
1431 3427 1744 3484 invocaverit
1770 3446 1954 3485 nomen

340 3511 576 3583 Domini,
599 3517 776 3572 salvus
798 3519 914 3572 erit.
944 3519 1219 3586 Quomodo
1242 3539 1362 3595 ergo
1381 3523 1712 3590 invocabant,
1729 3524 1784 3578 in
1803 3541 1952 3596 quem

342 3623 447 3662 non
475 3607 846 3664 crediderunt?
876 3621 966 3664 aut
1006 3614 1263 3680 quomodo
1301 3614 1511 3668 credent
1553 3616 1626 3681 ei,
1657 3631 1804 3684 quem
1848 3633 1950 3670 non

341 3700 666 3756 audierunt?
704 3705 965 3773 quomodo
991 3714 1167 3759 autem
1196 3706 1410 3760 audient
1439 3707 1552 3762 sine
1601 3709 1954 3776 praedicante?

341 3794 600 3864 quomodo
646 3803 823 3850 autem
891 3798 1250 3868 praedicabunt
1290 3800 1392 3854 nisi
1447 3801 1721 3855 mittantur
1768 3801 1947 3872 (Rom.

344 3902 494 3954 xvm,
529 3887 597 3944 I2
625 3889 815 3960 seqq.).
843 3888 1109 3960 Quodque
1139 3892 1217 3947 ait
1251 3909 1265 3946 :
1317 3890 1496 3946 Omnis
1524 3894 1612 3964 qui
1640 3895 1950 3950 iuvocaverit

343 3995 529 4034 nomen
557 3979 792 4051 Domini,
827 3981 1000 4037 salvus
1040 3984 1161 4050 erit,
1198 3999 1303 4038 non
1336 3983 1457 4039 leve
1487 3986 1946 4056 esse'credamus,

339 4071 468 4129 licet
494 4074 638 4129 enim
667 4074 808 4132 idem
829 4077 1110 4146 apostolus
1135 4078 1374 4132 scribat:
1416 4078 1581 4133 Nemo
1605 4079 1734 4133 dicit
1766 4080 1949 4134 Domi-

340 4184 465 4223 num
483 4165 664 4224 Jesum
687 4171 790 4225 nisi
806 4172 861 4224 in
890 4170 1093 4242 Spiritu
1117 4182 1295 4227 sancto
1318 4172 1363 4246 (Ι
1391 4171 1512 4228 Cor.
1540 4191 1641 4239 xu,
1670 4174 1747 4248 5);
1767 4184 1946 4232 tamen

343 4259 446 4316 hoc
487 4260 664 4331 ipsum
693 4263 900 4331 dicere,
937 4279 1041 4319 non
1074 4280 1353 4331 sermone,
1400 4267 1494 4322 sed
1543 4266 1737 4323 all‘ectu
1767 4269 1951 4325 cordis

343 4363 426 4408 est
458 4355 893 4424 ponderandum.
930 4357 1112 4411 Omnis
1143 4359 1277 4412 enim
1305 4360 1395 4429 qui
1419 4360 1734 4414 invocaverit
1765 4378 1947 4416 nomen

343 4441 578 4507 Domini.
612 4447 784 4501 salvus
813 4449 930 4501 erit.
965 4449 1120 4505 Unde
1145 4460 1194 4505 et
1220 4451 1416 4506 Paulus
1444 4463 1498 4507 et
1522 4452 1786 4510 Sostenes
1813 4457 1951 4510 scri-

340 4537 481 4593 bunt
510 4537 774 4592 Ecclesim
799 4537 895 4592 Dei
926 4554 1044 4608 qua:
1068 4550 1153 4594 est
1183 4539 1428 4595 Corinthi
1463 4557 1476 4594 :
1511 4540 1871 4612 Sanctificalis
1894 4545 1950 4599 in

2057 3346 2106 3394 et
2147 3337 2470 3392 annuntians
2500 3353 2627 3408 quos
2672 3335 2928 3390 Dominus
2963 3337 3179 3390 uocauit.
3229 3335 3287 3390 In
3317 3350 3384 3390 eo
3415 3334 3570 3400 loco,
3612 3335 3664 3388 in

2057 3448 2166 3503 quo
2196 3446 2295 3486 nos
2324 3430 2641 3501 posuimus,
2667 3429 2909 3495 saluatio,
2949 3427 3067 3483 sive
3095 3428 3346 3492 salvatus,
3382 3436 3438 3482 et
3480 3426 3532 3481 in
3563 3427 3668 3481 lle-

2055 3524 2250 3580 braico
2293 3523 2558 3592 scriptum
2597 3529 2681 3576 est
2704 3536 2949 3576 unus“
2980 3505 3255 3593 (nunc),
3291 3517 3661 3592 Symmachus

2057 3615 2358 3682 transtulit,
2391 3617 2479 3684 qui
2500 3613 2714 3686 fugerit.
2742 3615 2809 3669 Et
2839 3629 3057 3669 rursum
3080 3613 3173 3668 ubi
3195 3627 3296 3669 nos
3325 3612 3583 3679 diximus,
3610 3613 3666 3667 in

2054 3709 2310 3770 residuis,
2341 3717 2396 3762 et
2433 3705 2577 3762 LXX
2605 3706 3046 3771 transtulerunt,
3078 3707 3427 3771 annuntians,
3461 3706 3514 3760 in
3558 3706 3666 3761 lle-

2054 3801 2240 3855 braico
2268 3798 2470 3868 legitur
2506 3812 2724 3853 summa
2760 3797 2870 3870 [AL
2913 3797 3167 3870 SABADIM]
3200 3797 3484 3870 (ω’-τῆξιν),
3513 3798 3660 3869 quod

2052 3891 2228 3948 Judaei
2258 3891 2363 3946 loci
2394 3905 2592 3946 nomen
2621 3891 2964 3947 existimant.
2998 3890 3296 3961 Postquam
3323 3891 3490 3961 igitur
3514 3891 3664 3947 venit

2053 3984 2172 4040 dies
2194 3983 2413 4039 Domini
2441 3998 2676 4054 magnus
2706 3991 2763 4038 et
2793 3983 3077 4038 horribilis
3101 3999 3114 4036 :
3143 3993 3198 4038 et
3225 3983 3411 4038 salvus
3435 3983 3662 4039 ell‘ecws

2054 4084 2169 4143 est,
2199 4075 2533 4146 quicumque
2561 4082 2685 4144 post
2714 4073 2936 4128 Domini
2965 4072 3428 4129 resurrectionem
3461 4089 3663 4130 nomen

2053 4169 2202 4225 illius
2241 4167 2547 4235 invocavit,
2595 4166 2777 4221 omnis
2805 4166 2896 4238 qui
2923 4167 3023 4222 fuit
3045 4169 3069 4197 ο
3105 4168 3160 4220 in
3191 4175 3378 4222 monte
3405 4166 3536 4223 Sion
3558 4213 3571 4237 ,
3606 4176 3666 4222 et

2053 4263 2106 4318 in
2129 4263 2435 4319 Jerusalem
2469 4262 2712 4317 salvatus
2740 4269 2827 4317 est
2859 4279 2872 4316 :
2905 4261 2974 4316 de
2997 4262 3130 4316 Sion
3160 4262 3305 4318 enim
3332 4277 3551 4332 egressa
3575 4273 3664 4318 est

2051 4356 2138 4412 lex
2171 4374 2185 4412 :
2217 4365 2273 4412 et
2305 4355 2538 4412 verbum
2574 4355 2816 4420 Domini,
2851 4355 2918 4409 de
2939 4353 3246 4410 Jerusalem
3281 4352 3439 4424 (Isai.
3470 4353 3556 4425 ιι),
3589 4354 3661 4410 de

2051 4464 2155 4517 qua
2183 4449 2447 4519 scriptum
2475 4455 2558 4502 cst
2587 4465 2598 4501 :
2635 4445 2762 4501 Non
2797 4449 2935 4515 capit
2967 4445 3274 4515 prOphetam
3304 4446 3474 4516 perire
3514 4457 3662 4501 extra

2052 4539 2346 4595 Jerusalem
2369 4539 2526 4610 (Luc.
2551 4554 2667 4607 xm,
2688 4537 2801 4608 53).
2825 4536 3164 4604 Principium
3189 4550 3322 4606 ergo
3345 4550 3539 4591 eorum
3562 4539 3657 4604 qui

342 4632 554 4688 Christo
582 4633 732 4704 Jesu,
781 4635 974 4688 uocatis
1004 4637 1198 4689 sanctis
1229 4653 1348 4690 cum
1387 4637 1638 4691 uniuersis
1663 4639 1752 4708 qui
1797 4639 1946 4692 invo-
1975 4620 2028 4680 Ῑ)
2054 4633 2245 4687 salvati
2277 4641 2406 4686 sunt
2435 4629 2614 4684 fuitin
2641 4627 2773 4683 Sion
2805 4638 2860 4683 et
2885 4626 3215 4692 Jerusalem,
3248 4626 3301 4682 in
3331 4627 3576 4696 specula.
3601 4637 3658 4683 εἴ

341 4735 460 4782 cant
489 4743 673 4781 nomen
708 4726 922 4780 Domini
946 4725 1076 4781 Jesu
1103 4727 1299 4782 Christi
1321 4728 1366 4799 (Ι
1397 4727 1519 4784 Cor.
1547 4728 1608 4801 1):
1643 4730 1944 4786 secundum

342 4819 475 4875 illud
507 4817 650 4890 quod
679 4819 736 4874 in
765 4818 1001 4874 Psalmis
1043 4819 1274 4890 legimus
1306 4838 1318 4874 :
1354 4820 1564 4892 Moyses
1590 4830 1639 4875 et
1665 4821 1842 4877 Aaron
1893 4824 1946 4878 in

343 4912 696 4968 sacerdotibus
742 4917 880 4986 ejus,
935 4920 983 4966 et
1027 4912 1246 4968 Samuel
1273 4913 1409 4968 inter
1447 4930 1535 4970 eos
1575 4915 1663 4985 qui
1701 4915 1944 4970 invocant

344 5021 528 5061 nomen
553 5010 688 5081 ejus.
723 5005 1045 5062 Invocabant
1074 5003 1380 5077 Dominum,
1407 5018 1456 5064 et
1483 5009 1594 5079 ipse
1633 5009 1941 5064 exaudiebat

419 5224 446 5253 ⁸
472 5215 571 5270 ilic
592 5213 744 5270 addit
771 5213 942 5270 editio
964 5213 1285 5285 Erasmiana
1317 5214 1485 5269 verba
1508 5216 1934 5285 consequentia:

346 5287 536 5344 Melius
557 5287 621 5341 de
643 5288 728 5340 die
754 5285 1010 5354 passionis
1025 5284 1222 5339 Christi
1243 5285 1321 5339 uel
1336 5284 1728 5340 resurrectionis
1752 5289 1940 5356 accipi.

345 5359 613 5414 Invocatio
663 5374 780 5412 uero
808 5358 863 5411 in
891 5374 992 5428 qua
1019 5356 1160 5410 salus
1186 5357 1442 5424 consistit,
1474 5372 1578 5428 non
1617 5373 1681 5428 ea:
1710 5375 1945 5413 sermone

345 5441 568 5495 tantum,
601 5429 688 5484 sed
717 5445 779 5483 ex
807 5425 962 5482 corde
989 5437 1035 5482 et
1059 5443 1213 5500 opere
1229 5435 1458 5500 constat.
1485 5425 1635 5500 Unde
1655 5427 1812 5500 hujus
1842 5430 1939 5483 tri-

345 5501 553 5572 partin
577 5500 914 5572 invocationis
940 5499 1134 5572 gratia,
1164 5516 1267 5552 non
1299 5498 1681 5572 insipientium,
1711 5498 1801 5553 sed
1827 5517 1944 5572 per-

347 5570 602 5644 fectorum
632 5586 764 5644 esse_
788 5570 1051 5624 credenda
1091 5580 1186 5638 est,
1217 5571 1341 5641 quia
1365 5572 1511 5644 quod,
1533 5571 1776 5644 credidit,
1803 5570 1943 5643 quod

344 5639 508 5711 amat,
533 5661 591 5697 os
629 5641 926 5712 conﬁtetur,
961 5658 1143 5694 manus
1165 5639 1321 5709 opere
1339 5642 1582 5712 complet.
1613 5639 1762 5696 Unde
1791 5639 1946 5696 econ-

346 5717 510 5770 trario
550 5713 660 5769 illis
701 5713 912 5772 dicitur.
943 5713 1032 5782 qui
1072 5712 1354 5765 Dominum
1393 5711 1508 5766 solo
1538 5729 1770 5766 sermone
1798 5715 1940 5768 invo-

345 5796 532 5843 cantet
556 5800 715 5858 opere
736 5783 857 5858 ﬁdei
887 5797 1175 5858 sermonem
1201 5799 1303 5858 non
1326 5783 1604 5858 complent.
1631 5782 1757 5858 on
1774 5787 1943 5840 omnis

347 5861 437 5931 qui
463 5852 601 5913 dicit
619 5854 771 5922 mihi,
801 5852 1042 5918 Domine,
1086 5852 1333 5923 Domine,
1374 5853 1590 5909 intrabit
1630 5855 1684 5910 in
1722 5871 1940 5928 regnum

2056 4727 2108 4780 in
2141 4726 2358 4780 visione
2390 4724 2562 4792 pacis,
2603 4732 2659 4777 et
2695 4724 2746 4776 in
2771 4721 2858 4776 his
2880 4723 2972 4793 qui
3014 4720 3224 4777 residui
3250 4721 3488 4789 luerunt,
3519 4735 3659 4792 quos

2051 4818 2265 4874 vocavit
2287 4815 2574 4872 Dominus.
2599 4814 2872 4870 Residuos
2901 4829 2996 4870 eos
3024 4815 3292 4872 debemus
3319 4816 3654 4886 intelligere,

2044 4911 2138 4982 qui
2178 4909 2246 4964 de
2283 4906 2604 4964 Judaeorum
2657 4908 2858 4978 populo
2903 4907 3286 4976 crediderunt,
3317 4908 3407 4980 (de
3450 4909 3655 4979 quibus

2045 5004 2212 5060 Isaias
2247 5003 2492 5075 loquitur
2526 5019 2540 5056 :
2583 5000 2703 5055 Nisi
2750 4999 3008 5056 Dominus
3056 5001 3292 5058 Sabaoth
3332 5003 3498 5076 206
3533 5001 3658 5058 reli-

2043 5211 2322 5273 cmlorum;
2366 5209 2456 5264 sed
2499 5208 2591 5281 qui
2629 5208 2754 5280 facit
2797 5208 3117 5281 voluntatem
3159 5207 3336 5281 Patris
3373 5209 3504 5273 mei,
3539 5210 3652 5280 ipse

2043 5282 2256 5337 intrabit
2287 5279 2586 5354 ingregnum
2615 5279 2885 5354 caelorum.
2918 5280 3072 5354 Quod
3117 5279 3568 5354 additamentum
3594 5281 3648 5354 i_n

2046 5355 2198 5409 nullo
2244 5350 2444 5408 codice’
2478 5367 2583 5407 ms.
2628 5352 2870 5423 reperire
2902 5350 3075 5420 potui,
3125 5365 3302 5420 neque
3331 5351 3472 5406 scire
3499 5351 3648 5406 unde

2049 5425 2183 5480 illud
2211 5425 2567 5492 assumpserit
2597 5423 2880 5478 Erasmus.
2914 5423 3092 5492 Mur.

2121 5495 2150 5535 δ
2179 5490 2428 5551 Relinnit
2465 5494 2719 5550 Martian.
2745 5492 2816 5547 Et
2853 5493 2910 5547 in
2937 5491 3165 5546 Domino
3199 5490 3479 5558 bellarunt,
3515 5507 3650 5548 con-

2051 5576 2132 5622 tra
2160 5583 2290 5622 mss.
2324 5566 2508 5620 ﬁdem.
2541 5565 2714 5634 Quam
2744 5579 2845 5619 nos
2875 5579 2908 5620 e
2929 5560 3212 5626 Palatinis,
3236 5560 3509 5634 Victorius
3532 5565 3644 5634 ιιι-ἰ·
3706 5612 3718 5624 ,

2045 5640 2172 5694 dem
2202 5655 2232 5694 ε
2255 5633 2591 5694 Florentinis
2631 5635 2792 5692 codd.
2822 5635 3114 5691 lectionem
3146 5633 3420 5698 restituit,
3450 5644 3504 5688 et
3531 5633 3644 5689 Do-

2047 5711 2174 5764 mini
2204 5709 2336 5765 bella
2365 5709 2661 5771 bellarunt,
2695 5707 2988 5777 docuitque
3020 5707 3121 5760 hoc
3146 5703 3399 5774 loquendi
3439 5720 3641 5776 genere

2044 5796 2191 5852 smpe
2217 5783 2278 5836 I).
2307 5781 2696 5852 Hieronymum
2721 5777 2820 5834 uti.

2121 5849 2142 5891 ἐξ
2178 5854 2436 5922 Ignorant
2456 5849 2690 5908 Palatini
2711 5864 2844 5906 mss.
2871 5849 3058 5920 verba,
3081 5849 3136 5904 in
3160 5859 3330 5905 monte
3355 5849 3506 5918 Sion,
3529 5860 3640 5907 etc.
