4100 6336
444 335 548 390 no
1697 325 1758 384 ε.
1801 319 2079 384 russea
2109 319 2485 384 HIERONYMI
3635 333 3756 388 sso

442 453 634 522 quisset
669 450 815 505 nobis
849 461 1021 504 semen
1046 489 1060 513 ,
1090 447 1228 500 sicut
1267 445 1502 501 Sodoma
1531 444 1660 516 [acti
1705 457 1961 510 essemus,
1993 448 2042 497 et
2066 445 2117 503 Α
2145 457 2266 499 cum
2298 443 2398 510 eis,
2431 457 2535 498 non
2570 447 2809 514 potentia
2865 445 3184 516 majestatis,
3221 447 3316 504 sed
3367 447 3602 503 rationis
3651 464 3754 506 cos

443 547 576 598 sicut
604 542 895 596 Gomorrlta
922 539 1121 595 similes
1151 541 1428 610 fuissemus
1454 536 1611 607 (Isai.
1636 551 1675 605 ι,
1700 536 1777 607 9).
1808 535 1920 590 Hos
1962 550 2048 591 re-

446 638 634 692 siduos
660 635 928 691 Dominus
955 631 1197 697 vocavit,
1222 631 1342 686 sive
1369 629 1736 702 euangelizauit
1763 639 1879 694 eos,
1908 639 2046 698 quos

446 731 659 786 vocavit
686 744 701 782 ι
729 729 810 783 sic
831 727 981 784 enim
1016 724 1163 782 LXX
1197 725 1543 792 interpretati
1571 728 1721 777 sunt.
1754 720 1930 776 Locus
1962 719 2048 776 hic

449 822 806 881 difficillimus
830 831 935 888 est,
969 829 1023 876 et
1063 817 1422 888 multiplicem
1472 815 1743 884 recipiens
1781 813 2048 884 explana-

447 918 652 971 tionem
684 933 696 969 :
733 921 792 968 ut
821 913 923 968 sub
951 909 1260 982 trapalogia
1289 909 1472 964 omnia
1493 919 1616 979 quas
1640 905 1783 962 dicta
1807 913 1956 974 sunt,
1980 904 2049 960 ad

448 1010 537 1063 illa
573 1017 821 1075 tempora
864 1005 1208 1067 referamus,
1260 1003 1330 1056 ad
1367 1015 1487 1070 qua:
1527 999 1722 1054 Petrus
1751 1009 1802 1054 et
1847 998 2050 1052 Paulus

450 1101 687 1173 apostoli
712 1098 1058 1160 retulerunt,
1089 1095 1196 1151 boc
1227 1102 1341 1160 est,
1367 1093 1584 1164 quando
1610 1105 1800 1161 passus
1830 1098 1916 1146 est
1946 1091 2052 1144 Do-

450 1197 632 1251 minus
655 1201 708 1248 el
736 1189 1062 1247 resurrexit.
1091 1187 1278 1257 Neque
1302 1187 1446 1242 cuitu
1480 1184 1600 1240 fieri
1624 1192 1837 1256 potest,
1873 1192 1928 1236 ut
1959 1197 2050 1236 su-

448 1287 669 1358 periora
704 1285 759 1339 in
795 1292 1040 1354 tempore
1076 1279 1373 1352 passionis,
1398 1287 1454 1334 et
1481 1290 1601 1347 quas
1636 1282 1941 1346 sequuntur
1964 1273 2050 1329 in-

453 1379 766 1448 telligamus
805 1377 857 1431 in
908 1374 995 1430 die
1033 1372 1260 1443 iudicii,
1303 1371 1538 1425 maxime
1581 1382 1702 1423 cum
1739 1376 2046 1437 sequatur:

457 1476 594 1542 Quia
624 1489 735 1527 ecce
765 1472 818 1524 in
849 1465 1027 1523 diebus
1073 1467 1209 1530 illis,
1250 1474 1296 1520 et
1329 1465 1387 1518 ia
1429 1473 1656 1534 tempore
1693 1461 1817 1525 illo,
1855 1467 1912 1516 et
1951 1459 2054 1515 iste

454 1563 781 1626 versiculus,
816 1543 1251 1631 praecedentibus
1274 1553 1532 1610 interiora
1566 1558 1920 1617 connecteus,
1943 1561 2054 1606 uno

455 1659 600 1712 dicat
628 1663 823 1710 cuncta
851 1662 1102 1722 tempore
1131 1655 1456 1720 perpetrata.

527 1748 678 1822 (Cap.
704 1744 1026 1801 ιιι-νεα.
1055 1744 1078 1798 l
1111 1742 1294 1813 seqq.)
1327 1740 1465 1809 Quia
1483 1755 1602 1796 ecce
1627 1741 1681 1794 in
1717 1737 1894 1792 diebus
1921 1736 2050 1807 illis,

2150 537 2382 592 veritate
2440 538 2796 603 cominccus,
2827 537 2919 607 qui
2947 538 3134 608 partiti
3156 547 3285 595 sunt
3333 541 3590 610 populum
3627 541 3752 606 Dci,

2148 637 2204 684 et
2234 630 2609 686 btcreditatem
2638 631 2786 686 illius
2815 629 3197 702 disperserunt
3228 633 3282 689 in
3313 634 3654 704 nationibus,
3685 643 3755 692 ut

2148 737 2340 779 servos
2389 723 2486 780 Dei
2538 725 2642 780 sibi
2694 723 2908 780 servire
2947 726 3394 796 compellerent:
3439 733 3499 784 et
3542 736 3754 784 terram

2150 816 2298 871 illius
2328 817 2662 883 diviserunt,
2688 816 2876 872 multis
2905 833 3026 890 eam
3056 819 3199 875 inter
3245 831 3308 876 se
3344 820 3626 876 erroribus
3655 833 3753 876 se-

2151 917 2425 982 parantes,
2460 921 2518 968 ut
2547 911 2636 968 alii
2669 911 3147 984 colerentJovem,
3203 913 3296 970 alil
3345 915 3644 983 Junonem,
3693 923 3756 972 et

2149 1006 2470 1072 Minervam,
2495 1017 2550 1064 et
2579 1007 2806 1076 febrem,
2858 1019 2914 1066 et
2959 1009 3292 1082 rubiginem“,
3321 1019 3378 1066 et
3409 1010 3640 1066 Anubim
3694 1021 3753 1066 et

2150 1100 2483 1155 crocodilum
2509 1142 2522 1168 ,
2556 1109 2612 1157 et
2643 1099 2779 1169 ibin,
2801 1110 3044 1170 noctuas,
3068 1101 3376 1174 accipitres,
3404 1111 3460 1158 et
3484 1103 3752 1159 ciconias.

2153 1191 2268 1246 Sub
2321 1193 2406 1247 bis
2455 1193 2765 1248 nominibus
2817 1195 3090 1265 quondam
3128 1195 3336 1251 divisus
3389 1206 3470 1252 est
3520 1197 3752 1266 populus

2153 1286 2295 1342 Dei:
2361 1302 2484 1357 qum
2531 1287 2865 1344 adversariae
2906 1290 3179 1356 nationes,
3225 1287 3280 1344 id
3321 1298 3428 1357 est,
3474 1291 3751 1361 principes

2155 1381 2342 1436 mundi
2374 1381 2552 1446 isrius,
2597 1389 2656 1437 et
2700 1390 2942 1439 rectores
2995 1383 3368 1449 tenebrarum,
3419 1397 3526 1440 non
3571 1385 3748 1440 solum

2155 1473 2458 1530 diviserunt
2499 1475 2602 1532 sibi
2656 1476 2911 1546 populum
2945 1477 3064 1544 Dei,
3099 1477 3194 1533 sed
3223 1487 3518 1548 posuerunt
3552 1491 3752 1548 pueros

2156 1569 2210 1624 in
2231 1567 2613 1639 prostibulum,
2645 1579 2706 1626 ut
2731 1567 2940 1628 virilem
2966 1579 3229 1644 cogerent
3248 1575 3458 1629 mutare
3477 1582 3748 1640 naturam,

2157 1662 2224 1718 de
2275 1663 2470 1735 quibus
2521 1663 2818 1733 Apostolus
2865 1663 3150 1736 loquitur:
3193 1663 3486 1738 Propterea
3538 1666 3750 1722 tradidit

2157 1756 2278 1811 illos
2311 1754 2454 1810 Deus
2488 1754 2542 1810 in
2573 1757 2842 1825 passiones
2885 1753 3188 1829 ignominiis
3221 1775 3238 1812 :
3269 1757 3522 1830 siquidem
3548 1759 3753 1830 [entiam

453 1852 500 1896 et
528 1843 580 1895 ἱη
611 1853 838 1910 tempore
863 1838 978 1904 illa,
1003 1851 1118 1890 cum
1146 1843 1444 1889 εοηυενιιτο
1465 1833 1810 1905 captivitatem
1838 1829 1980 1885 Iuda
2009 1841 2059 1886 ει
2088 1832 2133 1892 Β
2162 1867 2339 1906 eorum
2399 1859 2730 1906 mutaveru'u
2789 1851 3079 1907 ηαίηναιετη
3137 1869 3287 1908 usum
3509 1829 3753 1909 naturam

453 1935 767 1998 Jerusalem,
796 1929 1118 2002 congregabo
1138 1943 1312 1983 omnes
1333 1935 1524 1999 gentes,
1546 1935 1595 1980 et
1623 1925 1878 1980 deducant
1893 1941 1980 1978 eas
1997 1925 2050 1978 in

453 2029 638 2084 vallem
656 2023 935 2094 Josapltat,
963 2032 1008 2077 et
1033 2019 1330 2092 disceptabo
1356 2035 1474 2073 cum
1497 2019 1569 2073 eis
1587 2019 1660 2072 ibi
1677 2033 1834 2088 super
1857 2018 2056 2088 papula

457 2136 601 2187 meo,
640 2125 686 2171 et
715 2115 1018 2184 htcreditate
1050 2129 1164 2168 mea
1205 2111 1407 2178 Israel,
1447 2127 1577 2182 quos
1616 2111 1970 2180 disperserunt
2000 2110 2054 2165 in

455 2211 752 2267 nationibus
784 2223 801 2261 :
832 2217 882 2261 et
906 2218 1098 2261 terram
1127 2221 1295 2259 meum
1325 2204 1636 2269 diviserunt,
1680 2212 1730 2257 et
1765 2219 1921 2273 super
1961 2218 2058 2272 pa-

457 2305 641 2378 pulum
684 2317 854 2356 meum
894 2301 1143 2355 miserunt
1183 2306 1482 2352 sartem:et
1522 2306 1808 2366 posuerunt
1842 2310 2058 2367 puerum

455 2402 509 2454 in
532 2398 850 2471 prostibula,
882 2405 928 2451 et
960 2395 1188 2466 puellam
1219 2393 1563 2448 vendiderunt
1592 2407 1688 2463 pro
1717 2393 1858 2456 vina,
1897 2402 1952 2447 ut
1980 2393 2058 2446 bis

460 2496 652 2549 berent.
685 2491 829 2547 LXX
857 2509 868 2544 :
909 2491 1043 2557 Quia
1069 2505 1184 2544 ecce
1207 2503 1302 2559 ego
1327 2488 1382 2541 in
1412 2485 1593 2542 diebus
1622 2488 1748 2549 illis,
1786 2497 1832 2541 et
1855 2488 1908 2541 in
1931 2496 2059 2541 tem-

461 2603 584 2659 pore
613 2585 704 2639 illo
726 2583 938 2655 quando
961 2589 1258 2636 convertere
1284 2580 1632 2650 captivitatem
1653 2577 1798 2633 Iuda
1827 2589 1874 2632 et
1898 2577 2058 2633 Jeru-

457 2682 653 2747 salem,
693 2677 1016 2750 cangregaba
1059 2691 1232 2730 oumcs
1270 2684 1474 2746 gentes,
1513 2685 1562 2729 et
1589 2675 1843 2728 deducam
1877 2691 1964 2729 eas
2003 2676 2058 2729 in

460 2776 643 2829 tmllem
673 2772 949 2841 Josaphat,
981 2778 1028 2824 et
1055 2769 1352 2837 disceptabo
1381 2781 1500 2822 eunt
1528 2769 1605 2821 eis
1633 2767 1702 2821 ibi
1743 2783 1838 2837 pro
1864 2767 2060 2838 populo

462 2885 603 2933 meo,
645 2876 692 2921 et
730 2865 1031 2919 hwreditate
1073 2880 1184 2918 mea
1224 2861 1424 2926 Israel,
1467 2861 1557 2932 qui
1602 2862 1820 2932 dispersi
1849 2873 1970 2915 sunt
2000 2861 2058 2915 in

462 2961 696 3034 gentibus
723 2977 740 3014 :
763 2969 808 3013 et
832 2969 1020 3013 terram
1043 2973 1205 3011 meam
1231 2957 1534 3020 diviserunt,
1554 2964 1604 3009 et
1629 2971 1788 3025 super
1806 2955 2057 3027 populant

462 3075 629 3112 meum
652 3058 898 3110 miserunt
925 3061 1086 3108 sortes
1113 3069 1131 3106 :
1159 3064 1203 3106 et
1241 3060 1524 3123 posuerunt
1547 3065 1762 3119 puerum
1787 3051 1840 3103 in
1872 3051 2062 3121 prasti-

462 3153 604 3218 bulo,
635 3161 680 3206 et
705 3149 908 3223 puellas
936 3147 1224 3203 vendebant
1257 3161 1352 3217 pro
1373 3147 1520 3211 vina,
1545 3154 1590 3198 et
1622 3143 1872 3199 bibebant.
1905 3145 2062 3199 Dica-

2154 1943 2348 2017 suam],
2376 1945 2426 1997 in
2453 1961 2569 1999 eum
2597 1962 2744 1998 usum
2764 1945 2856 2016 qui
2880 1956 3060 2000 contra
3089 1955 3335 2001 naturam
3367 1956 3458 2002 est.
3495 1947 3756 2003 Similiter

2156 2049 2203 2092 et
2252 2038 2489 2104 masculi,
2537 2039 2718 2093 relicto
2743 2041 2974 2094 naturali
3004 2057 3100 2094 usu
3125 2041 3350 2111 fensince,
3400 2043 3606 2097 accensi
3634 2052 3754 2097 sunt

2153 2131 2208 2184 in
2235 2129 2547 2185 desiderium
2566 2132 2650 2186 sui
2670 2132 2723 2185 in
2747 2132 2980 2196 inritent,
3014 2135 3236 2188 masculi
3268 2141 3320 2188 in
3346 2135 3604 2190 musculos
3643 2146 3754 2190 lur-

2156 2219 2446 2293 pitudinem
2473 2235 2761 2294 aperantes,
2793 2234 2842 2277 et
2869 2226 3153 2281 mercedem
3173 2245 3330 2296 quam
3362 2229 3588 2299 oportuit
3613 2245 3760 2284 erro-

2156 2314 2228 2367 ris
2257 2315 2340 2368 sui
2364 2314 2416 2368 in
2457 2314 2758 2382 semetipsos
2783 2318 3103 2386 recipientes.
3140 2317 3251 2374 Nec
3284 2318 3384 2374 hoc
3416 2318 3610 2376 fecisse
3635 2336 3763 2376 con-

2159 2406 2316 2470 tenti,
2342 2404 2708 2462 vendiderunt
2738 2407 2977 2476 puellam
3011 2425 3108 2478 pro
3140 2411 3289 2476 vino,
3320 2420 3376 2465 ut
3405 2411 3677 2481 biberent,
3703 2421 3764 2468 et

2158 2497 2367 2554 libidini
2391 2497 2707 2570 praeferrent
2733 2501 2935 2570 gulam.
2966 2501 3096 2570 Qua:
3126 2503 3383 2558 universa
3408 2503 3603 2570 Judaei,
3631 2503 3766 2561 Ves-

2161 2592 2391 2659 pasiani,
2427 2589 2642 2662 Titiquc
2685 2593 3046 2662 temporibus,
3090 2605 3142 2650 et
3188 2596 3424 2651 maxime
3475 2596 3761 2666 Hadriani,

2154 2690 2303 2757 juxta
2331 2688 2568 2744 litteram
2595 2687 2816 2758 impleta
2848 2704 2970 2744 esse
3012 2698 3463 2745 commemorant.
3490 2691 3545 2748 Si
3577 2701 3762 2748 autem

2160 2785 2224 2845 ad
2244 2783 2384 2838 dicm
2410 2783 2621 2852 iudicii,
2647 2800 2765 2854 quae
2784 2785 2984 2855 scripta
3007 2794 3152 2848 sunt,
3172 2785 3506 2840 voluerimus
3525 2786 3762 2854 referre,

2158 2877 2389 2932 dicimus
2418 2891 2633 2932 omnem
2688 2877 2777 2948 qui
2824 2878 3082 2942 salvatur,
3130 2877 3328 2932 salvari
3382 2877 3436 2934 in
3487 2877 3760 2946 Ecclesia,

2160 2968 2341 3024 sivein
2357 2969 2568 3024 cmlesti
2592 2968 2918 3025 Jerusalem.
2939 2967 3002 3024 Et
3029 2979 3315 3040 postquam
3350 2970 3502 3025 Judaz
3528 2970 3686 3027 fuerit
3708 2981 3768 3029 et

2161 3062 2465 3117 Jerusalem
2495 3062 2660 3134 208
2690 3077 2953 3118 conversa
2999 3063 3311 3133 captivitas,
3357 3073 3484 3121 tunc
3533 3081 3765 3136 congre-

2165 3153 2372 3228 gandos
2390 3154 2806 3210 etdeducendos
2821 3157 3072 3211 amnesin
3088 3155 3282 3211 vallem
3306 3155 3567 3228 Josapbat
3585 3176 3599 3214 :
3616 3172 3662 3214 et
3684 3159 3766 3216 ibi

463 3263 582 3301 mus
625 3258 680 3300 ut
729 3243 950 3316 polliciti
985 3257 1190 3306 sumus,
1223 3249 1246 3277 η
1293 3240 1532 3312 primum
1579 3240 1731 3308 juxta
1779 3253 2058 3310 anagogeu
2086 3215 2134 3280 δ
2162 3247 2590 3318 disceptatorum
2620 3243 2917 3302 Dominum
2943 3261 3067 3304 cum
3091 3249 3169 3304 eis
3194 3249 3284 3319 qui
3312 3265 3468 3305 suum
3501 3252 3762 3321 populum

462 3339 742 3411 prioribus
770 3337 1079 3408 posteriora
1105 3337 1416 3405 iungentes,
1445 3333 1636 3388 eadem
1665 3333 1710 3388 si
1740 3333 2057 3404 poterimus,

457 3435 524 3490 ad
549 3434 691 3489 diem
718 3431 908 3503 judicii
931 3427 1142 3486 referre
1174 3427 1531 3483 tentabimus.
1555 3427 1792 3481 Salvatis
1819 3425 2060 3481 creden-

460 3529 605 3582 tibus
636 3527 689 3581 in
729 3533 911 3579 tuante
944 3517 1108 3589 Sion,
1139 3528 1194 3576 et
1227 3519 1557 3587 Jerusalem,
1593 3527 1650 3574 et
1685 3520 1891 3573 vocatis
1921 3517 2060 3573 resi-

461 3623 588 3677 duis
613 3619 681 3675 de
722 3615 922 3690 papula
942 3615 1278 3681 Judasorum,
1311 3613 1402 3685 qui
1435 3628 1560 3667 cum
1588 3611 1852 3682 apostolis
1879 3615 1936 3664 et
1963 3624 2061 3679 per

459 3715 741 3787 apostolos
790 3709 1174 3776 crediderunt,
1223 3706 1275 3762 in
1326 3717 1574 3776 tempore
1627 3705 1720 3758 illo
1770 3711 2058 3774 postquam

463 3803 800 3863 converterit
817 3799 1078 3858 Dominus
1101 3799 1474 3870 captivitatem
1492 3795 1630 3853 Juda
1655 3805 1709 3850 et
1731 3793 2056 3860 Jerusalem,

462 3901 554 3970 qui
589 3905 822 3954 venerat
859 3893 1158 3966 praedicare
1188 3891 1350 3948 caesis
1388 3891 1565 3945 visum
1587 3931 1600 3956 ,
1630 3896 1683 3944 et
1711 3887 1941 3957 captivis
1972 3901 2062 3941 re-

464 3992 782 4048 missionem
803 4034 816 4059 ,
852 3999 900 4043 et
936 3987 1185 4042 liberavit
1212 3999 1306 4039 eos
1333 3983 1424 4054 qui
1460 3982 1755 4036 Dominum
1786 3981 2060 4035 conﬁten-

464 4095 576 4152 tur,
606 4091 661 4138 et
691 4081 780 4152 qui
815 4088 1104 4136 versantur
1135 4077 1189 4132 in
1220 4074 1485 4140 Ecclesia,
1516 4073 1571 4128 in
1603 4087 1707 4144 qua
1741 4072 1884 4126 visio
1916 4071 2062 4141 pacis

465 4188 546 4232 est
569 4219 583 4243 ,
615 4171 969 4244 congregabit
1016 4182 1212 4225 omnes
1242 4175 1432 4238 gentes
1458 4182 1586 4237 quas
1612 4163 1837 4220 credere
1873 4164 2061 4219 nolue-

462 4275 625 4322 runt:
647 4263 884 4338 M207
907 4259 1144 4319 deducet
1174 4275 1269 4316 cas
1297 4257 1348 4314 in
1382 4259 1579 4314 vallem
1604 4255 1889 4327 Josapltat,
1915 4255 2063 4327 quod

476 4361 901 4432 signiﬁcantius,
922 4356 1076 4428 juxta
1101 4351 1422 4409 llebraicam
1451 4353 1739 4407 veritatem
1771 4349 1959 4407 Graece
1981 4349 2064 4405 di-

465 4454 605 4508 citur
628 4451 851 4518 κατάξω,
872 4447 925 4504 id
947 4455 1053 4516 est,
1072 4445 1311 4500 deorsum
1335 4445 1543 4511 ducam,
1569 4451 1622 4499 et
1649 4442 1720 4498 de
1738 4442 2065 4499 sublimibus

465 4549 533 4603 ad
563 4547 817 4602 inferiora
843 4543 1152 4600 detraham.
1183 4539 1470 4610 Simulque
1493 4537 1805 4601 considera,
1839 4535 2064 4607 quando

2165 3338 2434 3409 persecuti
2484 3345 2646 3403 sunt,
2689 3350 2744 3394 et
2773 3337 3075 3396 diviserunt
3106 3339 3205 3394 sibi
3241 3341 3616 3397 lttcreditatem
3651 3343 3762 3399 Do-

2163 3431 2316 3496 mini,
2366 3435 2422 3486 et
2466 3430 2844 3502 disperserunt
2872 3443 2967 3487 eos
2999 3431 3051 3486 in
3104 3431 3446 3502 nationibus,
3497 3441 3549 3488 et
3599 3448 3766 3502 super

2161 3531 2366 3578 terram
2396 3522 2541 3577 illius
2573 3521 2837 3578 miserunt
2857 3532 3062 3578 sortem
3093 3538 3252 3592 :qutc
3297 3537 3404 3578 non
3455 3524 3628 3580 solum
3671 3541 3765 3580 su-

2164 3630 2262 3684 per
2290 3615 2558 3669 btereticis
2588 3609 2849 3670 debemus
2880 3615 3162 3685 accipere,
3210 3616 3300 3684 qui
3330 3613 3433 3670 sibi
3467 3615 3559 3672 Dei
3591 3632 3766 3689 popu-

2161 3707 2273 3761 lum
2324 3705 2658 3773 diviserunt,
2688 3715 2743 3762 et
2769 3720 2866 3762 eos
2900 3705 3105 3761 faciunt
3127 3721 3250 3762 esse
3276 3708 3537 3778 gentiles,
3567 3709 3660 3765 sed
3693 3710 3764 3766 ad

2163 3812 2381 3854 omnem
2424 3797 2662 3868 rigidum
2715 3799 3116 3868 superbumque
3162 3798 3468 3866 doctorem,
3516 3799 3610 3874 qui
3660 3801 3769 3858 sub

2168 3892 2384 3946 nomine
2434 3891 2698 3945 doctrinae
2747 3899 2802 3947 et
2848 3891 3144 3948 sacerdotii
3186 3891 3540 3949 dominantur
3572 3895 3760 3963 cleris,

2166 3991 2219 4038 et
2248 3985 2562 4054 apprimunt
2607 3999 2702 4040 eos
2729 3983 2820 4054 qui
2851 3983 3081 4054 subjecti
3115 3995 3261 4040 sunt.
3286 3985 3537 4057 Cumque
3563 3987 3766 4044 iuerint

2166 4076 2526 4148 negligentes,
2560 4083 2615 4132 et
2652 4075 3139 4133 Scandalizaverint
3179 4093 3349 4134 unum
3387 4081 3454 4136 de
3501 4081 3760 4147 minimis,

2167 4169 2330 4223 etiam
2362 4181 2562 4238 pueros
2608 4175 2812 4238 ponunt
2856 4167 2908 4222 in
2952 4169 3335 4241 prostibulum,
3384 4172 3498 4227 sive
3547 4174 3764 4229 tradunt

2168 4259 2549 4316 meretricibus
2597 4277 2610 4314 :
2650 4270 2704 4315 et
2771 4275 2933 4316 causa
2989 4261 3280 4332 voluptatis
3336 4278 3446 4318 sua:
3489 4263 3762 4336 (quarunt

2168 4353 2314 4408 Deus
2373 4363 2546 4408 venter
2596 4361 2694 4421 est,
2760 4361 2812 4408 et
2869 4354 3040 4426 gloria
3109 4357 3166 4409 in
3225 4356 3531 4426 confusione
3587 4373 3762 4410 eorum

2169 4444 2402 4516 (Philip.
2433 4442 2516 4518 ut)
2547 4445 2786 4501 vendunt
2813 4446 3054 4516 puellas,
3091 4458 3148 4501 ut
3177 4447 3366 4502 bibant
3390 4449 3594 4502 vinum.
3627 4447 3762 4503 Trs-

2173 4538 2249 4594 dit
2275 4545 2456 4594 autem
2486 4537 2856 4594 adolescentes
2889 4539 3296 4605 meretricibus,
3329 4545 3384 4594 et
3408 4539 3616 4611 puellas
3637 4555 3762 4595 ven-

463 4639 782 4696 incredulos
818 4651 1085 4707 quosque,
1119 4635 1202 4689 vel
1237 4607 1579 4688 adversarius
1616 4637 1911 4702 potestates
1952 4630 2059 4686 Do~
2088 4607 2143 4669 Ῑ)
2169 4629 2249 4684 dit
2269 4629 2521 4695 luxurias,
2555 4629 2644 4699 qui
2677 4628 2847 4698 turpis
2875 4628 3010 4684 lucri
3044 4630 3222 4699 gratia
3265 4643 3370 4684 non
3408 4607 3635 4700 corripit
3660 4631 3761 4686 de-

462 4735 646 4789 minus
675 4730 742 4786 ad
779 4727 1038 4800 judicium
1071 4731 1367 4798 provocat,
1412 4734 1469 4778 et
1509 4723 1779 4793 disceptet
1814 4733 1938 4779 cum
1979 4722 2060 4778 eis

458 4841 562 4898 pro
587 4823 787 4895 populo
817 4837 914 4877 suo
947 4841 957 4876 :
981 4819 1258 4886 deducam,
1283 4816 1480 4890 inquit,
1511 4833 1595 4870 eas
1617 4817 1668 4870 in
1692 4815 1875 4871 vallem
1903 4816 2058 4870 lasa-

460 4917 844 4992 plta!.Quando
861 4925 1040 4972 autem
1059 4911 1344 4970 credentes
1363 4911 1429 4968 ad
1451 4911 1693 4982 praelium
1711 4913 2054 4978 cohortatur,

463 5013 592 5069 dicit
631 5029 643 5066 :
679 5010 938 5067 Suscitate
962 5004 1196 5061 robustos
1221 5021 1237 5058 :
1259 5003 1524 5071 accedant,
1560 5001 1848 5058 ascendant
1886 5015 2064 5056 omnes

462 5108 560 5159 uiri
586 5104 858 5159 bellatores
874 5109 1216 5170 :consurgant
1235 5107 1284 5152 et
1305 5095 1584 5151 ascendant
1606 5105 1779 5165 gentes
1801 5095 1853 5149 in
1876 5093 2061 5148 vallem

462 5195 758 5268 Iosophat,
810 5207 914 5249 non
963 5191 1332 5256 descendere,
1366 5188 1467 5244 sed
1514 5187 1812 5243 ascendere
1865 5187 2061 5242 cohor-

464 5300 671 5348 tantur.
709 5287 899 5344 Omnis
934 5285 1082 5341 cnim
1117 5279 1206 5355 qui
1230 5279 1554 5353 judicaturb
1584 5287 1808 5351 propter
1838 5285 2057 5349 peccata

459 5401 599 5449 sua,
658 5383 709 5437 in
766 5379 900 5435 valle
963 5373 1175 5450 positus
1233 5388 1364 5444 est,
1422 5390 1543 5446 quae
1591 5375 1899 5445 appellatur
1961 5371 2058 5428 Jo-

456 5477 679 5546 saphat,
731 5471 786 5526 id
839 5479 956 5534 est,
1007 5468 1222 5524 Domini
1259 5466 1541 5540 judicium.
1576 5465 1678 5532 Qui
1735 5465 1880 5521 enim
1934 5480 2057 5520 cre-

458 5569 538 5620 dit
567 5567 617 5620 in
645 5563 900 5630 Domino,
951 5573 1059 5618 non
1105 5559 1467 5632 iudicabitur.
1511 5555 1696 5627 Ibique
1749 5555 2051 5629 disputabit

529 5781 551 5808 α
594 5770 864 5829 Victorius
920 5769 1135 5826 restitui
1189 5767 1309 5823 vult
1360 5766 1538 5839 locum
1594 5765 1887 5839 praeposito
1942 5765 2030 5822 hic

451 5852 674 5916 puncto,
709 5839 1032 5910 inductaque
1058 5853 1183 5894 mox
1211 5847 1260 5893 et
1281 5837 1492 5908 capula.

2165 4720 2497 4791 linquentes.

2240 4813 2420 4886 (Vera.
2450 4811 2593 4883 4-6.)
2629 4811 2818 4867 Verum
2848 4812 2976 4883 quid
3015 4813 3160 4868 vobis
3203 4823 3249 4869 et
3294 4813 3442 4881 mihi,
3499 4813 3664 4886 Tyrus
3715 4823 3763 4871 et

2170 4905 2358 4970 Sidon,
2406 4913 2450 4958 et
2503 4904 2672 4958 omnis
2716 4904 2964 4958 terminus
3011 4903 3762 4977 PalastinorurnlNumquid

2167 4997 2418 5051 ultionem
2435 5010 2522 5049 vos
2543 4995 2770 5050 reddetis
2791 4995 2901 5068 [AL
2918 4995 3162 5070 redditis}
3187 4999 3313 5051 mihi
3325 5000 3356 5053 .’
3371 4997 3440 5052 Et
3460 5001 3507 5053 si
3547 4999 3760 5056 ulcisci-

2169 5090 2295 5144 mini
2323 5090 2431 5162 [AL
2480 5088 2831 5162 ulciscemiui]
2870 5108 2954 5147 vos
2998 5101 3180 5146 contra
3231 5108 3344 5158 nte,
3384 5094 3486 5147 cito
3524 5095 3762 5149 uelociter

2165 5184 2381 5238 reddam
2409 5183 2813 5238 vicissitudinem
2843 5186 2985 5241 vobis
3019 5197 3174 5258 super
3201 5195 3357 5256 caput
3384 5197 3632 5242 vestrum.
3666 5189 3764 5243 Ar-

2162 5288 2369 5348 gentum
2387 5278 2522 5330 enim
2551 5289 2718 5330 meum
2747 5286 2794 5331 et
2825 5291 3012 5332 aurum
3040 5293 3204 5332 meum
3229 5277 3415 5351 [ναις.
3440 5285 3546 5335 tae.
3567 5281 3761 5356 meum]

2165 5370 2352 5426 tulistis
2378 5379 2468 5426 :et
2491 5371 2848 5426 desiderabilia
2875 5387 3007 5436 mea,
3039 5379 3086 5426 et
3131 5372 3485 5443 pulcherrima
3514 5373 3762 5428 intulistis

2161 5474 2216 5522 in
2243 5468 2456 5523 delubra
2487 5475 2654 5523 vestra
2684 5484 2703 5522 ε
2728 5479 2774 5522 et
2814 5468 2948 5536 ﬁlias
2977 5467 3142 5533 Iuda,
3196 5479 3243 5522 et
3290 5470 3430 5539 ﬁlias
3469 5469 3763 5528 Jerusalem

2156 5559 2459 5616 vendidisti:
2488 5560 2611 5631 ﬁliis
2640 5558 2938 5615 Grecorum
2964 5574 2982 5611 .·
3009 5568 3063 5612 ut
3095 5559 3248 5631 longe
3279 5561 3513 5629 faceretis
3566 5579 3653 5618 eos
3698 5565 3764 5619 de

2207 5763 2446 5892 lnam
2482 5762 2705 5829 isthatc,
2749 5770 2956 5834 propter
2975 5772 3320 5835 peceatum,
3359 5761 3579 5822 Victorii
3607 5762 3760 5834 igno-

2207 5852 2220 5890 ι
2347 5852 2362 5889 ι
2451 5873 2466 5887 .

2167 5852 2220 5892 ra
2229 5852 2249 5890 ι
2277 5852 2466 5892 euttto.
