4120 6342
342 321 440 382 981

1162 314 1808 377 COMMENTARIORUM
1849 314 1916 375 1N
1952 310 2220 376 JOELEM
2262 312 2485 374 LIBER.
2525 313 2678 371 CAP.
2722 314 2809 373 ill.

3531 315 3640 380 982

334 438 527 510 ﬁnibus
551 437 679 492 suis.
705 434 885 492 LXX:
912 434 1048 503 Quid
1078 435 1205 490 mibi
1232 445 1278 490 et
1307 435 1471 501 vobis,
1492 432 1663 505 Tyrus
1685 441 1732 489 et
1750 433 1940 500 Siden,
1970 430 2022 494 Α
2047 434 2250 501 tentias,
2299 440 2356 489 et
2402 447 2566 488 omne
2615 433 2759 504 quod
2809 433 3097 506 pulchrum
3151 436 3202 491 in
3240 432 3482 493 Ecclesia
3515 434 3638 508 fuit,

338 539 387 584 et
414 531 579 584 omnis
603 527 825 584 Galilwa
851 528 1301 599 alienigenarum?
1325 525 1596 598 Numquid
1642 524 1937 578 retributio-

341 641 461 678 nem
486 640 575 678 vos
603 623 824 677 redditis
853 622 983 676 mihi
1012 637 1031 677 :
1062 632 1150 676 aut
1182 623 1315 675 iram
1335 620 1390 675 in
1410 620 1564 674 corde
1591 619 1819 673 retinetis
1845 617 1941 672 ad-

339 734 540 773 versum
572 736 651 773 me
685 719 812 792 (hoc
845 722 989 776 enim
1017 720 1207 776 Graece
1223 718 1493 790 signiﬁcat
1524 713 1943 790 μνησικακείτε)ἳ

340 812 584 866 velociter
608 822 657 868 et
680 814 780 868 cito
804 814 1018 867 reddam
1044 813 1429 868 retributionem
1453 820 1674 866 vestram
1699 811 1754 865 in
1792 811 1940 881 capi-

341 903 478 957 tibus
505 906 687 960 vestris
720 920 738 959 :
776 923 870 977 pro
912 921 973 960 eo
1011 904 1151 976 quod
1177 911 1446 974 argentum
1471 918 1640 957 meum
1668 911 1718 957 et
1753 918 1942 956 aurum

341 1014 509 1053 meum
558 999 790 1055 tulistis:
820 1010 867 1055 et
912 1002 1069 1054 electa
1115 1016 1226 1054 mea
1270 1008 1315 1054 et
1355 999 1549 1071 Optima
1600 996 1849 1052 intulistis
1888 997 1941 1051 in

341 1092 535 1163 templa
564 1101 732 1147 vestra
755 1108 774 1147 :
794 1104 841 1147 et
874 1092 1013 1163 ﬁlios
1039 1091 1204 1160 Juda,
1249 1103 1296 1146 et
1326 1092 1462 1162 ﬁlios
1487 1088 1779 1146 Jerusalem
1821 1104 1945 1143 ven-

340 1184 551 1238 didistis
595 1184 723 1254 ﬁliis
768 1182 1065 1239 ercorum
1099 1194 1197 1240 :ut
1242 1185 1492 1257 ejiceretis
1517 1199 1604 1237 eos
1641 1182 1704 1237 de
1752 1181 1943 1251 ﬁnibus

339 1276 469 1330 suis.
511 1277 574 1330 Et
606 1277 723 1331 huic
751 1276 924 1332 Judaei
956 1278 1248 1333 adversum
1278 1277 1481 1349 Tytutn
1514 1285 1565 1330 el
1600 1275 1858 1331 Sidonem
1888 1283 1944 1330 et

345 1369 764 1426 Palmslinorum
786 1372 1075 1435 terminos,
1094 1371 1206 1426 sive
1220 1371 1501 1427 Galilmam
1514 1369 1939 1439 alienigenarum

340 1462 448 1516 diei
477 1463 817 1519 arbitrantur
841 1483 851 1517 :
876 1465 1023 1536 quod
1049 1473 1301 1534 tempore
1328 1461 1937 1534 captivitatisJudaicm,

339 1557 556 1626 quando
584 1557 710 1613 victi
738 1568 865 1614 sunt
888 1574 916 1613 a
941 1559 1229 1624 Romanis,
1258 1559 1349 1613 Dei
1379 1557 1638 1629 populum
1669 1556 1941 1627 persecuti

340 1660 471 1703 sunt
503 1667 519 1705 :
554 1651 719 1705 immo
740 1651 796 1706 in
828 1651 1031 1724 populo
1058 1650 1158 1707 Dei
1186 1653 1362 1721 ipsum
1402 1650 1572 1707 Deum
1603 1650 1693 1721 qui
1729 1647 1944 1720 prmluit

342 1743 565 1814 populo,
582 1746 883 1801 secundum
901 1745 1033 1801 illud
1057 1745 1199 1816 quod
1218 1746 1478 1816 scriptum
1495 1753 1608 1800 est:
1630 1743 1731 1811 Qui
1751 1758 1837 1797 vos
1859 1759 1939 1796 re-

2046 526 2159 580 suis
2180 525 2459 581 erroribus
2493 527 2888 597 manciparunt.
2928 529 3226 584 "tereticus
3260 544 3633 602 quoscumque

2044 616 2345 687 deceperit,
2396 626 2450 674 et
2492 632 2588 673 sua
2636 619 2827 674 fecerit
2871 618 3099 675 adorare
3130 621 3440 690 simulacra,
3493 622 3638 679 ﬁlios

2045 709 2182 766 Juda
2213 718 2269 766 et
2298 711 2436 767 ﬁlios
2464 711 2767 768 Jerusalem
2798 713 2986 768 vendit
3016 712 3245 781 Graecis,
3296 715 3411 770 sive
3463 715 3640 786 genti-

2046 804 2208 870 libus,
2250 813 2305 861 et
2333 819 2428 861 eos
2456 805 2524 860 de
2564 806 2886 862 Christianis
2937 806 3191 862 ethnicos
3232 806 3402 863 facit:
3434 816 3493 862 ut
3546 822 3639 863 ex-

2045 899 2303 954 terminet
2352 899 2421 955 de
2455 900 2652 955 ﬁnibus
2693 903 2828 968 suis,
2858 899 2913 955 in
2943 900 3141 971 quibus
3184 901 3236 956 in
3266 902 3489 958 Christo
3516 902 3636 960 fue-

2046 1000 2168 1046 rant
2198 993 2487 1062 procreati,
2530 999 2585 1046 et
2625 993 2790 1064 210
2835 1006 3177 1062 nequaquam
3226 994 3278 1046 in
3322 992 3534 1063 Judaea,
3586 1004 3640 1050 et

2048 1083 2295 1138 veritatis
2317 1084 2683 1149 confessione,
2717 1083 2813 1138 sed
2845 1086 2897 1137 in
2920 1083 3166 1154 gentium
3195 1098 3382 1139 errore
3408 1100 3631 1141 versen-

2047 1186 2151 1231 tur.
2185 1175 2316 1241 Qute
2344 1177 2522 1230 omnia
2546 1176 2682 1231 etad
2706 1176 2851 1231 diem
2870 1176 3066 1247 judicii
3091 1179 3299 1232 referre
3325 1191 3636 1248 possumus,

2045 1285 2152 1324 non
2186 1270 2535 1340 discrepaute
2560 1270 2798 1325 vindicta
2828 1288 2838 1324 :
2887 1269 3015 1326 licet
3044 1272 3097 1325 in
3131 1281 3378 1342 tempore
3408 1287 3437 1328 a
3472 1290 3636 1344 supe—

2045 1364 2281 1419 rioribus
2307 1362 2621 1433 discrepare
2664 1362 2970 1419 videantur.
3006 1362 3114 1419 Pro
3161 1362 3386 1419 Galilzea
3427 1366 3480 1420 in
3534 1366 3640 1422 lie-

2044 1456 2194 1512 braeo
2222 1457 2485 1526 scriptum
2527 1464 2630 1521 est,
2663 1471 2928 1511 GALILOTR
2965 1440 3215 1526 (1115753),
3269 1457 3412 1528 quod
3442 1459 3634 1529 Aquila

2048 1550 2072 1589 δ
2095 1559 2269 1615 Θῖνας,
2302 1548 2661 1621 Symmachus
2686 1548 2956 1604 Terminus
2993 1548 3271 1604 transtulit
3305 1566 3316 1602 :
3358 1556 3513 1612 Θῖνας
3549 1566 3643 1606 au-

2045 1652 2179 1710 tem,
2208 1643 2260 1698 id
2284 1650 2391 1707 cst,
2424 1641 2674 1695 Tumulos
2697 1640 3011 1708 Arenarum,
3036 1640 3337 1696 referamus
3361 1642 3428 1696 ad
3458 1642 3638 1698 littora

2045 1737 2364 1805 Palaestinas,
2391 1750 2499 1791 non
2523 1736 2588 1790 ad
2614 1734 2895 1791 Galilaeam
2920 1734 3231 1801 Philistiim,
3264 1750 3385 1806 qua:
3407 1737 3629 1792 omnino

339 1836 485 1903 cipit,
508 1851 588 1890 me
605 1838 785 1909 recipit
804 1837 960 1910 (Mat.
981 1856 1035 1906 x,
1058 1840 1172 1911 40).
1194 1839 1341 1909 Ergo
1359 1837 1687 1899 ccontrario,
1706 1837 1797 1907 qui
1817 1850 1942 1907 per-
1972 1828 2020 1894 B
2048 1832 2196 1887 nulla
2232 1838 2337 1886 εει.

338 1932 586 2001 sequitur
604 1934 865 2003 populum
887 1934 1003 2002 Dei,
1020 1932 1197 2005 ipsum
1213 1934 1385 1990 Deum
1403 1931 1769 2003 persequitur,
1787 1932 1942 2001 cujus

335 2033 421 2078 est
443 2025 606 2097 209
628 2027 879 2097 populus.
912 2026 1176 2098 Reddam,
1198 2026 1390 2099 inquit,
1421 2025 1578 2083 vobis
1592 2042 1714 2098 qua:
1740 2024 1943 2081 fecistis

338 2118 541 2187 populo
573 2133 693 2174 meo
722 2137 736 2174 :
769 2120 893 2191 quia
922 2132 1205 2190 argentum
1231 2135 1412 2177 meum
1441 2129 1497 2176 et
1518 2134 1732 2184 aurum,
1765 2117 1939 2185 idest,

340 2223 465 2262 vasa
520 2210 732 2281 templi,
786 2220 840 2266 et
889 2213 1148 2283 quidquid
1192 2215 1246 2267 in
1301 2228 1366 2268 eo
1398 2212 1850 2283 pretiosissimum
1886 2220 1944 2269 et

336 2301 796 2370 speciosissimum
828 2306 943 2369 fuit,
975 2306 1366 2362 candelabrum
1409 2320 1638 2361 aureum
1686 2315 1740 2361 et
1784 2321 1939 2361 men-

336 2409 452 2448 sam
482 2396 866 2465 propositionis
889 2413 1137 2466 auream,
1168 2408 1222 2454 et
1242 2399 1382 2475 duos
1402 2398 1694 2454 Cherubim
1719 2413 1939 2465 aureos,

336 2494 390 2539 et
416 2485 879 2556 propitiatorium,
914 2499 970 2545 et
993 2490 1201 2560 phialas
1230 2506 1292 2546 ac
1334 2490 1611 2546 thurihula
1643 2506 1806 2547 aurea
1860 2498 1942 2544 tu-

339 2578 499 2645 listis,
535 2588 591 2634 et
621 2582 987 2637 consecrastis
1035 2582 1192 2637 idolis
1244 2584 1440 2639 vestris
1472 2581 1565 2655 (IV
1606 2583 1734 2653 Reg.
1786 2581 1938 2653 xxv).

337 2670 464 2726 Haec
491 2681 670 2727 autem
706 2684 888 2729 narrat
933 2675 1158 2730 historia
1202 2676 1487 2732 Chaldaeos
1520 2678 1690 2746 magis
1721 2675 1937 2743 fecisse,

335 2765 425 2835 qui
463 2780 591 2820 vasa
621 2768 806 2837 templi
857 2767 1071 2825 Domini
1117 2778 1419 2839 posuerunt
1462 2772 1514 2825 in
1571 2771 1773 2840 templo
1802 2769 1937 2824 Bel:

339 2858 482 2914 unde
510 2869 695 2929 postea
728 2862 1014 2919 Balthasar
1040 2872 1191 2935 potat
1228 2866 1280 2919 in
1315 2864 1531 2935 phialis,
1564 2873 1619 2920 et
1643 2865 1823 2919 statim
1858 2879 1942 2920 re-

338 2968 500 3022 gnum
531 2953 652 3024 ejus
692 2955 745 3010 in
796 2956 980 3013 Medos
1019 2968 1072 3013 et
1116 2960 1312 3015 Persas
1342 2959 1672 3016 transfertur
1702 2958 1937 3029 (Daniel.

338 3045 415 3117 v).
446 3045 553 3103 Sed
582 3048 701 3117 quia
750 3061 876 3121 post
904 3050 1049 3107 diem
1085 3052 1294 3108 Domini
1340 3068 1599 3125 magnum
1625 3063 1677 3109 et
1709 3052 1939 3109 horribi-

339 3139 465 3208 lem,
496 3138 615 3196 hmc
636 3140 811 3197 futura
838 3143 1117 3213 dicuntur,
1148 3161 1269 3216 quae
1294 3147 1525 3217 apostoli
1568 3147 1622 3200 in
1657 3158 1937 3201 resurrec-

2120 1923 2302 1994 (Vers.
2336 1923 2389 1990 7,
2422 1922 2503 1991 8.)
2543 1920 2679 1975 Ecce
2718 1936 2811 1993 ego
2836 1922 3093 1977 suscitabo
3142 1939 3227 1977 eos
3276 1924 3341 1978 de
3392 1922 3529 1991 loco,
3582 1926 3633 1978 in

2042 2033 2146 2089 quo
2184 2015 2488 2072 vendidistis
2539 2030 2656 2083 eos,
2705 2024 2754 2070 et
2800 2025 3091 2070 convertam
3126 2017 3514 2071 retributionem
3554 2034 3629 2072 veo

2041 2121 2207 2165 stram
2236 2110 2289 2163 in
2318 2116 2471 2182 caput
2501 2118 2745 2175 vestrum,
2778 2118 2825 2162 et
2846 2108 3065 2163 vendam
3097 2108 3233 2177 ﬁlios
3260 2120 3472 2175 vestros,
3505 2118 3551 2164 et
3574 2109 3638 2179 ﬁ-

2043 2202 2143 2257 lias
2173 2210 2387 2269 vestras,
2418 2202 2471 2255 in
2492 2200 2732 2255 manibus
2755 2200 2984 2269 ﬁliorum
3009 2199 3177 2269 Juda,
3206 2211 3253 2254 et
3275 2200 3636 2255 venundabunt

2044 2313 2128 2351 eos
2162 2296 2380 2362 Sabatis,
2404 2296 2542 2368 genti
2574 2294 2913 2366 longinquas:
2962 2295 3086 2363 quia
3130 2293 3382 2348 Dominus
3430 2295 3636 2348 locutus

2041 2400 2134 2446 est.
2161 2387 2305 2443 LXX
2339 2406 2349 2441 :
2383 2387 2519 2441 Ecce
2546 2404 2638 2460 ego
2665 2387 2920 2441 suscitabo
2959 2401 3045 2440 eos
3084 2385 3147 2439 de
3177 2385 3292 2439 loco
3312 2387 3366 2439 in
3395 2400 3496 2455 quo
3516 2402 3635 2440 ren-

2043 2482 2247 2535 didistis
2267 2496 2375 2547 eos,
2401 2487 2447 2531 et
2484 2478 2701 2532 reddam
2723 2477 3107 2532 retributionem
3134 2486 3355 2531 vestram
3385 2477 3439 2530 in
3459 2479 3634 2547 cupita

2041 2582 2226 2638 vestra,
2257 2581 2307 2626 et
2334 2570 2551 2625 vendam
2584 2570 2719 2640 ﬁlios
2746 2579 2941 2623 vestros
2966 2578 3012 2623 et
3043 2569 3184 2638 ﬁlias
3209 2577 3402 2623 vestras
3427 2571 3481 2623 in
3521 2586 3632 2624 ma-

2042 2668 2190 2723 nibus
2228 2668 2459 2737 ﬁliorum
2500 2664 2667 2732 Iuda,
2691 2674 2737 2718 et
2775 2663 3142 2718 venundabunt
3170 2679 3254 2718 eos
3282 2663 3336 2717 in
3364 2665 3635 2735 captivitao

2042 2772 2143 2816 tem
2172 2760 2332 2831 genti,
2374 2774 2490 2829 qua:
2519 2754 2702 2829 procul
2747 2756 2909 2824 abest,
2935 2755 3178 2825 quoniam
3210 2754 3461 2809 Dominus
3484 2754 3636 2810 locu-

2043 2865 2124 2908 tus
2163 2862 2258 2907 est.
2292 2850 2533 2906 Verbum
2590 2848 2908 2904 llebraieum
2941 2862 3132 2902 suum
3176 2847 3450 2921 (muniti),
3487 2849 3631 2919 quod

2042 2946 2233 3017 Aquila
2263 2954 2318 2999 et
2339 2942 2700 3016 Symmachus
2730 2942 2802 2995 ita
2835 2949 2893 2996 ut
2920 2943 3187 3011 scriptum
3215 2951 3299 2996 est
3340 2944 3635 2998 transtule-

2042 3048 2189 3103 runt,
2222 3035 2367 3091 LXX
2398 3035 2749 3103 captivitatem
2778 3033 3114 3102 interpretati
3144 3040 3291 3098 sunt,
3335 3033 3479 3102 quod
3521 3048 3634 3088 me-

2044 3133 2148 3186 lius
2173 3130 2403 3201 captivos
2429 3125 2720 3199 signiﬁcat.
2752 3125 2969 3181 Sabaim
2998 3132 3179 3180 autem
3207 3139 3341 3196 gens
3366 3133 3515 3179 trans
3542 3125 3632 3179 ln-

340 3232 487 3289 tione
515 3233 729 3290 Domini
761 3237 1215 3307 interpretantur,
1265 3249 1317 3293 et
1369 3239 1581 3294 Hebraei
1615 3239 1666 3293 in
1700 3239 1934 3294 futurum

2045 3225 2184 3279 diam
2208 3223 2445 3291 dicitur,
2480 3220 2549 3276 de
2585 3236 2688 3291 qua
2722 3220 2820 3273 luit
2851 3226 2906 3275 et
2932 3219 3119 3288 regina
3151 3218 3311 3284 Saba,
3338 3232 3460 3289 qu.e
3490 3219 3637 3273 venit

334 3322 521 3393 judicii
560 3333 775 3397 tempus
810 3328 1086 3399 differunt,
1137 3332 1307 3400 magis
1344 3330 1415 3385 de
1456 3330 1716 3386 Romanis
1745 3338 1827 3386 est
1857 3331 1939 3386 in-

339 3420 693 3491 telligendum
749 3441 758 3476 :
813 3425 958 3493 quod
1006 3425 1370 3495 Vespasianus
1418 3434 1473 3479 et
1518 3424 1689 3489 Titus,
1752 3424 1938 3481 Romae

343 3513 545 3582 templo
574 3514 733 3571 Pacis
756 3516 1046 3580 miliﬁcato.
1081 3533 1209 3572 vasa
1240 3517 1452 3587 Templi
1483 3525 1538 3573 et
1561 3519 1811 3574 universa
1837 3518 1937 3573 do.

341 3606 490 3660 naria
531 3606 586 3661 in
617 3605 848 3663 delubro
874 3609 1016 3664 illius
1045 3617 1438 3664 consecrarunt
1467 3628 1477 3663 :
1527 3624 1647 3679 quas
1674 3609 1864 3665 Graeca
1886 3616 1942 3665 et

341 3697 582 3755 Romana
605 3709 792 3755 narrat
824 3702 1068 3757 historia.
1105 3702 1184 3757 Eo
1219 3712 1461 3773 tempore
1484 3703 1580 3757 lilii
1606 3701 1741 3759 Juda
1771 3711 1827 3758 et
1850 3704 1943 3759 Jeo
1968 3726 1973 3729 ν

340 3789 578 3846 ruulem
611 3790 975 3864 (nequaquam
1008 3794 1198 3862 Israel,
1226 3804 1280 3849 et
1308 3794 1497 3850 decem
1528 3794 1794 3862 tribuum,
1821 3809 1941 3865 qua:

344 3897 517 3954 usque
547 3884 710 3941 bodie
736 3886 788 3942 in
815 3886 1097 3942 Medorum
1131 3887 1357 3943 urbibus
1397 3896 1452 3943 et
1482 3888 1758 3943 montibus
1792 3887 1944 3943 habi-

345 3979 487 4049 tant)
533 3980 742 4036 venditi
789 3991 916 4036 sunt
960 3981 1085 4035 ﬁliis
1124 3981 1458 4050 Grmcorum,
1512 3990 1568 4036 ut
1605 3982 1943 4038 extermina-

345 4084 532 4129 rentur
561 4075 628 4131 de
658 4076 857 4132 ﬁnibus
889 4077 1025 4141 suis,
1060 4085 1115 4133 et
1152 4077 1331 4131 omnis
1370 4078 1519 4133 orbis
1549 4076 1772 4132 Judaica
1812 4090 1940 4148 cap-

348 4169 553 4223 tivitate
578 4170 883 4240 completus
909 4178 1010 4226 est.
1045 4171 1159 4225 Hoc
1185 4171 1258 4225 illi
1290 4172 1565 4237 referunt,
1600 4179 1658 4226 ut
1684 4170 1944 4226 ultionem

346 4262 625 4331 sanguinis
664 4262 864 4318 Christi
894 4272 949 4318 et
992 4263 1401 4319 subversionem
1439 4264 1743 4319 Jerusalem
1771 4305 1784 4330 ,
1826 4279 1948 4334 quas

352 4354 441 4407 Dei
459 4355 668 4425 judicio
695 4357 913 4423 accidit,
935 4367 1123 4412 contra
1144 4356 1346 4429 Tyrum
1365 4367 1419 4413 et
1440 4357 1698 4413 Sidonem
1721 4366 1745 4395 ι
1768 4373 1865 4427 per
1887 4371 1949 4415 se

347 4448 620 4503 accidisse
646 4448 991 4504 conﬁrment.
1033 4448 1145 4505 Nos
1182 4449 1534 4519 autemjuxta
1561 4461 1793 4521 emptam
1839 4461 1949 4509 tro-

344 4538 643 4609 pologlam,
676 4538 878 4609 Tyrum
916 4549 969 4596 et
1005 4540 1263 4597 Sidonem
1302 4552 1352 4595 et
1388 4541 1713 4596 Palmstinos
1738 4556 1834 4597 eos
1867 4544 1950 4599 in-

2040 3316 2362 3387 sapientiam
2384 3313 2575 3369 audire
2602 3312 2909 3369 Salomonis
2941 3310 3034 3380 (ill
3059 3309 3193 3380 Reg.
3230 3311 3306 3381 ι),
3338 3310 3409 3367 de
3437 3312 3634 3381 quibus

2041 3422 2095 3469 et
2124 3412 2287 3467 Isaias
2314 3410 2558 3481 loquitur
2592 3427 2604 3463 :
2630 3408 2697 3463 Et
2726 3408 2939 3464 Sabaim
2966 3409 3062 3462 viri
3084 3409 3275 3463 excelsi
3300 3407 3370 3463 ad
3392 3417 3438 3461 te
3461 3416 3634 3462 trans-

2040 3506 2187 3558 ibunt
2241 3502 2397 3576 (lsai.
2440 3516 2603 3567 ηιιι,
2636 3500 2749 3571 M).
2789 3498 2942 3556 Unde
2982 3512 3032 3555 et
3066 3500 3192 3555 thus
3236 3500 3424 3555 venire
3454 3498 3635 3570 perhi-

2046 3600 2225 3663 betur,
2254 3597 2471 3652 dicente
2502 3594 2727 3664 Virgilio
2755 3593 2993 3668 (/Eneid.
3033 3594 3123 3648 lib.
3154 3594 3197 3666 ι)
3226 3610 3239 3647 :

2780 3705 3089 3769 Ceutumque
3121 3705 3296 3757 Sabaeo

2261 3771 2428 3824 Thure
2454 3770 2623 3822 calent
2663 3783 2759 3820 arte
2795 3783 2807 3818 :

2046 3900 2175 3954 licet
2205 3896 2422 3969 quidam
2466 3896 2713 3964 Sabaeos,
2753 3894 2961 3951 Arabes
3002 3896 3368 3964 susmeentur.
3402 3894 3634 3950 Promit-

2048 3999 2166 4045 tunt
2195 4004 2326 4061 ergo
2354 3987 2458 4069 sibi
2485 3988 2679 4056 Judaei,
2715 3990 2881 4044 immo
2908 3988 3207 4057 somniant,
3243 3988 3384 4058 quod
3424 3988 3477 4043 in
3509 3989 3636 4044 uitl-

2048 4099 2137 4137 mo
2167 4092 2413 4153 tempore
2442 4090 2853 4152 congregantur
2885 4096 2913 4134 a
2949 4080 3202 4148 Domino,
3231 4088 3284 4136 et
3313 4080 3642 4136 reducantur

2049 4175 2101 4228 in
2147 4173 2469 4227 Jerusalem.
2523 4170 2633 4227 Nec
2683 4171 2783 4227 hac
2826 4170 3091 4227 felicitate
3147 4169 3412 4238 contenti,
3467 4174 3640 4241 ipsum

2054 4268 2218 4321 Deum
2250 4266 2361 4320 suis
2390 4265 2644 4321 manibus
2676 4264 3045 4320 Romanorum
3073 4264 3216 4319 ﬁlios
3246 4273 3301 4320 et
3326 4262 3467 4319 ﬁlias
3498 4276 3641 4320 asse-

2051 4368 2179 4414 runt
2221 4357 2570 4424 traditurum,
2603 4366 2664 4413 ut
2688 4357 2931 4413 vendant
2958 4371 3053 4413 eos
3084 4356 3278 4421 Judaei,
3329 4373 3435 4412 non
3468 4358 3643 4413 Persis

2051 4463 2106 4508 et
2152 4451 2495 4522 Aitbiopibus
2544 4459 2597 4506 et
2638 4451 2854 4505 caeteris
2912 4448 3226 4504 nationibus
3275 4463 3396 4518 quae
3454 4449 3645 4505 \iciute

2055 4551 2215 4609 sunt;
2259 4543 2356 4598 sed
2389 4542 2612 4608 Sabaeis,
2644 4541 2794 4611 genti
2824 4540 3158 4609 longissimae
3185 4557 3197 4592 :
3227 4540 3351 4609 quia
3382 4539 3643 4595 Dominus

348 4640 734 4701 terp'etemur,
760 4632 848 4701 qui
873 4632 970 4687 Del
1000 4632 1262 4703 populum
1293 4644 1651 4704 coangustant
1684 4643 1737 4690 et
1764 4636 1938 4691 tribu-
1968 4618 2021 4680 D
2051 4638 2261 4691 locutus
2286 4637 2377 4701 sit,
2403 4643 2459 4691 et
2490 4634 2674 4705 populi
2696 4626 2788 4689 sui
2833 4633 3131 4688 ulciscatur
3185 4632 3460 4702 injurlam.
3516 4634 3642 4689 "me

349 4728 547 4782 lantet
592 4736 995 4798 persequuntur
1042 4726 1172 4800 (hoc
1221 4730 1367 4782 enim
1415 4728 1590 4800 Tyrus
1641 4729 1695 4782 in
1757 4730 1938 4800 lingua

348 4827 531 4874 nostra
573 4822 824 4889 resonat)
852 4828 907 4875 et
946 4834 1069 4875 eum
1098 4832 1367 4875 venantur
1406 4820 1514 4892 [ΑΙ.
1558 4830 1618 4875 ιιι
1647 4823 1939 4895 venentur]

351 4912 401 4965 in
433 4918 686 4977 mortem,
720 4912 866 4983 quod
906 4927 1101 4968 nomen
1141 4912 1357 4968 Sidonis
1396 4912 1623 4978 indicat,
1658 4923 1712 4970 et
1744 4915 1941 4972 biben-

348 5012 429 5058 tes
458 5004 775 5074 sanguinem
807 5013 1099 5075 corruunt,
1132 5008 1251 5061 sive
1297 5006 1611 5061 volutantur
1656 5009 1708 5062 in
1758 5022 1940 5076 coeno,

351 5093 493 5163 quod
532 5094 828 5153 Pliilistiim
872 5096 1207 5167 Galilaeaque
1238 5098 1529 5168 significat.
1577 5098 1852 5156 Velociter
1888 5110 1944 5158 et

350 5187 458 5243 cito
475 5190 727 5246 restituet
756 5191 836 5246 eis
869 5191 1133 5247 Dominus
1158 5191 1303 5261 quod
1333 5200 1634 5261 merentur,
1659 5194 1786 5264 quia
1815 5210 1940 5264 per-

351 5283 527 5336 secuti
549 5291 677 5339 sunt
701 5298 848 5340 eum.
897 5285 962 5339 Et
1002 5293 1287 5355 argentum
1316 5285 1460 5339 illius
1500 5295 1555 5341 et
1582 5302 1795 5354 aurum,
1826 5290 1944 5345 elo-

352 5374 478 5443 quia
509 5374 762 5432 videlicet
781 5376 1205 5448 Scripturarum,
1237 5386 1292 5433 et
1319 5382 1572 5448 νοήματα,
1607 5379 1658 5434 id
1693 5389 1794 5446 est,
1825 5398 1943 5437 sen-

423 5495 448 5559 ξι
493 5485 740 5559 Voeales,
777 5506 867 5558 per
895 5506 967 5559 se,
996 5488 1203 5544 Victor.
1236 5488 1468 5559 ignorat.

424 5556 451 5594 δ
492 5557 619 5630 Mss.
647 5556 867 5615 codices
896 5556 1081 5630 legunt
1107 5556 1299 5627 Θεῖναξ,
1326 5577 1431 5615 non
1454 5563 1624 5626 Θινάς.
1661 5562 1815 5630 Quod
1839 5578 1940 5619 no-

352 5643 476 5703 men
526 5629 886 5703 Hieronymus
934 5629 1199 5703 recitatio
1248 5648 1366 5703 cap.
1415 5648 1563 5703 xtvu
1615 5629 1933 5703 Ezechielis,

351 5700 541 5772 dieens
573 5717 585 5753 :
617 5700 814 5756 Deinde
848 5720 942 5769 pro
970 5702 1253 5768 Getam-3A,
1302 5700 1417 5772 qua:
1460 5702 1716 5760 Hebraicc
1743 5700 1937 5761 dicitur

350 5768 555 5849 Cauta
579 5812 598 5849 ,Α
617 5772 809 5849 ᾼᾳαὶιιι
838 5768 999 5835 Θηνάς
1036 5768 1402 5849 interpretatus
1430 5777 1521 5849 sit,
1554 5777 1695 5849 quod
1739 5775 1937 5849 Tumu-

356 5842 434 5894 los
463 5842 723 5913 signiﬁcat
770 5844 1082 5899 Arenarum.
1114 5842 1226 5901 VOX
1266 5847 1448 5916 itaque
1489 5842 1677 5903 Grates
1728 5847 1934 5919 Aquilae

2049 4729 2125 4782 illi
2156 4738 2211 4783 et
2240 4726 2412 4781 nostri
2442 4724 2814 4791 Judaizantes,
2845 4724 2937 4793 qui
2959 4724 3106 4780 mille
3121 4738 3389 4781 annorum
3416 4742 3641 4796 regnum

2051 4825 2104 4877 in
2136 4822 2338 4877 Judaete
2368 4820 2471 4875 sibi
2504 4818 2699 4873 ﬁnibus
2730 4819 3073 4889 pollicentur,
3120 4830 3173 4874 et
3198 4807 3438 4877 'auream
3481 4819 3643 4876 Jeru-

2052 4917 2244 4978 salem,
2277 4922 2329 4969 et
2358 4912 2698 4968 victimarum
2731 4914 3075 4982 sanguinem,
3114 4921 3168 4968 et
3210 4913 3352 4968 filios
3375 4929 3438 4967 ac
3470 4928 3644 4981 nepo-

2055 5016 2135 5062 tes
2178 5014 2233 5061 et
2271 5005 2493 5060 delicias
2525 5002 2898 5068 incredibiles,
2952 5014 3001 5059 et
3063 5013 3251 5073 portas
3304 5019 3644 5075 gemmarum

2056 5102 2216 5171 211
2272 5097 2536 5152 varietate
2587 5094 2896 5150 distinctas.
2949 5094 3058 5149 Nos
3109 5104 3292 5151 autem
3351 5096 3641 5165 dicamus,

2052 5192 2197 5264 quod
2229 5199 2281 5245 et
2310 5190 2597 5245 suscitavit
2625 5188 2887 5244 Dominus
2911 5199 3032 5258 post
3056 5188 3351 5244 adventum
3382 5202 3562 5258 suum,
3594 5199 3649 5245 et

2055 5285 2298 5358 quotidie
2340 5283 2583 5349 suscitat,
2619 5290 2673 5337 et
2700 5282 3060 5338 suscitaturus
3107 5290 3193 5337 est
3223 5295 3341 5349 eos,
3376 5296 3512 5352 quos
3558 5294 3649 5335 va-

2053 5381 2170 5435 rius
2199 5392 2354 5434 error
2381 5376 2646 5433 eduxerat
2675 5376 2743 5431 de
2775 5374 2971 5431 ﬁnibus
2995 5375 3127 5429 suis.
3163 5373 3509 5445 Pulcbrequc
3537 5391 3651 5430 sus-

2045 5492 2217 5547 tribns
2241 5487 2416 5545 modis
2429 5490 2682 5544 scribitur
2704 5488 2844 5559 apud
2870 5488 3252 5559 Hieronymum
3276 5489 3326 5543 in
3358 5490 3510 5544 libris
3533 5491 3647 5545 edi-

2043 5567 2109 5619 tis
2131 5572 2185 5617 et
2208 5562 2614 5630 manuscriptis,
2639 5564 2791 5621 Θινάς
2822 5561 3048 5623 scilicet,
3069 5567 3245 5621 Θεῖνας
3267 5570 3319 5615 et
3337 5563 3509 5622 θηνὰς.
3560 5560 3649 5625 Ut,

2041 5637 2155 5689 sive
2177 5636 2466 5703 legerimus
2492 5640 2664 5695 Θῖνας,
2693 5633 2802 5685 sive
2828 5634 2978 5693 Οῆνας
3007 5676 3019 5699 ,
3051 5635 3231 5685 malini
3261 5649 3382 5687 cum
3407 5634 3653 5700 Scapula:

2042 5708 2215 5762 lexico
2259 5704 2448 5760 Graeco
2492 5705 2727 5758 scribere
2773 5719 2895 5759 cum
2945 5712 3172 5757 accentu
3220 5704 3571 5759 circumflexo
3598 5704 3652 5757 in

2042 5777 2327 5847 penultima
2369 5789 2525 5847 qu_:un
2557 5775 2851 5847 cum_gravi
2895 5773 2946 5827 in
2989 5773 3194 5847 ultima.
3225 5774 3500 5847 blau'r.—-
3524 5776 3659 5830 Maro

2039 5842 2174 5903 tian.
2226 5842 2397 5905 θεῖναέ
2428 5843 2629 5899 Recole
2660 5842 2964 5900 Comment.
2999 5846 3049 5899 in
3103 5860 3222 5916 cap.
3258 5845 3453 5901 Ezech.
3487 5861 3647 5911 xum,
