  <div class='ocr_page' id='page_1' title='image "/cluster/home/n/w/nwhite01/storage/ocr_20150623/25/hvd.32044015471394/499.png"; bbox 0 0 4120 6342; ppageno 0'>
   <div class='ocr_carea' id='block_1_1' title="bbox 518 271 2131 336">
    <p class='ocr_par' dir='ltr' id='par_1_1' title="bbox 518 271 2131 329">
     <span class='ocr_line' id='line_1_1' title="bbox 518 271 2131 329; baseline -0.001 -1"><span class='ocrx_word' id='word_1_1' title='bbox 518 272 626 329; x_wconf 78' lang='grc'><strong>985</strong></span> <span class='ocrx_word' id='word_1_2' title='bbox 1774 272 1831 327; x_wconf 94' lang='lat' dir='ltr'><strong>S.</strong></span> <span class='ocrx_word' id='word_1_3' title='bbox 1875 271 2131 329; x_wconf 80' lang='lat' dir='ltr'><strong>EUSEBI]</strong></span> 
     </span>
    </p>
   </div>
   <div class='ocr_carea' id='block_1_2' title="bbox 2236 271 3820 336">
    <p class='ocr_par' dir='ltr' id='par_1_2' title="bbox 2236 272 3820 336">
     <span class='ocr_line' id='line_1_2' title="bbox 2236 272 3820 336; baseline 0.005 -9"><span class='ocrx_word' id='word_1_4' title='bbox 2236 272 2488 330; x_wconf 81' lang='lat' dir='ltr'><strong>[ERONY</strong></span> <span class='ocrx_word' id='word_1_5' title='bbox 2500 273 2570 328; x_wconf 81' lang='lat' dir='ltr'><strong>Ml</strong></span> <span class='ocrx_word' id='word_1_6' title='bbox 3719 279 3783 334; x_wconf 86' lang='lat'><strong>98</strong></span> <span class='ocrx_word' id='word_1_7' title='bbox 3792 279 3820 336; x_wconf 75' lang='grc'><strong>4</strong></span> 
     </span>
    </p>
   </div>
   <div class='ocr_carea' id='block_1_3' title="bbox 518 388 3821 460">
    <p class='ocr_par' dir='ltr' id='par_1_3' title="bbox 518 388 3821 460">
     <span class='ocr_line' id='line_1_3' title="bbox 518 388 3821 460; baseline 0.002 -17"><span class='ocrx_word' id='word_1_8' title='bbox 518 391 707 457; x_wconf 85' lang='lat' dir='ltr'><strong>citabo,</strong></span> <span class='ocrx_word' id='word_1_9' title='bbox 736 389 830 460; x_wconf 80' lang='lat' dir='ltr'><strong>ait,</strong></span> <span class='ocrx_word' id='word_1_10' title='bbox 864 399 888 426; x_wconf 83' lang='grc' dir='ltr'>ι</span> <span class='ocrx_word' id='word_1_11' title='bbox 923 389 1075 458; x_wconf 83' lang='lat' dir='ltr'><strong>quasi</strong></span> <span class='ocrx_word' id='word_1_12' title='bbox 1102 389 1350 458; x_wconf 86' lang='lat' dir='ltr'><strong>jacentes</strong></span> <span class='ocrx_word' id='word_1_13' title='bbox 1370 396 1427 443; x_wconf 74' lang='lat' dir='ltr'><strong>at</strong></span> <span class='ocrx_word' id='word_1_14' title='bbox 1456 398 1798 455; x_wconf 85' lang='lat' dir='ltr'><strong>corruentes,</strong></span> <span class='ocrx_word' id='word_1_15' title='bbox 1830 398 1888 445; x_wconf 90' lang='lat' dir='ltr'><strong>ut</strong></span> <span class='ocrx_word' id='word_1_16' title='bbox 1914 390 2006 460; x_wconf 85' lang='lat' dir='ltr'><strong>qui</strong></span> <span class='ocrx_word' id='word_1_17' title='bbox 2030 390 2111 459; x_wconf 90' lang='lat' dir='ltr'><strong>ja-</strong></span> <span class='ocrx_word' id='word_1_18' title='bbox 2139 390 2194 451; x_wconf 82' lang='grc' dir='ltr'><strong>Α</strong></span> <span class='ocrx_word' id='word_1_19' title='bbox 2216 402 2312 445; x_wconf 88' lang='lat' dir='ltr'><strong>eos</strong></span> <span class='ocrx_word' id='word_1_20' title='bbox 2336 388 2428 460; x_wconf 91' lang='lat' dir='ltr'><strong>qui</strong></span> <span class='ocrx_word' id='word_1_21' title='bbox 2452 390 2694 460; x_wconf 86' lang='lat' dir='ltr'><strong>quotidie</strong></span> <span class='ocrx_word' id='word_1_22' title='bbox 2717 398 2909 445; x_wconf 88' lang='lat' dir='ltr'><strong>contra</strong></span> <span class='ocrx_word' id='word_1_23' title='bbox 2940 391 3241 447; x_wconf 84' lang='lat' dir='ltr'><strong>Ecclesiam</strong></span> <span class='ocrx_word' id='word_1_24' title='bbox 3266 391 3549 456; x_wconf 87' lang='lat' dir='ltr'><strong>dimicant,</strong></span> <span class='ocrx_word' id='word_1_25' title='bbox 3580 404 3636 447; x_wconf 89' lang='lat' dir='ltr'><strong>et</strong></span> <span class='ocrx_word' id='word_1_26' title='bbox 3666 393 3721 448; x_wconf 93' lang='lat' dir='ltr'><strong>in</strong></span> <span class='ocrx_word' id='word_1_27' title='bbox 3744 395 3821 450; x_wconf 90' lang='lat' dir='ltr'><strong>ul-</strong></span> 
     </span>
    </p>
   </div>
   <div class='ocr_carea' id='block_1_4' title="bbox 517 482 2120 551">
    <p class='ocr_par' dir='ltr' id='par_1_4' title="bbox 517 482 2120 551">
     <span class='ocr_line' id='line_1_4' title="bbox 517 482 2120 551; baseline -0.003 -9"><span class='ocrx_word' id='word_1_28' title='bbox 517 485 718 541; x_wconf 87' lang='lat' dir='ltr'><strong>cebant</strong></span> <span class='ocrx_word' id='word_1_29' title='bbox 747 483 801 538; x_wconf 91' lang='lat' dir='ltr'><strong>in</strong></span> <span class='ocrx_word' id='word_1_30' title='bbox 832 482 1051 547; x_wconf 73' lang='lat' dir='ltr'><strong>haeresi,</strong></span> <span class='ocrx_word' id='word_1_31' title='bbox 1082 489 1227 537; x_wconf 90' lang='lat' dir='ltr'><strong>stent</strong></span> <span class='ocrx_word' id='word_1_32' title='bbox 1252 483 1307 536; x_wconf 92' lang='lat' dir='ltr'><strong>in</strong></span> <span class='ocrx_word' id='word_1_33' title='bbox 1338 482 1606 551; x_wconf 80' lang='lat' dir='ltr'><strong>Ecclesia,</strong></span> <span class='ocrx_word' id='word_1_34' title='bbox 1632 482 1874 537; x_wconf 82' lang='lat' dir='ltr'><strong>reddens</strong></span> <span class='ocrx_word' id='word_1_35' title='bbox 1898 482 2120 537; x_wconf 72' lang='lat' dir='ltr'><strong>haereti-</strong></span> 
     </span>
    </p>
   </div>
   <div class='ocr_carea' id='block_1_5' title="bbox 520 576 2120 649">
    <p class='ocr_par' dir='ltr' id='par_1_5' title="bbox 520 576 2120 649">
     <span class='ocr_line' id='line_1_5' title="bbox 520 576 2120 649; baseline -0.003 -13"><span class='ocrx_word' id='word_1_36' title='bbox 520 579 605 636; x_wconf 92' lang='lat' dir='ltr'><strong>cis</strong></span> <span class='ocrx_word' id='word_1_37' title='bbox 628 578 773 649; x_wconf 92' lang='lat' dir='ltr'><strong>quod</strong></span> <span class='ocrx_word' id='word_1_38' title='bbox 803 577 1045 633; x_wconf 89' lang='lat' dir='ltr'><strong>fecerant</strong></span> <span class='ocrx_word' id='word_1_39' title='bbox 1076 593 1089 631; x_wconf 91' lang='lat'>:</span> <span class='ocrx_word' id='word_1_40' title='bbox 1124 576 1191 633; x_wconf 89' lang='lat' dir='ltr'><strong>Ut</strong></span> <span class='ocrx_word' id='word_1_41' title='bbox 1223 576 1368 631; x_wconf 82' lang='lat' dir='ltr'><strong>ﬁlios</strong></span> <span class='ocrx_word' id='word_1_42' title='bbox 1397 590 1590 633; x_wconf 92' lang='lat' dir='ltr'><strong>eorum</strong></span> <span class='ocrx_word' id='word_1_43' title='bbox 1618 585 1675 631; x_wconf 90' lang='lat' dir='ltr'><strong>et</strong></span> <span class='ocrx_word' id='word_1_44' title='bbox 1705 577 1870 645; x_wconf 86' lang='lat' dir='ltr'><strong>ﬁlias,</strong></span> <span class='ocrx_word' id='word_1_45' title='bbox 1897 592 2036 647; x_wconf 91' lang='lat' dir='ltr'><strong>quos</strong></span> <span class='ocrx_word' id='word_1_46' title='bbox 2063 588 2120 632; x_wconf 90' lang='lat' dir='ltr'><strong>et</strong></span> 
     </span>
    </p>
   </div>
   <div class='ocr_carea' id='block_1_6' title="bbox 519 670 2119 743">
    <p class='ocr_par' dir='ltr' id='par_1_6' title="bbox 519 670 2119 743">
     <span class='ocr_line' id='line_1_6' title="bbox 519 670 2119 743; baseline -0.003 -15"><span class='ocrx_word' id='word_1_47' title='bbox 519 672 577 728; x_wconf 88' lang='lat' dir='ltr'><strong>in</strong></span> <span class='ocrx_word' id='word_1_48' title='bbox 621 671 865 743; x_wconf 80' lang='lat' dir='ltr'><strong>mysticis</strong></span> <span class='ocrx_word' id='word_1_49' title='bbox 895 679 953 725; x_wconf 90' lang='lat' dir='ltr'><strong>et</strong></span> <span class='ocrx_word' id='word_1_50' title='bbox 986 671 1038 724; x_wconf 92' lang='lat' dir='ltr'><strong>in</strong></span> <span class='ocrx_word' id='word_1_51' title='bbox 1079 671 1391 726; x_wconf 84' lang='lat' dir='ltr'><strong>carnalibus</strong></span> <span class='ocrx_word' id='word_1_52' title='bbox 1445 670 1785 736; x_wconf 71' lang='lat' dir='ltr'><strong>erudierunt,</strong></span> <span class='ocrx_word' id='word_1_53' title='bbox 1840 670 2017 724; x_wconf 84' lang='lat' dir='ltr'><strong>tradat</strong></span> <span class='ocrx_word' id='word_1_54' title='bbox 2066 670 2119 724; x_wconf 93' lang='lat' dir='ltr'><strong>in</strong></span> 
     </span>
    </p>
   </div>
   <div class='ocr_carea' id='block_1_7' title="bbox 521 764 2124 833">
    <p class='ocr_par' dir='ltr' id='par_1_7' title="bbox 521 764 2124 833">
     <span class='ocr_line' id='line_1_7' title="bbox 521 764 2124 833; baseline -0.001 -11"><span class='ocrx_word' id='word_1_55' title='bbox 521 766 775 823; x_wconf 89' lang='lat' dir='ltr'><strong>manibus</strong></span> <span class='ocrx_word' id='word_1_56' title='bbox 807 766 1043 821; x_wconf 82' lang='lat' dir='ltr'><strong>filiorum</strong></span> <span class='ocrx_word' id='word_1_57' title='bbox 1086 764 1244 829; x_wconf 86' lang='lat' dir='ltr'><strong>Juda,</strong></span> <span class='ocrx_word' id='word_1_58' title='bbox 1278 765 1332 820; x_wconf 91' lang='lat' dir='ltr'><strong>in</strong></span> <span class='ocrx_word' id='word_1_59' title='bbox 1376 765 1622 820; x_wconf 86' lang='lat' dir='ltr'><strong>manibus</strong></span> <span class='ocrx_word' id='word_1_60' title='bbox 1651 779 1865 829; x_wconf 88' lang='lat' dir='ltr'><strong>eorum,</strong></span> <span class='ocrx_word' id='word_1_61' title='bbox 1902 765 1993 833; x_wconf 88' lang='lat' dir='ltr'><strong>qui</strong></span> <span class='ocrx_word' id='word_1_62' title='bbox 2022 765 2124 821; x_wconf 81' lang='lat' dir='ltr'><strong>Ec-</strong></span> 
     </span>
    </p>
   </div>
   <div class='ocr_carea' id='block_1_8' title="bbox 524 856 2124 929">
    <p class='ocr_par' dir='ltr' id='par_1_8' title="bbox 524 856 2124 929">
     <span class='ocr_line' id='line_1_8' title="bbox 524 856 2124 929; baseline -0.003 -15"><span class='ocrx_word' id='word_1_63' title='bbox 524 858 816 914; x_wconf 88' lang='lat' dir='ltr'><strong>clesiarum</strong></span> <span class='ocrx_word' id='word_1_64' title='bbox 870 858 1145 929; x_wconf 85' lang='lat' dir='ltr'><strong>principes</strong></span> <span class='ocrx_word' id='word_1_65' title='bbox 1189 857 1554 922; x_wconf 79' lang='lat' dir='ltr'><strong>exstiterunt;</strong></span> <span class='ocrx_word' id='word_1_66' title='bbox 1598 867 1652 911; x_wconf 92' lang='lat' dir='ltr'><strong>et</strong></span> <span class='ocrx_word' id='word_1_67' title='bbox 1706 856 1951 911; x_wconf 84' lang='lat' dir='ltr'><strong>instructi</strong></span> <span class='ocrx_word' id='word_1_68' title='bbox 1997 865 2124 910; x_wconf 90' lang='lat' dir='ltr'><strong>sunt</strong></span> 
     </span>
    </p>
   </div>
   <div class='ocr_carea' id='block_1_9' title="bbox 528 947 2118 1021">
    <p class='ocr_par' dir='ltr' id='par_1_9' title="bbox 528 947 2118 1021">
     <span class='ocr_line' id='line_1_9' title="bbox 528 947 2118 1021; baseline -0.002 -15"><span class='ocrx_word' id='word_1_69' title='bbox 528 962 806 1006; x_wconf 81' lang='lat' dir='ltr'><strong>armatura</strong></span> <span class='ocrx_word' id='word_1_70' title='bbox 841 952 1108 1021; x_wconf 83' lang='lat' dir='ltr'><strong>Apostoli,</strong></span> <span class='ocrx_word' id='word_1_71' title='bbox 1143 961 1197 1005; x_wconf 92' lang='lat' dir='ltr'><strong>et</strong></span> <span class='ocrx_word' id='word_1_72' title='bbox 1251 949 1455 1005; x_wconf 83' lang='lat' dir='ltr'><strong>habent</strong></span> <span class='ocrx_word' id='word_1_73' title='bbox 1503 957 1718 1003; x_wconf 78' lang='lat' dir='ltr'><strong>scutum</strong></span> <span class='ocrx_word' id='word_1_74' title='bbox 1770 957 1827 1003; x_wconf 88' lang='lat' dir='ltr'><strong>et</strong></span> <span class='ocrx_word' id='word_1_75' title='bbox 1875 947 2118 1003; x_wconf 83' lang='lat' dir='ltr'><strong>lanceam</strong></span> 
     </span>
    </p>
   </div>
   <div class='ocr_carea' id='block_1_10' title="bbox 521 1040 2123 1111">
    <p class='ocr_par' dir='ltr' id='par_1_10' title="bbox 521 1040 2123 1111">
     <span class='ocr_line' id='line_1_10' title="bbox 521 1040 2123 1111; baseline -0.001 -13"><span class='ocrx_word' id='word_1_76' title='bbox 521 1043 723 1098; x_wconf 78' lang='lat' dir='ltr'><strong>veteris</strong></span> <span class='ocrx_word' id='word_1_77' title='bbox 752 1053 805 1099; x_wconf 89' lang='lat' dir='ltr'><strong>et</strong></span> <span class='ocrx_word' id='word_1_78' title='bbox 836 1044 960 1098; x_wconf 90' lang='lat' dir='ltr'><strong>novi</strong></span> <span class='ocrx_word' id='word_1_79' title='bbox 1001 1044 1380 1098; x_wconf 87' lang='lat' dir='ltr'><strong>lnstrumenti.</strong></span> <span class='ocrx_word' id='word_1_80' title='bbox 1414 1040 1486 1097; x_wconf 89' lang='lat' dir='ltr'><strong>Ut</strong></span> <span class='ocrx_word' id='word_1_81' title='bbox 1526 1057 1648 1096; x_wconf 90' lang='lat' dir='ltr'><strong>cum</strong></span> <span class='ocrx_word' id='word_1_82' title='bbox 1677 1041 1941 1111; x_wconf 84' lang='lat' dir='ltr'><strong>ceperint,</strong></span> <span class='ocrx_word' id='word_1_83' title='bbox 1980 1040 2123 1097; x_wconf 87' lang='lat' dir='ltr'><strong>filios</strong></span> 
     </span>
    </p>
   </div>
   <div class='ocr_carea' id='block_1_11' title="bbox 523 1136 2124 1207">
    <p class='ocr_par' dir='ltr' id='par_1_11' title="bbox 523 1136 2124 1207">
     <span class='ocr_line' id='line_1_11' title="bbox 523 1136 2124 1207; baseline -0.001 -15"><span class='ocrx_word' id='word_1_84' title='bbox 523 1152 714 1192; x_wconf 88' lang='lat' dir='ltr'><strong>eorum</strong></span> <span class='ocrx_word' id='word_1_85' title='bbox 746 1148 803 1193; x_wconf 91' lang='lat' dir='ltr'><strong>et</strong></span> <span class='ocrx_word' id='word_1_86' title='bbox 849 1139 990 1193; x_wconf 84' lang='lat' dir='ltr'><strong>filias</strong></span> <span class='ocrx_word' id='word_1_87' title='bbox 1019 1137 1258 1193; x_wconf 88' lang='lat' dir='ltr'><strong>vendant</strong></span> <span class='ocrx_word' id='word_1_88' title='bbox 1285 1136 1511 1205; x_wconf 62' lang='lat' dir='ltr'><strong>Sabaeis,</strong></span> <span class='ocrx_word' id='word_1_89' title='bbox 1541 1146 1596 1191; x_wconf 89' lang='lat' dir='ltr'><strong>et</strong></span> <span class='ocrx_word' id='word_1_90' title='bbox 1628 1136 1828 1191; x_wconf 82' lang='lat' dir='ltr'><strong>faciant</strong></span> <span class='ocrx_word' id='word_1_91' title='bbox 1848 1150 1970 1191; x_wconf 90' lang='lat' dir='ltr'><strong>esse</strong></span> <span class='ocrx_word' id='word_1_92' title='bbox 1999 1151 2124 1207; x_wconf 47' lang='lat' dir='ltr'><strong>cap.</strong></span> 
     </span>
    </p>
   </div>
   <div class='ocr_carea' id='block_1_12' title="bbox 522 1230 2122 1303">
    <p class='ocr_par' dir='ltr' id='par_1_12' title="bbox 522 1230 2122 1303">
     <span class='ocr_line' id='line_1_12' title="bbox 522 1230 2122 1303; baseline -0.001 -17"><span class='ocrx_word' id='word_1_93' title='bbox 522 1233 687 1300; x_wconf 89' lang='lat' dir='ltr'><strong>tivos,</strong></span> <span class='ocrx_word' id='word_1_94' title='bbox 722 1243 782 1287; x_wconf 87' lang='lat' dir='ltr'><strong>ut</strong></span> <span class='ocrx_word' id='word_1_95' title='bbox 827 1234 1018 1303; x_wconf 86' lang='lat' dir='ltr'><strong>procul</strong></span> <span class='ocrx_word' id='word_1_96' title='bbox 1060 1232 1170 1287; x_wconf 91' lang='lat' dir='ltr'><strong>sint</strong></span> <span class='ocrx_word' id='word_1_97' title='bbox 1200 1247 1229 1285; x_wconf 93' lang='lat' dir='ltr'><strong>a</strong></span> <span class='ocrx_word' id='word_1_98' title='bbox 1262 1230 1458 1287; x_wconf 83' lang='lat' dir='ltr'><strong>ﬁnibus</strong></span> <span class='ocrx_word' id='word_1_99' title='bbox 1503 1231 1619 1285; x_wconf 90' lang='lat' dir='ltr'><strong>suis</strong></span> <span class='ocrx_word' id='word_1_100' title='bbox 1651 1249 1663 1285; x_wconf 90' lang='lat'><strong>:</strong></span> <span class='ocrx_word' id='word_1_101' title='bbox 1717 1240 1772 1287; x_wconf 91' lang='lat' dir='ltr'><strong>et</strong></span> <span class='ocrx_word' id='word_1_102' title='bbox 1802 1231 1867 1286; x_wconf 87' lang='lat' dir='ltr'><strong>ad</strong></span> <span class='ocrx_word' id='word_1_103' title='bbox 1901 1230 2122 1286; x_wconf 86' lang='lat' dir='ltr'><strong>meliora</strong></span> 
     </span>
    </p>
   </div>
   <div class='ocr_carea' id='block_1_13' title="bbox 524 1323 2125 1395">
    <p class='ocr_par' dir='ltr' id='par_1_13' title="bbox 524 1323 2125 1395">
     <span class='ocr_line' id='line_1_13' title="bbox 524 1323 2125 1395; baseline -0.001 -14"><span class='ocrx_word' id='word_1_104' title='bbox 524 1326 803 1393; x_wconf 76' lang='lat' dir='ltr'><strong>conversi,</strong></span> <span class='ocrx_word' id='word_1_105' title='bbox 855 1324 1266 1381; x_wconf 88' lang='lat' dir='ltr'><strong>Ecclesiasticis</strong></span> <span class='ocrx_word' id='word_1_106' title='bbox 1314 1323 1658 1395; x_wconf 82' lang='lat' dir='ltr'><strong>dogmatibus</strong></span> <span class='ocrx_word' id='word_1_107' title='bbox 1710 1324 1975 1394; x_wconf 88' lang='lat' dir='ltr'><strong>incipiant</strong></span> <span class='ocrx_word' id='word_1_108' title='bbox 2003 1340 2125 1380; x_wconf 89' lang='lat' dir='ltr'><strong>esse</strong></span> 
     </span>
    </p>
   </div>
   <div class='ocr_carea' id='block_1_14' title="bbox 529 1416 786 1486">
    <p class='ocr_par' dir='ltr' id='par_1_14' title="bbox 529 1416 786 1486">
     <span class='ocr_line' id='line_1_14' title="bbox 529 1416 786 1486; baseline 0.004 -15"><span class='ocrx_word' id='word_1_109' title='bbox 529 1416 786 1486; x_wconf 85' lang='lat' dir='ltr'><strong>subjecti.</strong></span> 
     </span>
    </p>
   </div>
   <div class='ocr_carea' id='block_1_15' title="bbox 606 1508 2127 1584">
    <p class='ocr_par' dir='ltr' id='par_1_15' title="bbox 606 1508 2127 1584">
     <span class='ocr_line' id='line_1_15' title="bbox 606 1508 2127 1584; baseline 0.001 -19"><span class='ocrx_word' id='word_1_110' title='bbox 606 1510 802 1582; x_wconf 86' lang='lat' dir='ltr'><strong>(Vers.</strong></span> <span class='ocrx_word' id='word_1_111' title='bbox 828 1510 862 1566; x_wconf 91' lang='lat'><strong>9</strong></span> <span class='ocrx_word' id='word_1_112' title='bbox 890 1511 1082 1582; x_wconf 83' lang='lat' dir='ltr'><strong>seqq.)</strong></span> <span class='ocrx_word' id='word_1_113' title='bbox 1126 1508 1359 1564; x_wconf 89' lang='lat' dir='ltr'><strong>Clamate</strong></span> <span class='ocrx_word' id='word_1_114' title='bbox 1388 1510 1499 1565; x_wconf 76' lang='lat' dir='ltr'><strong>haec</strong></span> <span class='ocrx_word' id='word_1_115' title='bbox 1544 1510 1655 1583; x_wconf 79' lang='grc' dir='ltr'><strong>[ΑΙ.</strong></span> <span class='ocrx_word' id='word_1_116' title='bbox 1712 1510 1832 1582; x_wconf 85' lang='lat' dir='ltr'><strong>hoc]</strong></span> <span class='ocrx_word' id='word_1_117' title='bbox 1862 1512 1915 1565; x_wconf 91' lang='lat' dir='ltr'><strong>in</strong></span> <span class='ocrx_word' id='word_1_118' title='bbox 1960 1514 2127 1584; x_wconf 88' lang='lat' dir='ltr'><strong>genti-</strong></span> 
     </span>
    </p>
   </div>
   <div class='ocr_carea' id='block_1_16' title="bbox 529 1602 2123 1675">
    <p class='ocr_par' dir='ltr' id='par_1_16' title="bbox 529 1602 2123 1675">
     <span class='ocr_line' id='line_1_16' title="bbox 529 1602 2123 1675; baseline 0.001 -19"><span class='ocrx_word' id='word_1_119' title='bbox 529 1603 626 1659; x_wconf 91' lang='lat' dir='ltr'><strong>bus</strong></span> <span class='ocrx_word' id='word_1_120' title='bbox 649 1620 668 1658; x_wconf 88' lang='lat'><strong><em>:</em></strong></span> <span class='ocrx_word' id='word_1_121' title='bbox 685 1603 1006 1673; x_wconf 80' lang='lat' dir='ltr'><strong>sanctiﬁcate</strong></span> <span class='ocrx_word' id='word_1_122' title='bbox 1034 1602 1223 1658; x_wconf 85' lang='lat' dir='ltr'><strong>bellum</strong></span> <span class='ocrx_word' id='word_1_123' title='bbox 1247 1621 1265 1657; x_wconf 90' lang='lat'><strong><em>:</em></strong></span> <span class='ocrx_word' id='word_1_124' title='bbox 1296 1609 1540 1658; x_wconf 87' lang='lat' dir='ltr'><strong>snscitate</strong></span> <span class='ocrx_word' id='word_1_125' title='bbox 1567 1603 1820 1660; x_wconf 87' lang='lat' dir='ltr'><strong>robustos.</strong></span> <span class='ocrx_word' id='word_1_126' title='bbox 1842 1605 2123 1675; x_wconf 88' lang='lat' dir='ltr'><strong>Accedant,</strong></span> 
     </span>
    </p>
   </div>
   <div class='ocr_carea' id='block_1_17' title="bbox 523 1695 2127 1752">
    <p class='ocr_par' dir='ltr' id='par_1_17' title="bbox 523 1695 2127 1752">
     <span class='ocr_line' id='line_1_17' title="bbox 523 1695 2127 1752; baseline 0.002 -3"><span class='ocrx_word' id='word_1_127' title='bbox 523 1696 810 1749; x_wconf 76' lang='lat' dir='ltr'><strong>ascendant</strong></span> <span class='ocrx_word' id='word_1_128' title='bbox 838 1713 1012 1750; x_wconf 87' lang='lat' dir='ltr'><strong>omnes</strong></span> <span class='ocrx_word' id='word_1_129' title='bbox 1043 1696 1139 1750; x_wconf 87' lang='lat' dir='ltr'><strong>viri</strong></span> <span class='ocrx_word' id='word_1_130' title='bbox 1174 1696 1468 1750; x_wconf 84' lang='lat' dir='ltr'><strong>bellatores.</strong></span> <span class='ocrx_word' id='word_1_131' title='bbox 1501 1695 1768 1751; x_wconf 88' lang='lat' dir='ltr'><strong>Concidite</strong></span> <span class='ocrx_word' id='word_1_132' title='bbox 1813 1708 1990 1752; x_wconf 90' lang='lat' dir='ltr'><strong>aratra</strong></span> <span class='ocrx_word' id='word_1_133' title='bbox 2017 1714 2127 1752; x_wconf 86' lang='lat' dir='ltr'><strong>ves-</strong></span> 
     </span>
    </p>
   </div>
   <div class='ocr_carea' id='block_1_18' title="bbox 2222 482 3819 553">
    <p class='ocr_par' dir='ltr' id='par_1_18' title="bbox 2222 482 3819 553">
     <span class='ocr_line' id='line_1_18' title="bbox 2222 482 3819 553; baseline 0.003 -16"><span class='ocrx_word' id='word_1_134' title='bbox 2222 482 2375 549; x_wconf 90' lang='lat' dir='ltr'><strong>timo,</strong></span> <span class='ocrx_word' id='word_1_135' title='bbox 2407 485 2496 553; x_wconf 91' lang='lat' dir='ltr'><strong>qui</strong></span> <span class='ocrx_word' id='word_1_136' title='bbox 2527 483 2628 539; x_wconf 90' lang='lat' dir='ltr'><strong>sub</strong></span> <span class='ocrx_word' id='word_1_137' title='bbox 2655 482 2991 539; x_wconf 85' lang='lat' dir='ltr'><strong>Antichristo</strong></span> <span class='ocrx_word' id='word_1_138' title='bbox 3028 483 3315 540; x_wconf 81' lang='lat' dir='ltr'><strong>adversum</strong></span> <span class='ocrx_word' id='word_1_139' title='bbox 3363 493 3582 540; x_wconf 87' lang='lat' dir='ltr'><strong>sanctos</strong></span> <span class='ocrx_word' id='word_1_140' title='bbox 3610 485 3819 542; x_wconf 91' lang='lat' dir='ltr'><strong>Domini</strong></span> 
     </span>
    </p>
   </div>
   <div class='ocr_carea' id='block_1_19' title="bbox 2222 575 3823 648">
    <p class='ocr_par' dir='ltr' id='par_1_19' title="bbox 2222 575 3823 648">
     <span class='ocr_line' id='line_1_19' title="bbox 2222 575 3823 648; baseline 0.005 -19"><span class='ocrx_word' id='word_1_141' title='bbox 2222 575 2509 646; x_wconf 84' lang='lat' dir='ltr'><strong>pugnaturi</strong></span> <span class='ocrx_word' id='word_1_142' title='bbox 2566 585 2725 645; x_wconf 90' lang='lat' dir='ltr'><strong>sunt,</strong></span> <span class='ocrx_word' id='word_1_143' title='bbox 2780 576 3039 646; x_wconf 89' lang='lat' dir='ltr'><strong>accipere</strong></span> <span class='ocrx_word' id='word_1_144' title='bbox 3091 591 3423 647; x_wconf 87' lang='lat' dir='ltr'><strong>possumus,</strong></span> <span class='ocrx_word' id='word_1_145' title='bbox 3475 577 3568 648; x_wconf 93' lang='lat' dir='ltr'><strong>qui</strong></span> <span class='ocrx_word' id='word_1_146' title='bbox 3618 577 3823 637; x_wconf 91' lang='lat' dir='ltr'><strong>idcirco</strong></span> 
     </span>
    </p>
   </div>
   <div class='ocr_carea' id='block_1_20' title="bbox 2221 679 3009 741">
    <p class='ocr_par' dir='ltr' id='par_1_20' title="bbox 2221 679 3009 741">
     <span class='ocr_line' id='line_1_20' title="bbox 2221 679 3009 741; baseline 0.001 -17"><span class='ocrx_word' id='word_1_147' title='bbox 2221 679 2641 740; x_wconf 86' lang='lat' dir='ltr'><strong>congregantur,</strong></span> <span class='ocrx_word' id='word_1_148' title='bbox 2674 680 2731 725; x_wconf 76' lang='grc' dir='ltr'><strong>ιιι</strong></span> <span class='ocrx_word' id='word_1_149' title='bbox 2758 685 2919 741; x_wconf 86' lang='lat' dir='ltr'><strong>perea</strong></span> <span class='ocrx_word' id='word_1_150' title='bbox 2929 680 3009 725; x_wconf 90' lang='lat' dir='ltr'><strong>nt.</strong></span> 
     </span>
    </p>
   </div>
   <div class='ocr_carea' id='block_1_21' title="bbox 2295 760 3823 836">
    <p class='ocr_par' dir='ltr' id='par_1_21' title="bbox 2295 760 3823 836">
     <span class='ocr_line' id='line_1_21' title="bbox 2295 760 3823 836; baseline 0.004 -20"><span class='ocrx_word' id='word_1_151' title='bbox 2295 760 2477 834; x_wconf 82' lang='lat' dir='ltr'><strong>(Vers.</strong></span> <span class='ocrx_word' id='word_1_152' title='bbox 2512 764 2580 817; x_wconf 70' lang='lat'><strong>1‘2</strong></span> <span class='ocrx_word' id='word_1_153' title='bbox 2605 760 2784 836; x_wconf 86' lang='lat' dir='ltr'><strong>seqq.)</strong></span> <span class='ocrx_word' id='word_1_154' title='bbox 2812 761 3161 835; x_wconf 85' lang='lat' dir='ltr'><strong>Consurgant,</strong></span> <span class='ocrx_word' id='word_1_155' title='bbox 3188 773 3236 818; x_wconf 91' lang='lat' dir='ltr'><strong>et</strong></span> <span class='ocrx_word' id='word_1_156' title='bbox 3260 765 3545 819; x_wconf 84' lang='lat' dir='ltr'><strong>ascendant</strong></span> <span class='ocrx_word' id='word_1_157' title='bbox 3571 774 3749 836; x_wconf 86' lang='lat' dir='ltr'><strong>gentes</strong></span> <span class='ocrx_word' id='word_1_158' title='bbox 3772 769 3823 823; x_wconf 89' lang='lat' dir='ltr'><strong>in</strong></span> 
     </span>
    </p>
   </div>
   <div class='ocr_carea' id='block_1_22' title="bbox 2223 853 3827 929">
    <p class='ocr_par' dir='ltr' id='par_1_22' title="bbox 2223 853 3827 929">
     <span class='ocr_line' id='line_1_22' title="bbox 2223 853 3827 929; baseline 0.005 -23"><span class='ocrx_word' id='word_1_159' title='bbox 2223 853 2407 907; x_wconf 82' lang='lat' dir='ltr'><strong>vallem</strong></span> <span class='ocrx_word' id='word_1_160' title='bbox 2431 853 2715 924; x_wconf 88' lang='lat' dir='ltr'><strong>Josaphat,</strong></span> <span class='ocrx_word' id='word_1_161' title='bbox 2745 855 2868 926; x_wconf 89' lang='lat' dir='ltr'><strong>quia</strong></span> <span class='ocrx_word' id='word_1_162' title='bbox 2891 856 2961 909; x_wconf 90' lang='lat' dir='ltr'><strong>ibi</strong></span> <span class='ocrx_word' id='word_1_163' title='bbox 2985 856 3166 911; x_wconf 84' lang='lat' dir='ltr'><strong>sedebo</strong></span> <span class='ocrx_word' id='word_1_164' title='bbox 3187 865 3240 910; x_wconf 90' lang='lat' dir='ltr'><strong>ut</strong></span> <span class='ocrx_word' id='word_1_165' title='bbox 3260 856 3496 929; x_wconf 84' lang='lat' dir='ltr'><strong>judicent</strong></span> <span class='ocrx_word' id='word_1_166' title='bbox 3513 873 3694 911; x_wconf 88' lang='lat' dir='ltr'><strong>omnes</strong></span> <span class='ocrx_word' id='word_1_167' title='bbox 3716 876 3827 929; x_wconf 86' lang='lat' dir='ltr'><strong>gen-</strong></span> 
     </span>
    </p>
   </div>
   <div class='ocr_carea' id='block_1_23' title="bbox 2224 949 3827 1021">
    <p class='ocr_par' dir='ltr' id='par_1_23' title="bbox 2224 949 3827 1021">
     <span class='ocr_line' id='line_1_23' title="bbox 2224 949 3827 1021; baseline 0.004 -20"><span class='ocrx_word' id='word_1_168' title='bbox 2224 957 2297 1004; x_wconf 86' lang='lat' dir='ltr'><strong>tes</strong></span> <span class='ocrx_word' id='word_1_169' title='bbox 2343 949 2399 1002; x_wconf 89' lang='lat' dir='ltr'><strong>in</strong></span> <span class='ocrx_word' id='word_1_170' title='bbox 2451 950 2720 1003; x_wconf 81' lang='lat' dir='ltr'><strong>circuitu:</strong></span> <span class='ocrx_word' id='word_1_171' title='bbox 2778 950 2962 1003; x_wconf 88' lang='lat' dir='ltr'><strong>mittite</strong></span> <span class='ocrx_word' id='word_1_172' title='bbox 3017 951 3199 1021; x_wconf 82' lang='lat' dir='ltr'><strong>falces,</strong></span> <span class='ocrx_word' id='word_1_173' title='bbox 3254 951 3505 1018; x_wconf 86' lang='lat' dir='ltr'><strong>quoniam</strong></span> <span class='ocrx_word' id='word_1_174' title='bbox 3552 954 3827 1007; x_wconf 87' lang='lat' dir='ltr'><strong>maturavit</strong></span> 
     </span>
    </p>
   </div>
   <div class='ocr_carea' id='block_1_24' title="bbox 2226 1039 3829 1115">
    <p class='ocr_par' dir='ltr' id='par_1_24' title="bbox 2226 1039 3829 1115">
     <span class='ocr_line' id='line_1_24' title="bbox 2226 1039 3829 1115; baseline 0.004 -21"><span class='ocrx_word' id='word_1_175' title='bbox 2226 1039 2408 1114; x_wconf 84' lang='lat' dir='ltr'><strong>[Vulg.</strong></span> <span class='ocrx_word' id='word_1_176' title='bbox 2448 1041 2720 1115; x_wconf 84' lang='lat' dir='ltr'><strong>maturuit]</strong></span> <span class='ocrx_word' id='word_1_177' title='bbox 2765 1044 2963 1097; x_wconf 84' lang='lat' dir='ltr'><strong>messis.</strong></span> <span class='ocrx_word' id='word_1_178' title='bbox 3024 1041 3206 1098; x_wconf 84' lang='lat' dir='ltr'><strong>Venite</strong></span> <span class='ocrx_word' id='word_1_179' title='bbox 3233 1054 3279 1097; x_wconf 88' lang='lat' dir='ltr'><strong>et</strong></span> <span class='ocrx_word' id='word_1_180' title='bbox 3333 1044 3649 1113; x_wconf 78' lang='lat' dir='ltr'><strong>descendite,</strong></span> <span class='ocrx_word' id='word_1_181' title='bbox 3711 1047 3829 1115; x_wconf 84' lang='lat' dir='ltr'><strong>quia</strong></span> 
     </span>
    </p>
   </div>
   <div class='ocr_carea' id='block_1_25' title="bbox 2226 1134 3831 1205">
    <p class='ocr_par' dir='ltr' id='par_1_25' title="bbox 2226 1134 3831 1205">
     <span class='ocr_line' id='line_1_25' title="bbox 2226 1134 3831 1205; baseline 0.002 -18"><span class='ocrx_word' id='word_1_182' title='bbox 2226 1134 2432 1204; x_wconf 90' lang='lat' dir='ltr'><strong>plenum</strong></span> <span class='ocrx_word' id='word_1_183' title='bbox 2459 1143 2533 1189; x_wconf 89' lang='lat' dir='ltr'><strong>est</strong></span> <span class='ocrx_word' id='word_1_184' title='bbox 2564 1136 2786 1188; x_wconf 86' lang='lat' dir='ltr'><strong>torcular</strong></span> <span class='ocrx_word' id='word_1_185' title='bbox 2813 1151 2832 1188; x_wconf 90' lang='lat'><strong><em>:</em></strong></span> <span class='ocrx_word' id='word_1_186' title='bbox 2862 1134 3147 1190; x_wconf 87' lang='lat' dir='ltr'><strong>exuberant</strong></span> <span class='ocrx_word' id='word_1_187' title='bbox 3197 1136 3505 1202; x_wconf 80' lang='lat' dir='ltr'><strong>toreularia,</strong></span> <span class='ocrx_word' id='word_1_188' title='bbox 3532 1137 3661 1205; x_wconf 84' lang='lat' dir='ltr'><strong>quia</strong></span> <span class='ocrx_word' id='word_1_189' title='bbox 3695 1139 3831 1191; x_wconf 81' lang='lat' dir='ltr'><strong>mul-</strong></span> 
     </span>
    </p>
   </div>
   <div class='ocr_carea' id='block_1_26' title="bbox 2225 1225 3830 1300">
    <p class='ocr_par' dir='ltr' id='par_1_26' title="bbox 2225 1225 3830 1300">
     <span class='ocr_line' id='line_1_26' title="bbox 2225 1225 3830 1300; baseline 0.002 -21"><span class='ocrx_word' id='word_1_190' title='bbox 2225 1226 2453 1299; x_wconf 88' lang='lat' dir='ltr'><strong>tiplicata</strong></span> <span class='ocrx_word' id='word_1_191' title='bbox 2482 1235 2553 1280; x_wconf 88' lang='lat' dir='ltr'><strong>est</strong></span> <span class='ocrx_word' id='word_1_192' title='bbox 2585 1227 2785 1281; x_wconf 88' lang='lat' dir='ltr'><strong>malitia</strong></span> <span class='ocrx_word' id='word_1_193' title='bbox 2809 1244 3009 1282; x_wconf 85' lang='lat' dir='ltr'><strong>eorum.</strong></span> <span class='ocrx_word' id='word_1_194' title='bbox 3055 1226 3197 1283; x_wconf 88' lang='lat' dir='ltr'><strong>LXX</strong></span> <span class='ocrx_word' id='word_1_195' title='bbox 3244 1246 3255 1281; x_wconf 91' lang='lat'>:</span> <span class='ocrx_word' id='word_1_196' title='bbox 3310 1225 3638 1300; x_wconf 80' lang='lat' dir='ltr'><strong>Consurgunt</strong></span> <span class='ocrx_word' id='word_1_197' title='bbox 3692 1238 3740 1283; x_wconf 86' lang='lat' dir='ltr'><strong>et</strong></span> <span class='ocrx_word' id='word_1_198' title='bbox 3777 1246 3830 1282; x_wconf 90' lang='lat' dir='ltr'><strong>a-</strong></span> 
     </span>
    </p>
   </div>
   <div class='ocr_carea' id='block_1_27' title="bbox 2225 1319 3829 1394">
    <p class='ocr_par' dir='ltr' id='par_1_27' title="bbox 2225 1319 3829 1394">
     <span class='ocr_line' id='line_1_27' title="bbox 2225 1319 3829 1394; baseline 0.002 -21"><span class='ocrx_word' id='word_1_199' title='bbox 2225 1320 2474 1375; x_wconf 88' lang='lat' dir='ltr'><strong>scendant</strong></span> <span class='ocrx_word' id='word_1_200' title='bbox 2500 1336 2672 1374; x_wconf 90' lang='lat' dir='ltr'><strong>omnes</strong></span> <span class='ocrx_word' id='word_1_201' title='bbox 2694 1330 2863 1391; x_wconf 84' lang='lat' dir='ltr'><strong>gentes</strong></span> <span class='ocrx_word' id='word_1_202' title='bbox 2890 1322 2942 1376; x_wconf 89' lang='lat' dir='ltr'><strong>in</strong></span> <span class='ocrx_word' id='word_1_203' title='bbox 2968 1322 3153 1376; x_wconf 81' lang='lat' dir='ltr'><strong>vallem</strong></span> <span class='ocrx_word' id='word_1_204' title='bbox 3192 1319 3475 1394; x_wconf 75' lang='lat' dir='ltr'><strong>Iosophat,</strong></span> <span class='ocrx_word' id='word_1_205' title='bbox 3495 1323 3621 1392; x_wconf 83' lang='lat' dir='ltr'><strong>quia</strong></span> <span class='ocrx_word' id='word_1_206' title='bbox 3652 1322 3722 1376; x_wconf 90' lang='lat' dir='ltr'><strong>ibi</strong></span> <span class='ocrx_word' id='word_1_207' title='bbox 3754 1339 3829 1377; x_wconf 86' lang='lat' dir='ltr'><strong>se-</strong></span> 
     </span>
    </p>
   </div>
   <div class='ocr_carea' id='block_1_28' title="bbox 2229 1413 3832 1489">
    <p class='ocr_par' dir='ltr' id='par_1_28' title="bbox 2229 1413 3832 1489">
     <span class='ocr_line' id='line_1_28' title="bbox 2229 1413 3832 1489; baseline 0.004 -22"><span class='ocrx_word' id='word_1_208' title='bbox 2229 1413 2353 1467; x_wconf 88' lang='lat' dir='ltr'><strong>debo</strong></span> <span class='ocrx_word' id='word_1_209' title='bbox 2404 1423 2456 1467; x_wconf 87' lang='lat' dir='ltr'><strong>ut</strong></span> <span class='ocrx_word' id='word_1_210' title='bbox 2498 1414 2731 1487; x_wconf 86' lang='lat' dir='ltr'><strong>judicem</strong></span> <span class='ocrx_word' id='word_1_211' title='bbox 2787 1431 2964 1470; x_wconf 89' lang='lat' dir='ltr'><strong>omnes</strong></span> <span class='ocrx_word' id='word_1_212' title='bbox 3003 1426 3177 1489; x_wconf 81' lang='lat' dir='ltr'><strong>gentes</strong></span> <span class='ocrx_word' id='word_1_213' title='bbox 3223 1416 3275 1469; x_wconf 90' lang='lat' dir='ltr'><strong>in</strong></span> <span class='ocrx_word' id='word_1_214' title='bbox 3321 1416 3538 1470; x_wconf 81' lang='lat' dir='ltr'><strong>circuitu</strong></span> <span class='ocrx_word' id='word_1_215' title='bbox 3569 1432 3589 1471; x_wconf 83' lang='lat'><strong>.&#39;</strong></span> <span class='ocrx_word' id='word_1_216' title='bbox 3620 1417 3832 1473; x_wconf 86' lang='lat' dir='ltr'><strong>emittite</strong></span> 
     </span>
    </p>
   </div>
   <div class='ocr_carea' id='block_1_29' title="bbox 2228 1506 3825 1579">
    <p class='ocr_par' dir='ltr' id='par_1_29' title="bbox 2228 1506 3825 1579">
     <span class='ocr_line' id='line_1_29' title="bbox 2228 1506 3825 1579; baseline 0.003 -20"><span class='ocrx_word' id='word_1_217' title='bbox 2228 1506 2410 1575; x_wconf 80' lang='lat' dir='ltr'><strong>falces,</strong></span> <span class='ocrx_word' id='word_1_218' title='bbox 2440 1508 2685 1577; x_wconf 88' lang='lat' dir='ltr'><strong>quoniam</strong></span> <span class='ocrx_word' id='word_1_219' title='bbox 2731 1506 2875 1563; x_wconf 81' lang='lat' dir='ltr'><strong>adest</strong></span> <span class='ocrx_word' id='word_1_220' title='bbox 2926 1507 3204 1564; x_wconf 84' lang='lat' dir='ltr'><strong>vindemia.</strong></span> <span class='ocrx_word' id='word_1_221' title='bbox 3259 1507 3482 1563; x_wconf 81' lang='lat' dir='ltr'><strong>Introite</strong></span> <span class='ocrx_word' id='word_1_222' title='bbox 3520 1518 3566 1563; x_wconf 92' lang='lat' dir='ltr'><strong>et</strong></span> <span class='ocrx_word' id='word_1_223' title='bbox 3612 1510 3825 1579; x_wconf 84' lang='lat' dir='ltr'><strong>calcate,</strong></span> 
     </span>
    </p>
   </div>
   <div class='ocr_carea' id='block_1_30' title="bbox 2228 1597 3831 1671">
    <p class='ocr_par' dir='ltr' id='par_1_30' title="bbox 2228 1597 3831 1671">
     <span class='ocr_line' id='line_1_30' title="bbox 2228 1597 3831 1671; baseline 0.004 -21"><span class='ocrx_word' id='word_1_224' title='bbox 2228 1597 2349 1667; x_wconf 85' lang='lat' dir='ltr'><strong>quia</strong></span> <span class='ocrx_word' id='word_1_225' title='bbox 2371 1597 2580 1667; x_wconf 89' lang='lat' dir='ltr'><strong>plenum</strong></span> <span class='ocrx_word' id='word_1_226' title='bbox 2605 1608 2675 1652; x_wconf 88' lang='lat' dir='ltr'><strong>est</strong></span> <span class='ocrx_word' id='word_1_227' title='bbox 2703 1600 2950 1665; x_wconf 84' lang='lat' dir='ltr'><strong>torcular,</strong></span> <span class='ocrx_word' id='word_1_228' title='bbox 2978 1610 3025 1654; x_wconf 91' lang='lat' dir='ltr'><strong>et</strong></span> <span class='ocrx_word' id='word_1_229' title='bbox 3052 1600 3349 1654; x_wconf 86' lang='lat' dir='ltr'><strong>redundant</strong></span> <span class='ocrx_word' id='word_1_230' title='bbox 3374 1601 3685 1665; x_wconf 83' lang='lat' dir='ltr'><strong>toreularia,</strong></span> <span class='ocrx_word' id='word_1_231' title='bbox 3715 1603 3831 1671; x_wconf 88' lang='lat' dir='ltr'><strong>quia</strong></span> 
     </span>
    </p>
   </div>
   <div class='ocr_carea' id='block_1_31' title="bbox 2229 1690 3828 1765">
    <p class='ocr_par' dir='ltr' id='par_1_31' title="bbox 2229 1690 3828 1765">
     <span class='ocr_line' id='line_1_31' title="bbox 2229 1690 3828 1765; baseline 0.004 -23"><span class='ocrx_word' id='word_1_232' title='bbox 2229 1690 2429 1760; x_wconf 88' lang='lat' dir='ltr'><strong>repleta</strong></span> <span class='ocrx_word' id='word_1_233' title='bbox 2456 1700 2575 1745; x_wconf 88' lang='lat' dir='ltr'><strong>sunt</strong></span> <span class='ocrx_word' id='word_1_234' title='bbox 2612 1693 2751 1745; x_wconf 86' lang='lat' dir='ltr'><strong>mala</strong></span> <span class='ocrx_word' id='word_1_235' title='bbox 2780 1709 2975 1748; x_wconf 88' lang='lat' dir='ltr'><strong>eorum.</strong></span> <span class='ocrx_word' id='word_1_236' title='bbox 3013 1692 3085 1747; x_wconf 90' lang='lat' dir='ltr'><strong>Et</strong></span> <span class='ocrx_word' id='word_1_237' title='bbox 3116 1693 3232 1749; x_wconf 59' lang='lat' dir='ltr'><strong>haec</strong></span> <span class='ocrx_word' id='word_1_238' title='bbox 3276 1693 3433 1763; x_wconf 81' lang='lat' dir='ltr'><strong>juxta</strong></span> <span class='ocrx_word' id='word_1_239' title='bbox 3489 1694 3828 1765; x_wconf 86' lang='lat' dir='ltr'><strong>superiorem</strong></span> 
     </span>
    </p>
   </div>
   <div class='ocr_carea' id='block_1_32' title="bbox 528 1785 2131 1862">
    <p class='ocr_par' dir='ltr' id='par_1_32' title="bbox 528 1789 2130 1862">
     <span class='ocr_line' id='line_1_32' title="bbox 528 1789 2130 1862; baseline 0.004 -22"><span class='ocrx_word' id='word_1_240' title='bbox 528 1798 611 1843; x_wconf 87' lang='lat' dir='ltr'><strong>tra</strong></span> <span class='ocrx_word' id='word_1_241' title='bbox 642 1791 692 1842; x_wconf 88' lang='lat' dir='ltr'><strong>in</strong></span> <span class='ocrx_word' id='word_1_242' title='bbox 718 1789 944 1861; x_wconf 88' lang='lat' dir='ltr'><strong>gladios,</strong></span> <span class='ocrx_word' id='word_1_243' title='bbox 979 1800 1025 1843; x_wconf 91' lang='lat' dir='ltr'><strong>et</strong></span> <span class='ocrx_word' id='word_1_244' title='bbox 1049 1790 1247 1859; x_wconf 84' lang='lat' dir='ltr'><strong>ligones</strong></span> <span class='ocrx_word' id='word_1_245' title='bbox 1278 1800 1471 1844; x_wconf 87' lang='lat' dir='ltr'><strong>vestros</strong></span> <span class='ocrx_word' id='word_1_246' title='bbox 1514 1792 1565 1844; x_wconf 89' lang='lat' dir='ltr'><strong>in</strong></span> <span class='ocrx_word' id='word_1_247' title='bbox 1607 1791 1833 1846; x_wconf 85' lang='lat' dir='ltr'><strong>lanceas.</strong></span> <span class='ocrx_word' id='word_1_248' title='bbox 1878 1791 2130 1862; x_wconf 81' lang='lat' dir='ltr'><strong>Inﬁrmus</strong></span> 
     </span>
    </p>
   </div>
   <div class='ocr_carea' id='block_1_33' title="bbox 2236 1785 3829 1862">
    <p class='ocr_par' dir='ltr' id='par_1_33' title="bbox 2236 1785 3829 1857">
     <span class='ocr_line' id='line_1_33' title="bbox 2236 1785 3829 1857; baseline 0.002 -17"><span class='ocrx_word' id='word_1_249' title='bbox 2236 1799 2454 1841; x_wconf 91' lang='lat' dir='ltr'><strong>sensum</strong></span> <span class='ocrx_word' id='word_1_250' title='bbox 2498 1786 2926 1857; x_wconf 84' lang='lat' dir='ltr'><strong>interpretantur</strong></span> <span class='ocrx_word' id='word_1_251' title='bbox 2976 1786 3247 1842; x_wconf 73' lang='lat' dir='ltr'><strong>bifariam.</strong></span> <span class='ocrx_word' id='word_1_252' title='bbox 3298 1787 3405 1842; x_wconf 83' lang='lat' dir='ltr'><strong>Alii</strong></span> <span class='ocrx_word' id='word_1_253' title='bbox 3454 1785 3600 1842; x_wconf 88' lang='lat' dir='ltr'><strong>enim</strong></span> <span class='ocrx_word' id='word_1_254' title='bbox 3643 1795 3829 1857; x_wconf 80' lang='lat' dir='ltr'><strong>gentes</strong></span> 
     </span>
    </p>
   </div>
   <div class='ocr_carea' id='block_1_34' title="bbox 530 1881 2135 1956">
    <p class='ocr_par' dir='ltr' id='par_1_34' title="bbox 530 1881 2135 1956">
     <span class='ocr_line' id='line_1_34' title="bbox 530 1881 2135 1956; baseline 0.005 -21"><span class='ocrx_word' id='word_1_255' title='bbox 530 1881 688 1948; x_wconf 81' lang='lat' dir='ltr'><strong>dicat,</strong></span> <span class='ocrx_word' id='word_1_256' title='bbox 712 1883 833 1952; x_wconf 89' lang='lat' dir='ltr'><strong>quia</strong></span> <span class='ocrx_word' id='word_1_257' title='bbox 876 1886 1029 1954; x_wconf 77' lang='lat' dir='ltr'><strong>fortis</strong></span> <span class='ocrx_word' id='word_1_258' title='bbox 1053 1900 1143 1956; x_wconf 89' lang='lat' dir='ltr'><strong>ego</strong></span> <span class='ocrx_word' id='word_1_259' title='bbox 1167 1900 1301 1939; x_wconf 89' lang='lat' dir='ltr'><strong>sum.</strong></span> <span class='ocrx_word' id='word_1_260' title='bbox 1334 1884 1626 1955; x_wconf 86' lang='lat' dir='ltr'><strong>Erumpite,</strong></span> <span class='ocrx_word' id='word_1_261' title='bbox 1671 1895 1717 1939; x_wconf 88' lang='lat' dir='ltr'><strong>et</strong></span> <span class='ocrx_word' id='word_1_262' title='bbox 1743 1887 1927 1952; x_wconf 88' lang='lat' dir='ltr'><strong>venite,</strong></span> <span class='ocrx_word' id='word_1_263' title='bbox 1961 1904 2135 1943; x_wconf 90' lang='lat' dir='ltr'><strong>omnes</strong></span> 
     </span>
    </p>
   </div>
   <div class='ocr_carea' id='block_1_35' title="bbox 531 1974 2136 2052">
    <p class='ocr_par' dir='ltr' id='par_1_35' title="bbox 531 1974 2136 2052">
     <span class='ocr_line' id='line_1_35' title="bbox 531 1974 2136 2052; baseline 0.005 -23"><span class='ocrx_word' id='word_1_264' title='bbox 531 1986 705 2047; x_wconf 86' lang='lat' dir='ltr'><strong>gentes</strong></span> <span class='ocrx_word' id='word_1_265' title='bbox 721 1974 784 2029; x_wconf 86' lang='lat' dir='ltr'><strong>de</strong></span> <span class='ocrx_word' id='word_1_266' title='bbox 805 1978 1045 2045; x_wconf 88' lang='lat' dir='ltr'><strong>circuitu,</strong></span> <span class='ocrx_word' id='word_1_267' title='bbox 1075 1986 1121 2031; x_wconf 90' lang='lat' dir='ltr'><strong>et</strong></span> <span class='ocrx_word' id='word_1_268' title='bbox 1149 1980 1557 2049; x_wconf 88' lang='lat' dir='ltr'><strong>congregamini,</strong></span> <span class='ocrx_word' id='word_1_269' title='bbox 1572 1980 1642 2033; x_wconf 87' lang='lat' dir='ltr'><strong>ibi</strong></span> <span class='ocrx_word' id='word_1_270' title='bbox 1663 1980 1959 2034; x_wconf 87' lang='lat' dir='ltr'><strong>occumbere</strong></span> <span class='ocrx_word' id='word_1_271' title='bbox 1983 1982 2136 2052; x_wconf 80' lang='lat' dir='ltr'><strong>faciet</strong></span> 
     </span>
    </p>
   </div>
   <div class='ocr_carea' id='block_1_36' title="bbox 530 2065 2138 2143">
    <p class='ocr_par' dir='ltr' id='par_1_36' title="bbox 530 2065 2138 2143">
     <span class='ocr_line' id='line_1_36' title="bbox 530 2065 2138 2143; baseline 0.005 -22"><span class='ocrx_word' id='word_1_272' title='bbox 530 2065 788 2123; x_wconf 87' lang='lat' dir='ltr'><strong>Dominus</strong></span> <span class='ocrx_word' id='word_1_273' title='bbox 816 2068 1188 2125; x_wconf 84' lang='lat' dir='ltr'><strong>robustostuos</strong></span> <span class='ocrx_word' id='word_1_274' title='bbox 1233 2068 1340 2141; x_wconf 89' lang='grc' dir='ltr'><strong>[ΑΙ.</strong></span> <span class='ocrx_word' id='word_1_275' title='bbox 1396 2069 1560 2143; x_wconf 89' lang='lat' dir='ltr'><strong>suos].</strong></span> <span class='ocrx_word' id='word_1_276' title='bbox 1612 2070 1796 2127; x_wconf 85' lang='lat' dir='ltr'><strong>LXX:</strong></span> <span class='ocrx_word' id='word_1_277' title='bbox 1849 2071 2138 2129; x_wconf 78' lang='lat' dir='ltr'><strong>Prwdicate</strong></span> 
     </span>
    </p>
   </div>
   <div class='ocr_carea' id='block_1_37' title="bbox 529 2158 2138 2234">
    <p class='ocr_par' dir='ltr' id='par_1_37' title="bbox 529 2158 2138 2234">
     <span class='ocr_line' id='line_1_37' title="bbox 529 2158 2138 2234; baseline 0.004 -21"><span class='ocrx_word' id='word_1_278' title='bbox 529 2160 643 2216; x_wconf 81' lang='lat' dir='ltr'><strong>htec</strong></span> <span class='ocrx_word' id='word_1_279' title='bbox 682 2158 792 2233; x_wconf 82' lang='lat' dir='ltr'><strong>[AL</strong></span> <span class='ocrx_word' id='word_1_280' title='bbox 824 2161 936 2234; x_wconf 85' lang='lat' dir='ltr'><strong>hoc]</strong></span> <span class='ocrx_word' id='word_1_281' title='bbox 968 2163 1024 2217; x_wconf 87' lang='lat' dir='ltr'><strong>in</strong></span> <span class='ocrx_word' id='word_1_282' title='bbox 1050 2163 1287 2234; x_wconf 86' lang='lat' dir='ltr'><strong>gentibus</strong></span> <span class='ocrx_word' id='word_1_283' title='bbox 1319 2180 1337 2218; x_wconf 88' lang='lat'><em>:</em></span> <span class='ocrx_word' id='word_1_284' title='bbox 1372 2165 1693 2234; x_wconf 81' lang='lat' dir='ltr'><strong>sancti/icate</strong></span> <span class='ocrx_word' id='word_1_285' title='bbox 1731 2164 1947 2231; x_wconf 88' lang='lat' dir='ltr'><strong>bellum,</strong></span> <span class='ocrx_word' id='word_1_286' title='bbox 1973 2168 2138 2221; x_wconf 86' lang='lat' dir='ltr'><strong>susci—</strong></span> 
     </span>
    </p>
   </div>
   <div class='ocr_carea' id='block_1_38' title="bbox 531 2257 2136 2327">
    <p class='ocr_par' dir='ltr' id='par_1_38' title="bbox 531 2257 2136 2327">
     <span class='ocr_line' id='line_1_38' title="bbox 531 2257 2136 2327; baseline 0.003 -18"><span class='ocrx_word' id='word_1_287' title='bbox 531 2264 637 2310; x_wconf 89' lang='lat' dir='ltr'><strong>tate</strong></span> <span class='ocrx_word' id='word_1_288' title='bbox 654 2266 989 2327; x_wconf 87' lang='lat' dir='ltr'><strong>pugnatores,</strong></span> <span class='ocrx_word' id='word_1_289' title='bbox 1011 2257 1251 2313; x_wconf 86' lang='lat' dir='ltr'><strong>adducite</strong></span> <span class='ocrx_word' id='word_1_290' title='bbox 1273 2267 1319 2312; x_wconf 88' lang='lat' dir='ltr'><strong>et</strong></span> <span class='ocrx_word' id='word_1_291' title='bbox 1356 2257 1615 2312; x_wconf 86' lang='lat' dir='ltr'><strong>ascendite</strong></span> <span class='ocrx_word' id='word_1_292' title='bbox 1656 2274 1830 2315; x_wconf 86' lang='lat' dir='ltr'><strong>omnes</strong></span> <span class='ocrx_word' id='word_1_293' title='bbox 1851 2260 1946 2314; x_wconf 84' lang='lat' dir='ltr'><strong>viri</strong></span> <span class='ocrx_word' id='word_1_294' title='bbox 1975 2259 2136 2314; x_wconf 86' lang='lat' dir='ltr'><strong>bella-</strong></span> 
     </span>
    </p>
   </div>
   <div class='ocr_carea' id='block_1_39' title="bbox 532 2352 2137 2427">
    <p class='ocr_par' dir='ltr' id='par_1_39' title="bbox 532 2352 2137 2427">
     <span class='ocr_line' id='line_1_39' title="bbox 532 2352 2137 2427; baseline 0.002 -21"><span class='ocrx_word' id='word_1_295' title='bbox 532 2363 693 2408; x_wconf 84' lang='lat' dir='ltr'><strong>tores.</strong></span> <span class='ocrx_word' id='word_1_296' title='bbox 720 2352 992 2409; x_wconf 87' lang='lat' dir='ltr'><strong>Concidite</strong></span> <span class='ocrx_word' id='word_1_297' title='bbox 1022 2364 1199 2408; x_wconf 88' lang='lat' dir='ltr'><strong>aratra</strong></span> <span class='ocrx_word' id='word_1_298' title='bbox 1224 2363 1392 2409; x_wconf 87' lang='lat' dir='ltr'><strong>vestra</strong></span> <span class='ocrx_word' id='word_1_299' title='bbox 1422 2355 1477 2408; x_wconf 91' lang='lat' dir='ltr'><strong>in</strong></span> <span class='ocrx_word' id='word_1_300' title='bbox 1516 2355 1742 2426; x_wconf 89' lang='lat' dir='ltr'><strong>gladios,</strong></span> <span class='ocrx_word' id='word_1_301' title='bbox 1771 2365 1819 2409; x_wconf 83' lang='lat' dir='ltr'><strong>et</strong></span> <span class='ocrx_word' id='word_1_302' title='bbox 1851 2356 2009 2427; x_wconf 78' lang='lat' dir='ltr'><strong>falces</strong></span> <span class='ocrx_word' id='word_1_303' title='bbox 2030 2372 2137 2410; x_wconf 88' lang='lat' dir='ltr'><strong>ves-</strong></span> 
     </span>
    </p>
   </div>
   <div class='ocr_carea' id='block_1_40' title="bbox 532 2444 2137 2519">
    <p class='ocr_par' dir='ltr' id='par_1_40' title="bbox 532 2444 2137 2519">
     <span class='ocr_line' id='line_1_40' title="bbox 532 2444 2137 2519; baseline 0.002 -20"><span class='ocrx_word' id='word_1_304' title='bbox 532 2454 640 2499; x_wconf 86' lang='lat' dir='ltr'><strong>tras</strong></span> <span class='ocrx_word' id='word_1_305' title='bbox 660 2447 717 2499; x_wconf 88' lang='lat' dir='ltr'><strong>in</strong></span> <span class='ocrx_word' id='word_1_306' title='bbox 740 2446 969 2501; x_wconf 88' lang='lat' dir='ltr'><strong>lanceas.</strong></span> <span class='ocrx_word' id='word_1_307' title='bbox 999 2444 1179 2501; x_wconf 85' lang='lat' dir='ltr'><strong>Fortis</strong></span> <span class='ocrx_word' id='word_1_308' title='bbox 1207 2448 1369 2513; x_wconf 87' lang='lat' dir='ltr'><strong>dicat,</strong></span> <span class='ocrx_word' id='word_1_309' title='bbox 1407 2448 1531 2518; x_wconf 90' lang='lat' dir='ltr'><strong>quia</strong></span> <span class='ocrx_word' id='word_1_310' title='bbox 1576 2448 1827 2517; x_wconf 78' lang='lat' dir='ltr'><strong>prtevaleo</strong></span> <span class='ocrx_word' id='word_1_311' title='bbox 1852 2464 1965 2519; x_wconf 89' lang='lat' dir='ltr'><strong>ego.</strong></span> <span class='ocrx_word' id='word_1_312' title='bbox 1998 2448 2137 2503; x_wconf 82' lang='lat' dir='ltr'><strong>Con-</strong></span> 
     </span>
    </p>
   </div>
   <div class='ocr_carea' id='block_1_41' title="bbox 532 2540 2139 2612">
    <p class='ocr_par' dir='ltr' id='par_1_41' title="bbox 532 2540 2139 2612">
     <span class='ocr_line' id='line_1_41' title="bbox 532 2540 2139 2612; baseline 0.001 -19"><span class='ocrx_word' id='word_1_313' title='bbox 532 2540 823 2611; x_wconf 85' lang='lat' dir='ltr'><strong>gregamini</strong></span> <span class='ocrx_word' id='word_1_314' title='bbox 860 2550 909 2594; x_wconf 86' lang='lat' dir='ltr'><strong>et</strong></span> <span class='ocrx_word' id='word_1_315' title='bbox 949 2540 1177 2608; x_wconf 88' lang='lat' dir='ltr'><strong>introite,</strong></span> <span class='ocrx_word' id='word_1_316' title='bbox 1206 2556 1381 2594; x_wconf 87' lang='lat' dir='ltr'><strong>omnes</strong></span> <span class='ocrx_word' id='word_1_317' title='bbox 1406 2550 1579 2611; x_wconf 86' lang='lat' dir='ltr'><strong>gentes</strong></span> <span class='ocrx_word' id='word_1_318' title='bbox 1623 2557 1712 2612; x_wconf 90' lang='lat' dir='ltr'><strong>per</strong></span> <span class='ocrx_word' id='word_1_319' title='bbox 1740 2541 2011 2595; x_wconf 90' lang='lat' dir='ltr'><strong>circuitum</strong></span> <span class='ocrx_word' id='word_1_320' title='bbox 2045 2558 2063 2595; x_wconf 92' lang='lat'><em>:</em></span> <span class='ocrx_word' id='word_1_321' title='bbox 2093 2552 2139 2597; x_wconf 88' lang='lat' dir='ltr'><strong>et</strong></span> 
     </span>
    </p>
   </div>
   <div class='ocr_carea' id='block_1_42' title="bbox 531 2632 2139 2703">
    <p class='ocr_par' dir='ltr' id='par_1_42' title="bbox 531 2632 2139 2703">
     <span class='ocr_line' id='line_1_42' title="bbox 531 2632 2139 2703; baseline 0.001 -18"><span class='ocrx_word' id='word_1_322' title='bbox 531 2632 924 2703; x_wconf 86' lang='lat' dir='ltr'><strong>congregamini</strong></span> <span class='ocrx_word' id='word_1_323' title='bbox 950 2632 1095 2698; x_wconf 87' lang='lat' dir='ltr'><strong>illuc,</strong></span> <span class='ocrx_word' id='word_1_324' title='bbox 1123 2641 1418 2686; x_wconf 88' lang='lat' dir='ltr'><strong>mansuetus</strong></span> <span class='ocrx_word' id='word_1_325' title='bbox 1450 2633 1515 2685; x_wconf 85' lang='lat' dir='ltr'><strong>sit</strong></span> <span class='ocrx_word' id='word_1_326' title='bbox 1534 2641 1811 2702; x_wconf 80' lang='lat' dir='ltr'><strong>pugnator.</strong></span> <span class='ocrx_word' id='word_1_327' title='bbox 1837 2633 2013 2688; x_wconf 88' lang='lat' dir='ltr'><strong>Locus</strong></span> <span class='ocrx_word' id='word_1_328' title='bbox 2038 2632 2139 2687; x_wconf 88' lang='lat' dir='ltr'><strong>iste</strong></span> 
     </span>
    </p>
   </div>
   <div class='ocr_carea' id='block_1_43' title="bbox 534 2723 2139 2795">
    <p class='ocr_par' dir='ltr' id='par_1_43' title="bbox 534 2723 2139 2795">
     <span class='ocr_line' id='line_1_43' title="bbox 534 2723 2139 2795; baseline -0.001 -15"><span class='ocrx_word' id='word_1_329' title='bbox 534 2724 836 2795; x_wconf 86' lang='lat' dir='ltr'><strong>dupliciter</strong></span> <span class='ocrx_word' id='word_1_330' title='bbox 881 2723 1206 2795; x_wconf 81' lang='lat' dir='ltr'><strong>intelligitur</strong></span> <span class='ocrx_word' id='word_1_331' title='bbox 1269 2745 1278 2777; x_wconf 89' lang='lat'>:</span> <span class='ocrx_word' id='word_1_332' title='bbox 1333 2724 1550 2795; x_wconf 88' lang='lat' dir='ltr'><strong>quidam</strong></span> <span class='ocrx_word' id='word_1_333' title='bbox 1604 2726 1749 2780; x_wconf 90' lang='lat' dir='ltr'><strong>enim</strong></span> <span class='ocrx_word' id='word_1_334' title='bbox 1810 2724 2139 2779; x_wconf 87' lang='lat' dir='ltr'><strong>arbitrantur</strong></span> 
     </span>
    </p>
   </div>
   <div class='ocr_carea' id='block_1_44' title="bbox 536 2817 2131 2889">
    <p class='ocr_par' dir='ltr' id='par_1_44' title="bbox 536 2817 2131 2889">
     <span class='ocr_line' id='line_1_44' title="bbox 536 2817 2131 2889; baseline 0 -16"><span class='ocrx_word' id='word_1_335' title='bbox 536 2818 658 2873; x_wconf 69' lang='lat' dir='ltr'><strong>haec</strong></span> <span class='ocrx_word' id='word_1_336' title='bbox 687 2818 891 2875; x_wconf 87' lang='lat' dir='ltr'><strong>sanctis</strong></span> <span class='ocrx_word' id='word_1_337' title='bbox 934 2817 1187 2888; x_wconf 82' lang='lat' dir='ltr'><strong>gentibus</strong></span> <span class='ocrx_word' id='word_1_338' title='bbox 1220 2817 1525 2888; x_wconf 68' lang='lat' dir='ltr'><strong>praedicari,</strong></span> <span class='ocrx_word' id='word_1_339' title='bbox 1555 2826 1615 2873; x_wconf 93' lang='lat' dir='ltr'><strong>ut</strong></span> <span class='ocrx_word' id='word_1_340' title='bbox 1663 2831 2037 2889; x_wconf 83' lang='lat' dir='ltr'><strong>praeparentur</strong></span> <span class='ocrx_word' id='word_1_341' title='bbox 2066 2820 2131 2873; x_wconf 88' lang='lat' dir='ltr'><strong>ad</strong></span> 
     </span>
    </p>
   </div>
   <div class='ocr_carea' id='block_1_45' title="bbox 538 2908 2141 2980">
    <p class='ocr_par' dir='ltr' id='par_1_45' title="bbox 538 2908 2141 2980">
     <span class='ocr_line' id='line_1_45' title="bbox 538 2908 2141 2980; baseline 0.001 -15"><span class='ocrx_word' id='word_1_342' title='bbox 538 2908 771 2976; x_wconf 86' lang='lat' dir='ltr'><strong>bellum,</strong></span> <span class='ocrx_word' id='word_1_343' title='bbox 802 2918 858 2965; x_wconf 90' lang='lat' dir='ltr'><strong>et</strong></span> <span class='ocrx_word' id='word_1_344' title='bbox 911 2926 1008 2979; x_wconf 91' lang='lat' dir='ltr'><strong>pro</strong></span> <span class='ocrx_word' id='word_1_345' title='bbox 1040 2910 1244 2980; x_wconf 89' lang='lat' dir='ltr'><strong>populo</strong></span> <span class='ocrx_word' id='word_1_346' title='bbox 1276 2910 1370 2964; x_wconf 88' lang='lat' dir='ltr'><strong>Dei</strong></span> <span class='ocrx_word' id='word_1_347' title='bbox 1416 2910 1699 2978; x_wconf 86' lang='lat' dir='ltr'><strong>dimicent,</strong></span> <span class='ocrx_word' id='word_1_348' title='bbox 1731 2920 1791 2965; x_wconf 89' lang='lat' dir='ltr'><strong>ut</strong></span> <span class='ocrx_word' id='word_1_349' title='bbox 1839 2912 2024 2966; x_wconf 88' lang='lat' dir='ltr'><strong>omnia</strong></span> <span class='ocrx_word' id='word_1_350' title='bbox 2056 2912 2141 2966; x_wconf 92' lang='lat' dir='ltr'><strong>in-</strong></span> 
     </span>
    </p>
   </div>
   <div class='ocr_carea' id='block_1_46' title="bbox 536 3002 2139 3075">
    <p class='ocr_par' dir='ltr' id='par_1_46' title="bbox 536 3002 2139 3075">
     <span class='ocr_line' id='line_1_46' title="bbox 536 3002 2139 3075; baseline 0 -18"><span class='ocrx_word' id='word_1_351' title='bbox 536 3009 842 3058; x_wconf 89' lang='lat' dir='ltr'><strong>strumenta</strong></span> <span class='ocrx_word' id='word_1_352' title='bbox 870 3003 1220 3072; x_wconf 74' lang='lat' dir='ltr'><strong>agricultura:</strong></span> <span class='ocrx_word' id='word_1_353' title='bbox 1248 3003 1300 3056; x_wconf 92' lang='lat' dir='ltr'><strong>in</strong></span> <span class='ocrx_word' id='word_1_354' title='bbox 1328 3002 1537 3073; x_wconf 83' lang='lat' dir='ltr'><strong>gladios</strong></span> <span class='ocrx_word' id='word_1_355' title='bbox 1565 3003 1893 3075; x_wconf 88' lang='lat' dir='ltr'><strong>lanceasque</strong></span> <span class='ocrx_word' id='word_1_356' title='bbox 1916 3017 2139 3058; x_wconf 89' lang='lat' dir='ltr'><strong>conver-</strong></span> 
     </span>
    </p>
   </div>
   <div class='ocr_carea' id='block_1_47' title="bbox 528 3093 2141 3159">
    <p class='ocr_par' dir='ltr' id='par_1_47' title="bbox 528 3093 2141 3159">
     <span class='ocr_line' id='line_1_47' title="bbox 528 3093 2141 3159; baseline 0.001 -11"><span class='ocrx_word' id='word_1_357' title='bbox 528 3101 669 3159; x_wconf 89' lang='lat' dir='ltr'><strong>tant,</strong></span> <span class='ocrx_word' id='word_1_358' title='bbox 701 3105 758 3148; x_wconf 89' lang='lat' dir='ltr'><strong>ut</strong></span> <span class='ocrx_word' id='word_1_359' title='bbox 786 3093 1036 3148; x_wconf 85' lang='lat' dir='ltr'><strong>infirmus</strong></span> <span class='ocrx_word' id='word_1_360' title='bbox 1061 3094 1207 3148; x_wconf 82' lang='lat' dir='ltr'><strong>dicat</strong></span> <span class='ocrx_word' id='word_1_361' title='bbox 1234 3109 1293 3149; x_wconf 93' lang='lat' dir='ltr'><strong>se</strong></span> <span class='ocrx_word' id='word_1_362' title='bbox 1320 3108 1443 3150; x_wconf 84' lang='lat' dir='ltr'><strong>esse</strong></span> <span class='ocrx_word' id='word_1_363' title='bbox 1473 3095 1788 3159; x_wconf 88' lang='lat' dir='ltr'><strong>robustum.</strong></span> <span class='ocrx_word' id='word_1_364' title='bbox 1837 3103 1891 3151; x_wconf 89' lang='lat' dir='ltr'><strong>et</strong></span> <span class='ocrx_word' id='word_1_365' title='bbox 1917 3096 2141 3151; x_wconf 89' lang='lat' dir='ltr'><strong>veniant</strong></span> 
     </span>
    </p>
   </div>
   <div class='ocr_carea' id='block_1_48' title="bbox 2239 1880 3831 1952">
    <p class='ocr_par' dir='ltr' id='par_1_48' title="bbox 2239 1880 3831 1952">
     <span class='ocr_line' id='line_1_48' title="bbox 2239 1880 3831 1952; baseline 0.001 -18"><span class='ocrx_word' id='word_1_366' title='bbox 2239 1880 2538 1935; x_wconf 89' lang='lat' dir='ltr'><strong>ascendere</strong></span> <span class='ocrx_word' id='word_1_367' title='bbox 2582 1882 2636 1934; x_wconf 92' lang='lat' dir='ltr'><strong>in</strong></span> <span class='ocrx_word' id='word_1_368' title='bbox 2684 1880 2880 1935; x_wconf 87' lang='lat' dir='ltr'><strong>vallem</strong></span> <span class='ocrx_word' id='word_1_369' title='bbox 2941 1880 3225 1952; x_wconf 85' lang='lat' dir='ltr'><strong>Josaphat,</strong></span> <span class='ocrx_word' id='word_1_370' title='bbox 3273 1897 3395 1950; x_wconf 71' lang='lat' dir='ltr'><strong>qua:</strong></span> <span class='ocrx_word' id='word_1_371' title='bbox 3446 1882 3831 1952; x_wconf 90' lang='lat' dir='ltr'><strong>interpretatur</strong></span> 
     </span>
    </p>
   </div>
   <div class='ocr_carea' id='block_1_49' title="bbox 2239 1970 3831 2044">
    <p class='ocr_par' dir='ltr' id='par_1_49' title="bbox 2239 1970 3831 2044">
     <span class='ocr_line' id='line_1_49' title="bbox 2239 1970 3831 2044; baseline 0.004 -19"><span class='ocrx_word' id='word_1_372' title='bbox 2239 1970 2449 2027; x_wconf 88' lang='lat' dir='ltr'><strong>Domini</strong></span> <span class='ocrx_word' id='word_1_373' title='bbox 2472 1974 2754 2044; x_wconf 84' lang='lat' dir='ltr'><strong>judicium,</strong></span> <span class='ocrx_word' id='word_1_374' title='bbox 2786 1983 2841 2029; x_wconf 93' lang='lat' dir='ltr'><strong>et</strong></span> <span class='ocrx_word' id='word_1_375' title='bbox 2884 1973 3081 2029; x_wconf 91' lang='lat' dir='ltr'><strong>sedere</strong></span> <span class='ocrx_word' id='word_1_376' title='bbox 3130 1973 3206 2031; x_wconf 89' lang='lat' dir='ltr'><strong>ibi</strong></span> <span class='ocrx_word' id='word_1_377' title='bbox 3236 1974 3428 2043; x_wconf 90' lang='lat' dir='ltr'><strong>Deum,</strong></span> <span class='ocrx_word' id='word_1_378' title='bbox 3472 1982 3529 2028; x_wconf 93' lang='lat' dir='ltr'><strong>ut</strong></span> <span class='ocrx_word' id='word_1_379' title='bbox 3573 1973 3831 2044; x_wconf 88' lang='lat' dir='ltr'><strong>dijudicet</strong></span> 
     </span>
    </p>
   </div>
   <div class='ocr_carea' id='block_1_50' title="bbox 2240 2065 3830 2137">
    <p class='ocr_par' dir='ltr' id='par_1_50' title="bbox 2240 2065 3830 2137">
     <span class='ocr_line' id='line_1_50' title="bbox 2240 2065 3830 2137; baseline 0.003 -19"><span class='ocrx_word' id='word_1_380' title='bbox 2240 2078 2430 2120; x_wconf 90' lang='lat' dir='ltr'><strong>omnes</strong></span> <span class='ocrx_word' id='word_1_381' title='bbox 2470 2073 2678 2133; x_wconf 82' lang='lat' dir='ltr'><strong>gentes,</strong></span> <span class='ocrx_word' id='word_1_382' title='bbox 2713 2081 2834 2137; x_wconf 65' lang='lat' dir='ltr'><strong>qum</strong></span> <span class='ocrx_word' id='word_1_383' title='bbox 2885 2065 2952 2121; x_wconf 91' lang='lat' dir='ltr'><strong>de</strong></span> <span class='ocrx_word' id='word_1_384' title='bbox 2997 2066 3233 2122; x_wconf 91' lang='lat' dir='ltr'><strong>circuitu</strong></span> <span class='ocrx_word' id='word_1_385' title='bbox 3261 2066 3507 2134; x_wconf 89' lang='lat' dir='ltr'><strong>veniunt,</strong></span> <span class='ocrx_word' id='word_1_386' title='bbox 3550 2067 3606 2121; x_wconf 92' lang='lat' dir='ltr'><strong>in</strong></span> <span class='ocrx_word' id='word_1_387' title='bbox 3641 2066 3830 2122; x_wconf 83' lang='lat' dir='ltr'><strong>bonam</strong></span> 
     </span>
    </p>
   </div>
   <div class='ocr_carea' id='block_1_51' title="bbox 2240 2159 3834 2234">
    <p class='ocr_par' dir='ltr' id='par_1_51' title="bbox 2240 2159 3834 2234">
     <span class='ocr_line' id='line_1_51' title="bbox 2240 2159 3834 2234; baseline 0.001 -19"><span class='ocrx_word' id='word_1_388' title='bbox 2240 2169 2451 2230; x_wconf 89' lang='lat' dir='ltr'><strong>partem</strong></span> <span class='ocrx_word' id='word_1_389' title='bbox 2474 2161 2789 2232; x_wconf 82' lang='lat' dir='ltr'><strong>intelligunt</strong></span> <span class='ocrx_word' id='word_1_390' title='bbox 2816 2180 2829 2217; x_wconf 92' lang='lat'><strong>:</strong></span> <span class='ocrx_word' id='word_1_391' title='bbox 2861 2178 2969 2234; x_wconf 90' lang='lat' dir='ltr'><strong>quo</strong></span> <span class='ocrx_word' id='word_1_392' title='bbox 2995 2163 3211 2219; x_wconf 86' lang='lat' dir='ltr'><strong>scilicet</strong></span> <span class='ocrx_word' id='word_1_393' title='bbox 3234 2173 3288 2219; x_wconf 91' lang='lat' dir='ltr'><strong>et</strong></span> <span class='ocrx_word' id='word_1_394' title='bbox 3319 2163 3493 2219; x_wconf 89' lang='lat' dir='ltr'><strong>sancti</strong></span> <span class='ocrx_word' id='word_1_395' title='bbox 3520 2173 3717 2219; x_wconf 87' lang='lat' dir='ltr'><strong>contra</strong></span> <span class='ocrx_word' id='word_1_396' title='bbox 3746 2159 3834 2217; x_wconf 86' lang='lat' dir='ltr'><strong>Dei</strong></span> 
     </span>
    </p>
   </div>
   <div class='ocr_carea' id='block_1_52' title="bbox 2240 2256 3834 2329">
    <p class='ocr_par' dir='ltr' id='par_1_52' title="bbox 2240 2256 3834 2329">
     <span class='ocr_line' id='line_1_52' title="bbox 2240 2256 3834 2329; baseline 0.002 -17"><span class='ocrx_word' id='word_1_397' title='bbox 2240 2256 2586 2313; x_wconf 87' lang='lat' dir='ltr'><strong>adversarios</strong></span> <span class='ocrx_word' id='word_1_398' title='bbox 2614 2268 3035 2329; x_wconf 88' lang='lat' dir='ltr'><strong>congregentur,</strong></span> <span class='ocrx_word' id='word_1_399' title='bbox 3068 2267 3123 2315; x_wconf 91' lang='lat' dir='ltr'><strong>et</strong></span> <span class='ocrx_word' id='word_1_400' title='bbox 3154 2258 3376 2314; x_wconf 86' lang='lat' dir='ltr'><strong>mittant</strong></span> <span class='ocrx_word' id='word_1_401' title='bbox 3402 2259 3565 2315; x_wconf 89' lang='lat' dir='ltr'><strong>falces</strong></span> <span class='ocrx_word' id='word_1_402' title='bbox 3597 2273 3751 2327; x_wconf 89' lang='lat' dir='ltr'><strong>suas,</strong></span> <span class='ocrx_word' id='word_1_403' title='bbox 3784 2268 3834 2315; x_wconf 86' lang='lat' dir='ltr'><strong>ut</strong></span> 
     </span>
    </p>
   </div>
   <div class='ocr_carea' id='block_1_53' title="bbox 2242 2350 3833 2419">
    <p class='ocr_par' dir='ltr' id='par_1_53' title="bbox 2242 2350 3833 2419">
     <span class='ocr_line' id='line_1_53' title="bbox 2242 2350 3833 2419; baseline 0.001 -14"><span class='ocrx_word' id='word_1_404' title='bbox 2242 2360 2508 2407; x_wconf 82' lang='lat' dir='ltr'><strong>maturam</strong></span> <span class='ocrx_word' id='word_1_405' title='bbox 2533 2350 2772 2407; x_wconf 92' lang='lat' dir='ltr'><strong>hostium</strong></span> <span class='ocrx_word' id='word_1_406' title='bbox 2817 2367 3051 2407; x_wconf 91' lang='lat' dir='ltr'><strong>messem</strong></span> <span class='ocrx_word' id='word_1_407' title='bbox 3084 2352 3389 2419; x_wconf 89' lang='lat' dir='ltr'><strong>demetant,</strong></span> <span class='ocrx_word' id='word_1_408' title='bbox 3424 2361 3479 2407; x_wconf 93' lang='lat' dir='ltr'><strong>et</strong></span> <span class='ocrx_word' id='word_1_409' title='bbox 3507 2352 3736 2407; x_wconf 90' lang='lat' dir='ltr'><strong>veniant</strong></span> <span class='ocrx_word' id='word_1_410' title='bbox 3758 2362 3833 2407; x_wconf 87' lang='lat' dir='ltr'><strong>at-</strong></span> 
     </span>
    </p>
   </div>
   <div class='ocr_carea' id='block_1_54' title="bbox 2242 2443 3833 2517">
    <p class='ocr_par' dir='ltr' id='par_1_54' title="bbox 2242 2443 3833 2517">
     <span class='ocr_line' id='line_1_54' title="bbox 2242 2443 3833 2517; baseline -0.001 -17"><span class='ocrx_word' id='word_1_411' title='bbox 2242 2461 2345 2517; x_wconf 91' lang='lat' dir='ltr'><strong>que</strong></span> <span class='ocrx_word' id='word_1_412' title='bbox 2372 2443 2727 2512; x_wconf 89' lang='lat' dir='ltr'><strong>descendant,</strong></span> <span class='ocrx_word' id='word_1_413' title='bbox 2776 2445 3099 2515; x_wconf 89' lang='lat' dir='ltr'><strong>calcentque</strong></span> <span class='ocrx_word' id='word_1_414' title='bbox 3148 2445 3470 2510; x_wconf 85' lang='lat' dir='ltr'><strong>toreularia,</strong></span> <span class='ocrx_word' id='word_1_415' title='bbox 3520 2444 3651 2516; x_wconf 91' lang='lat' dir='ltr'><strong>quia</strong></span> <span class='ocrx_word' id='word_1_416' title='bbox 3702 2444 3833 2499; x_wconf 77' lang='lat' dir='ltr'><strong>adsit</strong></span> 
     </span>
    </p>
   </div>
   <div class='ocr_carea' id='block_1_55' title="bbox 2241 2536 3835 2605">
    <p class='ocr_par' dir='ltr' id='par_1_55' title="bbox 2241 2536 3835 2605">
     <span class='ocr_line' id='line_1_55' title="bbox 2241 2536 3835 2605; baseline 0 -14"><span class='ocrx_word' id='word_1_417' title='bbox 2241 2536 2540 2605; x_wconf 80' lang='lat' dir='ltr'><strong>vindemia,</strong></span> <span class='ocrx_word' id='word_1_418' title='bbox 2572 2546 2627 2593; x_wconf 92' lang='lat' dir='ltr'><strong>et</strong></span> <span class='ocrx_word' id='word_1_419' title='bbox 2649 2536 2919 2592; x_wconf 90' lang='lat' dir='ltr'><strong>intantum</strong></span> <span class='ocrx_word' id='word_1_420' title='bbox 2953 2545 3128 2592; x_wconf 89' lang='lat' dir='ltr'><strong>musta</strong></span> <span class='ocrx_word' id='word_1_421' title='bbox 3159 2538 3489 2604; x_wconf 84' lang='lat' dir='ltr'><strong>exuberent,</strong></span> <span class='ocrx_word' id='word_1_422' title='bbox 3523 2546 3582 2593; x_wconf 92' lang='lat' dir='ltr'><strong>ut</strong></span> <span class='ocrx_word' id='word_1_423' title='bbox 3606 2538 3835 2593; x_wconf 86' lang='lat' dir='ltr'><strong>torcula-</strong></span> 
     </span>
    </p>
   </div>
   <div class='ocr_carea' id='block_1_56' title="bbox 2243 2629 3834 2700">
    <p class='ocr_par' dir='ltr' id='par_1_56' title="bbox 2243 2629 3834 2700">
     <span class='ocr_line' id='line_1_56' title="bbox 2243 2629 3834 2700; baseline -0.001 -15"><span class='ocrx_word' id='word_1_424' title='bbox 2243 2632 2321 2685; x_wconf 82' lang='lat' dir='ltr'><strong>ria</strong></span> <span class='ocrx_word' id='word_1_425' title='bbox 2352 2645 2552 2700; x_wconf 90' lang='lat' dir='ltr'><strong>capere</strong></span> <span class='ocrx_word' id='word_1_426' title='bbox 2582 2644 2689 2684; x_wconf 94' lang='lat' dir='ltr'><strong>non</strong></span> <span class='ocrx_word' id='word_1_427' title='bbox 2722 2629 2953 2699; x_wconf 90' lang='lat' dir='ltr'><strong>possint.</strong></span> <span class='ocrx_word' id='word_1_428' title='bbox 2989 2629 3056 2685; x_wconf 91' lang='lat' dir='ltr'><strong>Et</strong></span> <span class='ocrx_word' id='word_1_429' title='bbox 3084 2639 3140 2685; x_wconf 93' lang='lat' dir='ltr'><strong>ut</strong></span> <span class='ocrx_word' id='word_1_430' title='bbox 3179 2631 3452 2687; x_wconf 87' lang='lat' dir='ltr'><strong>sciremus</strong></span> <span class='ocrx_word' id='word_1_431' title='bbox 3480 2644 3600 2699; x_wconf 71' lang='lat' dir='ltr'><strong>qua:</strong></span> <span class='ocrx_word' id='word_1_432' title='bbox 3625 2630 3699 2685; x_wconf 88' lang='lat' dir='ltr'><strong>sit</strong></span> <span class='ocrx_word' id='word_1_433' title='bbox 3726 2631 3834 2686; x_wconf 90' lang='lat' dir='ltr'><strong>vin-</strong></span> 
     </span>
    </p>
   </div>
   <div class='ocr_carea' id='block_1_57' title="bbox 2241 2721 3831 2795">
    <p class='ocr_par' dir='ltr' id='par_1_57' title="bbox 2241 2721 3831 2795">
     <span class='ocr_line' id='line_1_57' title="bbox 2241 2721 3831 2795; baseline 0 -17"><span class='ocrx_word' id='word_1_434' title='bbox 2241 2723 2445 2792; x_wconf 89' lang='lat' dir='ltr'><strong>demia,</strong></span> <span class='ocrx_word' id='word_1_435' title='bbox 2480 2724 2811 2793; x_wconf 88' lang='lat' dir='ltr'><strong>plenumque</strong></span> <span class='ocrx_word' id='word_1_436' title='bbox 2844 2722 3107 2791; x_wconf 89' lang='lat' dir='ltr'><strong>torcular,</strong></span> <span class='ocrx_word' id='word_1_437' title='bbox 3140 2722 3300 2795; x_wconf 71' lang='lat'><strong>213</strong></span> <span class='ocrx_word' id='word_1_438' title='bbox 3330 2722 3519 2777; x_wconf 88' lang='lat' dir='ltr'><strong>intulit</strong></span> <span class='ocrx_word' id='word_1_439' title='bbox 3548 2721 3660 2795; x_wconf 79' lang='grc' dir='ltr'><strong>[ΑΙ.</strong></span> <span class='ocrx_word' id='word_1_440' title='bbox 3696 2722 3831 2778; x_wconf 82' lang='grc' dir='ltr'><strong>ἰηιιι-</strong></span> 
     </span>
    </p>
   </div>
   <div class='ocr_carea' id='block_1_58' title="bbox 2243 2815 3830 2890">
    <p class='ocr_par' dir='ltr' id='par_1_58' title="bbox 2243 2815 3830 2890">
     <span class='ocr_line' id='line_1_58' title="bbox 2243 2815 3830 2890; baseline -0.001 -17"><span class='ocrx_word' id='word_1_441' title='bbox 2243 2816 2397 2890; x_wconf 87' lang='lat' dir='ltr'><strong>lisse]</strong></span> <span class='ocrx_word' id='word_1_442' title='bbox 2431 2836 2445 2873; x_wconf 89' lang='lat'><strong>:</strong></span> <span class='ocrx_word' id='word_1_443' title='bbox 2479 2818 2819 2889; x_wconf 86' lang='lat' dir='ltr'><strong>multiplicata</strong></span> <span class='ocrx_word' id='word_1_444' title='bbox 2845 2825 2918 2870; x_wconf 85' lang='lat' dir='ltr'><strong>est</strong></span> <span class='ocrx_word' id='word_1_445' title='bbox 2947 2816 3147 2871; x_wconf 89' lang='lat' dir='ltr'><strong>malitia</strong></span> <span class='ocrx_word' id='word_1_446' title='bbox 3188 2832 3391 2881; x_wconf 89' lang='lat' dir='ltr'><strong>eorum,</strong></span> <span class='ocrx_word' id='word_1_447' title='bbox 3428 2815 3572 2871; x_wconf 84' lang='lat' dir='ltr'><strong>haud</strong></span> <span class='ocrx_word' id='word_1_448' title='bbox 3618 2816 3830 2871; x_wconf 82' lang='lat' dir='ltr'><strong>dubiant</strong></span> 
     </span>
    </p>
   </div>
   <div class='ocr_carea' id='block_1_59' title="bbox 2242 2909 3833 2983">
    <p class='ocr_par' dir='ltr' id='par_1_59' title="bbox 2242 2909 3833 2983">
     <span class='ocr_line' id='line_1_59' title="bbox 2242 2909 3833 2983; baseline -0.002 -17"><span class='ocrx_word' id='word_1_449' title='bbox 2242 2912 2372 2983; x_wconf 92' lang='lat' dir='ltr'><strong>quin</strong></span> <span class='ocrx_word' id='word_1_450' title='bbox 2397 2928 2492 2967; x_wconf 85' lang='lat' dir='ltr'><strong>eos</strong></span> <span class='ocrx_word' id='word_1_451' title='bbox 2524 2911 2811 2981; x_wconf 85' lang='lat' dir='ltr'><strong>signiticet,</strong></span> <span class='ocrx_word' id='word_1_452' title='bbox 2845 2910 2936 2981; x_wconf 91' lang='lat' dir='ltr'><strong>qui</strong></span> <span class='ocrx_word' id='word_1_453' title='bbox 2965 2920 3160 2965; x_wconf 90' lang='lat' dir='ltr'><strong>contra</strong></span> <span class='ocrx_word' id='word_1_454' title='bbox 3197 2909 3489 2965; x_wconf 88' lang='lat' dir='ltr'><strong>Dominum</strong></span> <span class='ocrx_word' id='word_1_455' title='bbox 3523 2910 3833 2979; x_wconf 81' lang='lat' dir='ltr'><strong>congregati</strong></span> 
     </span>
    </p>
   </div>
   <div class='ocr_carea' id='block_1_60' title="bbox 2244 3003 3833 3074">
    <p class='ocr_par' dir='ltr' id='par_1_60' title="bbox 2244 3003 3833 3074">
     <span class='ocr_line' id='line_1_60' title="bbox 2244 3003 3833 3074; baseline -0.003 -12"><span class='ocrx_word' id='word_1_456' title='bbox 2244 3015 2390 3062; x_wconf 89' lang='lat' dir='ltr'><strong>sunt.</strong></span> <span class='ocrx_word' id='word_1_457' title='bbox 2425 3006 2533 3061; x_wconf 89' lang='lat' dir='ltr'><strong>Alii</strong></span> <span class='ocrx_word' id='word_1_458' title='bbox 2576 3014 2754 3060; x_wconf 90' lang='lat' dir='ltr'><strong>autem</strong></span> <span class='ocrx_word' id='word_1_459' title='bbox 2787 3019 3123 3074; x_wconf 83' lang='lat' dir='ltr'><strong>consurgere</strong></span> <span class='ocrx_word' id='word_1_460' title='bbox 3170 3012 3384 3074; x_wconf 86' lang='lat' dir='ltr'><strong>gentes,</strong></span> <span class='ocrx_word' id='word_1_461' title='bbox 3442 3012 3499 3057; x_wconf 91' lang='lat' dir='ltr'><strong>et</strong></span> <span class='ocrx_word' id='word_1_462' title='bbox 3547 3003 3833 3058; x_wconf 85' lang='lat' dir='ltr'><strong>convenire</strong></span> 
     </span>
    </p>
   </div>
   <div class='ocr_carea' id='block_1_61' title="bbox 2244 3096 3834 3167">
    <p class='ocr_par' dir='ltr' id='par_1_61' title="bbox 2244 3096 3834 3167">
     <span class='ocr_line' id='line_1_61' title="bbox 2244 3096 3834 3167; baseline -0.003 -12"><span class='ocrx_word' id='word_1_463' title='bbox 2244 3100 2298 3155; x_wconf 90' lang='lat' dir='ltr'><strong>in</strong></span> <span class='ocrx_word' id='word_1_464' title='bbox 2332 3100 2525 3155; x_wconf 87' lang='lat' dir='ltr'><strong>vallem</strong></span> <span class='ocrx_word' id='word_1_465' title='bbox 2553 3097 2838 3167; x_wconf 86' lang='lat' dir='ltr'><strong>Josapltat,</strong></span> <span class='ocrx_word' id='word_1_466' title='bbox 2870 3106 2923 3152; x_wconf 90' lang='lat' dir='ltr'><strong>et</strong></span> <span class='ocrx_word' id='word_1_467' title='bbox 2958 3096 3153 3153; x_wconf 89' lang='lat' dir='ltr'><strong>sedere</strong></span> <span class='ocrx_word' id='word_1_468' title='bbox 3201 3096 3514 3162; x_wconf 90' lang='lat' dir='ltr'><strong>Dominttm,</strong></span> <span class='ocrx_word' id='word_1_469' title='bbox 3563 3104 3622 3149; x_wconf 91' lang='lat' dir='ltr'><strong>ut</strong></span> <span class='ocrx_word' id='word_1_470' title='bbox 3654 3110 3834 3153; x_wconf 79' lang='lat' dir='ltr'><strong>Omnes</strong></span> 
     </span>
    </p>
   </div>
   <div class='ocr_carea' id='block_1_62' title="bbox 533 3184 3833 3263">
    <p class='ocr_par' dir='ltr' id='par_1_62' title="bbox 533 3184 3833 3263">
     <span class='ocr_line' id='line_1_62' title="bbox 533 3184 3833 3263; baseline 0 -21"><span class='ocrx_word' id='word_1_471' title='bbox 533 3202 728 3243; x_wconf 91' lang='lat' dir='ltr'><strong>omnes</strong></span> <span class='ocrx_word' id='word_1_472' title='bbox 774 3186 841 3242; x_wconf 90' lang='lat' dir='ltr'><strong>de</strong></span> <span class='ocrx_word' id='word_1_473' title='bbox 862 3188 1117 3256; x_wconf 90' lang='lat' dir='ltr'><strong>circuitu,</strong></span> <span class='ocrx_word' id='word_1_474' title='bbox 1153 3196 1208 3242; x_wconf 93' lang='lat' dir='ltr'><strong>et</strong></span> <span class='ocrx_word' id='word_1_475' title='bbox 1251 3188 1300 3241; x_wconf 94' lang='lat' dir='ltr'><strong>in</strong></span> <span class='ocrx_word' id='word_1_476' title='bbox 1331 3198 1607 3244; x_wconf 89' lang='lat' dir='ltr'><strong>certamen</strong></span> <span class='ocrx_word' id='word_1_477' title='bbox 1655 3188 1875 3244; x_wconf 92' lang='lat' dir='ltr'><strong>Domini</strong></span> <span class='ocrx_word' id='word_1_478' title='bbox 1907 3205 2136 3260; x_wconf 83' lang='lat' dir='ltr'><strong>congre-</strong></span> <span class='ocrx_word' id='word_1_479' title='bbox 2166 3184 2213 3249; x_wconf 89' lang='lat' dir='ltr'><strong><em>C</em></strong></span> <span class='ocrx_word' id='word_1_480' title='bbox 2240 3192 2447 3263; x_wconf 88' lang='lat' dir='ltr'><strong>judicet</strong></span> <span class='ocrx_word' id='word_1_481' title='bbox 2470 3190 2741 3257; x_wconf 85' lang='lat' dir='ltr'><strong>nationes,</strong></span> <span class='ocrx_word' id='word_1_482' title='bbox 2780 3189 2907 3246; x_wconf 92' lang='lat' dir='ltr'><strong>ideo</strong></span> <span class='ocrx_word' id='word_1_483' title='bbox 2933 3198 3210 3255; x_wconf 89' lang='lat' dir='ltr'><strong>asserunt,</strong></span> <span class='ocrx_word' id='word_1_484' title='bbox 3248 3198 3306 3242; x_wconf 91' lang='lat' dir='ltr'><strong>ut</strong></span> <span class='ocrx_word' id='word_1_485' title='bbox 3351 3197 3542 3259; x_wconf 88' lang='lat' dir='ltr'><strong>parent</strong></span> <span class='ocrx_word' id='word_1_486' title='bbox 3570 3202 3631 3243; x_wconf 87' lang='lat' dir='ltr'><strong>se</strong></span> <span class='ocrx_word' id='word_1_487' title='bbox 3675 3197 3728 3243; x_wconf 91' lang='lat' dir='ltr'><strong>et</strong></span> <span class='ocrx_word' id='word_1_488' title='bbox 3751 3202 3833 3242; x_wconf 90' lang='lat' dir='ltr'><strong>as-</strong></span> 
     </span>
    </p>
   </div>
   <div class='ocr_carea' id='block_1_63' title="bbox 536 3282 2139 3353">
    <p class='ocr_par' dir='ltr' id='par_1_63' title="bbox 536 3282 2139 3353">
     <span class='ocr_line' id='line_1_63' title="bbox 536 3282 2139 3353; baseline 0.001 -16"><span class='ocrx_word' id='word_1_489' title='bbox 536 3290 760 3353; x_wconf 79' lang='lat' dir='ltr'><strong>gentur,</strong></span> <span class='ocrx_word' id='word_1_490' title='bbox 791 3283 1025 3338; x_wconf 82' lang='lat' dir='ltr'><strong>maxime</strong></span> <span class='ocrx_word' id='word_1_491' title='bbox 1048 3284 1171 3352; x_wconf 91' lang='lat' dir='ltr'><strong>quia</strong></span> <span class='ocrx_word' id='word_1_492' title='bbox 1196 3284 1346 3353; x_wconf 85' lang='lat' dir='ltr'><strong>juxta</strong></span> <span class='ocrx_word' id='word_1_493' title='bbox 1372 3282 1517 3337; x_wconf 86' lang='lat' dir='ltr'><strong>LXX</strong></span> <span class='ocrx_word' id='word_1_494' title='bbox 1538 3284 1815 3353; x_wconf 88' lang='lat' dir='ltr'><strong>sequitur:</strong></span> <span class='ocrx_word' id='word_1_495' title='bbox 1836 3284 2139 3339; x_wconf 85' lang='lat' dir='ltr'><strong>Mansuetus</strong></span> 
     </span>
    </p>
   </div>
   <div class='ocr_carea' id='block_1_64' title="bbox 542 3375 2141 3448">
    <p class='ocr_par' dir='ltr' id='par_1_64' title="bbox 542 3375 2141 3448">
     <span class='ocr_line' id='line_1_64' title="bbox 542 3375 2141 3448; baseline 0.001 -19"><span class='ocrx_word' id='word_1_496' title='bbox 542 3385 592 3429; x_wconf 91' lang='lat' dir='ltr'><strong>et</strong></span> <span class='ocrx_word' id='word_1_497' title='bbox 609 3375 750 3429; x_wconf 89' lang='lat' dir='ltr'><strong>mitis</strong></span> <span class='ocrx_word' id='word_1_498' title='bbox 767 3375 833 3427; x_wconf 87' lang='lat' dir='ltr'><strong>sit</strong></span> <span class='ocrx_word' id='word_1_499' title='bbox 854 3376 1301 3448; x_wconf 80' lang='lat' dir='ltr'><strong>pugnator,jnxta</strong></span> <span class='ocrx_word' id='word_1_500' title='bbox 1338 3376 1469 3431; x_wconf 91' lang='lat' dir='ltr'><strong>illud</strong></span> <span class='ocrx_word' id='word_1_501' title='bbox 1482 3375 1623 3446; x_wconf 90' lang='lat' dir='ltr'><strong>quod</strong></span> <span class='ocrx_word' id='word_1_502' title='bbox 1642 3376 1695 3430; x_wconf 94' lang='lat' dir='ltr'><strong>in</strong></span> <span class='ocrx_word' id='word_1_503' title='bbox 1716 3375 2141 3446; x_wconf 88' lang='lat' dir='ltr'><strong>Paralipomenis</strong></span> 
     </span>
    </p>
   </div>
   <div class='ocr_carea' id='block_1_65' title="bbox 537 3468 2139 3542">
    <p class='ocr_par' dir='ltr' id='par_1_65' title="bbox 537 3468 2139 3542">
     <span class='ocr_line' id='line_1_65' title="bbox 537 3468 2139 3542; baseline 0.001 -20"><span class='ocrx_word' id='word_1_504' title='bbox 537 3468 803 3537; x_wconf 90' lang='lat' dir='ltr'><strong>scriptum</strong></span> <span class='ocrx_word' id='word_1_505' title='bbox 827 3480 910 3523; x_wconf 89' lang='lat' dir='ltr'><strong>est</strong></span> <span class='ocrx_word' id='word_1_506' title='bbox 934 3469 973 3542; x_wconf 97' lang='grc' dir='ltr'>(Ι</span> <span class='ocrx_word' id='word_1_507' title='bbox 994 3468 1119 3522; x_wconf 90' lang='lat' dir='ltr'><strong>Par.</strong></span> <span class='ocrx_word' id='word_1_508' title='bbox 1144 3469 1261 3539; x_wconf 86' lang='lat' dir='ltr'><strong>v,8)</strong></span> <span class='ocrx_word' id='word_1_509' title='bbox 1281 3488 1291 3523; x_wconf 91' lang='lat'>:</span> <span class='ocrx_word' id='word_1_510' title='bbox 1311 3469 1377 3522; x_wconf 86' lang='lat' dir='ltr'><strong>Et</strong></span> <span class='ocrx_word' id='word_1_511' title='bbox 1400 3478 1542 3523; x_wconf 87' lang='lat' dir='ltr'><strong>trans</strong></span> <span class='ocrx_word' id='word_1_512' title='bbox 1562 3468 1840 3524; x_wconf 76' lang='lat' dir='ltr'><strong>Iordanem</strong></span> <span class='ocrx_word' id='word_1_513' title='bbox 1873 3470 1934 3524; x_wconf 86' lang='lat' dir='ltr'><strong>de</strong></span> <span class='ocrx_word' id='word_1_514' title='bbox 1959 3470 2139 3524; x_wconf 86' lang='lat' dir='ltr'><strong>Ruben</strong></span> 
     </span>
    </p>
   </div>
   <div class='ocr_carea' id='block_1_66' title="bbox 544 3558 2143 3628">
    <p class='ocr_par' dir='ltr' id='par_1_66' title="bbox 544 3558 2143 3628">
     <span class='ocr_line' id='line_1_66' title="bbox 544 3558 2143 3628; baseline 0 -13"><span class='ocrx_word' id='word_1_515' title='bbox 544 3569 594 3615; x_wconf 89' lang='lat' dir='ltr'><strong>et</strong></span> <span class='ocrx_word' id='word_1_516' title='bbox 620 3558 737 3615; x_wconf 85' lang='lat' dir='ltr'><strong>Gad</strong></span> <span class='ocrx_word' id='word_1_517' title='bbox 762 3572 808 3614; x_wconf 89' lang='lat' dir='ltr'><strong>et</strong></span> <span class='ocrx_word' id='word_1_518' title='bbox 830 3561 1047 3615; x_wconf 89' lang='lat' dir='ltr'><strong>dimidia</strong></span> <span class='ocrx_word' id='word_1_519' title='bbox 1073 3562 1209 3615; x_wconf 87' lang='lat' dir='ltr'><strong>tribu</strong></span> <span class='ocrx_word' id='word_1_520' title='bbox 1228 3561 1489 3628; x_wconf 80' lang='lat' dir='ltr'><strong>Manasse,</strong></span> <span class='ocrx_word' id='word_1_521' title='bbox 1511 3563 1564 3616; x_wconf 91' lang='lat' dir='ltr'><strong>in</strong></span> <span class='ocrx_word' id='word_1_522' title='bbox 1587 3562 1822 3617; x_wconf 87' lang='lat' dir='ltr'><strong>omnibus</strong></span> <span class='ocrx_word' id='word_1_523' title='bbox 1842 3566 1974 3617; x_wconf 86' lang='lat' dir='ltr'><strong>vasis</strong></span> <span class='ocrx_word' id='word_1_524' title='bbox 1997 3562 2143 3616; x_wconf 87' lang='lat' dir='ltr'><strong>belli-</strong></span> 
     </span>
    </p>
   </div>
   <div class='ocr_carea' id='block_1_67' title="bbox 538 3656 2140 3726">
    <p class='ocr_par' dir='ltr' id='par_1_67' title="bbox 538 3656 2140 3726">
     <span class='ocr_line' id='line_1_67' title="bbox 538 3656 2140 3726; baseline 0 -18"><span class='ocrx_word' id='word_1_525' title='bbox 538 3656 612 3708; x_wconf 89' lang='lat' dir='ltr'><strong>cis</strong></span> <span class='ocrx_word' id='word_1_526' title='bbox 628 3664 832 3709; x_wconf 87' lang='lat' dir='ltr'><strong>centum</strong></span> <span class='ocrx_word' id='word_1_527' title='bbox 855 3656 1033 3726; x_wconf 87' lang='lat' dir='ltr'><strong>viginti</strong></span> <span class='ocrx_word' id='word_1_528' title='bbox 1056 3656 1219 3709; x_wconf 88' lang='lat' dir='ltr'><strong>millia</strong></span> <span class='ocrx_word' id='word_1_529' title='bbox 1236 3672 1254 3709; x_wconf 92' lang='lat'><em>:</em></span> <span class='ocrx_word' id='word_1_530' title='bbox 1268 3672 1443 3710; x_wconf 87' lang='lat' dir='ltr'><strong>omnes</strong></span> <span class='ocrx_word' id='word_1_531' title='bbox 1468 3657 1549 3709; x_wconf 82' lang='lat' dir='ltr'><strong>isti</strong></span> <span class='ocrx_word' id='word_1_532' title='bbox 1572 3657 1665 3709; x_wconf 86' lang='lat' dir='ltr'><strong>viri</strong></span> <span class='ocrx_word' id='word_1_533' title='bbox 1685 3656 1953 3711; x_wconf 86' lang='lat' dir='ltr'><strong>bellatores</strong></span> <span class='ocrx_word' id='word_1_534' title='bbox 1971 3657 2140 3726; x_wconf 84' lang='lat' dir='ltr'><strong>parati</strong></span> 
     </span>
    </p>
   </div>
   <div class='ocr_carea' id='block_1_68' title="bbox 538 3747 2143 3819">
    <p class='ocr_par' dir='ltr' id='par_1_68' title="bbox 538 3747 2143 3819">
     <span class='ocr_line' id='line_1_68' title="bbox 538 3747 2143 3819; baseline 0.001 -19"><span class='ocrx_word' id='word_1_535' title='bbox 538 3748 610 3800; x_wconf 89' lang='lat' dir='ltr'><strong>ad</strong></span> <span class='ocrx_word' id='word_1_536' title='bbox 622 3765 851 3819; x_wconf 86' lang='lat' dir='ltr'><strong>pugnam</strong></span> <span class='ocrx_word' id='word_1_537' title='bbox 871 3756 1039 3803; x_wconf 88' lang='lat' dir='ltr'><strong>mente</strong></span> <span class='ocrx_word' id='word_1_538' title='bbox 1061 3748 1281 3818; x_wconf 83' lang='lat' dir='ltr'><strong>paciﬁca</strong></span> <span class='ocrx_word' id='word_1_539' title='bbox 1301 3747 1356 3801; x_wconf 71' lang='grc' dir='ltr'><strong>εδ</strong></span> <span class='ocrx_word' id='word_1_540' title='bbox 1375 3750 1474 3803; x_wconf 89' lang='lat' dir='ltr'><strong>hos</strong></span> <span class='ocrx_word' id='word_1_541' title='bbox 1492 3763 1615 3804; x_wconf 84' lang='lat' dir='ltr'><strong>esse</strong></span> <span class='ocrx_word' id='word_1_542' title='bbox 1632 3749 1823 3803; x_wconf 90' lang='lat' dir='ltr'><strong>volunt</strong></span> <span class='ocrx_word' id='word_1_543' title='bbox 1844 3750 2143 3803; x_wconf 83' lang='lat' dir='ltr'><strong>imitatores</strong></span> 
     </span>
    </p>
   </div>
   <div class='ocr_carea' id='block_1_69' title="bbox 534 3839 2141 3911">
    <p class='ocr_par' dir='ltr' id='par_1_69' title="bbox 534 3839 2141 3911">
     <span class='ocr_line' id='line_1_69' title="bbox 534 3839 2141 3911; baseline 0.001 -18"><span class='ocrx_word' id='word_1_544' title='bbox 534 3842 648 3894; x_wconf 87' lang='lat' dir='ltr'><strong>veri</strong></span> <span class='ocrx_word' id='word_1_545' title='bbox 677 3839 868 3909; x_wconf 88' lang='lat' dir='ltr'><strong>David,</strong></span> <span class='ocrx_word' id='word_1_546' title='bbox 903 3840 969 3895; x_wconf 87' lang='lat' dir='ltr'><strong>de</strong></span> <span class='ocrx_word' id='word_1_547' title='bbox 997 3855 1106 3910; x_wconf 90' lang='lat' dir='ltr'><strong>quo</strong></span> <span class='ocrx_word' id='word_1_548' title='bbox 1141 3840 1372 3911; x_wconf 88' lang='lat' dir='ltr'><strong>legimus</strong></span> <span class='ocrx_word' id='word_1_549' title='bbox 1407 3860 1417 3895; x_wconf 94' lang='lat'>:</span> <span class='ocrx_word' id='word_1_550' title='bbox 1456 3840 1737 3908; x_wconf 82' lang='lat' dir='ltr'><strong>Memento,</strong></span> <span class='ocrx_word' id='word_1_551' title='bbox 1767 3842 2007 3908; x_wconf 89' lang='lat' dir='ltr'><strong>Domine,</strong></span> <span class='ocrx_word' id='word_1_552' title='bbox 2030 3840 2141 3895; x_wconf 89' lang='lat' dir='ltr'><strong>Da-</strong></span> 
     </span>
    </p>
   </div>
   <div class='ocr_carea' id='block_1_70' title="bbox 538 3934 2136 4009">
    <p class='ocr_par' dir='ltr' id='par_1_70' title="bbox 538 3934 2136 4009">
     <span class='ocr_line' id='line_1_70' title="bbox 538 3934 2136 4009; baseline 0.004 -23"><span class='ocrx_word' id='word_1_553' title='bbox 538 3934 650 3999; x_wconf 84' lang='lat' dir='ltr'><strong>vid,</strong></span> <span class='ocrx_word' id='word_1_554' title='bbox 701 3945 751 3989; x_wconf 92' lang='lat' dir='ltr'><strong>et</strong></span> <span class='ocrx_word' id='word_1_555' title='bbox 796 3936 963 3989; x_wconf 89' lang='lat' dir='ltr'><strong>omnis</strong></span> <span class='ocrx_word' id='word_1_556' title='bbox 1008 3935 1423 3989; x_wconf 80' lang='lat' dir='ltr'><strong>mansuetudinis</strong></span> <span class='ocrx_word' id='word_1_557' title='bbox 1472 3936 1754 4009; x_wconf 64' lang='lat' dir='ltr'><strong>ejuslPs.</strong></span> <span class='ocrx_word' id='word_1_558' title='bbox 1812 3952 2005 4001; x_wconf 74' lang='lat' dir='ltr'><strong>cxxxr,</strong></span> <span class='ocrx_word' id='word_1_559' title='bbox 2062 3936 2136 4007; x_wconf 91' lang='lat' dir='ltr'><strong>l).</strong></span> 
     </span>
    </p>
   </div>
   <div class='ocr_carea' id='block_1_71' title="bbox 539 4027 2136 4099">
    <p class='ocr_par' dir='ltr' id='par_1_71' title="bbox 539 4027 2136 4099">
     <span class='ocr_line' id='line_1_71' title="bbox 539 4027 2136 4099; baseline 0.001 -18"><span class='ocrx_word' id='word_1_560' title='bbox 539 4028 704 4099; x_wconf 73' lang='lat'><strong>212</strong></span> <span class='ocrx_word' id='word_1_561' title='bbox 732 4028 800 4082; x_wconf 90' lang='lat' dir='ltr'><strong>Et</strong></span> <span class='ocrx_word' id='word_1_562' title='bbox 826 4031 941 4099; x_wconf 90' lang='lat' dir='ltr'><strong>ipse</strong></span> <span class='ocrx_word' id='word_1_563' title='bbox 968 4028 1215 4099; x_wconf 86' lang='lat' dir='ltr'><strong>loquitur</strong></span> <span class='ocrx_word' id='word_1_564' title='bbox 1246 4029 1297 4083; x_wconf 93' lang='lat' dir='ltr'><strong>in</strong></span> <span class='ocrx_word' id='word_1_565' title='bbox 1343 4028 1642 4099; x_wconf 81' lang='lat' dir='ltr'><strong>Evangelia</strong></span> <span class='ocrx_word' id='word_1_566' title='bbox 1673 4048 1684 4083; x_wconf 90' lang='lat'>:</span> <span class='ocrx_word' id='word_1_567' title='bbox 1730 4027 1927 4083; x_wconf 82' lang='lat' dir='ltr'><strong>Discite</strong></span> <span class='ocrx_word' id='word_1_568' title='bbox 1968 4047 1999 4081; x_wconf 90' lang='lat' dir='ltr'><strong>a</strong></span> <span class='ocrx_word' id='word_1_569' title='bbox 2036 4046 2136 4099; x_wconf 89' lang='lat' dir='ltr'><strong>me,</strong></span> 
     </span>
    </p>
   </div>
   <div class='ocr_carea' id='block_1_72' title="bbox 534 4118 2139 4191">
    <p class='ocr_par' dir='ltr' id='par_1_72' title="bbox 534 4118 2139 4191">
     <span class='ocr_line' id='line_1_72' title="bbox 534 4118 2139 4191; baseline 0.003 -20"><span class='ocrx_word' id='word_1_570' title='bbox 534 4120 661 4189; x_wconf 87' lang='lat' dir='ltr'><strong>quia</strong></span> <span class='ocrx_word' id='word_1_571' title='bbox 697 4118 910 4173; x_wconf 77' lang='lat' dir='ltr'><strong>humilis</strong></span> <span class='ocrx_word' id='word_1_572' title='bbox 941 4136 1077 4183; x_wconf 86' lang='lat' dir='ltr'><strong>sum,</strong></span> <span class='ocrx_word' id='word_1_573' title='bbox 1107 4128 1152 4173; x_wconf 89' lang='lat' dir='ltr'><strong>et</strong></span> <span class='ocrx_word' id='word_1_574' title='bbox 1175 4121 1311 4174; x_wconf 89' lang='lat' dir='ltr'><strong>mitis</strong></span> <span class='ocrx_word' id='word_1_575' title='bbox 1336 4119 1551 4191; x_wconf 76' lang='lat' dir='ltr'><strong>(Matth.</strong></span> <span class='ocrx_word' id='word_1_576' title='bbox 1584 4136 1668 4187; x_wconf 82' lang='lat' dir='ltr'><strong>xl,</strong></span> <span class='ocrx_word' id='word_1_577' title='bbox 1702 4120 1820 4189; x_wconf 67' lang='lat'><strong>29),</strong></span> <span class='ocrx_word' id='word_1_578' title='bbox 1846 4122 1961 4176; x_wconf 87' lang='lat' dir='ltr'><strong>sive</strong></span> <span class='ocrx_word' id='word_1_579' title='bbox 1992 4138 2139 4175; x_wconf 90' lang='lat' dir='ltr'><strong>man-</strong></span> 
     </span>
    </p>
   </div>
   <div class='ocr_carea' id='block_1_73' title="bbox 534 4212 2136 4286">
    <p class='ocr_par' dir='ltr' id='par_1_73' title="bbox 534 4212 2136 4286">
     <span class='ocr_line' id='line_1_73' title="bbox 534 4212 2136 4286; baseline 0.002 -19"><span class='ocrx_word' id='word_1_580' title='bbox 534 4222 733 4267; x_wconf 86' lang='lat' dir='ltr'><strong>suetus.</strong></span> <span class='ocrx_word' id='word_1_581' title='bbox 773 4212 934 4268; x_wconf 83' lang='lat' dir='ltr'><strong>Viros</strong></span> <span class='ocrx_word' id='word_1_582' title='bbox 971 4228 1189 4284; x_wconf 90' lang='lat' dir='ltr'><strong>quoque</strong></span> <span class='ocrx_word' id='word_1_583' title='bbox 1236 4230 1330 4268; x_wconf 90' lang='lat' dir='ltr'><strong>eos</strong></span> <span class='ocrx_word' id='word_1_584' title='bbox 1376 4215 1608 4286; x_wconf 88' lang='lat' dir='ltr'><strong>intelligi</strong></span> <span class='ocrx_word' id='word_1_585' title='bbox 1641 4215 1845 4282; x_wconf 91' lang='lat' dir='ltr'><strong>volunt,</strong></span> <span class='ocrx_word' id='word_1_586' title='bbox 1890 4217 1980 4286; x_wconf 89' lang='lat' dir='ltr'><strong>qui</strong></span> <span class='ocrx_word' id='word_1_587' title='bbox 2039 4216 2136 4271; x_wconf 85' lang='lat' dir='ltr'><strong>de-</strong></span> 
     </span>
    </p>
   </div>
   <div class='ocr_carea' id='block_1_74' title="bbox 535 4306 2137 4379">
    <p class='ocr_par' dir='ltr' id='par_1_74' title="bbox 535 4306 2137 4379">
     <span class='ocr_line' id='line_1_74' title="bbox 535 4306 2137 4379; baseline 0.004 -20"><span class='ocrx_word' id='word_1_588' title='bbox 535 4313 816 4362; x_wconf 87' lang='lat' dir='ltr'><strong>struentes</strong></span> <span class='ocrx_word' id='word_1_589' title='bbox 841 4306 993 4362; x_wconf 87' lang='lat' dir='ltr'><strong>initia</strong></span> <span class='ocrx_word' id='word_1_590' title='bbox 1019 4308 1389 4378; x_wconf 87' lang='lat' dir='ltr'><strong>parvulorum,</strong></span> <span class='ocrx_word' id='word_1_591' title='bbox 1408 4310 1475 4365; x_wconf 91' lang='lat' dir='ltr'><strong>ad</strong></span> <span class='ocrx_word' id='word_1_592' title='bbox 1495 4310 1749 4379; x_wconf 70' lang='lat' dir='ltr'><strong>perfecta:</strong></span> <span class='ocrx_word' id='word_1_593' title='bbox 1776 4312 1951 4366; x_wconf 70' lang='lat' dir='ltr'><strong>tetatis</strong></span> <span class='ocrx_word' id='word_1_594' title='bbox 1971 4312 2137 4367; x_wconf 89' lang='lat' dir='ltr'><strong>robur</strong></span> 
     </span>
    </p>
   </div>
   <div class='ocr_carea' id='block_1_75' title="bbox 537 4398 2134 4473">
    <p class='ocr_par' dir='ltr' id='par_1_75' title="bbox 537 4398 2134 4473">
     <span class='ocr_line' id='line_1_75' title="bbox 537 4398 2134 4473; baseline 0.004 -21"><span class='ocrx_word' id='word_1_595' title='bbox 537 4398 894 4464; x_wconf 88' lang='lat' dir='ltr'><strong>accesserint,</strong></span> <span class='ocrx_word' id='word_1_596' title='bbox 945 4410 1000 4455; x_wconf 91' lang='lat' dir='ltr'><strong>et</strong></span> <span class='ocrx_word' id='word_1_597' title='bbox 1028 4414 1190 4456; x_wconf 90' lang='lat' dir='ltr'><strong>omne</strong></span> <span class='ocrx_word' id='word_1_598' title='bbox 1216 4402 1457 4457; x_wconf 90' lang='lat' dir='ltr'><strong>studium</strong></span> <span class='ocrx_word' id='word_1_599' title='bbox 1487 4418 1595 4473; x_wconf 92' lang='lat' dir='ltr'><strong>quo</strong></span> <span class='ocrx_word' id='word_1_600' title='bbox 1641 4404 1791 4472; x_wconf 90' lang='lat' dir='ltr'><strong>prius</strong></span> <span class='ocrx_word' id='word_1_601' title='bbox 1834 4406 2134 4459; x_wconf 88' lang='lat' dir='ltr'><strong>animarum</strong></span> 
     </span>
    </p>
   </div>
   <div class='ocr_carea' id='block_1_76' title="bbox 536 4494 2134 4570">
    <p class='ocr_par' dir='ltr' id='par_1_76' title="bbox 536 4494 2134 4570">
     <span class='ocr_line' id='line_1_76' title="bbox 536 4494 2134 4570; baseline 0.005 -24"><span class='ocrx_word' id='word_1_602' title='bbox 536 4505 759 4546; x_wconf 87' lang='lat' dir='ltr'><strong>suarum</strong></span> <span class='ocrx_word' id='word_1_603' title='bbox 791 4494 1124 4549; x_wconf 79' lang='lat' dir='ltr'><strong>exercebant</strong></span> <span class='ocrx_word' id='word_1_604' title='bbox 1177 4510 1357 4565; x_wconf 86' lang='lat' dir='ltr'><strong>agros,</strong></span> <span class='ocrx_word' id='word_1_605' title='bbox 1411 4496 1479 4551; x_wconf 90' lang='lat' dir='ltr'><strong>ad</strong></span> <span class='ocrx_word' id='word_1_606' title='bbox 1529 4498 1909 4553; x_wconf 84' lang='lat' dir='ltr'><strong>necessitatem</strong></span> <span class='ocrx_word' id='word_1_607' title='bbox 1963 4501 2134 4570; x_wconf 63' lang='lat' dir='ltr'><strong>praelii</strong></span> 
     </span>
    </p>
   </div>
   <div class='ocr_carea' id='block_1_77' title="bbox 2242 3279 3827 3354">
    <p class='ocr_par' dir='ltr' id='par_1_77' title="bbox 2242 3279 3827 3354">
     <span class='ocr_line' id='line_1_77' title="bbox 2242 3279 3827 3354; baseline -0.004 -13"><span class='ocrx_word' id='word_1_608' title='bbox 2242 3294 2460 3341; x_wconf 86' lang='lat' dir='ltr'><strong>sumant</strong></span> <span class='ocrx_word' id='word_1_609' title='bbox 2490 3285 2740 3339; x_wconf 88' lang='lat' dir='ltr'><strong>universa</strong></span> <span class='ocrx_word' id='word_1_610' title='bbox 2770 3300 2922 3339; x_wconf 88' lang='lat' dir='ltr'><strong>arma</strong></span> <span class='ocrx_word' id='word_1_611' title='bbox 2970 3284 3350 3354; x_wconf 88' lang='lat' dir='ltr'><strong>pugnantium,</strong></span> <span class='ocrx_word' id='word_1_612' title='bbox 3383 3294 3438 3338; x_wconf 90' lang='lat' dir='ltr'><strong>et</strong></span> <span class='ocrx_word' id='word_1_613' title='bbox 3485 3282 3539 3336; x_wconf 90' lang='lat' dir='ltr'><strong>in</strong></span> <span class='ocrx_word' id='word_1_614' title='bbox 3571 3281 3714 3337; x_wconf 88' lang='lat' dir='ltr'><strong>valle</strong></span> <span class='ocrx_word' id='word_1_615' title='bbox 3742 3279 3827 3336; x_wconf 81' lang='lat' dir='ltr'><strong>Jo-</strong></span> 
     </span>
    </p>
   </div>
   <div class='ocr_carea' id='block_1_78' title="bbox 2241 3373 3821 3449">
    <p class='ocr_par' dir='ltr' id='par_1_78' title="bbox 2241 3373 3821 3449">
     <span class='ocr_line' id='line_1_78' title="bbox 2241 3373 3821 3449; baseline -0.004 -16"><span class='ocrx_word' id='word_1_616' title='bbox 2241 3378 2433 3449; x_wconf 86' lang='lat' dir='ltr'><strong>saphat</strong></span> <span class='ocrx_word' id='word_1_617' title='bbox 2471 3376 2687 3433; x_wconf 90' lang='lat' dir='ltr'><strong>Domini</strong></span> <span class='ocrx_word' id='word_1_618' title='bbox 2726 3376 2955 3431; x_wconf 80' lang='lat' dir='ltr'><strong>falcibus</strong></span> <span class='ocrx_word' id='word_1_619' title='bbox 3004 3376 3371 3431; x_wconf 90' lang='lat' dir='ltr'><strong>demetantur.</strong></span> <span class='ocrx_word' id='word_1_620' title='bbox 3419 3373 3653 3430; x_wconf 80' lang='lat' dir='ltr'><strong>Venisse</strong></span> <span class='ocrx_word' id='word_1_621' title='bbox 3683 3373 3821 3429; x_wconf 92' lang='lat' dir='ltr'><strong>enim</strong></span> 
     </span>
    </p>
   </div>
   <div class='ocr_carea' id='block_1_79' title="bbox 2242 3469 3831 3541">
    <p class='ocr_par' dir='ltr' id='par_1_79' title="bbox 2242 3469 3831 3541">
     <span class='ocr_line' id='line_1_79' title="bbox 2242 3469 3831 3541; baseline -0.003 -13"><span class='ocrx_word' id='word_1_622' title='bbox 2242 3483 2434 3528; x_wconf 89' lang='lat' dir='ltr'><strong>contra</strong></span> <span class='ocrx_word' id='word_1_623' title='bbox 2466 3485 2561 3526; x_wconf 80' lang='lat' dir='ltr'><strong>eos</strong></span> <span class='ocrx_word' id='word_1_624' title='bbox 2595 3481 2807 3541; x_wconf 89' lang='lat' dir='ltr'><strong>tempus</strong></span> <span class='ocrx_word' id='word_1_625' title='bbox 2835 3469 3050 3540; x_wconf 88' lang='lat' dir='ltr'><strong>judicii,</strong></span> <span class='ocrx_word' id='word_1_626' title='bbox 3078 3480 3133 3526; x_wconf 91' lang='lat' dir='ltr'><strong>et</strong></span> <span class='ocrx_word' id='word_1_627' title='bbox 3165 3470 3434 3525; x_wconf 88' lang='lat' dir='ltr'><strong>intantum</strong></span> <span class='ocrx_word' id='word_1_628' title='bbox 3477 3484 3670 3523; x_wconf 89' lang='lat' dir='ltr'><strong>eorum</strong></span> <span class='ocrx_word' id='word_1_629' title='bbox 3721 3483 3831 3524; x_wconf 86' lang='lat' dir='ltr'><strong>cre-</strong></span> 
     </span>
    </p>
   </div>
   <div class='ocr_carea' id='block_1_80' title="bbox 2242 3559 3834 3633">
    <p class='ocr_par' dir='ltr' id='par_1_80' title="bbox 2242 3559 3834 3633">
     <span class='ocr_line' id='line_1_80' title="bbox 2242 3559 3834 3633; baseline -0.001 -14"><span class='ocrx_word' id='word_1_630' title='bbox 2242 3566 2389 3621; x_wconf 91' lang='lat' dir='ltr'><strong>visse</strong></span> <span class='ocrx_word' id='word_1_631' title='bbox 2418 3565 2579 3630; x_wconf 88' lang='lat' dir='ltr'><strong>mala,</strong></span> <span class='ocrx_word' id='word_1_632' title='bbox 2609 3571 2667 3619; x_wconf 87' lang='lat' dir='ltr'><strong>ut</strong></span> <span class='ocrx_word' id='word_1_633' title='bbox 2702 3563 2797 3619; x_wconf 91' lang='lat' dir='ltr'><strong>Dei</strong></span> <span class='ocrx_word' id='word_1_634' title='bbox 2822 3563 3105 3618; x_wconf 84' lang='lat' dir='ltr'><strong>vincerent</strong></span> <span class='ocrx_word' id='word_1_635' title='bbox 3135 3562 3475 3633; x_wconf 87' lang='lat' dir='ltr'><strong>patientiam.</strong></span> <span class='ocrx_word' id='word_1_636' title='bbox 3520 3559 3657 3617; x_wconf 88' lang='lat' dir='ltr'><strong>Nam</strong></span> <span class='ocrx_word' id='word_1_637' title='bbox 3690 3568 3744 3617; x_wconf 90' lang='lat' dir='ltr'><strong>et</strong></span> <span class='ocrx_word' id='word_1_638' title='bbox 3768 3560 3834 3617; x_wconf 83' lang='lat' dir='ltr'><strong>A-</strong></span> 
     </span>
    </p>
   </div>
   <div class='ocr_carea' id='block_1_81' title="bbox 2243 3656 3835 3727">
    <p class='ocr_par' dir='ltr' id='par_1_81' title="bbox 2243 3656 3835 3727">
     <span class='ocr_line' id='line_1_81' title="bbox 2243 3656 3835 3727; baseline -0.001 -14"><span class='ocrx_word' id='word_1_639' title='bbox 2243 3657 2501 3714; x_wconf 69' lang='lat' dir='ltr'><strong>morrhati</strong></span> <span class='ocrx_word' id='word_1_640' title='bbox 2526 3666 2651 3712; x_wconf 91' lang='lat' dir='ltr'><strong>tunc</strong></span> <span class='ocrx_word' id='word_1_641' title='bbox 2671 3657 2884 3727; x_wconf 81' lang='lat' dir='ltr'><strong>expulsi</strong></span> <span class='ocrx_word' id='word_1_642' title='bbox 2913 3664 3058 3723; x_wconf 91' lang='lat' dir='ltr'><strong>sunt,</strong></span> <span class='ocrx_word' id='word_1_643' title='bbox 3090 3656 3307 3726; x_wconf 90' lang='lat' dir='ltr'><strong>quando</strong></span> <span class='ocrx_word' id='word_1_644' title='bbox 3334 3656 3548 3726; x_wconf 83' lang='lat' dir='ltr'><strong>expleta</strong></span> <span class='ocrx_word' id='word_1_645' title='bbox 3571 3666 3700 3711; x_wconf 88' lang='lat' dir='ltr'><strong>sunt</strong></span> <span class='ocrx_word' id='word_1_646' title='bbox 3724 3670 3835 3726; x_wconf 84' lang='lat' dir='ltr'><strong>pec-</strong></span> 
     </span>
    </p>
   </div>
   <div class='ocr_carea' id='block_1_82' title="bbox 2240 3750 3833 3822">
    <p class='ocr_par' dir='ltr' id='par_1_82' title="bbox 2240 3750 3833 3822">
     <span class='ocr_line' id='line_1_82' title="bbox 2240 3750 3833 3822; baseline -0.003 -15"><span class='ocrx_word' id='word_1_647' title='bbox 2240 3763 2361 3808; x_wconf 88' lang='lat' dir='ltr'><strong>cata</strong></span> <span class='ocrx_word' id='word_1_648' title='bbox 2392 3767 2605 3809; x_wconf 90' lang='lat' dir='ltr'><strong>eorum.</strong></span> <span class='ocrx_word' id='word_1_649' title='bbox 2652 3752 2823 3807; x_wconf 58' lang='lat' dir='ltr'><strong>Judaei</strong></span> <span class='ocrx_word' id='word_1_650' title='bbox 2854 3753 3014 3807; x_wconf 90' lang='lat' dir='ltr'><strong>istum</strong></span> <span class='ocrx_word' id='word_1_651' title='bbox 3043 3751 3224 3807; x_wconf 85' lang='lat' dir='ltr'><strong>locum</strong></span> <span class='ocrx_word' id='word_1_652' title='bbox 3273 3750 3340 3806; x_wconf 88' lang='lat' dir='ltr'><strong>ad</strong></span> <span class='ocrx_word' id='word_1_653' title='bbox 3390 3750 3506 3822; x_wconf 88' lang='lat' dir='ltr'><strong>Gog</strong></span> <span class='ocrx_word' id='word_1_654' title='bbox 3555 3760 3611 3805; x_wconf 92' lang='lat' dir='ltr'><strong>et</strong></span> <span class='ocrx_word' id='word_1_655' title='bbox 3655 3751 3833 3821; x_wconf 82' lang='lat' dir='ltr'><strong>Magog</strong></span> 
     </span>
    </p>
   </div>
   <div class='ocr_carea' id='block_1_83' title="bbox 2240 3842 3831 3918">
    <p class='ocr_par' dir='ltr' id='par_1_83' title="bbox 2240 3842 3831 3918">
     <span class='ocr_line' id='line_1_83' title="bbox 2240 3842 3831 3918; baseline -0.004 -16"><span class='ocrx_word' id='word_1_656' title='bbox 2240 3856 2439 3918; x_wconf 90' lang='lat' dir='ltr'><strong>gentes</strong></span> <span class='ocrx_word' id='word_1_657' title='bbox 2466 3844 2795 3901; x_wconf 72' lang='lat' dir='ltr'><strong>saevissimas</strong></span> <span class='ocrx_word' id='word_1_658' title='bbox 2833 3845 3098 3911; x_wconf 81' lang='lat' dir='ltr'><strong>referunt,</strong></span> <span class='ocrx_word' id='word_1_659' title='bbox 3131 3843 3198 3899; x_wconf 91' lang='lat' dir='ltr'><strong>de</strong></span> <span class='ocrx_word' id='word_1_660' title='bbox 3239 3844 3439 3914; x_wconf 88' lang='lat' dir='ltr'><strong>quibus</strong></span> <span class='ocrx_word' id='word_1_661' title='bbox 3485 3858 3653 3913; x_wconf 91' lang='lat' dir='ltr'><strong>supra</strong></span> <span class='ocrx_word' id='word_1_662' title='bbox 3695 3842 3831 3898; x_wconf 83' lang='lat' dir='ltr'><strong>dixi-</strong></span> 
     </span>
    </p>
   </div>
   <div class='ocr_carea' id='block_1_84' title="bbox 2242 3934 3829 4006">
    <p class='ocr_par' dir='ltr' id='par_1_84' title="bbox 2242 3934 3829 4006">
     <span class='ocr_line' id='line_1_84' title="bbox 2242 3934 3829 4006; baseline -0.005 -12"><span class='ocrx_word' id='word_1_663' title='bbox 2242 3954 2383 4005; x_wconf 90' lang='lat' dir='ltr'><strong>mus,</strong></span> <span class='ocrx_word' id='word_1_664' title='bbox 2407 3939 2738 3994; x_wconf 88' lang='lat' dir='ltr'><strong>arbitrantes</strong></span> <span class='ocrx_word' id='word_1_665' title='bbox 2770 3937 2964 3992; x_wconf 87' lang='lat' dir='ltr'><strong>ultitno</strong></span> <span class='ocrx_word' id='word_1_666' title='bbox 2993 3947 3244 4006; x_wconf 90' lang='lat' dir='ltr'><strong>tempore</strong></span> <span class='ocrx_word' id='word_1_667' title='bbox 3270 3934 3491 4006; x_wconf 88' lang='lat' dir='ltr'><strong>quando</strong></span> <span class='ocrx_word' id='word_1_668' title='bbox 3535 3934 3829 3989; x_wconf 86' lang='lat' dir='ltr'><strong>Jerusalem</strong></span> 
     </span>
    </p>
   </div>
   <div class='ocr_carea' id='block_1_85' title="bbox 2241 4027 3830 4097">
    <p class='ocr_par' dir='ltr' id='par_1_85' title="bbox 2241 4027 3830 4097">
     <span class='ocr_line' id='line_1_85' title="bbox 2241 4027 3830 4097; baseline -0.003 -12"><span class='ocrx_word' id='word_1_669' title='bbox 2241 4030 2404 4086; x_wconf 89' lang='lat' dir='ltr'><strong>fuerit</strong></span> <span class='ocrx_word' id='word_1_670' title='bbox 2425 4031 2751 4096; x_wconf 88' lang='lat' dir='ltr'><strong>instaurata,</strong></span> <span class='ocrx_word' id='word_1_671' title='bbox 2785 4030 2885 4083; x_wconf 86' lang='lat' dir='ltr'><strong>sub</strong></span> <span class='ocrx_word' id='word_1_672' title='bbox 2919 4028 3067 4084; x_wconf 91' lang='lat' dir='ltr'><strong>mille</strong></span> <span class='ocrx_word' id='word_1_673' title='bbox 3100 4043 3366 4083; x_wconf 88' lang='lat' dir='ltr'><strong>annorum</strong></span> <span class='ocrx_word' id='word_1_674' title='bbox 3393 4027 3625 4097; x_wconf 83' lang='lat' dir='ltr'><strong>imperio</strong></span> <span class='ocrx_word' id='word_1_675' title='bbox 3651 4035 3830 4082; x_wconf 70' lang='lat' dir='ltr'><strong>contra</strong></span> 
     </span>
    </p>
   </div>
   <div class='ocr_carea' id='block_1_86' title="bbox 2240 4120 3830 4196">
    <p class='ocr_par' dir='ltr' id='par_1_86' title="bbox 2240 4120 3830 4196">
     <span class='ocr_line' id='line_1_86' title="bbox 2240 4120 3830 4196; baseline -0.004 -16"><span class='ocrx_word' id='word_1_676' title='bbox 2240 4125 2337 4181; x_wconf 90' lang='lat' dir='ltr'><strong>Dei</strong></span> <span class='ocrx_word' id='word_1_677' title='bbox 2372 4125 2628 4196; x_wconf 87' lang='lat' dir='ltr'><strong>populum</strong></span> <span class='ocrx_word' id='word_1_678' title='bbox 2651 4139 2771 4179; x_wconf 90' lang='lat' dir='ltr'><strong>esse</strong></span> <span class='ocrx_word' id='word_1_679' title='bbox 2792 4133 3071 4193; x_wconf 85' lang='lat' dir='ltr'><strong>venturas,</strong></span> <span class='ocrx_word' id='word_1_680' title='bbox 3103 4133 3158 4180; x_wconf 90' lang='lat' dir='ltr'><strong>et</strong></span> <span class='ocrx_word' id='word_1_681' title='bbox 3187 4124 3240 4177; x_wconf 91' lang='lat' dir='ltr'><strong>in</strong></span> <span class='ocrx_word' id='word_1_682' title='bbox 3267 4121 3413 4178; x_wconf 89' lang='lat' dir='ltr'><strong>valle</strong></span> <span class='ocrx_word' id='word_1_683' title='bbox 3434 4120 3695 4192; x_wconf 84' lang='lat' dir='ltr'><strong>Josaphat</strong></span> <span class='ocrx_word' id='word_1_684' title='bbox 3719 4136 3830 4191; x_wconf 59' lang='lat' dir='ltr'><strong>qua!</strong></span> 
     </span>
    </p>
   </div>
   <div class='ocr_carea' id='block_1_87' title="bbox 2240 4216 3820 4289">
    <p class='ocr_par' dir='ltr' id='par_1_87' title="bbox 2240 4216 3820 4289">
     <span class='ocr_line' id='line_1_87' title="bbox 2240 4216 3820 4289; baseline -0.003 -16"><span class='ocrx_word' id='word_1_685' title='bbox 2240 4218 2307 4273; x_wconf 89' lang='lat' dir='ltr'><strong>ad</strong></span> <span class='ocrx_word' id='word_1_686' title='bbox 2338 4218 2666 4273; x_wconf 89' lang='lat' dir='ltr'><strong>Orientalem</strong></span> <span class='ocrx_word' id='word_1_687' title='bbox 2700 4228 2909 4288; x_wconf 88' lang='lat' dir='ltr'><strong>partem</strong></span> <span class='ocrx_word' id='word_1_688' title='bbox 2943 4218 3127 4289; x_wconf 91' lang='lat' dir='ltr'><strong>templi</strong></span> <span class='ocrx_word' id='word_1_689' title='bbox 3160 4218 3261 4272; x_wconf 86' lang='lat' dir='ltr'><strong>sita</strong></span> <span class='ocrx_word' id='word_1_690' title='bbox 3286 4226 3390 4282; x_wconf 87' lang='lat' dir='ltr'><strong>est,</strong></span> <span class='ocrx_word' id='word_1_691' title='bbox 3427 4230 3549 4271; x_wconf 92' lang='lat' dir='ltr'><strong>esse</strong></span> <span class='ocrx_word' id='word_1_692' title='bbox 3588 4216 3820 4269; x_wconf 70' lang='lat' dir='ltr'><strong>ruituras</strong></span> 
     </span>
    </p>
   </div>
   <div class='ocr_carea' id='block_1_88' title="bbox 2244 4305 3828 4383">
    <p class='ocr_par' dir='ltr' id='par_1_88' title="bbox 2244 4305 3828 4383">
     <span class='ocr_line' id='line_1_88' title="bbox 2244 4305 3828 4383; baseline -0.005 -18"><span class='ocrx_word' id='word_1_693' title='bbox 2244 4311 2349 4382; x_wconf 81' lang='lat' dir='ltr'><strong>[AL</strong></span> <span class='ocrx_word' id='word_1_694' title='bbox 2385 4310 2693 4383; x_wconf 66' lang='lat' dir='ltr'><strong>scevituras]</strong></span> <span class='ocrx_word' id='word_1_695' title='bbox 2728 4329 2740 4364; x_wconf 89' lang='lat'><strong>:</strong></span> <span class='ocrx_word' id='word_1_696' title='bbox 2792 4311 3085 4366; x_wconf 90' lang='lat' dir='ltr'><strong>advenisse</strong></span> <span class='ocrx_word' id='word_1_697' title='bbox 3114 4312 3258 4365; x_wconf 90' lang='lat' dir='ltr'><strong>enim</strong></span> <span class='ocrx_word' id='word_1_698' title='bbox 3292 4319 3507 4378; x_wconf 85' lang='lat' dir='ltr'><strong>tempus</strong></span> <span class='ocrx_word' id='word_1_699' title='bbox 3548 4305 3828 4363; x_wconf 58' lang='lat' dir='ltr'><strong>occisionis</strong></span> 
     </span>
    </p>
   </div>
   <div class='ocr_carea' id='block_1_89' title="bbox 2242 4399 3824 4475">
    <p class='ocr_par' dir='ltr' id='par_1_89' title="bbox 2242 4399 3824 4475">
     <span class='ocr_line' id='line_1_89' title="bbox 2242 4399 3824 4475; baseline -0.008 -15"><span class='ocrx_word' id='word_1_700' title='bbox 2242 4420 2449 4471; x_wconf 86' lang='lat' dir='ltr'><strong>earum,</strong></span> <span class='ocrx_word' id='word_1_701' title='bbox 2494 4416 2550 4460; x_wconf 89' lang='lat' dir='ltr'><strong>et</strong></span> <span class='ocrx_word' id='word_1_702' title='bbox 2578 4403 2891 4460; x_wconf 68' lang='lat' dir='ltr'><strong>edundendi</strong></span> <span class='ocrx_word' id='word_1_703' title='bbox 2925 4403 3205 4475; x_wconf 88' lang='lat' dir='ltr'><strong>sanguinis</strong></span> <span class='ocrx_word' id='word_1_704' title='bbox 3236 4404 3443 4457; x_wconf 89' lang='lat' dir='ltr'><strong>instare</strong></span> <span class='ocrx_word' id='word_1_705' title='bbox 3480 4399 3824 4455; x_wconf 85' lang='lat' dir='ltr'><strong>vindemiam.</strong></span> 
     </span>
    </p>
   </div>
   <div class='ocr_carea' id='block_1_90' title="bbox 2316 4492 3824 4568">
    <p class='ocr_par' dir='ltr' id='par_1_90' title="bbox 2316 4492 3824 4568">
     <span class='ocr_line' id='line_1_90' title="bbox 2316 4492 3824 4568; baseline -0.007 -15"><span class='ocrx_word' id='word_1_706' title='bbox 2316 4496 2495 4568; x_wconf 83' lang='lat' dir='ltr'><strong>(Vers.</strong></span> <span class='ocrx_word' id='word_1_707' title='bbox 2531 4498 2598 4552; x_wconf 77' lang='grc'><strong>14</strong></span> <span class='ocrx_word' id='word_1_708' title='bbox 2619 4537 2633 4560; x_wconf 88' lang='grc'><strong>,</strong></span> <span class='ocrx_word' id='word_1_709' title='bbox 2667 4498 2783 4566; x_wconf 76' lang='grc'><strong>15.)</strong></span> <span class='ocrx_word' id='word_1_710' title='bbox 2822 4496 3043 4568; x_wconf 86' lang='lat' dir='ltr'><strong>Populi,</strong></span> <span class='ocrx_word' id='word_1_711' title='bbox 3078 4496 3259 4565; x_wconf 80' lang='lat' dir='ltr'><strong>populi</strong></span> <span class='ocrx_word' id='word_1_712' title='bbox 3281 4497 3333 4548; x_wconf 89' lang='lat' dir='ltr'><strong>in</strong></span> <span class='ocrx_word' id='word_1_713' title='bbox 3361 4496 3493 4548; x_wconf 86' lang='lat' dir='ltr'><strong>valle</strong></span> <span class='ocrx_word' id='word_1_714' title='bbox 3512 4492 3824 4553; x_wconf 83' lang='lat' dir='ltr'><strong>concisionis,</strong></span> 
     </span>
    </p>
   </div>
   <div class='ocr_carea' id='block_1_91' title="bbox 536 4583 3828 4664">
    <p class='ocr_par' dir='ltr' id='par_1_91' title="bbox 536 4583 3828 4664">
     <span class='ocr_line' id='line_1_91' title="bbox 536 4583 3828 4664; baseline -0.001 -25"><span class='ocrx_word' id='word_1_715' title='bbox 536 4584 891 4639; x_wconf 83' lang='lat' dir='ltr'><strong>contulerint.</strong></span> <span class='ocrx_word' id='word_1_716' title='bbox 925 4585 1093 4641; x_wconf 86' lang='lat' dir='ltr'><strong>Nobis</strong></span> <span class='ocrx_word' id='word_1_717' title='bbox 1116 4595 1297 4642; x_wconf 88' lang='lat' dir='ltr'><strong>autem</strong></span> <span class='ocrx_word' id='word_1_718' title='bbox 1324 4588 1677 4646; x_wconf 65' lang='lat' dir='ltr'><strong>Hebraeorum</strong></span> <span class='ocrx_word' id='word_1_719' title='bbox 1702 4592 2017 4661; x_wconf 88' lang='lat' dir='ltr'><strong>opinionem</strong></span> <span class='ocrx_word' id='word_1_720' title='bbox 2041 4607 2133 4649; x_wconf 92' lang='lat' dir='ltr'><strong>se-</strong></span> <span class='ocrx_word' id='word_1_721' title='bbox 2164 4583 2218 4643; x_wconf 88' lang='lat' dir='ltr'><strong>D</strong></span> <span class='ocrx_word' id='word_1_722' title='bbox 2241 4592 2362 4662; x_wconf 89' lang='lat' dir='ltr'><strong>quia</strong></span> <span class='ocrx_word' id='word_1_723' title='bbox 2386 4594 2541 4664; x_wconf 86' lang='lat' dir='ltr'><strong>juxta</strong></span> <span class='ocrx_word' id='word_1_724' title='bbox 2571 4603 2643 4645; x_wconf 88' lang='lat' dir='ltr'><strong>est</strong></span> <span class='ocrx_word' id='word_1_725' title='bbox 2675 4591 2783 4644; x_wconf 87' lang='lat' dir='ltr'><strong>dies</strong></span> <span class='ocrx_word' id='word_1_726' title='bbox 2818 4590 3025 4645; x_wconf 82' lang='lat' dir='ltr'><strong>Domini</strong></span> <span class='ocrx_word' id='word_1_727' title='bbox 3054 4591 3107 4643; x_wconf 89' lang='lat' dir='ltr'><strong>in</strong></span> <span class='ocrx_word' id='word_1_728' title='bbox 3137 4589 3273 4643; x_wconf 85' lang='lat' dir='ltr'><strong>valle</strong></span> <span class='ocrx_word' id='word_1_729' title='bbox 3303 4588 3631 4642; x_wconf 84' lang='lat' dir='ltr'><strong>concisionis.</strong></span> <span class='ocrx_word' id='word_1_730' title='bbox 3666 4585 3759 4643; x_wconf 88' lang='lat' dir='ltr'><strong>Sol</strong></span> <span class='ocrx_word' id='word_1_731' title='bbox 3789 4593 3828 4637; x_wconf 87' lang='lat' dir='ltr'><strong>et</strong></span> 
     </span>
    </p>
   </div>
   <div class='ocr_carea' id='block_1_92' title="bbox 537 4679 2137 4757">
    <p class='ocr_par' dir='ltr' id='par_1_92' title="bbox 537 4679 2137 4757">
     <span class='ocr_line' id='line_1_92' title="bbox 537 4679 2137 4757; baseline 0.006 -24"><span class='ocrx_word' id='word_1_732' title='bbox 537 4679 829 4748; x_wconf 89' lang='lat' dir='ltr'><strong>quentibus</strong></span> <span class='ocrx_word' id='word_1_733' title='bbox 856 4680 1075 4736; x_wconf 90' lang='lat' dir='ltr'><strong>videtur</strong></span> <span class='ocrx_word' id='word_1_734' title='bbox 1100 4696 1224 4736; x_wconf 84' lang='lat' dir='ltr'><strong>esse</strong></span> <span class='ocrx_word' id='word_1_735' title='bbox 1254 4682 1621 4738; x_wconf 80' lang='lat' dir='ltr'><strong>contrarium.</strong></span> <span class='ocrx_word' id='word_1_736' title='bbox 1668 4684 1796 4739; x_wconf 85' lang='lat' dir='ltr'><strong>Ideo</strong></span> <span class='ocrx_word' id='word_1_737' title='bbox 1836 4685 1978 4740; x_wconf 91' lang='lat' dir='ltr'><strong>enim</strong></span> <span class='ocrx_word' id='word_1_738' title='bbox 2006 4702 2137 4757; x_wconf 84' lang='lat' dir='ltr'><strong>gen-</strong></span> 
     </span>
    </p>
   </div>
   <div class='ocr_carea' id='block_1_93' title="bbox 532 4771 2136 4846">
    <p class='ocr_par' dir='ltr' id='par_1_93' title="bbox 532 4771 2136 4846">
     <span class='ocr_line' id='line_1_93' title="bbox 532 4771 2136 4846; baseline 0.004 -20"><span class='ocrx_word' id='word_1_739' title='bbox 532 4781 616 4827; x_wconf 88' lang='lat' dir='ltr'><strong>tes</strong></span> <span class='ocrx_word' id='word_1_740' title='bbox 637 4771 971 4827; x_wconf 64' lang='lat' dir='ltr'><strong>adversarim‘</strong></span> <span class='ocrx_word' id='word_1_741' title='bbox 996 4772 1181 4829; x_wconf 87' lang='lat' dir='ltr'><strong>lsraeli</strong></span> <span class='ocrx_word' id='word_1_742' title='bbox 1214 4783 1476 4843; x_wconf 90' lang='lat' dir='ltr'><strong>parantur</strong></span> <span class='ocrx_word' id='word_1_743' title='bbox 1505 4774 1573 4829; x_wconf 86' lang='lat' dir='ltr'><strong>ad</strong></span> <span class='ocrx_word' id='word_1_744' title='bbox 1619 4791 1879 4846; x_wconf 88' lang='lat' dir='ltr'><strong>pugnam,</strong></span> <span class='ocrx_word' id='word_1_745' title='bbox 1931 4787 1989 4831; x_wconf 92' lang='lat' dir='ltr'><strong>et</strong></span> <span class='ocrx_word' id='word_1_746' title='bbox 2015 4793 2136 4832; x_wconf 88' lang='lat' dir='ltr'><strong>ara-</strong></span> 
     </span>
    </p>
   </div>
   <div class='ocr_carea' id='block_1_94' title="bbox 533 4864 2130 4941">
    <p class='ocr_par' dir='ltr' id='par_1_94' title="bbox 533 4864 2130 4941">
     <span class='ocr_line' id='line_1_94' title="bbox 533 4864 2130 4941; baseline 0.005 -22"><span class='ocrx_word' id='word_1_747' title='bbox 533 4874 615 4920; x_wconf 88' lang='lat' dir='ltr'><strong>tra</strong></span> <span class='ocrx_word' id='word_1_748' title='bbox 647 4880 741 4921; x_wconf 89' lang='lat' dir='ltr'><strong>sua</strong></span> <span class='ocrx_word' id='word_1_749' title='bbox 772 4864 1110 4936; x_wconf 76' lang='lat' dir='ltr'><strong>ligonesque,</strong></span> <span class='ocrx_word' id='word_1_750' title='bbox 1137 4866 1223 4921; x_wconf 90' lang='lat' dir='ltr'><strong>vel</strong></span> <span class='ocrx_word' id='word_1_751' title='bbox 1264 4866 1433 4923; x_wconf 88' lang='lat' dir='ltr'><strong>falces</strong></span> <span class='ocrx_word' id='word_1_752' title='bbox 1478 4870 1534 4923; x_wconf 90' lang='lat' dir='ltr'><strong>in</strong></span> <span class='ocrx_word' id='word_1_753' title='bbox 1560 4868 1773 4939; x_wconf 86' lang='lat' dir='ltr'><strong>gladios</strong></span> <span class='ocrx_word' id='word_1_754' title='bbox 1803 4871 2130 4941; x_wconf 84' lang='lat' dir='ltr'><strong>lanceasque</strong></span> 
     </span>
    </p>
   </div>
   <div class='ocr_carea' id='block_1_95' title="bbox 532 4959 2132 5031">
    <p class='ocr_par' dir='ltr' id='par_1_95' title="bbox 532 4959 2132 5031">
     <span class='ocr_line' id='line_1_95' title="bbox 532 4959 2132 5031; baseline 0.004 -16"><span class='ocrx_word' id='word_1_755' title='bbox 532 4968 871 5015; x_wconf 87' lang='lat' dir='ltr'><strong>commutant</strong></span> <span class='ocrx_word' id='word_1_756' title='bbox 901 4959 1037 5031; x_wconf 88' lang='lat' dir='ltr'><strong>(lsa.</strong></span> <span class='ocrx_word' id='word_1_757' title='bbox 1068 4961 1150 5031; x_wconf 86' lang='grc' dir='ltr'><strong>ιι),</strong></span> <span class='ocrx_word' id='word_1_758' title='bbox 1201 4969 1257 5017; x_wconf 90' lang='lat' dir='ltr'><strong>et</strong></span> <span class='ocrx_word' id='word_1_759' title='bbox 1295 4962 1550 5017; x_wconf 83' lang='lat' dir='ltr'><strong>infirmus</strong></span> <span class='ocrx_word' id='word_1_760' title='bbox 1596 4964 1880 5019; x_wconf 86' lang='lat' dir='ltr'><strong>robustum</strong></span> <span class='ocrx_word' id='word_1_761' title='bbox 1913 4980 1972 5020; x_wconf 85' lang='lat' dir='ltr'><strong>se</strong></span> <span class='ocrx_word' id='word_1_762' title='bbox 2009 4981 2132 5021; x_wconf 91' lang='lat' dir='ltr'><strong>esse</strong></span> 
     </span>
    </p>
   </div>
   <div class='ocr_carea' id='block_1_96' title="bbox 530 5052 2125 5126">
    <p class='ocr_par' dir='ltr' id='par_1_96' title="bbox 530 5052 2125 5126">
     <span class='ocr_line' id='line_1_96' title="bbox 530 5052 2125 5126; baseline 0.004 -19"><span class='ocrx_word' id='word_1_763' title='bbox 530 5052 683 5116; x_wconf 82' lang='lat' dir='ltr'><strong>dicit,</strong></span> <span class='ocrx_word' id='word_1_764' title='bbox 709 5063 1111 5126; x_wconf 87' lang='lat' dir='ltr'><strong>erumpuntque</strong></span> <span class='ocrx_word' id='word_1_765' title='bbox 1138 5065 1192 5110; x_wconf 92' lang='lat' dir='ltr'><strong>et</strong></span> <span class='ocrx_word' id='word_1_766' title='bbox 1218 5058 1445 5112; x_wconf 89' lang='lat' dir='ltr'><strong>veniunt</strong></span> <span class='ocrx_word' id='word_1_767' title='bbox 1470 5057 1538 5111; x_wconf 89' lang='lat' dir='ltr'><strong>de</strong></span> <span class='ocrx_word' id='word_1_768' title='bbox 1566 5058 1822 5125; x_wconf 92' lang='lat' dir='ltr'><strong>circuitu,</strong></span> <span class='ocrx_word' id='word_1_769' title='bbox 1854 5068 1909 5114; x_wconf 94' lang='lat' dir='ltr'><strong>et</strong></span> <span class='ocrx_word' id='word_1_770' title='bbox 1937 5071 2125 5114; x_wconf 86' lang='lat' dir='ltr'><strong>contra</strong></span> 
     </span>
    </p>
   </div>
   <div class='ocr_carea' id='block_1_97' title="bbox 528 5145 2123 5224">
    <p class='ocr_par' dir='ltr' id='par_1_97' title="bbox 528 5145 2123 5224">
     <span class='ocr_line' id='line_1_97' title="bbox 528 5145 2123 5224; baseline 0.004 -22"><span class='ocrx_word' id='word_1_771' title='bbox 528 5145 746 5203; x_wconf 91' lang='lat' dir='ltr'><strong>Domini</strong></span> <span class='ocrx_word' id='word_1_772' title='bbox 780 5150 1081 5204; x_wconf 84' lang='lat' dir='ltr'><strong>exercitum</strong></span> <span class='ocrx_word' id='word_1_773' title='bbox 1114 5162 1539 5221; x_wconf 85' lang='lat' dir='ltr'><strong>congregantur,</strong></span> <span class='ocrx_word' id='word_1_774' title='bbox 1573 5162 1632 5206; x_wconf 91' lang='lat' dir='ltr'><strong>ut</strong></span> <span class='ocrx_word' id='word_1_775' title='bbox 1666 5152 1771 5223; x_wconf 77' lang='lat' dir='ltr'><strong>[AL</strong></span> <span class='ocrx_word' id='word_1_776' title='bbox 1792 5150 1871 5224; x_wconf 87' lang='lat' dir='ltr'><strong>et]</strong></span> <span class='ocrx_word' id='word_1_777' title='bbox 1902 5168 2123 5208; x_wconf 92' lang='lat' dir='ltr'><strong>occum-</strong></span> 
     </span>
    </p>
   </div>
   <div class='ocr_carea' id='block_1_98' title="bbox 526 5237 2126 5314">
    <p class='ocr_par' dir='ltr' id='par_1_98' title="bbox 526 5237 2126 5314">
     <span class='ocr_line' id='line_1_98' title="bbox 526 5237 2126 5314; baseline 0.003 -20"><span class='ocrx_word' id='word_1_778' title='bbox 526 5237 658 5294; x_wconf 86' lang='lat' dir='ltr'><strong>bere</strong></span> <span class='ocrx_word' id='word_1_779' title='bbox 685 5238 949 5295; x_wconf 91' lang='lat' dir='ltr'><strong>Dominus</strong></span> <span class='ocrx_word' id='word_1_780' title='bbox 979 5239 1138 5295; x_wconf 85' lang='lat' dir='ltr'><strong>faciat</strong></span> <span class='ocrx_word' id='word_1_781' title='bbox 1169 5241 1423 5297; x_wconf 90' lang='lat' dir='ltr'><strong>robustos</strong></span> <span class='ocrx_word' id='word_1_782' title='bbox 1454 5258 1666 5309; x_wconf 90' lang='lat' dir='ltr'><strong>carum,</strong></span> <span class='ocrx_word' id='word_1_783' title='bbox 1694 5254 1749 5298; x_wconf 94' lang='lat' dir='ltr'><strong>et</strong></span> <span class='ocrx_word' id='word_1_784' title='bbox 1781 5241 1891 5314; x_wconf 83' lang='grc' dir='ltr'><strong>[Αι.</strong></span> <span class='ocrx_word' id='word_1_785' title='bbox 1934 5244 2010 5314; x_wconf 88' lang='lat' dir='ltr'><strong>nt]</strong></span> <span class='ocrx_word' id='word_1_786' title='bbox 2044 5245 2126 5299; x_wconf 87' lang='lat' dir='ltr'><strong>in-</strong></span> 
     </span>
    </p>
   </div>
   <div class='ocr_carea' id='block_1_99' title="bbox 522 5330 2123 5405">
    <p class='ocr_par' dir='ltr' id='par_1_99' title="bbox 522 5330 2123 5405">
     <span class='ocr_line' id='line_1_99' title="bbox 522 5330 2123 5405; baseline 0.004 -20"><span class='ocrx_word' id='word_1_787' title='bbox 522 5330 796 5399; x_wconf 84' lang='lat' dir='ltr'><strong>telligant,</strong></span> <span class='ocrx_word' id='word_1_788' title='bbox 838 5346 898 5387; x_wconf 89' lang='lat' dir='ltr'><strong>se</strong></span> <span class='ocrx_word' id='word_1_789' title='bbox 944 5332 1055 5386; x_wconf 91' lang='lat' dir='ltr'><strong>Deo</strong></span> <span class='ocrx_word' id='word_1_790' title='bbox 1078 5331 1435 5398; x_wconf 87' lang='lat' dir='ltr'><strong>adversante,</strong></span> <span class='ocrx_word' id='word_1_791' title='bbox 1468 5344 1781 5400; x_wconf 87' lang='lat' dir='ltr'><strong>superatas.</strong></span> <span class='ocrx_word' id='word_1_792' title='bbox 1814 5336 2123 5405; x_wconf 83' lang='lat' dir='ltr'><strong>llaecjuxta</strong></span> 
     </span>
    </p>
   </div>
   <div class='ocr_carea' id='block_1_100' title="bbox 517 5422 2122 5496">
    <p class='ocr_par' dir='ltr' id='par_1_100' title="bbox 517 5422 2122 5496">
     <span class='ocr_line' id='line_1_100' title="bbox 517 5422 2122 5496; baseline 0.006 -19"><span class='ocrx_word' id='word_1_793' title='bbox 517 5422 759 5478; x_wconf 89' lang='lat' dir='ltr'><strong>litteram</strong></span> <span class='ocrx_word' id='word_1_794' title='bbox 813 5424 920 5479; x_wconf 87' lang='lat' dir='ltr'><strong>sibi</strong></span> <span class='ocrx_word' id='word_1_795' title='bbox 984 5423 1153 5479; x_wconf 89' lang='lat' dir='ltr'><strong>Israel</strong></span> <span class='ocrx_word' id='word_1_796' title='bbox 1220 5425 1551 5481; x_wconf 83' lang='lat' dir='ltr'><strong>miserabilis</strong></span> <span class='ocrx_word' id='word_1_797' title='bbox 1602 5427 1953 5496; x_wconf 83' lang='lat' dir='ltr'><strong>repromittit.</strong></span> <span class='ocrx_word' id='word_1_798' title='bbox 2014 5428 2122 5486; x_wconf 89' lang='lat' dir='ltr'><strong>Nos</strong></span> 
     </span>
    </p>
   </div>
   <div class='ocr_carea' id='block_1_101' title="bbox 514 5515 2120 5590">
    <p class='ocr_par' dir='ltr' id='par_1_101' title="bbox 514 5515 2120 5590">
     <span class='ocr_line' id='line_1_101' title="bbox 514 5515 2120 5590; baseline 0.004 -19"><span class='ocrx_word' id='word_1_799' title='bbox 514 5515 669 5585; x_wconf 78' lang='lat' dir='ltr'><strong>juxta</strong></span> <span class='ocrx_word' id='word_1_800' title='bbox 697 5525 932 5586; x_wconf 69' lang='lat' dir='ltr'><strong>coeptam</strong></span> <span class='ocrx_word' id='word_1_801' title='bbox 966 5516 1351 5588; x_wconf 90' lang='lat' dir='ltr'><strong>tropologiam,</strong></span> <span class='ocrx_word' id='word_1_802' title='bbox 1400 5525 1456 5574; x_wconf 89' lang='lat' dir='ltr'><strong>et</strong></span> <span class='ocrx_word' id='word_1_803' title='bbox 1485 5527 1676 5589; x_wconf 86' lang='lat' dir='ltr'><strong>gentes</strong></span> <span class='ocrx_word' id='word_1_804' title='bbox 1703 5519 2036 5590; x_wconf 66' lang='lat' dir='ltr'><strong>daemonum,</strong></span> <span class='ocrx_word' id='word_1_805' title='bbox 2066 5532 2120 5579; x_wconf 92' lang='lat' dir='ltr'><strong>et</strong></span> 
     </span>
    </p>
   </div>
   <div class='ocr_carea' id='block_1_102' title="bbox 513 5699 2106 5827">
    <p class='ocr_par' dir='ltr' id='par_1_102' title="bbox 513 5699 2106 5827">
     <span class='ocr_line' id='line_1_102' title="bbox 513 5699 2106 5827; baseline 0 -72"><span class='ocrx_word' id='word_1_806' title='bbox 513 5772 566 5827; x_wconf 32' lang='grc' dir='ltr'><strong>ῤ’</strong></span> <span class='ocrx_word' id='word_1_807' title='bbox 586 5708 614 5737; x_wconf 71' lang='grc' dir='ltr'><strong>α</strong></span> <span class='ocrx_word' id='word_1_808' title='bbox 651 5699 768 5783; x_wconf 83' lang='lat' dir='ltr'><strong>Non</strong></span> <span class='ocrx_word' id='word_1_809' title='bbox 796 5699 1276 5771; x_wconf 63' lang='lat' dir='ltr'><strong>incongrue’addit</strong></span> <span class='ocrx_word' id='word_1_810' title='bbox 1302 5715 1439 5757; x_wconf 89' lang='lat' dir='ltr'><strong>unus</strong></span> <span class='ocrx_word' id='word_1_811' title='bbox 1468 5699 1700 5756; x_wconf 86' lang='lat' dir='ltr'><strong>Palatin.</strong></span> <span class='ocrx_word' id='word_1_812' title='bbox 1725 5700 1851 5753; x_wconf 88' lang='lat' dir='ltr'><strong>auia</strong></span> <span class='ocrx_word' id='word_1_813' title='bbox 1882 5701 2106 5755; x_wconf 81' lang='lat' dir='ltr'><strong>suscita—</strong></span> 
     </span>
     <span class='ocr_line' id='line_1_103' title="bbox 549 5780 922 5827; baseline -0.005 -1"><span class='ocrx_word' id='word_1_814' title='bbox 549 5782 586 5826; x_wconf 83' lang='lat' dir='ltr'><strong>tt</strong></span> <span class='ocrx_word' id='word_1_815' title='bbox 612 5786 785 5827; x_wconf 69' lang='lat' dir='ltr'><strong>ortast.</strong></span> <span class='ocrx_word' id='word_1_816' title='bbox 815 5780 922 5826; x_wconf 83' lang='lat' dir='ltr'><strong>etc.</strong></span> 
     </span>
    </p>
   </div>
   <div class='ocr_carea' id='block_1_103' title="bbox 549 5780 922 5841">
    <p class='ocr_par' dir='ltr' id='par_1_103' title="bbox 549 5780 922 5841">
     <span class='ocr_line' id='line_1_104' title="bbox 549 5780 922 5841; baseline -0.005 -15"><span class='ocrx_word' id='word_1_817' title='bbox 549 5780 586 5826; x_wconf 84' lang='lat' dir='ltr'><strong>it</strong></span> <span class='ocrx_word' id='word_1_818' title='bbox 612 5780 785 5841; x_wconf 79' lang='lat' dir='ltr'><strong>quasi,</strong></span> <span class='ocrx_word' id='word_1_819' title='bbox 815 5780 922 5826; x_wconf 80' lang='lat' dir='ltr'><strong>etc.</strong></span> 
     </span>
    </p>
   </div>
   <div class='ocr_carea' id='block_1_104' title="bbox 2242 4680 3827 4754">
    <p class='ocr_par' dir='ltr' id='par_1_104' title="bbox 2242 4680 3827 4754">
     <span class='ocr_line' id='line_1_105' title="bbox 2242 4680 3827 4754; baseline -0.007 -13"><span class='ocrx_word' id='word_1_820' title='bbox 2242 4687 2370 4742; x_wconf 86' lang='lat' dir='ltr'><strong>luna</strong></span> <span class='ocrx_word' id='word_1_821' title='bbox 2398 4686 2710 4741; x_wconf 88' lang='lat' dir='ltr'><strong>obtenebrati</strong></span> <span class='ocrx_word' id='word_1_822' title='bbox 2739 4694 2884 4751; x_wconf 88' lang='lat' dir='ltr'><strong>sunt,</strong></span> <span class='ocrx_word' id='word_1_823' title='bbox 2912 4694 2961 4739; x_wconf 88' lang='lat' dir='ltr'><strong>et</strong></span> <span class='ocrx_word' id='word_1_824' title='bbox 2982 4685 3148 4739; x_wconf 79' lang='lat' dir='ltr'><strong>stella:</strong></span> <span class='ocrx_word' id='word_1_825' title='bbox 3168 4693 3487 4738; x_wconf 72' lang='lat' dir='ltr'><strong>retraxerunt</strong></span> <span class='ocrx_word' id='word_1_826' title='bbox 3513 4680 3827 4754; x_wconf 85' lang='lat' dir='ltr'><strong>splendorem</strong></span> 
     </span>
    </p>
   </div>
   <div class='ocr_carea' id='block_1_105' title="bbox 2239 4774 3825 4849">
    <p class='ocr_par' dir='ltr' id='par_1_105' title="bbox 2239 4774 3825 4849">
     <span class='ocr_line' id='line_1_106' title="bbox 2239 4774 3825 4849; baseline -0.004 -15"><span class='ocrx_word' id='word_1_827' title='bbox 2239 4796 2409 4834; x_wconf 89' lang='lat' dir='ltr'><strong>suum.</strong></span> <span class='ocrx_word' id='word_1_828' title='bbox 2464 4778 2608 4833; x_wconf 86' lang='lat' dir='ltr'><strong>LXX</strong></span> <span class='ocrx_word' id='word_1_829' title='bbox 2654 4796 2667 4832; x_wconf 91' lang='lat'>:</span> <span class='ocrx_word' id='word_1_830' title='bbox 2713 4778 2928 4834; x_wconf 87' lang='lat' dir='ltr'><strong>Sonitus</strong></span> <span class='ocrx_word' id='word_1_831' title='bbox 2953 4778 3189 4831; x_wconf 85' lang='lat' dir='ltr'><strong>exauditi</strong></span> <span class='ocrx_word' id='word_1_832' title='bbox 3220 4788 3338 4830; x_wconf 88' lang='lat' dir='ltr'><strong>sunt</strong></span> <span class='ocrx_word' id='word_1_833' title='bbox 3370 4777 3423 4830; x_wconf 92' lang='lat' dir='ltr'><strong>in</strong></span> <span class='ocrx_word' id='word_1_834' title='bbox 3454 4777 3588 4830; x_wconf 86' lang='lat' dir='ltr'><strong>valle</strong></span> <span class='ocrx_word' id='word_1_835' title='bbox 3604 4774 3791 4849; x_wconf 86' lang='lat' dir='ltr'><strong>judicii</strong></span> <span class='ocrx_word' id='word_1_836' title='bbox 3812 4814 3825 4835; x_wconf 92' lang='lat'><strong>,</strong></span> 
     </span>
    </p>
   </div>
   <div class='ocr_carea' id='block_1_106' title="bbox 2236 4868 3827 4944">
    <p class='ocr_par' dir='ltr' id='par_1_106' title="bbox 2236 4868 3827 4944">
     <span class='ocr_line' id='line_1_107' title="bbox 2236 4868 3827 4944; baseline -0.005 -18"><span class='ocrx_word' id='word_1_837' title='bbox 2236 4873 2358 4940; x_wconf 87' lang='lat' dir='ltr'><strong>quia</strong></span> <span class='ocrx_word' id='word_1_838' title='bbox 2374 4875 2534 4944; x_wconf 82' lang='lat' dir='ltr'><strong>juxta</strong></span> <span class='ocrx_word' id='word_1_839' title='bbox 2562 4879 2633 4923; x_wconf 86' lang='lat' dir='ltr'><strong>est</strong></span> <span class='ocrx_word' id='word_1_840' title='bbox 2682 4870 2790 4924; x_wconf 87' lang='lat' dir='ltr'><strong>dies</strong></span> <span class='ocrx_word' id='word_1_841' title='bbox 2824 4868 3032 4924; x_wconf 89' lang='lat' dir='ltr'><strong>Domini</strong></span> <span class='ocrx_word' id='word_1_842' title='bbox 3053 4870 3107 4923; x_wconf 88' lang='lat' dir='ltr'><strong>in</strong></span> <span class='ocrx_word' id='word_1_843' title='bbox 3136 4870 3266 4924; x_wconf 86' lang='lat' dir='ltr'><strong>valle</strong></span> <span class='ocrx_word' id='word_1_844' title='bbox 3282 4868 3498 4940; x_wconf 83' lang='lat' dir='ltr'><strong>judicii.</strong></span> <span class='ocrx_word' id='word_1_845' title='bbox 3523 4868 3619 4924; x_wconf 89' lang='lat' dir='ltr'><strong>Sol</strong></span> <span class='ocrx_word' id='word_1_846' title='bbox 3640 4878 3685 4923; x_wconf 88' lang='lat' dir='ltr'><strong>et</strong></span> <span class='ocrx_word' id='word_1_847' title='bbox 3713 4868 3827 4921; x_wconf 87' lang='lat' dir='ltr'><strong>luna</strong></span> 
     </span>
    </p>
   </div>
   <div class='ocr_carea' id='block_1_107' title="bbox 2239 4962 3825 5032">
    <p class='ocr_par' dir='ltr' id='par_1_107' title="bbox 2239 4962 3825 5032">
     <span class='ocr_line' id='line_1_108' title="bbox 2239 4962 3825 5032; baseline -0.004 -14"><span class='ocrx_word' id='word_1_848' title='bbox 2239 4962 2740 5029; x_wconf 88' lang='lat' dir='ltr'><strong>obtenebrabuntur,</strong></span> <span class='ocrx_word' id='word_1_849' title='bbox 2770 4973 2817 5015; x_wconf 91' lang='lat' dir='ltr'><strong>et</strong></span> <span class='ocrx_word' id='word_1_850' title='bbox 2849 4963 3011 5018; x_wconf 72' lang='lat' dir='ltr'><strong>stella:</strong></span> <span class='ocrx_word' id='word_1_851' title='bbox 3033 4962 3265 5016; x_wconf 86' lang='lat' dir='ltr'><strong>occidere</strong></span> <span class='ocrx_word' id='word_1_852' title='bbox 3290 4963 3483 5032; x_wconf 75' lang='lat' dir='ltr'><strong>facient</strong></span> <span class='ocrx_word' id='word_1_853' title='bbox 3513 4962 3825 5031; x_wconf 84' lang='lat' dir='ltr'><strong>splendorem</strong></span> 
     </span>
    </p>
   </div>
   <div class='ocr_carea' id='block_1_108' title="bbox 2238 5051 3821 5125">
    <p class='ocr_par' dir='ltr' id='par_1_108' title="bbox 2238 5051 3821 5125">
     <span class='ocr_line' id='line_1_109' title="bbox 2238 5051 3821 5125; baseline -0.004 -16"><span class='ocrx_word' id='word_1_854' title='bbox 2238 5072 2409 5110; x_wconf 86' lang='lat' dir='ltr'><strong>suum.</strong></span> <span class='ocrx_word' id='word_1_855' title='bbox 2441 5054 2499 5108; x_wconf 91' lang='lat' dir='ltr'><strong>In</strong></span> <span class='ocrx_word' id='word_1_856' title='bbox 2526 5069 2592 5109; x_wconf 93' lang='lat' dir='ltr'><strong>eo</strong></span> <span class='ocrx_word' id='word_1_857' title='bbox 2621 5055 2742 5109; x_wconf 89' lang='lat' dir='ltr'><strong>loco</strong></span> <span class='ocrx_word' id='word_1_858' title='bbox 2772 5054 2860 5108; x_wconf 90' lang='lat' dir='ltr'><strong>ubi</strong></span> <span class='ocrx_word' id='word_1_859' title='bbox 2895 5068 2996 5108; x_wconf 92' lang='lat' dir='ltr'><strong>nos</strong></span> <span class='ocrx_word' id='word_1_860' title='bbox 3028 5058 3339 5123; x_wconf 86' lang='lat' dir='ltr'><strong>posuimus,</strong></span> <span class='ocrx_word' id='word_1_861' title='bbox 3370 5055 3584 5125; x_wconf 81' lang='lat' dir='ltr'><strong>pOpuli,</strong></span> <span class='ocrx_word' id='word_1_862' title='bbox 3622 5051 3821 5125; x_wconf 84' lang='lat' dir='ltr'><strong>pepuli,</strong></span> 
     </span>
    </p>
   </div>
   <div class='ocr_carea' id='block_1_109' title="bbox 2237 5147 3819 5219">
    <p class='ocr_par' dir='ltr' id='par_1_109' title="bbox 2237 5147 3819 5219">
     <span class='ocr_line' id='line_1_110' title="bbox 2237 5147 3819 5219; baseline -0.006 -14"><span class='ocrx_word' id='word_1_863' title='bbox 2237 5158 2291 5205; x_wconf 92' lang='lat' dir='ltr'><strong>et</strong></span> <span class='ocrx_word' id='word_1_864' title='bbox 2330 5149 2685 5219; x_wconf 88' lang='lat' dir='ltr'><strong>Septuaginta</strong></span> <span class='ocrx_word' id='word_1_865' title='bbox 2728 5148 3120 5201; x_wconf 89' lang='lat' dir='ltr'><strong>transtulerunt</strong></span> <span class='ocrx_word' id='word_1_866' title='bbox 3148 5189 3163 5212; x_wconf 92' lang='lat'><strong>,</strong></span> <span class='ocrx_word' id='word_1_867' title='bbox 3194 5148 3393 5200; x_wconf 87' lang='lat' dir='ltr'><strong>sonitus</strong></span> <span class='ocrx_word' id='word_1_868' title='bbox 3420 5147 3649 5201; x_wconf 84' lang='lat' dir='ltr'><strong>exauditi</strong></span> <span class='ocrx_word' id='word_1_869' title='bbox 3680 5152 3819 5208; x_wconf 81' lang='lat' dir='ltr'><strong>sunt,</strong></span> 
     </span>
    </p>
   </div>
   <div class='ocr_carea' id='block_1_110' title="bbox 2236 5240 3822 5311">
    <p class='ocr_par' dir='ltr' id='par_1_110' title="bbox 2236 5240 3822 5311">
     <span class='ocr_line' id='line_1_111' title="bbox 2236 5240 3822 5311; baseline -0.001 -15"><span class='ocrx_word' id='word_1_870' title='bbox 2236 5242 2290 5297; x_wconf 89' lang='lat' dir='ltr'><strong>in</strong></span> <span class='ocrx_word' id='word_1_871' title='bbox 2341 5240 2604 5295; x_wconf 84' lang='lat' dir='ltr'><strong>llebraico</strong></span> <span class='ocrx_word' id='word_1_872' title='bbox 2652 5241 2913 5309; x_wconf 86' lang='lat' dir='ltr'><strong>scriptum</strong></span> <span class='ocrx_word' id='word_1_873' title='bbox 2956 5250 3072 5303; x_wconf 87' lang='lat' dir='ltr'><strong>est,</strong></span> <span class='ocrx_word' id='word_1_874' title='bbox 3112 5255 3338 5305; x_wconf 70' lang='lat' dir='ltr'><strong>AMONIM,</strong></span> <span class='ocrx_word' id='word_1_875' title='bbox 3372 5255 3573 5295; x_wconf 69' lang='lat' dir='ltr'><strong>unum</strong></span> <span class='ocrx_word' id='word_1_876' title='bbox 3604 5242 3822 5311; x_wconf 53' lang='lat' dir='ltr'><strong>(natm</strong></span> 
     </span>
    </p>
   </div>
   <div class='ocr_carea' id='block_1_111' title="bbox 2234 5332 3821 5403">
    <p class='ocr_par' dir='ltr' id='par_1_111' title="bbox 2234 5332 3821 5403">
     <span class='ocr_line' id='line_1_112' title="bbox 2234 5332 3821 5403; baseline -0.006 -9"><span class='ocrx_word' id='word_1_877' title='bbox 2234 5332 2494 5403; x_wconf 63' lang='lat' dir='ltr'><strong>D’Jiﬁn),</strong></span> <span class='ocrx_word' id='word_1_878' title='bbox 2538 5333 2680 5403; x_wconf 85' lang='lat' dir='ltr'><strong>quod</strong></span> <span class='ocrx_word' id='word_1_879' title='bbox 2733 5334 2916 5403; x_wconf 89' lang='lat' dir='ltr'><strong>utique</strong></span> <span class='ocrx_word' id='word_1_880' title='bbox 2958 5332 3399 5400; x_wconf 85' lang='lat' dir='ltr'><strong>multitudinem,</strong></span> <span class='ocrx_word' id='word_1_881' title='bbox 3433 5344 3489 5387; x_wconf 85' lang='lat' dir='ltr'><strong>et.</strong></span> <span class='ocrx_word' id='word_1_882' title='bbox 3520 5332 3701 5387; x_wconf 83' lang='lat' dir='ltr'><strong>turbas</strong></span> <span class='ocrx_word' id='word_1_883' title='bbox 3737 5344 3821 5385; x_wconf 88' lang='lat' dir='ltr'><strong>eo-</strong></span> 
     </span>
    </p>
   </div>
   <div class='ocr_carea' id='block_1_112' title="bbox 2232 5427 3817 5497">
    <p class='ocr_par' dir='ltr' id='par_1_112' title="bbox 2232 5427 3817 5497">
     <span class='ocr_line' id='line_1_113' title="bbox 2232 5427 3817 5497; baseline -0.005 -13"><span class='ocrx_word' id='word_1_884' title='bbox 2232 5444 2350 5484; x_wconf 87' lang='lat' dir='ltr'><strong>rum</strong></span> <span class='ocrx_word' id='word_1_885' title='bbox 2402 5428 2493 5497; x_wconf 89' lang='lat' dir='ltr'><strong>qui</strong></span> <span class='ocrx_word' id='word_1_886' title='bbox 2536 5427 2811 5496; x_wconf 88' lang='lat' dir='ltr'><strong>judicandi</strong></span> <span class='ocrx_word' id='word_1_887' title='bbox 2856 5439 3022 5492; x_wconf 88' lang='lat' dir='ltr'><strong>sunt,</strong></span> <span class='ocrx_word' id='word_1_888' title='bbox 3075 5436 3131 5482; x_wconf 89' lang='lat' dir='ltr'><strong>et</strong></span> <span class='ocrx_word' id='word_1_889' title='bbox 3170 5428 3457 5497; x_wconf 89' lang='lat' dir='ltr'><strong>strepitum</strong></span> <span class='ocrx_word' id='word_1_890' title='bbox 3486 5428 3817 5493; x_wconf 88' lang='lat' dir='ltr'><strong>sonitumque</strong></span> 
     </span>
    </p>
   </div>
   <div class='ocr_carea' id='block_1_113' title="bbox 2231 5516 3817 5592">
    <p class='ocr_par' dir='ltr' id='par_1_113' title="bbox 2231 5516 3817 5592">
     <span class='ocr_line' id='line_1_114' title="bbox 2231 5516 3817 5592; baseline -0.006 -15"><span class='ocrx_word' id='word_1_891' title='bbox 2231 5520 2517 5592; x_wconf 78' lang='lat' dir='ltr'><strong>signiﬁcat.</strong></span> <span class='ocrx_word' id='word_1_892' title='bbox 2563 5519 2796 5575; x_wconf 81' lang='lat' dir='ltr'><strong>Rursum</strong></span> <span class='ocrx_word' id='word_1_893' title='bbox 2839 5519 2930 5573; x_wconf 90' lang='lat' dir='ltr'><strong>ubi</strong></span> <span class='ocrx_word' id='word_1_894' title='bbox 2970 5534 3071 5575; x_wconf 92' lang='lat' dir='ltr'><strong>nos</strong></span> <span class='ocrx_word' id='word_1_895' title='bbox 3113 5518 3355 5575; x_wconf 82' lang='lat' dir='ltr'><strong>diximus</strong></span> <span class='ocrx_word' id='word_1_896' title='bbox 3404 5521 3457 5573; x_wconf 89' lang='lat' dir='ltr'><strong>in</strong></span> <span class='ocrx_word' id='word_1_897' title='bbox 3490 5520 3622 5573; x_wconf 83' lang='lat' dir='ltr'><strong>valle</strong></span> <span class='ocrx_word' id='word_1_898' title='bbox 3659 5516 3817 5572; x_wconf 85' lang='lat' dir='ltr'><strong>conci-</strong></span> 
     </span>
    </p>
   </div>
   <div class='ocr_carea' id='block_1_114' title="bbox 2287 5701 3812 5768">
    <p class='ocr_par' dir='ltr' id='par_1_114' title="bbox 2287 5701 3812 5768">
     <span class='ocr_line' id='line_1_115' title="bbox 2287 5701 3812 5768; baseline -0.002 -11"><span class='ocrx_word' id='word_1_899' title='bbox 2287 5702 2315 5741; x_wconf 73' lang='grc' dir='ltr'><strong>ι)</strong></span> <span class='ocrx_word' id='word_1_900' title='bbox 2358 5703 2561 5759; x_wconf 81' lang='lat' dir='ltr'><strong>Vitiose</strong></span> <span class='ocrx_word' id='word_1_901' title='bbox 2602 5701 2850 5757; x_wconf 86' lang='lat' dir='ltr'><strong>Martian.</strong></span> <span class='ocrx_word' id='word_1_902' title='bbox 2898 5702 2997 5754; x_wconf 85' lang='lat' dir='ltr'><strong>hoc</strong></span> <span class='ocrx_word' id='word_1_903' title='bbox 3041 5719 3152 5757; x_wconf 87' lang='lat' dir='ltr'><strong>esse</strong></span> <span class='ocrx_word' id='word_1_904' title='bbox 3198 5705 3407 5761; x_wconf 85' lang='lat' dir='ltr'><strong>volunt.</strong></span> <span class='ocrx_word' id='word_1_905' title='bbox 3440 5703 3593 5761; x_wconf 90' lang='lat' dir='ltr'><strong>Unus</strong></span> <span class='ocrx_word' id='word_1_906' title='bbox 3628 5704 3812 5768; x_wconf 89' lang='lat' dir='ltr'><strong>Palat.,</strong></span> 
     </span>
    </p>
   </div>
   <div class='ocr_carea' id='block_1_115' title="bbox 2220 5772 3587 5847">
    <p class='ocr_par' dir='ltr' id='par_1_115' title="bbox 2220 5772 3587 5847">
     <span class='ocr_line' id='line_1_116' title="bbox 2220 5772 3587 5847; baseline -0.001 -17"><span class='ocrx_word' id='word_1_907' title='bbox 2220 5789 2312 5830; x_wconf 85' lang='lat' dir='ltr'><strong>nos</strong></span> <span class='ocrx_word' id='word_1_908' title='bbox 2334 5792 2441 5829; x_wconf 82' lang='lat' dir='ltr'><strong>esse</strong></span> <span class='ocrx_word' id='word_1_909' title='bbox 2468 5776 2643 5829; x_wconf 83' lang='lat' dir='ltr'><strong>volunt</strong></span> <span class='ocrx_word' id='word_1_910' title='bbox 2674 5775 2960 5829; x_wconf 86' lang='lat' dir='ltr'><strong>imitatores</strong></span> <span class='ocrx_word' id='word_1_911' title='bbox 2982 5772 3184 5842; x_wconf 87' lang='lat' dir='ltr'><strong>David,</strong></span> <span class='ocrx_word' id='word_1_912' title='bbox 3220 5777 3429 5847; x_wconf 86' lang='lat' dir='ltr'><strong>absque</strong></span> <span class='ocrx_word' id='word_1_913' title='bbox 3458 5778 3587 5831; x_wconf 86' lang='lat' dir='ltr'><strong>veri.</strong></span> 
     </span>
    </p>
   </div>
  </div>
