4100 6336
341 316 447 373 985

1165 315 1819 377 COMMENTARIORUSI
1864 316 1927 372 IN
1969 315 2236 373 JOELEM
2280 316 2506 373 LIBER.
2551 318 2707 375 CAP.
2755 318 2843 375 Ill.

3533 320 3637 375 986

341 432 537 496 siouis,
568 438 864 502 sequentes
895 431 1305 491 translationem
1325 434 1536 506 Aquilae
1558 445 1609 490 et
1631 433 1941 506 Symmachi
1970 437 2025 499 Α
2049 443 2190 490 trum
2218 435 2546 492 adversariis
2571 453 2677 493 non
2712 440 2969 510 patuerit.
3003 437 3128 494 Haec
3157 438 3329 495 Judaei
3353 449 3407 495 et
3434 440 3635 503 nostri,

339 537 398 584 et
446 526 652 597 quintae
696 525 993 596 editionis,
1032 528 1382 601 Septuaginta
1423 539 1478 585 et
1516 528 1820 585 Theodotio
1847 538 1939 590 τῆς

340 618 481 684 δίκης
506 622 593 676 καὶ
619 629 711 681 τῆς
752 622 973 696 κρίσεως
999 664 1012 685 ,
1045 620 1096 675 id
1128 633 1233 691 est,
1266 637 1437 677 causre
1462 631 1509 676 et
1534 622 1726 695 judicii
1764 630 1941 676 trans-

343 715 590 771 tulerunt
623 731 636 767 :
677 729 774 782 pro
816 729 923 784 quo
964 714 1016 769 in
1062 715 1327 771 Hebraico
1366 715 1628 786 scriptum
1656 724 1736 770 est
1768 730 1940 770 nanus

341 804 533 893 (γῇ-ι)
553 845 569 871 ,
603 805 745 877 quod
776 805 987 861 llehrtei
1022 822 1129 861 non
1157 810 1332 863 solum
1363 808 1737 874 concisionem;
1766 808 1859 863 sed
1886 817 1941 863 et

341 916 529 954 aurum
562 899 908 969 interpretari
952 908 1179 968 putant,
1221 915 1330 971 quo
1368 900 1579 956 scilicet
1609 901 1659 955 in
1690 899 1828 954 valle
1855 903 1942 969 ju-

341 991 508 1058 dicii,
549 1006 708 1063 quam
756 992 1102 1062 suSpicantur
1138 992 1486 1064 gehennam,
1535 991 1775 1048 excoctis
1822 1007 1941 1047 sor-

340 1085 499 1143 dibus
524 1096 903 1158 peccatorum,
934 1102 1127 1159 purum
1158 1104 1351 1144 aurum
1394 1096 1691 1144 remaneat.
1735 1086 1940 1143 Idcirco

340 1189 522 1235 autem
568 1181 845 1251 gentium,
898 1182 966 1237 de
1001 1181 1197 1253 quibus
1244 1197 1406 1254 supra
1444 1181 1679 1237 diximus
1715 1181 1767 1235 in
1800 1179 1941 1235 valle

334 1271 564 1344 judicii,
617 1273 731 1329 sive
774 1275 1105 1330 concisionis
1131 1317 1147 1343 ,
1189 1276 1375 1347 populi
1412 1284 1842 1346 congregantur,
1884 1283 1941 1329 ut

342 1364 743 1421 interficiuntur
776 1376 832 1422 et
871 1377 1127 1422 corruant
1155 1409 1170 1432 ,
1207 1378 1261 1421 et
1293 1383 1323 1421 a
1356 1368 1580 1421 Domino
1602 1367 1936 1437 judicentur.

339 1454 513 1529 Cujus
558 1474 850 1516 maerorem
890 1460 998 1515 diei
1049 1471 1104 1516 et
1145 1471 1412 1517 tormenta
1456 1464 1830 1532 pereuntium,
1872 1477 1941 1518 ne

342 1553 425 1607 sol
459 1552 676 1623 quidem
701 1564 757 1609 et
783 1553 903 1609 luna
936 1564 1188 1626 astraque
1216 1566 1410 1611 cetera
1432 1566 1685 1626 poterunt
1709 1556 1938 1621 intueri;

341 1642 440 1700 sed
486 1644 769 1700 retrahent
810 1646 1073 1716 fulgorem
1104 1661 1262 1702 suum
1284 1690 1299 1715 ,
1335 1656 1391 1702 et
1414 1648 1766 1703 severitatem
1799 1646 1940 1715 judi~

342 1736 519 1792 cautis
572 1738 960 1809 reddentisqoe
1015 1740 1440 1811 uniuscujusque
1496 1756 1633 1812 opus
1673 1740 1725 1795 in
1777 1739 1941 1813 214

340 1840 503 1900 caput
534 1844 686 1885 suum
712 1876 727 1899 ,
760 1831 1005 1901 aSpicere
1047 1850 1154 1888 non
1183 1834 1475 1890 audebunt.
1508 1833 1626 1889 Non
1658 1833 1800 1905 quod
1828 1835 1939 1889 cle-

339 1923 613 1979 mentiora
662 1924 769 1979 sint
822 1940 982 1994 quam
1032 1925 1127 1981 Dei
1164 1926 1408 1996 judicia;
1452 1926 1548 1983 sed
1583 1927 1729 1999 quod
1760 1927 1940 1982 ontttis

336 2026 589 2074 creatura
629 2018 681 2073 in
713 2018 1000 2073 tormentis
1029 2019 1260 2075 aliorum
1298 2020 1366 2077 de
1395 2035 1493 2076 suo
1529 2019 1739 2090 judicio
1769 2020 1938 2089 perti-

338 2118 566 2165 mescat.

411 2201 598 2273 (Vers.
634 2202 698 2257 16
721 2245 734 2265 ,
783 2203 898 2272 17.)
930 2200 1000 2256 Ει
1028 2202 1288 2259 Dominus
1319 2206 1383 2261 de
1415 2206 1545 2261 Sion
1573 2207 1739 2277 rugiet
1766 2249 1781 2273 ,
1813 2206 1943 2260 etde

338 2296 631 2350 Jerusalem
686 2296 826 2350 dabit
877 2312 1049 2351 vocent
1096 2314 1271 2365 suam,
1318 2308 1363 2351 et
1399 2299 1731 2353 movebuntur
1757 2299 1870 2353 razli
1895 2310 1942 2353 et

342 2397 482 2442 terra
502 2428 516 2454 ,
540 2397 585 2442 et
611 2387 865 2444 Dominus
886 2406 1001 2461 spes
1026 2390 1206 2462 papuli
1229 2393 1340 2456 sui,
1372 2402 1416 2444 et
1438 2392 1688 2464 fortitudo
1714 2393 1942 2462 ﬁliorum

345 2477 516 2534 Israel
539 2522 555 2547 ,
600 2490 645 2535 et
678 2482 849 2535 scietis
876 2483 1000 2553 quia
1030 2499 1122 2554 ego
1149 2482 1408 2538 Dominus
1446 2484 1584 2539 Deus
1626 2494 1784 2539 rester
1803 2526 1818 2551 ,
1850 2485 1942 2537 Iut-

339 2572 512 2628 bitans
540 2573 592 2627 in
621 2572 751 2628 Sion
786 2573 968 2646 [Vulg.
1000 2575 1170 2632 addit.
1208 2577 1283 2650 in]
1318 2588 1485 2633 monte
1511 2588 1692 2633 sancto
1718 2596 1828 2634 meo
1852 2623 1865 2647 ,
1895 2590 1941 2634 et

341 2668 440 2721 erit
488 2663 781 2721 Jerusalem
826 2679 1042 2732 sancta,
1093 2679 1138 2722 et
1180 2671 1339 2725 alieni
1384 2689 1486 2726 non
1519 2673 1810 2727 transibunt
1855 2690 1944 2742 per

341 2774 456 2815 eam
483 2760 729 2829 amplius.
760 2758 899 2815 LXX
929 2780 939 2815 :
975 2760 1229 2816 Dominus
1262 2772 1432 2818 autem
1470 2765 1531 2818 de
1578 2764 1711 2821 Sion
1750 2766 1944 2819 clama-

342 2854 445 2921 bit,
488 2854 625 2908 etde
651 2851 945 2909 Jerusalem
988 2856 1128 2910 dabit
1164 2874 1331 2912 vocem
1358 2875 1535 2925 suam,
1568 2869 1617 2914 et
1659 2860 1943 2914 movebitur

341 2947 528 3003 (mlum
562 2956 609 3002 et
656 2957 828 3017 terra,
890 2959 938 3003 et
987 2948 1245 3005 Dominus
1285 2962 1458 3023 parcet
1500 2954 1694 3025 populo
1729 2971 1853 3015 suo.
1896 2965 1943 3009 et

343 3040 650 3110 confortabit
698 3039 837 3109 ﬁlios
878 3041 1082 3107 Israel,
1131 3052 1176 3097 et
1217 3044 1387 3098 scietis
1414 3046 1537 3113 quia
1565 3062 1657 3115 ego
1688 3043 1944 3100 Dominus

342 3131 483 3189 Deus
513 3143 676 3189 vester
702 3133 939 3189 habitans
969 3137 1021 3190 in
1046 3136 1177 3192 Sion
1206 3146 1374 3191 monte
1395 3148 1572 3192 sancto
1604 3154 1716 3192 meo
1736 3180 1751 3205 ,
1774 3148 1820 3192 et
1850 3140 1944 3193 erit

2044 529 2363 586 utdiximus
2389 572 2405 598 ,
2432 529 2801 600 judaizantes,
2828 531 2892 587 ad
2923 532 3071 587 mille
3101 545 3368 586 annorum
3399 530 3636 586 fabulam

2043 624 2322 692 referunt,
2381 624 2596 695 quando
2639 632 2826 693 putant
2866 624 3145 679 Christum
3186 622 3552 678 habitaturum
3584 621 3638 677 in

2044 719 2208 785 Sion,
2260 727 2313 774 et
2352 718 2405 773 in
2452 717 2754 773 Jerusalem
2786 732 2951 772 aurea
2970 726 3132 787 atque
3161 725 3432 787 gemmata
3481 730 3641 770 sanc-

2044 822 2221 868 torum
2253 813 2480 883 populos
2509 810 2924 882 congregandos
2948 852 2963 879 ,
3002 820 3060 866 ut
3088 811 3178 882 qui
3215 811 3268 864 in
3305 811 3409 865 isto
3435 809 3641 864 saaculo

2042 905 2288 977 oppressi
2321 914 2445 960 sunt
2478 905 2547 959 ab
2575 902 2843 959 universis
2872 903 3126 973 gentibus
3148 945 3163 971 ,
3207 903 3257 957 in
3307 901 3410 957 hoc
3440 901 3636 957 codem

2042 1001 2252 1057 cunctis
2290 1001 2558 1069 imperent
2590 998 2923 1054 nationibus.

2115 1093 2294 1169 (Vers.
2341 1093 2455 1164 18.)
2507 1094 2666 1167 215
2717 1090 2784 1144 Et
2835 1092 2930 1145 erit
2981 1092 3031 1145 in
3079 1092 3161 1145 die
3202 1091 3329 1155 illa,
3372 1091 3642 1146 stillabant

2044 1197 2240 1241 montes
2269 1186 2594 1240 dulcedinem
2615 1227 2629 1249 ,
2658 1194 2703 1238 et
2728 1184 2883 1238 colles
2900 1187 3060 1255 ﬂuent
3090 1184 3219 1239 lacte
3245 1226 3259 1251 ,
3284 1193 3329 1238 et
3358 1201 3449 1257 per
3470 1200 3645 1238 omnes

2042 1281 2176 1334 rivos
2203 1279 2361 1333 Judte
2386 1278 2530 1331 ibunt
2553 1293 2719 1347 aqum.
2753 1275 2893 1332 LXX
2930 1293 2946 1331 :
2976 1275 3043 1330 Et
3070 1277 3165 1330 erit
3189 1278 3242 1330 in
3270 1277 3355 1329 die
3375 1276 3468 1329 illa
3488 1320 3502 1341 ,
3534 1277 3647 1330 stil—

2042 1373 2223 1428 labunt
2265 1382 2464 1427 montes
2506 1370 2869 1440 dulcedinem,
2917 1381 2963 1424 et
3001 1371 3158 1425 colles
3197 1373 3360 1440 ﬂuent
3392 1370 3550 1437 lacte,
3598 1377 3645 1423 et

2043 1483 2216 1521 omnes
2265 1466 2564 1520 emissiones
2605 1463 2763 1518 Judte
2801 1465 2963 1534 ﬂuent
3002 1464 3172 1534 aquis.
3218 1462 3505 1518 llahitante
3535 1461 3642 1515 Do-

2044 1560 2192 1614 mino
2215 1560 2265 1613 in
2292 1559 2422 1614 Sion
2451 1567 2508 1611 et
2531 1559 2581 1611 in
2614 1568 2799 1611 monte
2839 1567 3029 1611 sancto
3072 1571 3204 1622 suo,
3228 1553 3445 1626 quando
3468 1553 3645 1608 nullus

2045 1668 2143 1724 per
2181 1649 2486 1707 Jerusalem
2526 1660 2770 1703 sanctam
2802 1647 3139 1719 pertransire
3170 1646 3466 1701 tentaverit
3490 1689 3504 1713 ,
3535 1644 3647 1714 qui-

2043 1762 2275 1815 cumque
2308 1747 2361 1800 in
2394 1760 2458 1799 ea
2489 1759 2645 1799 mons
2697 1744 2888 1811 fuerit,
2925 1751 2981 1799 et
3020 1741 3087 1796 ad
3135 1743 3397 1796 virtutum
3431 1739 3644 1795 excelsa

1969 1833 2016 1893 Β
2044 1843 2383 1918 pervenerit.
2410 1840 2699 1897 dulcedine
2724 1849 2779 1895 et
2811 1838 2970 1894 melle
2990 1838 3207 1893 sudabit
3235 1878 3250 1904 ,
3279 1848 3333 1893 et
3361 1836 3645 1891 stillahunt

2044 1955 2108 1995 ex
2142 1953 2208 1994 eo
2238 1936 2426 2006 gratia:
2453 1933 2796 2006 spirituales,
2837 1932 2904 1987 de
2934 1933 3130 2003 quibus
3175 1935 3435 2002 prOpheta
3471 1928 3648 1999 loqui-

2045 2042 2133 2086 tur
2164 2049 2176 2085 :
2213 2030 2377 2097 Quam
2408 2028 2582 2082 dulcia
2610 2028 2809 2097 gutturi
2840 2043 2951 2079 meo
2979 2027 3184 2096 eloquia
3214 2035 3303 2078 tua
3329 2065 3341 2087 ,
3372 2039 3525 2094 super
3546 2021 3647 2075 mel

2046 2130 2125 2182 ori
2154 2144 2263 2182 meo
2300 2125 2421 2199 (Ps.
2457 2140 2652 2193 cxvm,
2703 2124 2866 2194 103)!
2900 2122 2997 2191 Qui
3026 2131 3206 2176 autem
3239 2119 3463 2175 inferior
3494 2132 3647 2172 mon-

2047 2222 2192 2278 tibus
2253 2223 2366 2287 e’st,
2441 2229 2497 2274 et
2553 2218 2783 2274 necdum
2843 2218 2909 2272 ad
2984 2214 3341 2287 perfectionis
3415 2213 3635 2267 culmen

2047 2316 2413 2380 ascenderint,
2472 2313 2754 2368 vocabitur
2782 2312 2959 2378 collis,
3013 2321 3066 2366 ct
3122 2310 3290 2365 ﬂuent
3336 2308 3404 2363 de
3450 2322 3516 2362 eo
3540 2306 3640 2360 rivi

2045 2410 2203 2465 laetis
2231 2451 2245 2475 ,
2273 2409 2464 2479 quibus
2498 2406 2648 2461 rudis
2689 2407 2743 2460 in
2774 2404 2996 2459 Christo
3028 2403 3267 2458 nutritur
3294 2400 3518 2455 infantia
3548 2442 3562 2466 ,
3596 2407 3646 2451 et

2046 2518 2308 2575 aquarum
2340 2501 2561 2556 ﬂumina
2590 2541 2604 2565 ,
2637 2514 2755 2569 qua:
2786 2498 2855 2553 de
2888 2505 3076 2551 ventre
3117 2510 3215 2550 suo
3242 2494 3507 2549 Dominus
3537 2506 3647 2546 ma-

2048 2612 2181 2652 nare
2230 2604 2460 2651 testatus
2487 2603 2571 2648 est
2601 2592 2784 2664 (Joan.
2816 2592 2937 2661 vn).
2969 2590 3171 2645 Omnes
3193 2589 3339 2644 enim
3365 2586 3499 2651 rivi,
3536 2586 3651 2640 sive

2048 2690 2371 2747 emissiones
2401 2687 2537 2743 Juda
2565 2728 2580 2751 ,
2616 2684 2991 2757 implebuntur
3019 2683 3172 2751 aquis
3197 2726 3210 2747 ,
3245 2691 3299 2736 et
3329 2680 3460 2734 nihil
3488 2680 3540 2733 in
3570 2680 3650 2733 eis

2048 2786 2251 2842 siccum
2279 2784 2385 2839 erit
2408 2825 2422 2849 ,
2454 2780 2892 2838 redundantibus
2919 2778 3134 2832 cunctis
3156 2775 3328 2847 gratia
3359 2772 3649 2846 spirituali.

2120 2877 2190 2932 Et
2247 2879 2365 2948 fons
2408 2877 2469 2929 de
2519 2876 2673 2929 domo
2712 2872 2924 2927 Domini
2970 2870 3296 2941 egredietur,
3333 2878 3378 2921 et
3412 2864 3649 2937 irrigabit

2051 2983 2323 3029 torrentem
2375 2972 2486 3045 [ΑΙ.
2538 2966 2751 3040 fontem]
2795 2968 3086 3035 spinarum.
3125 2964 3230 3019 Pro
3272 2972 3500 3016 torrente
3544 2960 3654 3031 spi-

2051 3085 2231 3123 narum
2258 3110 2273 3134 ,
2303 3064 2652 3135 Septuaginta
2684 3060 3107 3125 transtulerunt,
3144 3065 3415 3111 torrcntmt
3443 3055 3653 3125 funicu-

2047 3162 2252 3225 lorum,
2287 3160 2338 3215 id
2373 3169 2488 3224 est,
2518 3161 2745 3231 σχοίνων
2772 3175 2785 3210 :
2818 3165 2841 3192 α
2890 3153 3033 3224 quod
3062 3162 3155 3206 ant
3183 3149 3452 3204 funiculos
3482 3147 3653 3216 signi-

342 3227 638 3281 Jerusalem
668 3238 848 3283 sancta
871 3269 887 3295 ,
920 3238 967 3283 et
1003 3229 1292 3300 alienigena
1317 3247 1417 3284 non
1450 3231 1687 3285 transibit
1719 3247 1807 3300 per
1830 3247 1942 3283 eam

2050 3254 2177 3310 licat
2201 3295 2216 3319 ,
2256 3261 2347 3306 aut
2368 3251 2527 3322 juxta
2557 3227 2848 3321 Egyptios
2890 3259 3201 3300 mensuram
3233 3242 3367 3297 certi
3400 3238 3614 3293 itineris
3636 3282 3648 3304 ,

349 3323 592 3394 amplius.
627 3322 765 3377 Cum
799 3324 929 3378 solis
959 3332 1013 3379 et
1044 3324 1182 3379 luna:
1209 3336 1639 3397 cunctarumque
1664 3326 1940 3380 stcllarunt

344 3414 605 3485 splendor
649 3416 890 3471 tenebris
938 3416 1104 3471 fuerit
1149 3425 1546 3483 commutatus,
1594 3418 1853 3474 Dominus
1879 3417 1947 3473 de

343 3507 472 3565 Sion
526 3507 695 3562 instar
746 3508 920 3563 leonis
974 3508 1185 3580 rogiet,
1233 3511 1351 3564 sive
1389 3511 1653 3566 clamabit
1684 3553 1698 3575 ,
1746 3521 1797 3565 et
1841 3520 1945 3566 tam

344 3598 564 3654 excelsa
611 3614 716 3654 vox
756 3600 872 3670 ejus
911 3601 1017 3655 erit
1058 3610 1221 3672 atque
1252 3603 1547 3668 terribilis,
1588 3614 1644 3659 ut
1682 3605 1947 3660 coelorum

343 3690 595 3747 cardines
625 3700 677 3747 et
710 3702 981 3747 terrarum
1010 3692 1359 3749 fundantenta
1407 3696 1743 3767 quatiantur.
1788 3697 1948 3751 Cum-

343 3796 456 3855 que
484 3791 591 3838 tam
622 3798 847 3839 severus
878 3785 933 3839 in
957 3800 1051 3840 eos
1078 3784 1241 3841 fuerit
1268 3788 1355 3857 qui
1386 3788 1647 3858 puniendi
1672 3797 1815 3852 sunt,
1843 3789 1950 3844 erit

342 3878 592 3935 clemens
643 3895 768 3950 erga
813 3881 1075 3950 populum
1121 3898 1276 3937 suum
1306 3926 1319 3951 ,
1359 3893 1415 3937 et
1443 3883 1593 3939 dabit
1620 3885 1699 3939 eis
1730 3884 1947 3938 fortitu-

343 3970 535 4028 dinem
557 3972 649 4043 qui
674 3975 1019 4043 appellantur
1049 3973 1143 4030 lilii
1173 3975 1339 4029 Israel
1367 4017 1380 4040 ,
1416 3991 1567 4031 mens
1593 3976 1805 4032 scilicet
1832 3992 1951 4032 cer-

344 4081 486 4124 nens
531 4066 729 4133 Deum;
774 4069 857 4124 vel
906 4067 1177 4133 εὐθύτατος-
1222 4078 1386 4139 Θεοῦ,
1419 4086 1581 4141 quem
1622 4086 1720 4126 nos
1760 4072 1946 4126 rectis-

344 4163 534 4218 simum
565 4161 664 4216 Dei
693 4162 875 4219 dicere
903 4179 1188 4233 possumus
1218 4184 1231 4219 :
1262 4165 1354 4235 qui
1396 4180 1501 4220 non
1531 4165 1950 4221 ambulaverunt

346 4273 447 4330 per
500 4275 694 4331 pravas
734 4261 955 4316 semitas
981 4302 995 4328 ,
1045 4262 1139 4317 sed
1167 4262 1485 4333 gradientes
1516 4263 1567 4317 in
1595 4262 1678 4316 via
1709 4262 1904 4317 Christi
1932 4306 1947 4328 ,

346 4353 528 4408 omnia
562 4364 710 4410 recta
742 4355 1007 4411 iecerunt.
1041 4356 1193 4411 Tunc
1221 4358 1397 4412 scient
1427 4366 1481 4411 et
1512 4357 1565 4411 hi
1597 4357 1691 4427 qui
1723 4358 1952 4427 punien—

346 4456 469 4515 tur,
520 4458 575 4504 et
620 4448 699 4504 illi
751 4449 843 4520 qui
889 4460 1240 4506 assumentur
1282 4452 1334 4505 in
1372 4452 1635 4521 gloriam,
1669 4453 1813 4522 quod
1846 4453 1949 4506 Do-

349 4543 530 4598 minus
583 4543 795 4600 habitet
849 4546 901 4599 in
958 4546 1181 4615 specula
1222 4561 1316 4601 sua
1352 4546 1518 4612 Sion,
1561 4554 1616 4600 et
1648 4547 1700 4600 in
1731 4544 1950 4601 Christo

350 4647 536 4694 monte
590 4648 779 4695 sancto
827 4654 961 4709 suo,
1014 4642 1129 4696 sive
1179 4643 1230 4695 in
1272 4657 1339 4696 eo
1373 4642 1461 4712 qui
1495 4655 1556 4697 se
1598 4641 1814 4711 dignum
1849 4640 1946 4696 Dei
1978 4626 2026 4683 Ῑ)

351 4732 668 4788 habitaculo
694 4735 1042 4804 praeparavit.
1076 4733 1227 4788 'l‘onc
1274 4734 1379 4787 erit
1422 4743 1605 4788 sancta
1648 4733 1946 4787 Jerusalem

351 4825 492 4881 visio
543 4826 729 4897 pacis,
778 4840 807 4879 a
853 4842 956 4895 qua
1003 4834 1058 4880 et
1096 4825 1353 4881 Salomon
1401 4842 1594 4881 nomen
1627 4827 1866 4895 accepit,
1900 4835 1954 4880 et

352 4919 520 4975 alieni
569 4935 673 4975 non
714 4919 1128 4991 pertransibunt
1158 4936 1253 4989 per
1284 4934 1401 4973 eam
1441 4919 1696 4989 amplius.
1733 4919 1952 4974 Alienus

351 5014 437 5069 vel
465 5012 746 5068 daemones
777 5011 1018 5082 intellige
1044 5052 1058 5078 ,
1091 5014 1182 5083 qui
1214 5013 1430 5067 externi
1462 5028 1488 5065 a
1530 5013 1640 5066 Deo
1667 5021 1793 5066 sunt
1821 5029 1833 5063 :
1865 5011 1949 5065 vel

352 5121 546 5163 omnes
615 5105 883 5178 pessimas
938 5105 1295 5177 cogitationes
1350 5115 1513 5175 atque
1566 5114 1830 5174 peccata,
1884 5104 1951 5159 de

352 5199 550 5271 quibus
580 5203 843 5270 propheta
876 5200 1117 5269 loquitur
1151 5216 1163 5251 :
1196 5198 1272 5252 Ab
1302 5198 1486 5251 alienis
1516 5213 1668 5269 parce
1692 5212 1834 5252 servo
1865 5206 1951 5251 tuo

354 5290 476 5364 (Ps.
506 5308 636 5346 xvm
659 5333 673 5357 ,
698 5290 795 5361 24)
822 5308 835 5348 :
864 5305 981 5361 quae
1014 5304 1354 5360 nequaquam
1384 5290 1520 5343 ultra
1546 5289 1597 5342 in
1627 5288 1785 5357 nobis
1809 5288 1951 5341 viam

351 5384 697 5455 reperirent,
753 5384 799 5438 si
845 5382 1196 5439 habuerimus
1238 5381 1328 5437 Dei
1362 5397 1549 5452 pacem
1571 5424 1586 5451 ,
1618 5390 1672 5437 et
1702 5397 1798 5438 cor
1829 5396 1954 5436 nos-

428 5554 454 5581 α
505 5544 693 5617 Nostri
729 5546 1143 5617 ηιςεεχοινίων,
1176 5541 1634 5617 quemadmodum
1672 5550 1726 5617 et
1772 5540 1949 5617 Graec.

355 5614 629 5683 Complut.
685 5616 836 5685 legit.
869 5613 1041 5669 Porro
1070 5622 1327 5683 corrupte
1351 5630 1493 5669 unus
1524 5613 1782 5685 Palatin.,
1815 5614 1953 5684 quod

355 5698 531 5741 autem
579 5688 841 5759 funiculus
885 5686 1171 5759 sigiijﬁcet,
1200 5697 1252 5740 ut
1273 5689 1431 5759 juxta
1461 5684 1742 5757 Egyptios
1764 5726 1779 5748 ,
1812 5701 1953 5739 men-

357 5774 533 5813 suram
562 5758 687 5812 cerli
716 5756 947 5822 itineris,
974 5756 1255 5812 Psalmista
1282 5757 1511 5818 dicente,
1543 5758 1840 5811 didicimus.

434 5827 459 5866 ι’
488 5828 824 5885 Glossarium
857 5830 1168 5886 Germanic.
1202 5829 1419 5901 Georgii
1448 5828 1730 5886 Wachteri
1757 5828 1953 5897 Lipsiae

2048 3348 2335 3404 Psalmista
2395 3345 2615 3400 dicente
2675 3362 2688 3398 :
2746 3342 2995 3395 Semitam
3045 3355 3208 3392 meant
3266 3348 3312 3390 et
3360 3333 3653 3406 funiculum

2049 3460 2219 3498 meum
2246 3451 2301 3494 tu
2331 3438 2650 3510 investigasti
2677 3436 2850 3506 (Psal.
2880 3449 3113 3490 cxxxvttt
3141 3474 3153 3495 ,
3183 3430 3263 3501 ἓ).
3286 3429 3341 3483 In
3364 3427 3487 3483 Nilo
3508 3426 3652 3481 enim

2050 3536 2275 3592 ﬂumine
2302 3577 2317 3603 ,
2368 3535 2484 3589 sive
2536 3534 2587 3587 in
2646 3532 2778 3586 rivis
2822 3529 2938 3599 ejns
2965 3572 2979 3594 ,
3024 3527 3201 3582 solent
3231 3538 3405 3580 naves
3438 3521 3657 3576 funibus

2051 3628 2271 3685 trahere
2296 3668 2310 3693 ,
2356 3634 2503 3681 certa
2535 3624 2798 3678 habentes
2836 3619 3007 3690 spatia
3034 3660 3049 3685 ,
3098 3634 3217 3688 quae
3271 3614 3545 3685 appellant
3573 3616 3657 3683 [u-

2051 3720 2253 3775 niculos
2278 3762 2291 3784 ,
2325 3727 2383 3773 ut
2432 3717 2606 3772 lahori
2633 3715 2975 3770 defessorum
3010 3755 3023 3777 ,
3060 3709 3297 3766 recentia
3328 3706 3656 3762 trahentium

2053 3814 2194 3870 colla
2245 3812 2560 3868 succedant.
2622 3809 2733 3864 Nec
2788 3809 2984 3861 mirum
3042 3806 3086 3861 si
3132 3815 3470 3873 unaquaeque
3524 3812 3659 3870 gens

2052 3916 2199 3963 certa
2231 3907 2437 3961 viarum
2467 3904 2639 3975 spatia
2663 3904 2775 3957 suis
2800 3901 3037 3971 appellet
3070 3896 3415 3960 nominibus,
3448 3910 3570 3949 cum
3606 3903 3657 3947 et

2052 3999 2229 4055 Latini
2282 3999 2432 4053 mille
2484 4012 2677 4067 passus
2732 4004 2975 4058 vocent,
3026 4002 3077 4047 ct
3132 3990 3274 4048 Galli
3326 3989 3552 4053 leucas,
3606 3993 3661 4040 et

2054 4092 2235 4146 Persrc
2265 4105 2594 4161 parasangas
2621 4133 2634 4154 ,
2664 4098 2719 4144 et
2748 4087 2776 4125 ιι
2829 4096 3005 4141 rastas
3038 4084 3293 4139 universa
3324 4079 3615 4137 Germania
3647 4119 3660 4142 ,

2053 4193 2213 4253 atque
2256 4184 2308 4237 in
2352 4182 2580 4251 singulis
2634 4179 2947 4235 nominibus
3000 4177 3213 4232 diversa
3265 4186 3522 4228 mensura
3569 4172 3659 4222 sit.

2054 4274 2179 4327 llaec
2231 4285 2563 4343 propterea,
2630 4273 2755 4342 quia
2805 4271 3026 4325 verlmm
3084 4266 3411 4322 Hchraicum
3468 4278 3659 4318 SAT'I‘IM

2056 4364 2276 4436 (cum)
2341 4365 2700 4435 Septuaginta
2756 4362 3016 4435 [utriculos
3073 4358 3489 4414 transtulerunt.
3546 4353 3662 4409 Cm-

2056 4465 2231 4512 terttm
2287 4457 2417 4511 nulli
2470 4457 2691 4511 dubium
2736 4464 2856 4517 est.
2910 4454 3094 4507 omnia
3140 4465 3261 4520 quae
3310 4449 3362 4502 in
3414 4447 3664 4503 taberna-

2055 4552 2178 4607 culo
2209 4551 2302 4605 Dei
2336 4552 2563 4621 legimus
2590 4595 2603 4619 ,
2652 4550 2720 4604 de
2765 4550 2923 4617 lignis
2963 4547 3143 4601 Settim
3173 4544 3339 4597 fuisse
3372 4541 3609 4610 perfecta
3650 4559 3659 4592 :

2052 4659 2172 4713 quae
2225 4643 2367 4697 LXX
2419 4643 2766 4712 interpretati
2818 4649 2941 4693 sunt
2991 4639 3130 4709 ligna
3158 4635 3521 4701 imputribilia.
3568 4633 3666 4687 Est

2053 4745 2231 4790 autem
2275 4750 2447 4804 genus
2498 4734 2709 4788 arboris
2754 4735 2803 4786 in
2836 4746 3021 4787 eremo
3047 4774 3059 4792 ,
3090 4731 3260 4798 Spina:
3291 4727 3429 4782 albie
3460 4725 3662 4788 simile,

2051 4828 2238 4883 colore
2304 4836 2358 4882 et
2409 4826 2598 4893 foliis,
2652 4843 2758 4881 non
2805 4823 3200 4894 magnitudine.
3259 4820 3511 4888 Alioquin
3556 4829 3660 4870 tam

2054 4920 2288 4989 grandes
2338 4932 2360 4959 ε
2412 4920 2637 4975 arbores
2681 4928 2809 4973 sunt
2841 4960 2854 4983 ,
2886 4928 2941 4971 ut
2973 4917 3237 4971 latissima
3270 4913 3433 4985 216
3456 4927 3523 4965 ex
3555 4906 3664 4961 illis

2053 5015 2294 5069 tabulata
2349 5013 2627 5068 credantur
2654 5056 2667 5071 .
2710 5013 3025 5083 lignumque
3066 5008 3426 5064 fortissimum
3460 5012 3576 5066 est,
3609 5012 3663 5056 et

2060 5106 2397 5162 incredibilis
2431 5106 2669 5161 levitatis
2699 5121 2762 5160 ac
2788 5101 3214 5175 pulchritudinis
3239 5140 3253 5164 ,
3291 5098 3361 5152 ita
3396 5106 3453 5151 ut
3481 5110 3546 5149 ex
3582 5093 3664 5146 his

2060 5199 2225 5254 etiam
2268 5214 2394 5254 vasa
2445 5200 2827 5261 torcularium.
2862 5213 2982 5268 quae
3013 5192 3232 5273 ἄρσενας
3263 5200 3319 5247 et
3353 5191 3538 5249 θηλύας
3566 5203 3658 5239 vo-

2060 5302 2187 5349 cant
2213 5336 2227 5360 ,
2257 5292 2512 5347 ditissimi
2544 5293 2744 5363 quique
2772 5298 2824 5345 et
2849 5286 3237 5344 studiosissimi
3270 5282 3474 5337 faciant
3497 5321 3510 5342 ,
3541 5295 3663 5349 qua:

2061 5384 2206 5456 ligna
2272 5384 2324 5439 in
2379 5385 2511 5439 locis
2560 5384 2750 5451 cultis,
2796 5394 2851 5437 et
2896 5383 2948 5436 in
2992 5380 3239 5433 Rontano
3271 5375 3427 5441 solo,
3460 5373 3667 5442 absque

2059 5542 2196 5597 1717
2261 5560 2274 5597 :
2335 5561 2354 5594 ι
2420 5542 2590 5605 Rost,
2639 5541 2879 5608 requies;
2937 5538 3083 5605 Rast,
3132 5536 3375 5591 milliare.
3416 5534 3579 5608 Rgsta
3609 5534 3662 5590 in

2056 5611 2357 5682 Evangelio
2402 5612 2635 5667 Gothico
2672 5607 2895 5681 pcnitnr
2926 5626 3025 5681 pro
3053 5608 3413 5682 milliarisin
3451 5607 3662 5661 chlco

2055 5680 2269 5739 Ronico
2300 5682 2427 5738 Rost
2456 5680 2802 5753 ponitur’pro
2831 5680 3087 5738 mensura
3103 5681 3219 5735 vim.
3252 5680 3660 5753 Videnostrunt

2060 5756 2277 5811 Hieron.
2318 5757 2369 5808 in
2402 5750 2616 5809 Prmfat.
2646 5750 2714 5808 ad
2745 5754 2838 5808 lib.
2863 5770 2901 5809 ιι
2925 5754 3234 5809 Comment.
3263 5752 3331 5806 ad
3363 5750 3604 5807 Galatas.
3640 5770 3657 5802 ι

2134 5837 2155 5863 ε
2189 5827 2301 5881 Huc
2318 5825 2459 5881 refer
2482 5827 2711 5881 Plinium
2739 5826 2831 5883 lib.
2857 5842 2981 5891 xm,
3012 5841 3130 5898 cap.
3162 5824 3263 5893 l9,
3297 5833 3350 5881 et
3376 5823 3468 5880 lib.
3511 5837 3661 5885 xxw,
