4100 6336
470 304 573 360 987

1739 306 1799 364 8.
1841 297 2106 363 EUSEBII
2147 297 2532 361 HIERONYMI

3656 307 3764 367 988

470 416 684 472 Arabiae
743 416 1036 474 solitudine
1086 431 1195 474 non
1253 420 1622 477 inveniuntur.
1679 422 1787 478 Pro
1841 428 2065 475 tonante
2095 414 2452 485 Art-aneos,
2505 419 2878 494 Alemannos,
2927 429 3224 494 gentesque
3275 419 3410 480 allas
3447 423 3762 497 significari.

467 509 816 581 fimiculorum
839 549 854 576 ,
898 511 1015 566 sive
1054 512 1361 582 spinarum,
1398 513 1758 585 Symmachus
1799 515 2068 584 interpre-

471 609 613 656 tatus
656 611 782 668 est,
829 602 1014 656 vallem
1058 605 1352 673 spinarum.
1396 605 1492 661 Est
1529 618 1712 663 autem
1747 608 1898 663 locus
1918 605 2070 676 juxta

474 692 757 750 Liviadem
793 706 944 750 trans
976 711 1126 751 mare
1149 707 1426 752 mortuum
1453 740 1470 765 ,
1500 709 1657 754 sexto
1679 700 1748 754 ab
1774 715 1840 755 ea
1864 699 2071 755 distans

471 788 767 855 milliaria,
812 789 904 844 ubi
935 790 1208 860 quondam
1248 805 1372 847 cum
1410 792 1724 849 Madianitis
1772 793 2072 849 fornicatus

471 887 556 936 est
583 880 775 938 Israel.
820 881 995 951 Hujus
1039 883 1144 938 loci
1181 899 1246 940 ex
1280 899 1512 954 persona
1543 885 1636 941 Dei
1669 885 1921 942 uictimas
1948 899 2073 954 pro-

471 970 628 1042 pheta
671 973 954 1040 meminit,
989 975 1175 1031 dicens
1227 994 1240 1030 :
1291 975 1532 1046 Populus
1573 995 1748 1047 meus,
1796 987 2066 1046 memento,

468 1081 643 1136 quwso
667 1107 683 1131 ,
714 1067 838 1137 quid
865 1069 1160 1139 cogitaverit
1187 1068 1385 1124 Balaclt
1402 1115 1416 1138 ,
1436 1087 1530 1128 rex.
1557 1071 1733 1140 Moab,
1763 1079 1812 1127 et
1840 1072 1966 1143 quid
1991 1088 2070 1125 re-

471 1158 736 1229 sponderit
765 1157 987 1214 Balaam
1010 1161 1152 1229 ﬁlius
1179 1161 1314 1216 Beor
1340 1164 1404 1217 de
1426 1163 1616 1220 Settim
1647 1181 1812 1236 usque
1843 1163 1913 1219 ad
1942 1162 2070 1218 Gal-

469 1247 642 1317 gatam
692 1247 878 1319 (Elicit.
927 1267 1013 1315 vr,
1068 1250 1145 1322 ὅ).
1198 1253 1304 1308 Pro
1352 1269 1462 1325 quo
1511 1264 1568 1311 et
1606 1255 1676 1310 ibi
1717 1256 2070 1327 Septuaginta

472 1341 899 1411 tranStulerunt,
927 1346 1030 1402 ἀπὸ
1060 1353 1161 1404 τῶν
1181 1349 1444 1419 σχοίνων,
1477 1349 1578 1405 hoc
1599 1357 1685 1404 est
1710 1393 1724 1418 ,
1757 1367 1787 1402 α
1820 1349 2070 1419 {articulis

473 1450 634 1504 usque
673 1435 742 1489 ad
774 1434 1068 1508 Galgalam.
1109 1437 1252 1510 Ergo
1288 1441 1602 1512 egredietur
1639 1445 1757 1499 fons
1805 1443 1874 1500 de
1907 1444 2072 1500 domo

475 1523 690 1582 Domini
717 1567 733 1594 ,
760 1544 884 1597 qua:
909 1531 1300 1602 interpretatur
1330 1535 1596 1592 Ecclesia.
1626 1537 1704 1594 De
1728 1551 1835 1608 quo
1858 1546 1913 1593 et
1943 1537 2073 1596 Eze-

474 1618 612 1674 chiel
641 1631 694 1675 et
737 1621 1022 1679 Zacharias
1065 1637 1274 1695 ponunt
1319 1628 1373 1683 in
1419 1630 1530 1686 ﬁne
1576 1631 1907 1688 voluminum
1947 1647 2072 1688 suo-

474 1729 593 1770 rum
623 1713 840 1787 (Ezech.
875 1735 1017 1775 mn
1039 1760 1058 1787 ,
1085 1721 1250 1780 Zach.
1280 1723 1402 1796 xttt)
1425 1767 1440 1790 ,
1470 1735 1528 1780 nt
1562 1727 1747 1797 spinas
1773 1736 1990 1784 nostras
2017 1736 2072 1784 et

2172 510 2284 567 Nos
2335 519 2516 567 autem
2566 513 2812 570 dicamus
2864 524 3108 587 tempore
3158 517 3462 576 Dominicaa
3493 533 3770 579 resurrec-

2175 604 2338 661 tionis
2361 647 2376 672 ,
2408 608 2492 662 vel
2524 607 2614 665 die
2636 609 2828 678 iudicii
2861 611 3179 685 (utrumque
3203 612 3348 668 enim
3377 613 3688 685 recipimus)
3713 627 3770 672 et

2170 698 2459 772 Egyptum
2518 710 2574 758 et
2613 701 2906 760 ldumaaam
2933 736 2952 774 ,—
3005 703 3058 760 in
3105 721 3171 761 eo
3211 707 3354 778 quod
3395 705 3662 781 Egyptus
3713 717 3770 766 et

2172 790 2405 848 Idumam
2451 802 2609 865 sunt,
2660 797 3042 854 destruendas.
3091 796 3360 874 rEgyptus
3400 799 3602 856 dicitur
3642 815 3772 859 uss-

2171 900 2300 941 ntnt
2334 884 2579 959 (Dium)
2607 930 2622 954 ,
2645 889 2791 960 quod
2816 893 3210 962 interpretatur
3238 893 3554 958 ἐκθλίϐουσα,
3587 893 3636 949 id
3663 904 3770 961 est,

2171 977 2393 1034 sanctos
2445 979 2538 1035 Dei
2589 997 2894 1054 persequens
2937 992 2990 1038 et
3025 983 3282 1038 tribulans
3309 999 3328 1039 .'
3358 983 3592 1040 Idumma
3622 1027 3636 1050 ,
3671 996 3774 1040 ter-

2171 1085 2326 1134 rena,
2380 1072 2466 1127 vel
2515 1081 2744 1128 cruenta.
2787 1073 3126 1146 Quicumque
3171 1075 3337 1145 igitur
3379 1075 3476 1130 Dei
3509 1075 3772 1146 populum

2172 1173 2493 1234 persecutus
2535 1174 2620 1220 est
2646 1205 2661 1230 ,
2707 1173 2761 1220 et
2805 1166 3039 1222 terrenis
3084 1168 3356 1222 vacaverit
3385 1168 3682 1238 operibus,
3710 1183 3776 1225 ac

2175 1254 2524 1310 multitudine
2568 1255 2898 1313 delictorum
2939 1259 3184 1328 quotidie
3216 1257 3422 1314 fuderit
3456 1261 3776 1329 sanguinem

2173 1351 2512 1404 innocentem
2541 1391 2556 1418 ,
2611 1363 2799 1406 eorum
2847 1352 3094 1418 scilicet,
3130 1365 3267 1423 quos
3311 1351 3514 1422 decipit
3539 1351 3653 1423 (At.
3682 1351 3779 1409 de-

2173 1440 2438 1511 ceperit),
2495 1441 2601 1496 erit
2649 1442 2702 1498 in
2757 1442 3114 1513 perditionem
3143 1486 3158 1511 ,
3211 1453 3270 1498 ut
3315 1444 3524 1500 animas
3562 1459 3778 1517 quoque

2175 1545 2468 1608 martyrum
2491 1537 2596 1592 sub
2619 1537 2774 1592 altari
2805 1537 3043 1596 clamare
3068 1541 3450 1612 cognovimus:
3479 1539 3776 1616 Usqucqtto,

2175 1631 2395 1686 Domine
2432 1639 2640 1687 sanctus
2676 1644 2723 1687 et
2761 1649 2942 1701 verus,
2972 1649 3074 1689 non
3090 1635 3300 1706 iudicas
3323 1643 3370 1689 et
3401 1637 3631 1692 vindicas
3658 1655 3778 1692 san-

2172 1723 2378 1793 guinem
2415 1732 2649 1779 nostrum
2686 1723 2750 1779 de
2794 1724 2875 1779 Isis
2919 1727 3009 1796 qui
3051 1726 3284 1782 habitant
3312 1725 3367 1782 in
3407 1735 3544 1783 terra
3582 1728 3770 1802 (Apoc.

476 1807 605 1862 vitia
644 1818 807 1881 atque
845 1823 1103 1882 peccata,
1158 1832 1280 1888 quae
1332 1819 1536 1876 nullam
1575 1820 1784 1894 frugem
1829 1821 2072 1880 habuere
2103 1814 2148 1876 Β
2174 1829 2263 1881 νιν
2294 1813 2434 1886 10)?

469 1903 698 1972 iustitiae
721 1945 737 1974 ,
789 1919 1127 1966 commutent
1173 1913 1228 1968 in
1271 1914 1486 1969 Domini
1538 1916 1753 1973 novalia
1783 1961 1797 1987 ,
1825 1926 1882 1974 et
1909 1918 2076 1973 aridi-

476 2005 640 2053 tatcm
668 2008 911 2057 nostram
939 2003 1120 2073 rigent
1144 2005 1299 2072 aquis
1323 2006 1645 2077 largissimis
1665 2051 1680 2077 ,
1704 2016 1760 2064 et
1785 2023 1883 2078 pro
1903 2009 2076 2079 spinis

475 2104 538 2145 ac
586 2093 846 2163 vepribus
871 2135 886 2160 ,
939 2094 1101 2154 tiores
1140 2099 1405 2156 virtutum
1451 2100 1780 2172 multiplices
1807 2103 2079 2173 gemine-

477 2198 620 2239 mus.
671 2186 735 2240 Et
784 2188 836 2243 in
883 2203 950 2245 eo
1003 2191 1155 2258 loco,
1201 2193 1291 2248 ubi
1340 2195 1612 2263 quondam
1654 2195 1956 2252 fornicatus
1992 2204 2079 2254 est

475 2275 676 2348 Israel,
703 2287 759 2338 et
788 2281 1030 2339 initiatus
1058 2295 1141 2340 est
1171 2286 1512 2358 Beelphegor
1532 2329 1548 2356 ,
1584 2289 1693 2344 lilia
1722 2291 1988 2348 castitatis
2019 2299 2080 2348 et

477 2385 618 2425 rosae
653 2374 876 2440 pudoris
902 2392 966 2433 ac
1007 2381 1330 2450 virginitatis
1361 2383 1682 2440 exuberent.

554 2462 734 2535 (Vers.
781 2467 894 2540 19.)
937 2469 1202 2543 ίΕσυρηιι
1246 2474 1301 2527 in
1350 2474 1671 2533 desolatione
1713 2475 1896 2550 [Vulg.
1927 2479 2080 2534 deso-

481 2551 752 2629 lationem]
809 2561 948 2627 erit,
1004 2571 1052 2616 et
1089 2562 1328 2620 Idumam
1360 2567 1414 2620 in
1455 2566 1712 2622 desertum
1738 2569 2077 2640 perditionis,

481 2664 576 2717 pro
631 2666 690 2705 eo
717 2653 855 2722 quod
883 2654 1057 2726 inique
1098 2666 1308 2727 egerunt
1357 2658 1536 2730 [Vulg.
1563 2647 1782 2732 egerint]
1826 2661 1882 2718 in
1936 2661 2082 2732 ﬁlios

481 2738 644 2803 Juda.
677 2754 727 2798 et
749 2744 1244 2822 elfuderunthulg.
1277 2751 1577 2827 eiiuderint]
1603 2756 1910 2826 sanguinem
1932 2758 2083 2812 inno-

481 2845 676 2891 centem
709 2839 764 2894 in
794 2849 932 2898 terra
953 2861 1070 2900 sua.
1101 2845 1246 2902 LXX
1273 2864 1286 2901 :
1319 2847 1587 2918 zEgyptus
1607 2850 1660 2902 in
1688 2850 1936 2920 perdione
1961 2851 2077 2921 erit,

479 2937 526 2981 et
559 2927 794 2986 Idumam
822 2934 874 2987 in
903 2953 1142 3008 campum
1170 2940 1527 3006 desolationis,
1557 2949 1767 3012 praptcr
1788 2942 2082 3013 iniquitates

483 3023 711 3092 ﬁliorum
761 3025 948 3096 Iuda,
1003 3047 1097 3100 pro
1150 3047 1210 3086 eo
1254 3033 1392 3102 quod
1438 3032 1732 3100 effuderunt
1774 3040 2083 3108 sanguinem

473 3119 678 3187 justum
701 3121 758 3176 in
785 3134 924 3178 terra
949 3142 1063 3181 sua.
1099 3125 1162 3182 Et
1194 3127 1250 3182 in
1278 3126 1383 3182 hoc
1409 3127 1531 3186 loco
1556 3128 1730 3186 Judaei
1760 3132 2085 3201 gravissimo

485 3229 678 3270 somno
707 3215 988 3274 dormiunt

485 3305 794 3376 Christum,
853 3310 950 3366 sed
997 3310 1390 3370 Antichristum
1420 3315 1741 3387 suscepturi
1767 3325 1936 3386 sunt,
1968 3317 2084 3374 vin-

487 3397 684 3456 dictam
717 3402 842 3468 sui,
886 3403 940 3457 in
976 3402 1262 3476 {Egyptios
1292 3408 1383 3476 qui
1411 3407 1572 3464 vicini
1602 3417 1767 3476 sunt,
1795 3417 1852 3466 et
1876 3409 1934 3468 in
1978 3409 2086 3468 Ro-

491 3505 679 3546 manos
706 3506 840 3560 quos
870 3493 1293 3563 interpretantur
1322 3493 1589 3552 Idumaeos
1612 3538 1627 3564 ,
1659 3512 1760 3567 Spe
1789 3498 2084 3556 vanissima

489 3581 888 3651 contingentes.
935 3583 1005 3640 Ut
1049 3585 1257 3643 scilicet
1285 3587 1561 3657 quomodo
1591 3588 1803 3646 Pharao
1829 3598 1884 3646 et
1907 3591 2090 3648 omnis

493 3675 612 3746 ejus
666 3677 976 3744 exercitus,
1032 3680 1123 3749 qui
1181 3696 1276 3752 per
1311 3681 1736 3753 quadringentos
1777 3692 1830 3740 et
1871 3684 2089 3754 triginta

493 3783 667 3824 annos
710 3770 970 3839 populum
1011 3770 1108 3827 Dei
1147 3773 1420 3843 captivum
1453 3773 1657 3846 tenuit,
1688 3773 1746 3832 in
1772 3774 1907 3832 mari
1928 3777 2088 3848 217

493 3860 677 3918 Rubro
713 3865 1031 3920 submersus
1060 3878 1184 3921 est:
1215 3867 1296 3924 sic
1325 3868 1488 3922 etiam
1520 3867 1753 3926 Romani
1781 3870 1872 3939 qui
1898 3871 2091 3927 eodem

493 3968 760 4008 annorum
814 3955 994 4025 spatio
1041 3955 1260 4012 Judccos
1322 3960 1624 4026 possessuri
1675 3969 1840 4026 sunt,
1887 3961 2093 4020 ultione

497 4047 710 4104 Domini
739 4049 1048 4104 deleantur.
1079 4049 1194 4106 Hoc
1220 4051 1294 4106 illi
1325 4066 1421 4121 spe
1443 4051 1546 4108 sibi
1569 4065 1721 4108 cassa
1750 4052 2090 4122 promittant.

498 4135 680 4205 Neque
722 4137 867 4192 enim
915 4149 1142 4207 possunt
1190 4154 1463 4210 exponere
1503 4155 1671 4210 quare
1700 4156 1820 4198 cum
1865 4140 1919 4196 iu
1961 4143 2096 4200 orbe

495 4239 662 4282 tanta:
711 4229 822 4284 sint
870 4230 1160 4298 nationes,
1213 4231 1334 4288 dua:
1390 4231 1569 4288 solum
1617 4240 1850 4304 gentes,
1889 4233 2096 4306 Egyp-

499 4322 696 4375 tiorum
737 4330 792 4378 et
839 4321 1200 4378 Idumaeorum
1241 4333 1577 4396 expetantur
1606 4325 1672 4380 ad
1715 4339 1934 4398 pmnarn
1960 4344 1974 4394 ;
2005 4336 2096 4384 aut

497 4431 596 4472 cur
629 4433 724 4486 pro
748 4417 1000 4474 ldutnteis
1032 4419 1400 4490 intelligantur
1429 4419 1662 4480 Romani
1690 4463 1704 4486 ,
1737 4435 1862 4480 cum
1901 4409 2097 4482 eadem

499 4511 716 4566 licentia
748 4512 1042 4568 mentiendi
1073 4527 1104 4568 e
1129 4511 1347 4571 diverso
1379 4513 1655 4583 possimus
1682 4527 1966 4582 asserere,
1997 4514 2099 4573 sub

2253 1907 2435 1979 (Vere.
2465 1909 2536 1964 20
2557 1908 2740 1982 seqq.)
2779 1909 2850 1965 Et
2876 1909 3068 1966 Iudaea
3090 1911 3145 1966 in
3170 1921 3422 1967 internum
3445 1909 3778 1983 habitabitur,

2179 2008 2226 2055 et
2249 1999 2542 2056 Jerusalem
2572 2002 2625 2056 in.
2652 2003 2980 2074 generatione
3009 2011 3058 2058 et
3087 2005 3474 2076 generatioth
3503 2013 3590 2060 :ct
3628 2023 3783 2061 man-

2179 2092 2314 2146 dabo
2341 2094 2639 2165 sanguinem
2671 2109 2870 2164 eorum,
2919 2103 3097 2166 t‘quos
3135 2111 3240 2149 non
3287 2098 3452 2170 218
3504 2099 3786 2153 mandara-

2176 2203 2308 2251 ram,
2337 2195 2382 2242 et
2415 2186 2664 2244 Dominus
2691 2187 3090 2242 commorabitur
3107 2188 3164 2242 in
3187 2187 3340 2245 Sion.
3375 2189 3522 2246 LXX
3553 2208 3566 2245 :
3593 2189 3781 2246 Iudam

2180 2291 2350 2333 autem
2383 2281 2435 2334 in
2457 2288 2709 2334 (sternam
2735 2280 3074 2348 habitabitur,
3096 2289 3146 2334 rt
3164 2279 3459 2336 Jerusalem
3485 2284 3539 2337 in
3566 2300 3784 2356 genera-

2183 2375 2322 2427 tione
2345 2381 2394 2426 et
2415 2373 2823 2444 generationem,
2870 2383 2917 2428 et
2961 2375 3225 2444 requiram
3253 2374 3556 2443 sanguinem
3583 2392 3779 2442 eorum,

2179 2466 2505 2536 ina—itumque
2553 2481 2660 2520 esse
2688 2482 2787 2518 non
2817 2467 3012 2536 patiar,
3051 2465 3114 2520 Et
3145 2463 3408 2521 Dominus
3434 2468 3686 2522 habitabit
3728 2471 3782 2524 in

2185 2558 2338 2614 Sion.
2383 2557 2501 2613 Non
2532 2558 2718 2628 utique
2751 2558 2865 2616 haec
2906 2557 3091 2613 .ludaea
3127 2558 3180 2613 iu
3209 2567 3478 2615 aeternum
3513 2560 3783 2616 habitabi-

2185 2658 2294 2718 tur,
2319 2665 2479 2722 quam
2511 2651 2759 2706 ridemus
2793 2664 2918 2705 esse
2949 2649 3227 2706 desertam
3257 2669 3271 2706 :
3303 2667 3411 2706 non
3439 2652 3541 2707 ista
3566 2649 3784 2708 Jerusa-

2186 2749 2313 2817 lem,
2347 2748 2500 2816 enlus
2553 2747 2741 2804 ruinas
2782 2749 3060 2804 cernimus
3090 2765 3102 2804 :
3137 2748 3230 2804 sed
3262 2748 3356 2804 illa
3391 2747 3596 2813 Judma,
3627 2747 3780 2817 cujus

2186 2841 2314 2896 ﬁlias
2347 2841 2759 2897 exsultaverunt
2806 2849 2863 2896 et
2895 2841 3095 2896 laetata:
3124 2855 3251 2896 sunt
3276 2841 3328 2896 lu
3365 2839 3619 2896 omnibus
3641 2837 3783 2908 judi-

2184 2937 2286 2994 ciis
2314 2936 2547 2991 Domini.
2582 2937 2650 2991 Et
2678 2936 2747 2992 de
2769 2951 2874 3006 qua
2909 2935 2962 2990 in
2998 2937 3107 2991 line
3129 2935 3562 3006 quinquagesimi
3592 2933 3781 3004 psalmi

2188 3028 2419 3100 legimus
2449 3045 2462 3082 :
2495 3027 2728 3099 Benigne
2752 3029 2860 3100 fac,
2889 3025 3134 3097 Domine,
3163 3027 3219 3081 in
3248 3027 3387 3081 bona
3407 3025 3665 3081 voluntate
3697 3034 3782 3080 tua

2189 3120 2341 3191 Sion,
2375 3131 2430 3175 ut
2457 3121 2784 3190 adiﬁcantur
2819 3121 2956 3175 mari
2984 3119 3300 3175 Jerusalem.
3346 3119 3401 3175 In
3435 3119 3537 3174 hac
3567 3119 3785 3189 provin-

1035 3237 1048 3273 :
1095 3221 1148 3276 in
1189 3220 1384 3277 ultimo
1409 3231 1657 3292 tempore
1681 3263 1698 3292 ,
1725 3226 1942 3297 quando
1973 3241 2080 3284 non
2109 3212 2155 3276 C
2185 3215 2266 3271 cia
2297 3213 2660 3270 confessionis
2686 3221 2740 3268 et
2790 3213 3004 3284 glorize,
3064 3218 3120 3269 et
3171 3213 3224 3268 in
3272 3213 3374 3268 hac
3413 3212 3546 3267 urbe
3596 3211 3649 3266 in
3680 3225 3782 3281 qua

2191 3323 2290 3379 pax
2319 3307 2529 3362 Domini
2559 3306 2824 3371 cernitur,
2868 3307 3197 3360 erittcterna
3251 3304 3542 3372 habitatio,
3582 3317 3690 3358 non
3727 3303 3779 3358 in

2188 3413 2373 3464 unam,
2406 3398 2492 3453 vel
2523 3396 2576 3452 lu
2614 3409 2748 3464 tres,
2779 3404 2873 3451 aut
2922 3395 3105 3466 plures
3138 3396 3543 3466 generationes,
3591 3394 3687 3449 sed
3731 3395 3780 3448 in

2188 3493 2542 3562 generatione
2573 3499 2628 3546 et
2656 3489 3092 3561 generationem,
3127 3489 3232 3544 hoc
3252 3497 3355 3554 est,
3385 3488 3438 3543 in
3462 3487 3673 3544 duabus
3692 3500 3786 3559 ge-

2193 3585 2568 3642 nerationibus
2617 3599 2832 3649 eorum,
2863 3585 2955 3654 qui
2989 3583 3058 3638 de
3098 3582 3310 3638 Judmis
3332 3590 3388 3638 et
3432 3582 3498 3636 de
3537 3581 3785 3651 gentibus

2191 3677 2570 3733 crediderunt.
2606 3676 2671 3732 Et
2703 3676 2984 3732 mundabit
3023 3676 3288 3731 Dominus
3314 3675 3636 3746 sanguinem
3670 3690 3788 3728 om-

2194 3771 2348 3826 nium
2371 3779 2748 3841 peccatorum,
2777 3785 2940 3840 quem
2977 3769 3126 3838 prius
3177 3783 3286 3824 non
3331 3767 3707 3833 mundarerat,
3733 3771 3789 3821 ut

2195 3863 2420 3918 mandet
2451 3864 2504 3917 in
2536 3861 2858 3931 Evangelio,
2891 3876 3027 3931 quos
3089 3861 3143 3915 in
3174 3859 3318 3930 Lege
3369 3867 3662 3930 peccantes
3691 3858 3790 3912 im-

2197 3953 2434 4008 mundos
2467 3954 2790 4023 reliquerat.
2841 3952 2970 4008 ldeo
2994 3952 3140 4008 enim
3166 3952 3436 4007 conclusit
3483 3951 3660 4006 omnia
3691 3949 3790 4006 sub

2197 4055 2444 4117 peccato,
2472 4053 2532 4100 ut
2559 4045 2815 4100 omnibus
2841 4044 3168 4100 misereatur
3195 4043 3377 4117 (Rom.
3405 4043 3516 4114 xt);
3556 4044 3670 4099 sive
3711 4043 3790 4099 nl-

2196 4141 2431 4196 eiscetur
2451 4154 2734 4194 servorum
2767 4153 2990 4194 suorum
3015 4138 3361 4209 sanguinem,
3384 4151 3548 4208 quem
3567 4139 3622 4193 in
3649 4154 3791 4193 mar-

2199 4231 2337 4303 tyrio
2362 4244 2462 4301 pro
2492 4230 2731 4286 nominis
2762 4231 2882 4301 ejus
2903 4230 3254 4286 confessione
3285 4228 3563 4286 fuderunt.
3591 4231 3658 4286 Et
3686 4231 3790 4286 Do-

2200 4325 2380 4382 minus
2417 4325 2848 4381 commorabitur
2875 4325 2929 4380 in
2960 4325 3111 4391 Sion,
3152 4325 3222 4380 de
3249 4338 3352 4395 qua
3375 4325 3635 4395 scriptum
3662 4333 3746 4380 est
3774 4340 3788 4378 :

2203 4417 2564 4474 Fundamenta
2591 4419 2705 4491 ejus
2734 4418 2790 4473 in
2834 4417 3093 4472 montibus
3130 4417 3364 4484 sanctis;
3407 4417 3579 4488 diligit
3611 4417 3789 4470 Domi-

2201 4529 2300 4568 nus
2345 4521 2522 4583 portas
2584 4510 2717 4568 Sion
2744 4551 2760 4578 ,
2805 4527 2961 4581 super
3009 4511 3188 4565 omnia
3247 4511 3580 4565 tabernacula
3625 4509 3788 4566 Jarob

498 4603 858 4662 “ultimorum
889 4607 1158 4664 vocabulo
1187 4607 1271 4664 vel
1303 4607 1499 4666 Persas
1525 4648 1542 4674 ,
1573 4607 1658 4666 vel
1683 4608 1978 4678 Elamitas,
2009 4609 2081 4665 vel

2205 4605 2320 4677 (Ps.
2352 4619 2542 4673 vattt,
2573 4604 2652 4675 l).

499 4788 550 4826 c.
608 4769 701 4838 19.;
745 4767 1180 4841 Theophrastum
1209 4784 1424 4841 quoque
1466 4769 1602 4824 llist.
1638 4767 1816 4841 Plant.
1862 4763 1957 4824 lib.
1992 4784 2044 4824 tv
2070 4813 2088 4839 ,

501 4857 550 4896 c.
585 4843 695 4912 ξ),
728 4841 816 4894 ubi
867 4839 1073 4896 ἄκανθον
1121 4839 1372 4895 arborem
1429 4856 1551 4897 esse
1606 4839 1806 4909 tradit,
1858 4855 1923 4896 ex
1983 4855 2088 4912 qua

501 4911 884 4984 δωδεκάπῃχυς
915 4914 1006 4972 ὕλη
1024 4958 1036 4980 ,
1072 4913 1295 4966 caeditur
1319 4953 1344 4984 ,ί
1357 4923 1469 4984 etc.

575 4993 600 5020 α
631 4985 712 5038 Ad
740 4983 1015 5051 Vulgatam
1043 4983 1599 5054 edition.7Victorius,
1637 5001 1789 5054 quem
1821 5001 1840 5038 :
1873 4985 2095 5053 probat-

500 5070 603 5127 que
630 5073 695 5111 ex
724 5058 838 5128 ipso
865 5056 1192 5130 Hieronymo
1215 5053 1439 5112 inferius
1468 5072 1482 5111 τ
1519 5054 1584 5114 Et
1615 5053 1878 5114 mundabit
1909 5055 2097 5112 Domi-

2199 4783 2296 4821 nus
2344 4766 2646 4838 sanguinem
2692 4767 2922 4822 omnium
2956 4776 3309 4836 peccatorum,
3335 4767 3489 4837 QUI-zu
3521 4767 3666 4837 prius
3693 4783 3790 4821 non

2202 4835 2556 4891 mandaverat.
2587 4835 2969 4908 Mox‘qttoque,
2989 4852 3122 4906 pene
3135 4859 3157 4910 ς
3184 4835 3478 4910 LXX,'pro
3498 4835 3550 4891 in
3579 4855 3790 4908 genera-

2201 4911 2339 4962 tione
2362 4919 2408 4962 ct
2431 4911 2831 4984 generationem,
2867 4910 3110 4978 reponit,
3142 4909 3194 4963 in
3241 4909 3598 4984 generationes
3647 4924 3793 4982 genae

2200 4984 2482 5046 rationum,
2515 4981 2660 5050 iuxta
2688 4981 2957 5046 Graecum,
2984 4984 3052 5044 εἰς
3079 4981 3258 5055 γενιὰξ
3282 4988 3486 5056 γενεῶν.

2891 5096 2946 5108 -η

1929 5489 2361 5766 iiii"
