4120 6342
376 291 479 344 9:9

1247 282 1906 345 COMMENTARIORUM
1949 283 2016 344 IN
2055 283 2240 342 AHOS
2277 285 2412 344 LIB.
2453 287 2496 344 Ι.
2539 286 2694 346 CAP.
2735 286 2775 344 Ι.

389 426 3660 480 Www

959 547 1106 662 S.
1181 548 1920 663 EUSEBII
1996 543 3014 661 HIEBONYM

1459 740 2031 807 STRIDONENSIS
2072 743 2572 806 PRESBYTER!

1088 875 2824 1038 COMMENTARIORUM
2870 908 2910 955 α

677 1139 920 1299 ΙΝ
1050 1137 1692 1306 AMOS
1824 1137 3334 1302 PROPHETAM

1643 1400 1960 1485 LIBRI
2035 1400 2370 1484 TRES.

1667 1615 2342 1726 PROLOGUS”.

433 1903 790 1978 ειυς-220
817 1903 986 1960 Amos
1015 1901 1304 1974 propheta,
1339 1900 1430 1972 qui
1456 1899 1702 1968 sequitur
1729 1898 1965 1967 Joelem,
1989 1904 2042 1962 A
2069 1916 2161 1958 sex
2195 1903 2432 1960 millibus
2456 1904 2522 1959 ad
2574 1905 2934 1961 meridianam
2967 1907 3181 1978 plagam
3226 1907 3386 1963 abest
3415 1921 3444 1962 a
3478 1869 3668 1966 sancta

358 2009 416 2055 et
439 2010 523 2056 est
549 1999 738 2054 tertius
785 1997 1074 2053 duodecim
1118 1995 1529 2068 prophetarum,
1561 2010 1666 2049 non
1699 2001 1785 2048 est
1814 1994 1952 2060 ipse,

361 2105 524 2163 quem
579 2099 789 2160 patrem
845 2088 998 2144 Isaiae
1039 2088 1320 2159 prophetae
1379 2088 1626 2156 legimus.
1666 2084 1762 2140 ille
1808 2087 1954 2140 enim

356 2183 614 2240 scribitur
642 2197 736 2252 per
769 2182 996 2252 primam
1016 2187 1070 2237 et
1085 2183 1330 2236 ultimam
1350 2179 1586 2235 nominis
1614 2180 1696 2233 Stti
1718 2175 1954 2233 litteram

357 2290 530 2331 suurn
559 2281 614 2330 et
636 2290 790 2338 sane,
816 2283 872 2330 et
892 2273 1286 2344 interpretatur
1305 2274 1478 2344 fortis,
1501 2281 1662 2342 atque
1694 2271 1952 2325 robustus.

357 2369 456 2424 llic
481 2381 617 2426 vero
646 2383 742 2439 per
771 2383 862 2423 aut
886 2376 939 2423 et
955 2382 1187 2430 ssnucu,
1211 2375 1267 2423 et
1295 2367 1691 2437 interpretatur
1729 2365 1957 2437 populus

356 2463 566 2517 avulsus
601 2477 621 2516 :
643 2460 839 2516 media:
867 2459 1064 2515 litteras
1090 2473 1205 2515 usu
1235 2471 1288 2515 et
1325 2474 1428 2514 vsu
1458 2458 1676 2528 utrique
1711 2471 1956 2511 commu-

357 2574 454 2614 nes
483 2563 628 2614 sunt.
659 2557 816 2627 Apud
851 2572 949 2612 nos
978 2566 1159 2613 autem
1203 2556 1298 2628 qui
1330 2565 1531 2610 tantam
1579 2552 1689 2626 [ΑΙ.
1720 2550 1958 2624 tantum]

356 2653 620 2708 vocalium
649 2651 977 2715 litterarum,
1011 2659 1063 2706 et
1095 2667 1118 2705 ε
1145 2647 1258 2724 [ΑΙ.
1292 2647 1357 2721 si]
1393 2648 1608 2715 litterae,
1660 2663 1782 2716 qme
1808 2644 1951 2716 apud

356 2743 615 2801 Hebraeos
645 2745 846 2816 triplex
876 2751 982 2810 est,
1011 2743 1372 2800 dill'erentiam
1400 2758 1506 2798 non
1531 2742 1812 2809 habemus,
1836 2741 1952 2795 hare

355 2849 404 2894 et
430 2839 534 2893 alia
568 2837 783 2892 nomina
816 2835 1078 2892 videntur
1123 2851 1244 2893 esse
1283 2836 1615 2901 communia,
1665 2851 1783 2904 quzc
1811 2832 1951 2904 apud

355 2931 616 2986 llebrtros
643 2933 1040 2986 elementorum
1061 2929 1406 2996 diversitate,
1454 2936 1508 2982 et
1549 2929 1661 2983 suis
1707 2927 1950 2997 prOprie—

353 3023 1002 3093 tatibus‘dlsﬁnguuntur.
1032 3022 1135 3080 llic
1155 3023 1316 3094 igitur
1332 3021 1597 3092 propheta
1625 3035 1783 3090 quem
1809 3035 1954 3075 nunc

355 3115 612 3170 habemus
646 3115 697 3169 in
729 3113 995 3180 manibus,
1028 3113 1130 3169 fuit
1179 3114 1248 3170 de
1298 3113 1500 3184 oppido
1531 3113 1770 3179 Tbecue,
1804 3111 1948 3182 quod

2061 1993 2359 2064 Bethleem,
2384 2012 2508 2068 quae
2556 1998 2743 2052 mundi
2770 1999 2957 2068 genuit
2997 1998 3376 2064 Salvatorem;
3425 2008 3481 2056 et
3523 2003 3667 2057 ultra

2061 2087 2242 2142 nullus
2273 2097 2357 2143 est
2387 2087 2617 2154 viculus,
2643 2100 2750 2146 ene
2780 2097 3030 2162 agrestes
3055 2092 3278 2163 quidem
3311 2107 3454 2148 casae
3474 2102 3529 2150 et
3553 2095 3666 2149 lur-

2064 2192 2256 2233 norum
2303 2179 2535 2249 similes,
2572 2195 2708 2252 quas
2735 2181 2852 2237 Afri
2878 2183 3158 2253 appellant
3184 2185 3437 2254 mapalia.
3495 2185 3666 2241 Tanta

2064 2283 2146 2326 est
2195 2275 2365 2328 eremi
2417 2275 2666 2338 vastitas,
2715 2289 2839 2346 quat
2881 2291 3053 2346 usque
3093 2277 3161 2332 ad
3193 2292 3344 2334 mare
3389 2278 3664 2346 Rubrum,

2065 2364 2461 2436 Persarumque
2491 2375 2546 2422 et
2576 2366 2900 2438 Ethiopum
2923 2378 3090 2438 atque
3115 2370 3368 2426 Indorum
3397 2373 3664 2427 terminos

2063 2457 2334 2513 dilatatur.
2373 2459 2438 2513 Et
2466 2459 2590 2529 quia
2623 2460 2778 2516 humi
2815 2461 2976 2516 arido
3020 2469 3185 2533 atque
3234 2471 3471 2518 arenoSo
3528 2465 3665 2521 nihil

2059 2553 2282 2606 omnino
2306 2549 2520 2622 frugum
2565 2552 2829 2624 gignitur,
2862 2566 3060 2610 cuncta
3085 2563 3213 2610 sunt
3244 2556 3399 2626 plena
3433 2557 3665 2627 pastori-

2057 2645 2180 2713 bus,
2205 2657 2260 2700 ut
2290 2648 2630 2702 sterilitatem
2657 2655 2817 2703 terre
2843 2658 3197 2720 compensant
3240 2665 3492 2720 pecorum
3524 2651 3667 2706 mul-

2058 2740 2306 2796 titudine.
2337 2740 2417 2795 Ex
2469 2741 2572 2796 hoc
2602 2756 2832 2796 numero
2872 2753 3155 2814 pastorum
3199 2744 3364 2798 Amos
3395 2743 3660 2814 propheta

2058 2832 2176 2894 fuit.
2260 2834 2521 2903 inperitus
2577 2848 2868 2903 sermone,
2923 2835 3017 2890 sed
3078 2850 3184 2890 non
3216 2836 3462 2892 scientia.
3510 2835 3658 2891 Idem

2056 2928 2224 2994 enim,
2280 2926 2368 2996 qui
2393 2941 2490 2997 per
2518 2941 2708 2982 omnes
2733 2927 3050 2998 prophetas,
3092 2929 3236 2984 ineo
3267 2927 3506 2998 Spiritus
3535 2945 3660 2985 san-

2056 3033 2176 3077 ctus
2205 3022 2550 3090 loquebatur.
2576 3019 2732 3078 Unde
2765 3035 2865 3077 nos
2895 3037 2964 3077 ex
2991 3021 3222 3078 Hebrtro
3266 3021 3549 3078 vertimus.

348 3227 3654 3255 ΜΗ

1385 3323 1865 3432 LIBER
1938 3319 2584 3431 PRIMUS.

420 3488 575 3560 (Cap.
603 3489 645 3546 1.
678 3519 751 3531 —
781 3489 936 3546 Vers.
983 3486 1064 3562 ‘1.)
1094 3491 1252 3563 221
1287 3487 1459 3544 Verba
1492 3491 1681 3555 Amos,
1715 3491 1803 3552 qui
1845 3489 1947 3559 fuit

345 3585 400 3638 in
453 3583 799 3655 pastoralibus
838 3583 902 3636 de
943 3581 1179 3649 Thecue,
1223 3598 1337 3654 qua:
1363 3582 1503 3636 [cidit
1555 3599 1709 3654 super
1753 3579 1942 3634 Israel.

345 3673 700 3742 Septuaginta
726 3681 905 3728 autem
925 3715 940 3739 ,
973 3673 1167 3730 nescio
1194 3673 1326 3744 quid
1355 3673 1635 3737 volentes,
1671 3674 1944 3743 interpre-

2055 3489 2118 3542 de
2160 3487 2382 3553 Thecue,
2429 3502 2558 3558 quos
2593 3487 2722 3541 uidit
2764 3503 2858 3558 pro
2893 3486 3202 3542 Jerusalem.
3253 3489 3656 3560 Sciendnmque

2059 3580 2204 3634 hunc
2235 3577 2576 3648 prophetam,
2629 3591 2734 3633 non
2780 3594 2878 3650 pro
2907 3578 3228 3648 Jerusalem,
3271 3580 3414 3650 quod
3455 3581 3507 3634 in
3549 3581 3658 3636 lle-

2054 3675 2201 3728 braro
2235 3674 2452 3742 penitus
2479 3686 2583 3726 non
2617 3672 2883 3739 habetur;
2917 3673 3012 3728 sed
3042 3690 3197 3743 super
3221 3672 3425 3740 Israel,
3456 3673 3510 3728 id
3543 3683 3648 3742 est,

348 3767 440 3822 lati
468 3774 594 3822 sunt
623 3784 635 3820 :
667 3765 941 3822 Sermones
972 3763 1162 3834 Amas,
1203 3766 1296 3837 qui
1334 3766 1458 3836 facti
1487 3775 1608 3821 sunt
1627 3766 1682 3820 in
1711 3766 1948 3821 Accarim
1975 3771 2022 3831 B
2125 3766 2191 3820 In
2229 3766 2410 3820 diebus
2441 3765 2586 3821 Ozias
2611 3767 2746 3838 regis
2775 3765 2948 3834 Iuda,
2983 3776 3031 3820 et
3064 3767 3119 3821 in
3149 3765 3330 3820 diebus
3372 3765 3650 3822 leruboam

415 3911 441 3939 τι
467 3902 679 3958 Praeter
724 3903 974 3957 laudatos
1020 3902 1300 3958 Palatinos
1349 3902 1592 3971 codices,
1634 3919 1742 3960 uno
1785 3904 1938 3961 dein-

341 3988 472 4042 ceps
500 3981 714 4028 utemur
743 3973 1148 4038 NOuantulano,
1183 3989 1326 4029 nunc
1355 3975 1695 4031 bibliothecae
1727 3975 1938 4032 Sanctae

341 4045 532 4100 Crucis
554 4045 608 4100 in
629 4045 930 4101 Jerusalem
960 4045 1030 4100 de
1057 4048 1212 4111 urbe,
1247 4046 1336 4116 qui
1367 4063 1517 4101 num.
1547 4046 1618 4102 90
1666 4056 1937 4116 praenota-

343 4127 450 4181 tur,
482 4125 540 4188 et
583 4117 736 4188 cujus
763 4125 982 4172 aetatem
1008 4133 1073 4172 ex
1115 4117 1217 4173 hac
1263 4117 1586 4188 colligimus
1615 4119 1934 4188 epigraphe,

339 4202 460 4256 quae
509 4187 564 4243 in
605 4190 776 4259 prima
823 4188 951 4244 libri
991 4189 1206 4259 pagella
1243 4189 1446 4258 legitur
1497 4207 1509 4244 :
1559 4187 1936 4259 De’acquisito

341 4259 532 4332 ροηιηί
563 4259 738 4332 Anfrit
763 4259 967 4332 abbat._
998 4259 1206 4315 Etenim
1259 4270 1414 4314 vetus
1455 4261 1934 4332 aut-torACatalogi

337 4329 838 4385 Nonantulanornm
882 4329 1160 4400 abbatum,
1197 4347 1357 4400 quem
1391 4333 1600 4401 pridem
1635 4329 1937 4399 Hughellus

336 4401 532 4475 edidit,
553 4402 746 4475 itahde
768 4403 864 4456 illo
895 4403 1088 4475 scribit
1121 4421 1133 4456 :
1167 4404 1343 4473 Anfrit
1364 4421 1529 4458 annos
1558 4418 1675 4475 Evn
1726 4401 1933 4475 (suppl.

333 4470 511 4542 sedit).
540 4471 823 4545 Ordinatus
841 4489 980 4528 anno
1008 4471 1220 4545 Domini
1251 4470 1504 4531 eccam.
1547 4473 1650 4528 Hic
1681 4470 1777 4545 fuit
1801 4470 1938 4545 ire-li-

332 4545 536 4615 giosus,
566 4554 610 4595 et
647 4542 754 4595 Deo
774 4544 985 4615 devotus
1009 4544 1110 4615 fvir,
1133 4554 1182 4600 et
1221 4545 1545 4601 sanctissime
1602 4542 1751 4599 via‘it.
1789 4544 1935 4615 Fecit

334 4611 510 4686 autem
531 4627 740 4682 capsum
765 4611 1036 4686 Evangelii
1067 4623 1229 4686 totam
1259 4631 1492 4681 auream,
1521 4624 1567 4669 et
1597 4616 1834 4686 pretiosis
1857 4614 1935 4670 la-

333 4684 545 4768 pidibus
593 4692 868 4749 ornatam;
917 4684 1044 4768 fecit
1073 4684 1930 4768 calicemgrandem‘argenteum,

334 4766 381 4809 et
409 4765 674 4826 patenum,
709 4771 840 4826 quos
867 4757 1084 4826 mirifice
1130 4758 1330 4811 vestivit
1359 4773 1508 4822 auro,
1539 4766 1586 4811 et
1619 4757 1819 4810 ornauit
1851 4758 1932 4812 la-

373 4824 566 4882 idibus.
587 4824 730 4882 Obiit
766 4827 914 4881 tertio
946 4824 1080 4882 Idus
1130 4826 1310 4899 Martii
1344 4828 1514 4899 (anni,
1538 4828 1749 4882 scilicet
1779 4830 1931 4899 858).

355 4898 468 4968 Eius
493 4899 817 4968 legationem
838 4909 1102 4952 memorat
1129 4898 1470 4968 Eginhurd‘ns
1489 4898 1754 4954 deccnnio
1785 4898 1929 4954 ante:

334 4967 680 5041 Ilalidgarius
735 4967 1117 5041 Cameracensis
1181 4967 1452 5041 episwpus
1483 5011 1498 5036 ,
1552 4981 1598 5024 et
1657 4971 1934 5040 Ansfrirlus

331 5037 813 5113 abbas—monasterii
853 5037 1184 5113 Nonantuﬁle
1231 5037 1732 5113 Constantinoysolim
1763 5037 1932 5113 missi,

330 5119 381 5164 et
409 5128 441 5165 a
469 5110 726 5184 Michaelc
757 5113 1066 5184 imperatore
1096 5112 1381 5184 honoriﬁce
1409 5110 1635 5184 suscepti
1655 5123 1799 5166 sunt.
1825 5112 1934 5169 Ne-

2045 3921 2109 3960 ex
2142 3901 2290 3959 tertii
2312 3902 2363 3957 in
2386 3901 2532 3957 hunc
2556 3901 2877 3972 prophetam
2895 3901 3017 3957 libri
3048 3901 3379 3958 Prmfatioue
3404 3911 3646 3958 constat.

2118 3987 2137 4013 ο
2171 3974 2506 4057 Κήιοι-,λιιι
2550 3974 2650 4057 nisi
2693 3983 2920 4057 agrestes
2957 3974 3198 4057 quietiam
3234 3991 3389 4056 crisat,
3439 3989 3651 4057 pro__ne

2041 4053 2268 4118 agrestes
2316 4044 2528 4115 quidem
2555 4043 2839 4114 legendum
2887 4053 2990 4118 est.
3032 4044 3170 4112 Quid
3209 4046 3377 4111 enim,
3405 4043 3460 4099 si
3481 4045 3650 4118 nulla!

2041 4115 2266 4188 prorsus
2291 4127 2470 4181 erant,
2494 4132 2564 4171 ne
2585 4124 2830 4184 agrestes
2860 4115 3103 4188 quidem,
3155 4131 3251 4172 eas
3277 4125 3435 4171 vocat.
3464 4117 3646 4188 furno.

2041 4186 2156 4245 rum
2181 4188 2398 4254 similes,
2441 4197 2496 4243 et
2551 4188 2858 4256 mapalibus
2912 4186 3168 4258 Afrorum
3212 4189 3531 4258 comparat?
3562 4186 3648 4246 Ad

2042 4262 2158 4316 haec
2202 4262 2246 4315 si
2277 4268 2467 4313 cuncta
2497 4268 2641 4312 erant
2662 4260 2815 4330 plena
2842 4257 3170 4330 pastoribus,
3209 4266 3262 4312 et
3292 4257 3644 4314 sterilitatem

2038 4341 2199 4388 terrae
2221 4331 2607 4399 compensabat
2638 4329 2896 4398 pecorum
2925 4329 3212 4384 multitudo
3238 4346 3252 4383 :
3299 4330 3462 4398 igitur
3494 4341 3651 4386 erant

2039 4414 2092 4460 et
2111 4414 2263 4458 antra
2293 4412 2348 4458 et
2381 4401 2556 4457 caulae
2579 4411 2636 4482 et
2659 4401 2870 4482 tuguria
2889 4441 2903 4462 ,
2935 4401 2987 4454 in
3018 4401 3216 4482 quibus
3241 4409 3403 4482 noctu
3451 4401 3644 4482 saltem

2037 4485 2284 4545 pastores
2313 4481 2558 4544 agerent.
2579 4471 2660 4525 lla
2683 4471 2932 4545 equidem
2964 4471 3182 4545 opinor,
3208 4481 3262 4525 et
3297 4473 3340 4525 si
3374 4471 3507 4545 quid
3552 4473 3638 4545 ign-

2037 4541 2196 4616 genio
2227 4541 2460 4616 dandum
2504 4551 2618 4616 est,
2645 4557 2802 4616 opem
2833 4541 3230 4616 denegantibus
3283 4555 3416 4616 mss.
3453 4541 3639 4616 libris,

2044 4611 2112 4670 ita
2168 4630 2266 4685 pro
2291 4615 2552 4669 mendosa
2607 4611 2840 4685 lectione
2882 4611 3150 4685 impressa
3183 4611 3396 4667 restitui
3431 4614 3594 4685 velim
3628 4631 3641 4669 :

2039 4683 2260 4757 quando
2286 4696 2339 4740 et
2381 4685 2518 4757 levis
2547 4693 2635 4740 est
2662 4683 2982 4757 litterarum
3001 4684 3334 4750 immutatio,
3364 4684 3488 4757 nisi,
3544 4700 3648 4755 pro

2037 4753 2122 4824 ne,
2176 4767 2229 4811 et
2261 4756 2524 4824 quadam,
2572 4769 2675 4824 pro
2702 4753 2929 4824 quidem.
2960 4753 3078 4812 iam
3109 4771 3246 4812 vero
3294 4765 3352 4812 et
3394 4753 3644 4814 Cassiani

2041 4828 2423 4883 testimonium
2482 4825 2778 4898 adducant
2808 4825 3007 4898 Collat.
3062 4843 3135 4896 vt,
3170 4843 3292 4896 cap.
3335 4829 3388 4898 1,
3421 4843 3522 4884 nec
3580 4844 3643 4885 ea

2046 4908 2256 4954 tantum
2285 4899 2352 4953 de
2378 4912 2565 4971 causa,
2600 4896 2743 4967 quod
2769 4897 2895 4971 huic
2917 4896 3345 4971 Hieronymiano
3377 4896 3446 4953 Sit
3470 4899 3643 4971 gemi-

2036 4986 2190 5036 num,
2225 4984 2388 5040 quam
2419 4977 2477 5024 ut
2518 4969 2588 5022 ab
2623 4982 2738 5023 uno
2765 4969 3011 5024 alterove
3039 4968 3238 5025 mendo
3278 4968 3543 5040 purgem:
3575 4968 3644 5024 In

2035 5040 2333 5098 Palwstinte
2361 5084 2375 5106 ,
2399 5041 2597 5112 inquit,
2628 5041 2885 5113 partibus,
2906 5043 3067 5112 juxta
3092 5041 3295 5097 Therae
3327 5043 3516 5108 uicum,
3557 5042 3650 5110 qui

2035 5113 2190 5168 Amos
2220 5113 2529 5186 prophetam
2550 5113 2733 5168 meruit
2766 5129 3062 5186 procreare,
3091 5113 3314 5186 solitudo
3345 5113 3642 5186 vastissima

329 5198 435 5274 que
456 5182 756 5274 porro|htec
785 5181 971 5236 ultima
998 5181 1115 5237 laus
1136 5185 1255 5274 ejus
1285 5181 1465 5248 fuerit,
1497 5181 1639 5254 quod
1663 5184 1919 5254 colligeu-
1949 5208 1996 5274 C
2034 5193 2110 5274 est
2131 5181 2290 5274 usque
2314 5183 2590 5274 Arabiam,
2602 5181 3146 5274 acomaredllortu‘t‘mi,
3169 5200 3270 5252 quo
3298 5183 3526 5254 ingressa
3543 5183 3642 5274 fte-

328 5254 414 5325 dis
448 5269 572 5308 cum
593 5255 822 5308 aliorum
853 5261 1164 5308 sanctorum
1195 5254 1438 5325 Patrum,
1481 5263 1593 5308 tum
1647 5261 1918 5325 praecipue

329 5324 644 5396 Hieronymi
675 5325 828 5380 libris
853 5325 1092 5380 animum
1141 5325 1378 5396 adjecit,
1420 5325 1704 5394 siquidem.
1729 5324 1913 5382 eorum

327 5409 432 5468 ope
455 5395 734 5468 codicum,
751 5411 886 5466 quos
929 5411 1060 5468 sane
1107 5395 1508 5468 vetustissimos
1535 5408 1698 5468 atque
1725 5414 1914 5456 emcn-

326 5466 483 5522 datos
509 5465 957 5521 Cistercic’nsinm
981 5467 1168 5522 Romae
1207 5465 1535 5523 bibliotheca
1582 5465 1789 5534 servat,
1817 5486 1914 5522 no-

325 5538 518 5608 bisque
549 5537 614 5591 ad
647 5539 905 5593 utendum
940 5538 1351 5608 perhumaniter
1405 5539 1602 5594 obtulit
1655 5555 1916 5596 reveren-

325 5607 584 5662 dissimus
621 5607 864 5677 ejusdem
918 5607 1234 5666 monaSterii
1263 5611 1454 5676 abbas,
1492 5611 1792 5676 Bessotius,
1826 5612 1910 5665 vix

324 5679 469 5754 dictu
491 5689 602 5746 est,
625 5689 885 5754 quantum
911 5681 1343 5754 llierunymiauis
1365 5682 1635 5754 plerisque
1663 5682 1916 5753 scriptio-

321 5750 482 5806 nibus
503 5749 855 5806 emendandis
884 5749 1299 5820 profecerimus.

395 5820 420 5858 ι’
456 5820 806 5879 Pammachio
838 5821 1027 5879 isthmc
1067 5823 1348 5896 Expositio
1377 5824 1716 5894 inscribitur,
1761 5825 1906 5896 quod

2025 5251 2214 5325 [ieiuni
2227 5257 2428 5324 ﬂuenta
2454 5251 2702 5309 Jordanis
2723 5265 2774 5310 et
2793 5256 2991 5309 cineres
3020 5251 3389 5325 Sodomorum,
3409 5251 3636 5325 amplis-

2024 5323 2156 5381 sima
2185 5323 2481 5382 ezrtettsione
2510 5335 2770 5399 porrecta.
2804 5326 3073 5399 Primum,
3101 5340 3196 5393 pro
3235 5324 3369 5378 mari
3401 5323 3636 5399 Mortuo,

2024 5399 2435 5453 rescribendum
2467 5395 2719 5465 arbitror,
2748 5413 2892 5450 mare
2938 5396 3202 5460 Rubrum,
3239 5411 3361 5450 nam
3419 5405 3476 5450 ct
3509 5395 3638 5452 Ilie-

2024 5486 2145 5523 run.
2175 5484 2346 5540 usque
2385 5469 2450 5524 ad
2479 5469 2718 5524 Rubrum
2762 5483 2913 5524 mare
2952 5467 3207 5540 protendi
3239 5466 3410 5540 eremi
3460 5469 3634 5522 vasti-

2026 5550 2189 5595 tatem
2242 5539 2434 5595 auctor
2458 5551 2573 5608 est,
2609 5550 2769 5610 atque
2817 5539 3133 5610 econtrario
3164 5539 3628 5610 mareMortuum

2023 5626 2132 5666 non
2164 5613 2237 5667 ita
2261 5611 2510 5676 multum,
2558 5609 2728 5666 immo
2777 5611 2870 5666 vix
2893 5625 3057 5680 supra
3105 5609 3398 5665 duodecim
3458 5610 3632 5665 millia

2017 5683 2208 5738 aberat
2249 5681 2492 5738 Thecue.
2541 5681 2750 5752 Deinde
2791 5696 3079 5752 perperam
3128 5682 3220 5738 illa
3247 5681 3501 5738 videntur
3533 5681 3632 5735 ad-

2009 5753 2176 5826 jecta,
2203 5771 2302 5822 quo
2328 5755 2564 5826 ingressa
2587 5751 2828 5822 deficiunt
2853 5751 3053 5824 ﬂuenta
3068 5752 3321 5811 Iordanis
3365 5760 3414 5810 et
3432 5753 3628 5809 cineres

2021 5825 2395 5882 Sodomorum.
