4120 6342
458 283 561 340 901

1712 280 1771 336 S.
1815 279 2084 339 EUSEBII
2125 278 2506 337 HIERONYMI

3656 276 3763 333 99?.

458 397 651 456 decem
694 396 865 454 tribus
906 413 1027 470 quae
1065 398 1414 469 appellantur
1468 397 1655 465 Israel,
1696 406 1752 453 et
1797 404 1953 453 erant
2004 398 2057 453 in
2085 399 2140 459 Α
2164 397 2264 467 ﬁlii
2297 396 2426 452 Joas
2474 398 2609 468 regis
2650 396 2841 465 Israel,
2872 408 2990 454 ante
3017 398 3148 453 duos
3187 413 3350 453 annos
3380 406 3529 452 terra
3566 408 3757 451 motus.

461 490 710 548 Samaria
739 532 756 559 ,
801 490 1178 562 prophetasse.
1220 489 1378 558 Quod
1418 489 1635 561 quidem
1683 499 1738 545 et
1776 489 1965 560 Aquila
2006 499 2061 544 et

465 583 829 658 Symmachus
874 594 929 640 et
986 584 1293 641 Theodotio
1348 584 1604 641 similiter
1642 583 2057 638 transtulerunt.

461 679 682 736 Primus
718 695 852 751 ergo
896 680 1038 737 Osee
1069 681 1335 753 propheta
1376 680 1444 736 ad
1497 680 1685 735 decem
1728 678 1905 747 tribus
1941 692 2061 748 quas

466 773 817 846 appellantur
864 773 1145 844 Ephraim,
1195 774 1478 839 Samaria,
1532 772 1731 826 domus
1768 770 1973 840 Joseph
2008 778 2063 824 et

463 863 655 930 Israel,
679 864 939 935 loquitur.
957 866 1239 921 Secundus
1264 865 1407 933 Joel,
1432 864 1498 919 ad
1523 862 1829 919 Jerusalem
1852 870 1908 918 et
1927 861 2061 917 duas

460 955 643 1011 tribus
694 971 815 1026 qua:
860 969 1124 1012 vocantur
1170 957 1306 1013 Juda
1346 965 1404 1012 et
1439 957 1741 1012 Jerusalem
1781 965 1836 1010 et
1868 955 2057 1021 Iacob,

462 1047 680 1119 profert
708 1050 1050 1117 vaticinium,
1082 1059 1107 1087 ει
1142 1050 1348 1105 nullam
1374 1048 1597 1103 omnino
1620 1048 1838 1103 lsraelis
1861 1048 2062 1103 faciens

461 1141 821 1196 mentionem.
855 1141 1078 1197 Tertius
1105 1142 1297 1210 Amos,
1344 1158 1683 1214 nequaquam
1726 1142 1792 1197 ad
1843 1142 2064 1197 Jerusa-

461 1232 570 1288 lem
607 1249 725 1305 qute
755 1235 1047 1305 regebatur
1100 1252 1129 1290 a
1184 1236 1324 1291 tribu
1369 1237 1540 1303 Iuda;
1572 1236 1662 1292 sed
1704 1236 1770 1290 ad
1808 1235 1978 1291 Israel
2008 1236 2059 1289 in

462 1326 708 1383 Samaria
763 1329 1042 1397 praedicat.
1084 1329 1238 1398 Quod
1282 1340 1335 1385 et
1368 1329 1436 1385 de
1478 1338 1589 1385 toto
1626 1329 1905 1383 volumine
1944 1328 2061 1398 ejus

464 1420 685 1490 probari
718 1430 921 1492 potest,
954 1430 1010 1477 et
1035 1423 1271 1478 maxime
1294 1438 1360 1478 ex
1382 1438 1448 1477 eo
1474 1422 1618 1493 quod
1648 1423 1913 1491 scriptum
1938 1431 2021 1475 est
2045 1438 2059 1475 :

465 1510 614 1567 Misit
645 1513 888 1568 Amasias
930 1515 1170 1569 sacerdos
1221 1514 1405 1570 Bel/te!
1453 1516 1521 1570 ad
1568 1513 1842 1570 Jeroboam
1895 1530 2063 1585 regem

462 1599 658 1668 Israel,
700 1603 877 1658 dicens
910 1621 927 1658 .’
958 1605 1241 1660 Rebellavit
1282 1616 1463 1660 contra
1514 1615 1561 1660 te
1607 1607 1765 1660 Amos
1803 1606 1857 1659 in
1896 1605 2063 1659 medio

461 1695 648 1749 domus
680 1693 851 1750 Israel
884 1696 1065 1766 (Amos
1098 1714 1190 1762 vn,
1226 1698 1336 1769 10).
1369 1698 1440 1753 Et
1473 1709 1593 1769 post
1621 1699 1898 1769 paululum
1927 1698 2064 1754 dixit

2164 488 2391 555 Quando
2437 490 2576 561 apud
2626 491 2881 563 Assyrios
2932 491 3200 562 urbesque
3248 489 3454 546 Ciliciae
3499 489 3764 561 regnabat

2166 578 2592 651 Sardanapalus.
2639 581 2708 637 de
2737 597 2843 653 quo
2887 582 3115 654 insignis
3143 590 3329 637 orator
3356 600 3368 637 :
3398 580 3640 653 Turpior,
3675 582 3761 636 in-

2162 674 2299 744 quit,
2329 675 2490 743 vitiis,
2538 691 2693 745 quam
2733 678 2959 731 nomine.
3004 676 3073 731 Et
3109 676 3251 747 apud
3299 675 3519 731 Latinos
3562 675 3765 731 Procas

2163 764 2381 832 Silvius,
2429 768 2514 821 cui
2568 767 2836 836 Amulius,
2878 769 3103 838 expulso
3150 768 3432 824 Numitore
3474 783 3760 838 germano,

2164 858 2426 914 successit
2456 858 2508 913 in
2540 874 2788 930 regnum.
2817 859 2936 928 Quo
2961 860 3269 926 interfecto,
3293 870 3618 931 congregata
3642 875 3765 930 pas-

2166 962 2343 1006 torum
2377 961 2430 1007 et
2460 953 2729 1027 latronum
2764 971 2950 1025 manu,
2980 954 3244 1011 Romulus
3270 956 3352 1010 sui
3385 955 3621 1010 nominis
3642 969 3766 1009 con-

2164 1042 2301 1099 didit
2327 1046 2623 1103 civitatem.
2668 1048 2765 1103 llic
2806 1061 2888 1105 est
2919 1058 3098 1105 autem
3130 1050 3287 1105 Ozias
3328 1066 3423 1106 rex
3463 1048 3622 1115 Juda,
3670 1063 3763 1104 co-

2165 1149 2458 1209 gnomento
2506 1139 2752 1209 Azarias,
2802 1143 2893 1212 qui
2940 1142 3236 1198 indebitum
3262 1143 3363 1199 sibi
3396 1142 3765 1198 sacerdotium

2165 1230 2444 1287 vindicare
2492 1243 2759 1301 conatus,
2804 1234 2953 1305 lepra
3003 1250 3292 1306 percussus
3348 1235 3401 1291 in
3452 1236 3629 1291 fronte
3681 1247 3763 1293 est

2167 1326 2275 1395 (IIl
2301 1325 2485 1382 Paral.
2518 1344 2641 1383 xxvt
2666 1327 2707 1400 ),
2743 1329 2958 1399 quando
3000 1329 3131 1384 iram
3185 1329 3393 1384 Domini
3434 1344 3540 1384 non
3589 1328 3766 1384 solum

2166 1432 2322 1486 poena
2354 1417 2493 1486 ejus,
2540 1420 2629 1489 qui
2660 1420 2959 1490 sacrilegus
2996 1420 3126 1486 fuit;
3174 1420 3269 1476 sed
3300 1428 3354 1475 et
3384 1429 3543 1475 terra:
3588 1429 3767 1476 motus

2166 1506 2432 1577 ostendit,
2470 1526 2631 1582 quem
2682 1511 2897 1568 Hebraei
2942 1521 3070 1569 tunc
3114 1512 3382 1567 accidisse
3427 1526 3768 1568 commemo-

2168 1612 2311 1658 rant.
2346 1603 2634 1660 Jeroboam
2662 1621 2795 1661 vero
2823 1622 2927 1661 non
2960 1614 3044 1662 est
3085 1606 3229 1661 Iilius
3258 1605 3492 1674 Nabath,
3523 1606 3614 1676 qui
3644 1620 3771 1676 pec-

2168 1711 2294 1751 care
2342 1697 2467 1751 Iecit
2513 1697 2678 1753 Israel
2722 1698 2811 1768 (Ill
2840 1698 2969 1770 Reg.
3011 1697 3147 1770 ιιι),
3191 1698 3286 1753 sed
3316 1698 3458 1753 (ilius
3498 1697 3627 1753 Joas
3668 1698 3770 1753 lilii

458 1789 709 1843 Amasias
737 1788 802 1842 ad
834 1788 1005 1844 Amos
1041 1808 1055 1845 :
1093 1792 1195 1857 Qui
1236 1791 1399 1859 vides,
1438 1792 1679 1862 gradere,
1728 1794 1850 1864 fuge
1878 1792 1931 1844 in
1962 1801 2064 1845 ter-
2097 1796 2141 1854 Β
2170 1789 2404 1845 Joatban
2452 1788 2562 1862 [ΑΙ.
2606 1790 2838 1846 Joachaz
2869 1801 2917 1846 et
2942 1790 3225 1863 Joachan],
3261 1790 3351 1845 lilii
3392 1789 3530 1846 Jehu
3563 1805 3769 1861 prone-

458 1896 570 1935 ram
600 1880 767 1947 Juda,
810 1891 855 1936 et
895 1885 1105 1938 comede
1148 1885 1218 1937 ibi
1259 1901 1465 1954 panem,
1499 1895 1547 1939 et
1592 1885 1666 1938 ibi
1703 1883 2055 1957 praphetabis,

461 1980 507 2028 et
528 1972 581 2025 in
605 1970 791 2027 Bethel
813 1990 915 2027 non
938 1975 1153 2047 adjicies
1185 1978 1321 2030 ultra
1347 1986 1402 2029 ut
1427 1974 1720 2047 prapltetes,
1748 1978 1873 2045 quia
1902 1993 2052 2031 sanc-

463 2064 683 2134 tiﬁcatio
706 2067 841 2135 regis
864 2076 909 2120 et
935 2068 1116 2122 domus
1132 2070 1279 2140 regni
1303 2078 1397 2123 est.
1421 2067 1519 2124 Cui
1540 2069 1824 2138 respondit
1852 2069 2019 2125 Amos
2043 2090 2055 2124 :

461 2154 585 2212 Non
625 2174 767 2212 eram
812 2160 1082 2229 propheta,
1120 2178 1213 2216 nec
1250 2163 1519 2235 praplteta:
1557 2163 1719 2233 ﬁlius.
1770 2165 1859 2219 sed
1898 2166 2057 2237 opilio

457 2249 706 2304 ruborum
743 2267 888 2305 mora
913 2253 1261 2328 distringens:
1289 2259 1450 2328 222
1472 2254 1686 2327 tulitque
1707 2273 1787 2310 me
1804 2255 2057 2311 Dominus

459 2358 573 2396 cum
590 2360 824 2411 sequerer
844 2362 1067 2418 gregem,
1093 2357 1141 2401 et
1158 2347 1290 2403 dixit
1305 2349 1374 2402 ad
1387 2365 1467 2403 me
1486 2366 1504 2404 :
1526 2348 1693 2420 Vade,
1714 2351 1971 2423 propheta
1989 2353 2058 2406 ad

460 2438 721 2507 populum
750 2454 915 2492 meum
958 2438 1129 2494 Israel
1158 2458 1176 2495 :
1208 2456 1317 2496 non
1348 2444 1534 2513 utique
1565 2442 1630 2498 ad
1663 2443 1855 2500 Judam
1887 2454 1942 2500 et
1970 2445 2058 2501 Je-

458 2530 720 2601 rusalem,
773 2541 829 2585 ut
861 2533 1000 2589 male
1032 2534 1173 2604 apud
1205 2534 1425 2590 Graecos
1464 2545 1520 2592 et
1544 2536 1770 2592 Latinos
1801 2538 2049 2606 habetur,

460 2622 555 2678 sed
589 2623 656 2677 ad
704 2624 895 2694 Israel,
948 2626 1002 2681 id
1033 2636 1139 2694 est,
1172 2629 1360 2683 decem
1396 2628 1590 2693 tribus,
1621 2645 1743 2700 qua:
1772 2630 1842 2684 ob
1871 2632 2056 2701 populi

461 2717 891 2787 multitudinem,
924 2722 1213 2790 pristinum
1244 2738 1442 2778 nomen
1478 2724 1861 2780 obtinuerant.
1899 2725 1954 2781 In
1990 2742 2055 2782 eo

459 2817 645 2863 autem
682 2810 802 2864 loco
844 2812 933 2867 ubi
964 2812 1315 2884 Septuaginta
1355 2817 1770 2885 transtulerunt,
1811 2818 1865 2871 in
1894 2819 2058 2872 Acca-

459 2900 581 2963 rim,
608 2900 915 2958 Theodotio
943 2905 1118 2974 ipsum
1144 2907 1370 2961 verbum
1402 2907 1724 2963 Ilebraicum
1757 2910 1934 2977 posuit
1958 2928 1970 2964 :
2002 2912 2053 2963 in

457 3006 689 3049 NOCEDII
715 2995 952 3082 (DV'TFJ),
981 2998 1125 3067 quod
1150 3000 1343 3069 Aquila
1366 3001 1529 3054 vertit
1550 3003 1599 3055 ἐν
1627 3004 2052 3080 ποιμνιοτρὸφοις,

456 3083 509 3139 id
544 3095 650 3152 est,
681 3087 734 3140 in
758 3089 1110 3159 pastoralibus
1143 3108 1157 3144 :
1186 3092 1548 3165 Symmachus
1578 3104 1633 3147 et
1670 3096 1858 3165 quinta
1888 3096 2057 3151 editio

2166 1898 2268 1954 pos
2299 1883 2543 1954 ejusdem
2574 1883 2734 1950 Jehu,
2765 1885 2865 1940 sub
2896 1900 3003 1956 quo
3046 1884 3514 1955 pr0phetaverunt
3542 1883 3683 1940 Osee
3711 1894 3769 1939 et

2165 1974 2286 2031 Joel
2313 1985 2366 2032 et
2395 1977 2588 2033 Amos.
2621 1978 2786 2049 Igitur
2828 1979 3219 2048 interpretatur
3257 1962 3427 2033 Ozias
3444 1979 3631 2056 κράτος
3663 1992 3765 2032 Κυ-

2162 2072 2299 2144 ρίου,
2347 2068 2399 2123 id
2428 2080 2534 2137 est,
2581 2070 2872 2141 imperium,
2918 2070 3003 2126 vel
3052 2071 3305 2140 fortitudo
3336 2067 3570 2125 Domini.
3605 2069 3766 2125 Jero-

2165 2162 2325 2218 boam
2355 2164 2610 2236 δικασμὸς
2638 2165 2791 2233 λαοῦ,
2826 2164 2877 2219 id
2915 2174 3021 2230 est,
3045 2166 3328 2235 judicatio,
3359 2164 3442 2219 vel
3474 2180 3635 2218 causa
3670 2179 3766 2236 po—

2165 2257 2297 2327 puli,
2326 2256 2446 2311 licet
2468 2258 2685 2327 quidam
2716 2274 2811 2327 per
2830 2257 2916 2312 chi
2944 2258 3192 2314 Grtecam
3224 2258 3463 2335 litteram
3491 2258 3761 2327 legentes,

2163 2349 2464 2403 divisionem
2488 2351 2694 2421 papuli,
2719 2350 3087 2421 suspicentur.
3110 2350 3237 2406 Joas
3260 2352 3443 2429 Κυρίου
3467 2349 3759 2429 χρόνισμα.

2165 2441 2218 2497 id
2246 2450 2353 2511 est,
2386 2440 2600 2497 Domini
2630 2459 2793 2510 mora,
2826 2445 2941 2499 sive
2969 2444 3344 2517 temporalitas.
3374 2444 3552 2501 Verba
3579 2447 3760 2518 itaque

2162 2535 2351 2603 Amos,
2401 2551 2509 2606 quo
2552 2544 2799 2606 tempore
2845 2538 3076 2608 populus
3108 2537 3275 2594 Israel
3323 2539 3548 2595 avulsus
3584 2550 3761 2595 erata

2164 2628 2414 2695 Domino,
2447 2638 2501 2684 et
2530 2631 2713 2685 aureis
2741 2630 2922 2686 vitulis
2962 2631 3254 2698 serviebat,
3296 2634 3412 2687 sive
3457 2631 3680 2687 avulsus
3727 2646 3758 2687 a

2160 2737 2336 2792 regno
2381 2722 2571 2792 stirpis
2615 2724 2804 2790 David,
2853 2724 2999 2780 clara
3051 2740 3183 2781 voce
3227 2727 3543 2783 cecinerunt
3590 2727 3760 2781 instar

2163 2814 2465 2885 clangentis
2514 2815 2689 2879 tubte,
2740 2832 2858 2886 qum
2889 2818 3279 2889 interpretatur
3307 2818 3531 2875 Thecue.
3566 2819 3635 2875 Et
3664 2836 3757 2875 ce-

2160 2905 2412 2960 cinerunt
2434 2921 2597 2974 super
2621 2907 2881 2965 Israelem
2909 2949 2923 2975 ,
2952 2910 3041 2980 qui
3066 2910 3337 2980 quondam
3370 2920 3487 2966 erat
3517 2913 3756 2967 rectissi-

2162 3013 2281 3052 mus
2307 2998 2425 3065 Dei,
2458 2997 2510 3052 id
2534 3010 2635 3065 est,
2666 3002 2940 3065 εὐθύτατος
2964 3009 3112 3058 Θεοῦ.
3140 3002 3195 3057 In
3226 3002 3419 3059 diebus
3447 3003 3591 3059 Otia:
3615 3006 3756 3076 regis

2162 3088 2319 3157 Inda,
2356 3090 2407 3145 in
2441 3106 2548 3159 quo
2578 3102 2798 3162 pr0pter
2832 3095 3086 3164 templum
3111 3105 3167 3150 et
3191 3105 3373 3152 sancta
3410 3108 3750 3163 sanctorum,

458 3179 507 3232 ἐν
566 3188 675 3241 τοῖς
731 3184 990 3253 ποιμέσιν,
1051 3184 1103 3239 id
1161 3193 1269 3251 est,
1322 3186 1377 3239 in
1429 3187 1739 3258 pastoribus.
1798 3189 1862 3242 Et
1928 3191 2126 3258 putoC
2164 3181 2422 3237 fortitudo
2465 3182 2678 3238 Domini
2730 3186 3103 3255 permanebat,
3137 3182 3357 3260 suoque
3388 3190 3611 3260 regebat
3656 3190 3758 3245 im-

454 3281 680 3341 propter
709 3290 923 3330 onera
955 3287 1009 3331 et
1048 3294 1146 3333 nes
1178 3279 1481 3333 litterarum
1512 3280 1923 3337 similitudinem
1967 3284 2055 3340 hic

454 3378 670 3435 quoque
713 3366 993 3437 deceptos,
1046 3386 1141 3440 pro
1186 3386 1441 3437 NOCEDIM,
1488 3373 1641 3442 quasi
1690 3388 1922 3429 noceant
1956 3394 1969 3430 :
2001 3386 2059 3431 et

455 3458 657 3515 exinde
700 3462 936 3515 Accarim
991 3463 1244 3532 posuisse
1274 3480 1607 3532 sermonem,
1642 3483 1967 3538 quamquam
2003 3469 2053 3523 in

454 3552 721 3623 principio
753 3554 995 3609 nominis
1034 3573 1139 3612 non
1169 3558 1345 3612 littera
1391 3559 1594 3613 nullam
1643 3562 2053 3617 excusationem

454 3647 727 3717 relinquat
754 3650 980 3704 erroris.
1017 3650 1267 3706 Accarim
1307 3661 1490 3708 autem
1533 3668 1703 3724 usque
1730 3655 1781 3709 in
1810 3670 2056 3723 prmsen-

453 3738 649 3793 tiarum
701 3739 991 3795 Hebraeum
1022 3757 1143 3798 esse
1175 3759 1281 3798 non
1313 3744 1439 3814 legi.
1478 3744 1655 3815 thui
1689 3747 2054 3814 sterilitatem,

454 3828 509 3885 id
539 3839 652 3899 est,
699 3836 975 3910 στεὶρωσιν
1005 3835 1423 3905 interpretatur,
1472 3839 1643 3907 magis
1683 3854 1923 3895 sccsnon
1962 3856 2055 3894 ur-

456 3923 578 3979 bem
607 3925 920 3993 Phili~tiim,
956 3943 1115 3997 quam
1161 3931 1406 3984 Accarim
1438 3934 1767 4000 exprimunt,
1795 3950 1915 4003 qua:
1942 3949 2058 3987 om-

457 4016 587 4072 nino
622 4033 728 4072 non
764 4018 978 4089 legitur.
1012 4019 1306 4076 Sermones
1331 4024 1509 4093 itaque
1538 4023 1725 4088 Amos,
1752 4025 1841 4095 qui
1866 4024 2058 4080 Iuitde

453 4111 653 4180 oppido
683 4110 898 4167 'I‘hecue
925 4124 991 4167 ex
1031 4128 1257 4168 numero
1286 4126 1586 4185 pastorum,
1624 4118 1747 4187 quia
1773 4118 2057 4186 pastoralis

460 4211 518 4258 et
557 4203 670 4273 ipsa
710 4213 793 4258 est
821 4206 991 4275 regio,
1039 4206 1140 4261 hoc
1182 4207 1458 4263 volumine
1501 4210 1868 4278 continentur,
1918 4229 2057 4283 quos

455 4295 591 4350 vidit
622 4310 782 4366 super
813 4296 999 4367 Israel,
1037 4316 1141 4354 non
1168 4301 1348 4355 carnis
1378 4303 1574 4369 oculis,
1612 4304 1707 4359 sed
1756 4307 1953 4361 mentis
1979 4308 2059 4362 in-

455 4389 592 4443 tuitu
615 4406 629 4449 :
652 4392 778 4460 quia
819 4392 1110 4464 Prophetm
1142 4397 1476 4453 vocabantur
1499 4399 1783 4460 videntes:
1817 4402 2056 4473 alioquin

457 4484 755 4539 secundum
796 4488 1030 4543 litteram
1064 4506 1348 4547 sermones
1388 4509 1494 4549 non
1536 4494 1809 4562 videntur,
1841 4497 1933 4552 sed
1963 4513 2059 4552 an-

2163 3277 2315 3346 perio
2338 3277 2594 3345 populum
2614 3278 2989 3335 conﬁtentem.
3007 3280 3214 3336 Nomen
3234 3290 3412 3337 autem
3436 3282 3751 3347 Jeroboam,

2158 3370 2249 3439 qui
2304 3370 2589 3425 divisionis
2631 3372 2817 3441 populi
2841 3387 3002 3428 causa
3034 3374 3341 3439 exstiterat,
3373 3374 3638 3441 significat
3681 3375 3756 3429 ls-

2158 3462 2358 3516 raelem
2416 3462 2578 3533 longo
2627 3473 2871 3534 tempore
2926 3466 2977 3520 in
3018 3464 3339 3520 idololatriae
3381 3465 3543 3539 224Ι
3569 3483 3754 3524 errore

2160 3557 2446 3625 mansisse,
2467 3558 2779 3627 priusquam
2809 3559 3093 3626 captivitas
3127 3560 3376 3614 universa
3410 3568 3751 3626 concuteret,

2156 3663 2277 3718 qua":
2320 3649 2371 3704 in
2409 3648 2623 3704 duobus
2666 3651 2824 3705 annis
2850 3651 3121 3721 duplicem
3166 3652 3407 3708 ostendit
3450 3656 3753 3724 angustiam

2159 3742 2347 3800 decem
2395 3746 2655 3813 tribuum,
2699 3761 2762 3801 ac
2801 3745 3025 3801 duarum
3054 3765 3066 3800 :
3097 3757 3154 3802 ut
3181 3756 3423 3819 agentes,
3453 3748 3499 3802 si
3531 3748 3752 3813 vellent,

2162 3838 2567 3907 pmnitentiam,
2620 3848 2823 3895 motum
2881 3850 3038 3897 terrae
3090 3840 3159 3898 de
3196 3851 3396 3897 czetero
3437 3856 3543 3896 non
3582 3842 3752 3896 senti—

2159 3938 2301 3993 rent.

2233 4029 2379 4094 Haec,
2428 4029 2740 4085 Pammachi
2783 4032 2965 4086 animo
3008 4047 3131 4086 meo
3178 4031 3521 4096 charissima,
3563 4032 3655 4102 qui
3685 4047 3753 4086 ex

2160 4120 2613 4191 interpretatione
2643 4124 2878 4177 nominis
2909 4123 3009 4185 tui,
3053 4123 3284 4194 quodam
3328 4124 3584 4178 vaticinio
3612 4124 3755 4178 futu-

2159 4226 2347 4266 rorum
2390 4215 2537 4267 omni
2580 4223 2697 4270 arte
2739 4216 3010 4285 pugnandi
3043 4216 3332 4271 adversum
3380 4216 3655 4272 diabolum
3700 4228 3754 4272 et

2161 4306 2466 4360 contrarias
2497 4316 2800 4377 potestates
2834 4318 2885 4365 te
2920 4319 2943 4347 ο
2976 4308 3178 4365 bellare
3207 4309 3574 4379 demonstras,
3597 4311 3754 4379 quasi

2159 4410 2534 4468 argumentum
2568 4410 2623 4454 et
2663 4401 2909 4458 ὑπόθεσιν
2948 4402 3116 4457 Amos
3146 4402 3427 4472 propheta:
3450 4403 3611 4472 longo
3640 4418 3756 4457 ser-

2163 4506 2326 4545 mone
2356 4493 2672 4562 complexus
2700 4508 2841 4548 sum.
2874 4494 3008 4549 lllttd
3043 4496 3279 4550 breviter
3302 4497 3619 4561 admonens,
3654 4512 3750 4551 ex‘

454 4575 697 4632 diuntur.
748 4578 900 4635 Unde
944 4592 998 4637 et
1057 4585 1288 4653 populus
1338 4585 1555 4641 videbat
1602 4603 1787 4644 vocem
1829 4589 1949 4657 Dei,
2002 4600 2055 4645 et
2083 4583 2524 4653 Dplanalimtem
2574 4597 2629 4640 et
2675 4586 2836 4658 hujus
2866 4597 2921 4643 et
2950 4588 3090 4644 Osee
3120 4598 3174 4643 et
3199 4589 3477 4644 Zacharize
3518 4590 3755 4660 prophe-

456 4667 671 4740 Moyses
737 4679 921 4728 tacens
983 4674 1309 4739 loquebatur
1372 4679 1532 4751 223
1601 4682 1667 4734 ad
1738 4681 2050 4751 Dominum,

456 4761 677 4829 quando
716 4762 931 4818 dicebat
958 4767 1004 4819 ei
1042 4786 1052 4821 :
1086 4768 1224 4834 Quid
1253 4770 1447 4823 clamas
1476 4771 1545 4824 ad
1568 4787 1648 4825 me
1691 4771 1890 4843 (Exod.
1942 4788 2051 4839 xtv,

460 4850 592 4919 45)?
620 4851 674 4906 In
708 4867 848 4909 novo
871 4871 1085 4927 quoque
1112 4860 1336 4929 legimus
1366 4860 1715 4918 Testamento
1745 4882 1756 4917 :
1795 4864 1948 4933 Quod
1975 4866 2052 4919 vi-

458 4945 663 5014 dimus,
697 4958 744 5002 et
775 4950 1072 5018 audivimus
1098 4952 1126 4991 δ
1159 4956 1324 5010 oculis
1356 4959 1563 5022 nostris,
1597 4967 1643 5012 et
1667 4975 1847 5012 manus
1870 4968 2056 5013 nostra:

455 5038 793 5110 palpaverunt
822 5043 886 5096 de
916 5043 1076 5099 Verbo
1114 5047 1231 5101 rita:
1262 5046 1440 5116 (Joan.
1470 5065 1509 5117 I,
1536 5048 1609 5121 1).
1643 5050 1879 5106 Verbum
1909 5052 2051 5105 enim

459 5130 553 5211 Dei
586 5134 728 5204 quod
758 5151 856 5204 per
891 5152 951 5193 se
996 5138 1266 5193 invisibile
1296 5150 1379 5195 est
1404 5184 1417 5201 ,
1451 5141 1636 5195 vident
1688 5144 1949 5212 apostoli,
2000 5152 2053 5198 et

459 5230 692 5279 tractant
745 5229 994 5282 manibus
1034 5230 1166 5286 suis.
1227 5232 1380 5297 Quod
1426 5232 1655 5286 Verbum
1698 5250 1825 5288 caro
1856 5236 2050 5290 laetum

455 5326 560 5385 est,
590 5327 645 5373 et
674 5318 935 5378 habitavit
966 5322 1015 5377 in
1065 5324 1222 5378 nobis
1254 5323 1433 5395 (Joan.
1466 5341 1504 5388 ι,
1537 5326 1649 5395 14).
1693 5327 1851 5381 Vidit
1872 5338 2049 5383 autem

457 5408 554 5465 hos
586 5425 889 5469 sermones.

527 5618 551 5643 τι
576 5607 723 5671 "me,
753 5610 949 5664 nullam
990 5612 1199 5665 omnino
1239 5610 1451 5665 Israelis
1483 5612 1681 5682 faciens
1708 5612 2043 5680 mentionem,

450 5681 507 5736 in
541 5684 741 5737 nostris
772 5699 907 5739 mss.
953 5700 1057 5741 non
1101 5695 1246 5740 sunt.
1285 5685 1508 5749 Duoque
1553 5700 1617 5740 ex
1656 5683 1847 5740 iisdem
1882 5685 2042 5755 paulo

450 5754 939 5829 postLregnabatur
963 5757 1135 5821 tribui,
1166 5773 1264 5826 pro
1291 5757 1560 5829 regebatur
1588 5776 1619 5811 a
1657 5756 1813 5812 tribu.

524 5824 548 5861 ι’
571 5821 705 5881 Tres
734 5841 863 5883 mss.
896 5828 1125 5883 alterum
1160 5821 1514 5893 intersérunt,
1548 5829 1788 5885 vidimus.

2162 4685 2360 4745 tarum,
2385 4694 2471 4733 tne
2499 4689 2554 4733 et
2582 4680 2706 4733 aliis
2728 4682 2946 4749 quidem
2968 4681 3173 4735 sanctis
3195 4681 3349 4749 viris,
3367 4682 3459 4736 sed
3489 4683 3757 4752 prtecipue

2164 4778 2366 4823 sancta:
2405 4779 2458 4824 et
2500 4771 2828 4826 venerabilis
2862 4773 3142 4827 memoria:
3176 4773 3385 4843 parenti
3416 4783 3521 4829 tum
3552 4774 3752 4838 Paulus,

2163 4859 2290 4915 dum
2340 4863 2586 4928 viveret,
2636 4865 2973 4933 promisisse.
3033 4865 3142 4920 Nec
3192 4866 3418 4921 multum
3467 4882 3649 4922 errare
3699 4867 3753 4922 in

2163 4953 2475 5021 sponsionis
2524 4955 2650 5022 lide,
2685 4955 2727 5009 si
2762 4954 2904 5026 quod
2937 4957 3095 5011 matri
3137 4958 3408 5026 pollicitus
3443 4973 3586 5024 sum,
3629 4960 3753 5014 retl-

2163 5044 2287 5098 dam
2335 5046 2466 5100 lilio.
2503 5046 2696 5101 Verum
2741 5047 2852 5117 jam
2886 5057 3101 5118 tempus
3142 5059 3247 5117 est,
3295 5059 3354 5104 ut
3404 5050 3574 5120 ipsius
3622 5052 3752 5107 Pro-

2162 5135 2341 5206 pheta:
2371 5138 2535 5193 verba
2567 5154 2902 5209 proponens,
2930 5141 3061 5213 quid
3095 5142 3226 5197 mihi
3257 5142 3520 5210 videatur,
3554 5144 3605 5198 in
3642 5145 3753 5200 sin-

2160 5231 2302 5300 gulis
2327 5231 2646 5287 edisseram.

2236 5324 2416 5395 (Vers.
2445 5326 2527 5397 2.)
2563 5327 2623 5380 Et
2655 5327 2789 5382 dixit
2814 5344 2830 5381 :
2859 5329 3108 5383 Dominus
3151 5329 3215 5383 de
3252 5329 3384 5384 Sion
3405 5330 3597 5402 rngiet,
3625 5338 3671 5382 et
3690 5328 3751 5380 de

2160 5417 2453 5474 Jerusalem
2497 5421 2640 5477 dabit
2689 5438 2859 5477 vocem
2898 5440 3063 5476 suam.
3126 5422 3192 5477 Et
3235 5423 3474 5477 luxerunt
3521 5422 3752 5494 speciosa

2232 5626 2253 5655 ο
2290 5616 2411 5673 Uno
2455 5617 2623 5671 verbo
2662 5615 2891 5671 Palatini
2922 5628 3053 5669 mss.
3103 5612 3378 5671 debellare.
3423 5614 3592 5671 Sonat
3622 5629 3753 5669 vero

2151 5690 2445 5770 Παμμᾳξχὸς
2491 5689 2718 5770 Grteee,
2765 5687 2910 5770 quod
2951 5686 3174 5741 Hieron.
3241 5697 3415 5760 notat,
3463 5686 3609 5746 omni
3648 5701 3751 5755 pu-

2148 5762 2349 5833 gnandi
2376 5762 2497 5819 arte
2523 5762 2757 5832 peritum
2789 5762 2988 5815 virum.
