4120 6342
410 307 515 365 905

1296 311 2049 385 (ΣΟΜΜΕὺἸΛΙὶιΟΙὶυΜῳΙΝ
2091 309 2277 368 AMOS
2316 310 2444 367 LIB.
2488 312 2527 367 l.
2570 310 2728 368 CAP.
2768 313 2812 368 Ι.

3601 311 3707 369 994

407 432 693 491 pastorum,
726 432 773 476 et
801 425 1085 481 exsiccatus
1112 433 1185 481 est
1216 436 1387 482 ret-tea:
1424 426 1668 482 Carmeli.
1703 427 1847 483 LXX
1878 445 1891 481 :
1926 426 1994 481 Et
2022 427 2075 488 Α
2100 437 2235 490 quos
2270 421 2589 478 imminente
2619 422 2955 493 captivitate,
2975 421 3143 476 instar
3175 423 3441 477 montium
3467 422 3715 479 deserto-

404 515 475 567 ait
500 531 518 566 :
546 513 799 570 Dominus
828 519 890 570 de
922 518 1051 573 Sion
1082 520 1272 588 e/I'atus
1304 531 1408 587 est,
1434 530 1479 575 et
1511 522 1574 576 de
1596 520 1887 575 Jerusalem
1912 520 2000 574 de-

402 606 479 660 dit
505 621 676 660 recent
706 625 873 674 suam,
900 618 948 663 et
969 611 1212 665 luxerunt
1253 628 1445 681 pascua
1476 624 1761 683 pastorum,
1797 622 1841 666 et
1876 630 1996 667 are-

404 700 577 771 factus
624 708 699 755 est
741 712 917 757 uertex
958 703 1206 759 Carmeli.
1239 704 1496 763 Naturale
1535 717 1617 762 est
1642 750 1657 773 ,
1708 715 1765 762 ιιι
1809 724 1998 765 omnes

405 793 654 849 artiﬁces
681 808 793 849 sua:
819 794 950 850 artis
978 795 1269 866 loquantur
1295 799 1583 868 exemplis,
1617 808 1672 856 et
1710 803 2002 871 unusquis-

407 901 514 955 que
543 887 596 941 in
623 901 729 957 quo
754 886 937 943 studio
966 888 1111 944 trivit
1145 899 1379 958 aztatem,
1408 891 1548 948 illius
1586 892 1997 949 similitudinem

408 980 651 1051 proferat
684 1000 697 1034 :
731 982 883 1039 verbi
913 984 1106 1054 gratia,
1137 986 1226 1056 qui
1258 994 1416 1041 nauta
1445 995 1527 1042 cst
1550 997 1602 1041 et
1636 987 1996 1058 gubernator,

404 1072 681 1129 tristitiam
708 1090 861 1130 suam
885 1086 1163 1146 comparat
1188 1080 1525 1149 tempestati;
1551 1079 1835 1147 damnum,
1864 1098 1998 1137 nau—

401 1164 633 1237 fragium
663 1178 853 1232 vocat;
879 1169 1131 1227 inimicos
1162 1185 1315 1239 suos,
1344 1182 1541 1229 ventos
1571 1176 1877 1230 contrarios
1905 1190 2000 1245 ap-

399 1258 584 1327 pellat.
637 1258 873 1315 Rursum
923 1264 1339 1333 prOSperitatem
1389 1274 1443 1320 et
1488 1266 1760 1335 laetitiam,
1809 1283 1998 1323 auram

399 1340 831 1421 placidissimam
860 1363 913 1410 et
960 1355 1233 1414 secundos
1285 1358 1530 1413 nominat
1573 1369 1804 1426 ventos;
1854 1369 2000 1415 tran—

400 1445 565 1516 quilla
607 1448 775 1502 maria
821 1457 875 1503 et
917 1466 1159 1519 :equora,
1191 1452 1365 1521 campi
1416 1451 1638 1510 similia.
1689 1454 1733 1508 E
1777 1455 1999 1524 regione

401 1539 558 1595 miles
588 1540 853 1613 quidquid
903 1542 1124 1609 dixerit,
1171 1553 1406 1611 scutum,
1439 1546 1700 1617 gladium,
1746 1548 1996 1615 loricam,

405 1633 654 1704 galeam,
707 1634 977 1703 lanceam,
1020 1650 1225 1704 arcum,
1274 1638 1547 1708 sagittam,
1594 1650 1845 1711 mortem,
1875 1642 1995 1696 vul-

402 1742 522 1794 nus,
556 1735 611 1781 ct
640 1725 925 1783 victoriam
959 1739 1137 1783 sonat.
1166 1728 1223 1784 In
1255 1746 1352 1786 ore
1376 1732 1830 1803 philosophorum
1855 1750 1997 1790 scm-

2100 527 2219 566 rum
2233 512 2498 569 dicitesse
2513 514 2824 569 vastandos.
2844 514 3039 569 Aliter:
3072 514 3205 569 Cum
3223 515 3479 571 Dominus
3494 515 3562 571 de
3576 516 3707 571 Sion

2101 614 2155 660 et
2183 604 2510 674 Jerusalem,
2536 606 2604 662 de
2633 608 2849 677 specula
2876 608 3163 676 Ecclesiae,
3189 624 3311 679 qua:
3341 624 3510 680 super
3541 625 3698 665 mon-

2102 705 2210 752 tem
2239 698 2339 753 sita
2372 699 2549 754 latere
2572 715 2678 753 non
2709 709 2914 771 potest,
2943 709 3000 755 et
3026 700 3080 755 in
3104 718 3210 771 qua
3234 703 3371 759 visio
3411 704 3562 773 pacis
3596 712 3703 771 est,

2106 789 2327 846 dederit
2373 807 2470 863 per
2514 802 2670 848 vetus
2699 802 2756 848 et
2802 807 3007 848 novum
3037 793 3489 865 lnstrumentum,
3522 805 3577 851 ct
3607 811 3705 867 per

2105 882 2360 940 doctores
2390 885 2805 941 Ecclesiasticos
2849 901 3037 941 vocem
3070 902 3247 955 suam,
3289 900 3343 945 et
3368 891 3524 961 quasi
3555 892 3704 947 clara

2102 973 2332 1029 buccina
2366 975 2688 1042 insonuerit,
2721 987 2849 1031 tunc
2894 977 3059 1048 226
3088 977 3272 1032 omnia
3305 980 3553 1048 speciosa
3599 994 3703 1051 pa-

2103 1074 2333 1135 storum,
2365 1068 2415 1122 id
2449 1076 2553 1135 est,
2584 1068 2829 1123 doctrina
2862 1069 3283 1137 haereticorum,
3314 1088 3435 1142 qua:
3467 1074 3702 1145 pulchro

2100 1159 2387 1215 videbatur
2414 1175 2670 1217 sermone
2698 1166 3028 1233 composita,
3062 1172 3119 1218 et
3144 1165 3388 1235 cognitio
3416 1169 3702 1224 circumci-

2101 1253 2271 1309 sionis
2319 1254 2445 1326 (hoc
2475 1256 2619 1311 enim
2654 1257 3044 1328 interpretatur
3073 1274 3323 1314 cunnum.
3378 1243 3567 1333 [57:12]
3605 1277 3706 1333 per

2100 1366 2263 1420 quatn
2289 1349 2392 1405 sibi
2414 1368 2558 1407 verte
2580 1352 3015 1409 circumcisionis
3038 1356 3320 1411 scientiam
3344 1357 3699 1428 pollicentur,

2102 1442 2306 1514 lugebit
2335 1455 2497 1515 atque
2525 1446 2850 1517 siccabitur,
2896 1456 2953 1503 et
2988 1450 3311 1519 pepulorum
3347 1450 3542 1520 millia,
3576 1469 3700 1523 qua:

2102 1549 2325 1607 propter
2346 1540 2752 1609 simplicitatem
2784 1553 3053 1598 vocantur
3078 1559 3295 1615 greges,
3327 1544 3509 1600 subita
3537 1544 3705 1602 aridi-

2104 1639 2213 1685 tate
2242 1641 2602 1687 marcescent.

2173 1721 2356 1793 (Vers.
2387 1724 2467 1793 5.)
2512 1722 2643 1778 Ηωε
2681 1725 2805 1778 dicit
2840 1723 3316 1800 Dominus:Super
3345 1730 3512 1784 tribus
3539 1731 3701 1786 scele-

399 1832 494 1886 per
528 1818 786 1875 Socrates
816 1829 871 1875 et
911 1819 1088 1886 Plato,
1130 1820 1440 1893 XenOpIton
1471 1832 1525 1879 et
1564 1823 1986 1895 Theophrastus,

2101 1814 2240 1868 ribus
2269 1812 2548 1883 Damasci,
2599 1826 2644 1870 et
2671 1834 2827 1888 super
2857 1828 3075 1888 quatuor
3104 1835 3207 1874 non
3237 1830 3527 1877 convertam
3555 1839 3695 1891 eum,

395 1910 546 1966 Zeno
578 1922 631 1968 et
654 1912 1005 1981 Aristoteles,
1033 1913 1203 1971 Stoici
1229 1926 1519 1971 versantur
1542 1925 1599 1972 et
1623 1917 1993 1988 Peripatetici.

394 2004 651 2060 Oratores
672 2004 889 2076 Lysiam
913 2016 968 2062 et
986 2006 1342 2079 Hyperidem,
1384 2008 1654 2065 Periclem
1688 2022 1744 2066 et
1792 2011 1991 2068 Demo-

395 2095 667 2163 sthenem,
697 2100 993 2166 Gracchos,
1019 2100 1278 2171 Catones,
1306 2102 1537 2170 Tullios,
1569 2113 1624 2160 et
1672 2106 1992 2164 llorteusios

394 2188 665 2246 inccelum
706 2190 955 2248 laudibus
974 2192 1176 2249 ferunt.
1219 2195 1424 2260 Poetae,
1464 2197 1509 2251 si
1543 2198 1680 2267 epici
1710 2210 1857 2266 sunt,
1886 2200 1993 2255 Ho-

392 2298 603 2339 mermn
631 2295 794 2356 atque
813 2284 1130 2355 Virgilium;
1154 2287 1395 2359 silyrici,
1423 2288 1720 2345 Pindarum
1748 2300 1803 2346 et
1830 2290 1991 2363 225

394 2374 649 2432 Flaccum
705 2380 903 2435 crebro
948 2394 1201 2435 sermone
1248 2382 1663 2439 concelebrant.
1716 2383 1827 2438 Cur
1873 2384 1992 2439 lucc

392 2469 534 2527 dicta
590 2474 752 2527 sunt?
798 2483 856 2528 ut
912 2473 1127 2529 scilicet
1186 2475 1541 2531 ostendamus
1598 2476 1764 2532 etiam
1823 2477 1990 2532 Amos

391 2565 741 2633 proliltetam,
775 2566 869 2636 qui
895 2575 1085 2637 pastor
1129 2567 1196 2623 de
1232 2568 1543 2638 pastoribus
1568 2569 1695 2637 fuit,
1723 2578 1778 2626 et
1808 2580 1990 2641 pastor

391 2673 497 2713 non
549 2658 601 2713 in
652 2658 789 2715 locis
832 2660 995 2715 cultis
1018 2669 1075 2716 et
1116 2662 1405 2718 arboribus
1444 2678 1508 2718 ac
1538 2664 1713 2721 vineis
1742 2666 1986 2732 consitis,

390 2760 482 2808 aut
527 2762 678 2809 certe
727 2754 868 2809 inter
894 2754 1061 2809 silvas
1091 2764 1146 2811 et
1176 2764 1326 2825 prata
1356 2757 1616 2827 virentia,
1663 2758 1758 2813 sed
1798 2759 1849 2813 in
1880 2759 1986 2814 lata

390 2848 559 2903 eremi
606 2849 859 2904 vastitate
879 2889 895 2914 ,
949 2849 1002 2903 in
1032 2864 1136 2921 qua
1183 2861 1436 2905 versatur
1464 2852 1687 2907 leonum
1718 2852 1906 2908 feritas
1933 2863 1988 2909 et

390 2936 703 2995 interfectio
733 2955 993 3010 pecorum
1013 2982 1030 3009 ,
1064 2941 1205 2997 artis
1233 2957 1347 2997 suae
1375 2959 1533 2999 usum
1566 2959 1689 3000 esse
1720 2947 1987 3000 sermoni-

388 3031 510 3096 bus.
545 3042 603 3088 ut
635 3048 825 3089 vocem
853 3034 1067 3089 Domini
1091 3035 1394 3092 terribilem
1424 3045 1585 3107 atque
1614 3037 1983 3104 metuendam,

388 3129 623 3198 rugitum
652 3127 871 3183 leonum
899 3138 953 3184 et
976 3127 1249 3185 fremitum
1278 3129 1600 3185 nominaret.
1627 3129 1982 3186 Eversionem

2101 1924 2161 1961 eo
2180 1907 2318 1977 quod
2336 1908 2688 1963 triluraverint
2713 1910 2763 1962 in
2786 1910 3036 1978 plaustris
3065 1912 3252 1981 ferreis
3273 1912 3495 1968 Galaad.
3522 1914 3697 1970 LXX:

2101 2000 2169 2054 Et
2199 2001 2333 2055 dixit
2354 2002 2642 2057 Dominus:
2662 2003 2834 2075 Super
2862 2003 3024 2059 tribus
3050 2005 3397 2075 impietatibus
3422 2007 3696 2075 Damasci,

2098 2103 2145 2149 et
2176 2110 2330 2165 super
2350 2104 2571 2165 quatuor
2602 2112 2703 2151 non
2748 2096 3021 2152 aversabor
3049 2113 3133 2152 eos
3165 2095 3274 2169 [ΑΙ.
3320 2098 3482 2171 eum],
3515 2117 3610 2171 pro
3636 2116 3694 2155 eo

2096 2187 2234 2256 quod
2275 2198 2543 2242 secuerunt
2587 2189 2741 2243 scrris
2791 2190 2973 2259 ferreis
3011 2200 3334 2261 praegnantes
3384 2192 3437 2244 in
3464 2190 3690 2247 Gataad.

2097 2279 2202 2334 Pro
2262 2280 2513 2349 tributis,
2584 2297 2704 2351 qua:
2756 2281 3025 2337 Hebraice
3083 2284 3426 2355 appellantur
3481 2300 3691 2341 ausoru

2098 2370 2345 2443 (Wlfﬁn),
2362 2382 2418 2429 et
2438 2390 2466 2427 a
2488 2374 2869 2430 Theodotione
2894 2375 3171 2430 translatae
3196 2384 3327 2430 sunt
3344 2386 3472 2431 rota:
3495 2378 3697 2446 ferrem,

2095 2479 2217 2533 qua:
2246 2480 2345 2520 nos
2375 2465 2611 2537 plaustra
2653 2470 2824 2536 ferrea
2853 2465 3164 2537 inteprctati
3196 2482 3414 2535 sumus,
3462 2467 3695 2539 Septua-

2093 2556 2243 2626 ginta
2277 2559 2714 2623 transtulerunt,
2766 2558 2923 2612 scrris
2954 2557 3156 2627 ferreis.
3189 2557 3287 2612 Est
3310 2568 3491 2613 autem
3522 2574 3699 2629 genus

2092 2650 2356 2721 plaustri,
2407 2652 2550 2721 quod
2594 2650 2733 2706 rOIis
2778 2650 2967 2705 subter
3015 2650 3212 2706 ferreis
3250 2658 3411 2721 atque
3438 2654 3681 2709 dentatis

2092 2744 2349 2811 volvitur,
2400 2753 2478 2810 ut,
2527 2744 2773 2799 excussis
2804 2742 3119 2809 frumentis,
3151 2743 3407 2813 stipulam
3440 2744 3494 2799 in
3541 2745 3688 2801 arcis

2091 2845 2358 2903 conterat,
2389 2846 2443 2892 et
2479 2837 2534 2892 in
2551 2837 2704 2892 cibos
2730 2837 3109 2907 jumentorum
3144 2848 3365 2908 propter
3388 2838 3497 2895 feni
3528 2840 3695 2895 steri-

2093 2931 2297 2985 litatem
2331 2930 2512 3000 paleas
2545 2930 2903 2986 comminuat.
2938 2929 3175 2986 Rursum
3202 2931 3295 2987 ubi
3323 2932 3379 2987 in
3413 2933 3685 2990 Hebraico

2092 3022 2324 3079 habetur
2368 3040 2612 3079 nauseae
2656 3022 2806 3095 (Tm
2845 3025 2975 3113 33),
3025 3035 3080 3080 et
3128 3042 3293 3080 unum
3330 3042 3528 3083 nomen
3576 3038 3691 3097 est,

2090 3118 2440 3188 Septuaginta
2494 3119 2840 3189 interpretati
2895 3126 3052 3186 sunt,
3099 3118 3199 3189 ﬁlii
3256 3120 3428 3187 Ader,
3480 3135 3579 3176 nes
3633 3134 3691 3178 et

388 3218 810 3276 lsraeliticarum
843 3221 1081 3289 urbium,
1109 3231 1392 3292 pastorum
1426 3222 1706 3277 solitudini
1734 3221 1842 3295 [AL
1874 3223 1985 3277 sol-
2012 3211 2057 3275 C
2090 3226 2300 3266 DALETH
2324 3212 2722 3266 elementorum
2745 3210 2867 3265 falsi
2895 3211 3278 3267 similitudine.
3303 3212 3360 3268 In
3386 3229 3453 3269 eo
3476 3230 3699 3286 quoque

387 3311 676 3385 licitudini]
709 3323 764 3369 et
791 3314 1036 3370 ariditati
1067 3315 1332 3370 montium
1376 3329 1705 3385 comparans
1745 3333 1757 3369 :
1796 3316 1983 3370 Domi-

389 3422 519 3473 nus,
571 3406 777 3477 inquit,
827 3410 891 3463 de
919 3408 1051 3464 Sion
1092 3408 1292 3480 rugiet,
1332 3409 1473 3464 etde
1516 3407 1808 3464 Jerusalem
1839 3410 1982 3463 dabit

386 3514 554 3553 vocent
583 3517 751 3554 suam.
781 3509 807 3538 α
833 3501 1016 3575 Rugiet
1040 3501 1305 3557 llebraice
1332 3501 1537 3557 dicitur
1562 3517 1718 3559 JESAG
1750 3502 1941 3573 (nam)
1966 3521 1976 3556 :

385 3589 729 3663 Pulchreque
774 3592 843 3648 de
891 3592 1022 3649 Sion
1075 3594 1276 3663 rugict,
1306 3593 1456 3649 etde
1484 3593 1788 3650 Jerusalem
1832 3594 1983 3650 dabit

386 3697 575 3739 vocem
624 3699 807 3751 suam,
859 3686 948 3740 ubi
996 3695 1115 3741 erat
1166 3685 1431 3756 templum
1465 3695 1520 3742 et
1550 3687 1643 3742 Dei
1675 3687 1886 3759 religio,
1924 3696 1981 3742 ut

385 3773 640 3843 doceret,
695 3778 863 3832 Deum
915 3794 1022 3831 non
1073 3778 1125 3832 in
1174 3777 1343 3833 Israel
1396 3779 1644 3846 urbibus,
1694 3779 1748 3836 id
1788 3789 1892 3845 est,
1925 3780 1980 3835 in

384 3867 578 3926 Bethel
610 3880 665 3925 et
695 3871 832 3940 Dan,
863 3871 952 3927 ubi
982 3881 1138 3929 erant
1166 3873 1315 3928 aurei
1347 3873 1523 3944 vituli,
1554 3889 1655 3930 nec
1702 3875 1753 3929 in
1781 3886 1982 3930 metro—

384 3964 497 4035 poli
524 3965 772 4021 Samaria
802 3976 857 4022 et
892 3967 1103 4023 Jezrael
1126 4008 1141 4035 ,
1178 3967 1274 4022 sed
1306 3967 1361 4022 in
1391 3984 1519 4025 vera
1552 3969 1819 4041 religione
1850 3985 1980 4025 ver-

384 4056 515 4121 sari,
543 4072 663 4128 qua:
694 4057 791 4113 illo
825 4066 1071 4129 tempore
1096 4058 1383 4115 colebatur
1413 4060 1470 4115 in
1501 4060 1635 4117 Sion
1668 4072 1721 4117 et
1749 4061 1975 4118 Jerusa-

382 4148 514 4206 lem.
558 4151 678 4218 Quo
724 4150 970 4222 rugiente
998 4151 1065 4207 de
1093 4152 1255 4221 Sion,
1287 4163 1342 4208 et
1386 4153 1552 4211 dante
1583 4170 1777 4212 vocem
1821 4171 1978 4211 suam

385 4241 453 4297 de
485 4241 790 4300 Jerusalem
821 4245 915 4318 (de
946 4244 1079 4301 Sion
1109 4246 1253 4302 enim
1302 4248 1613 4317 egredietur
1660 4249 1748 4305 lex
1799 4249 1817 4321 (
1843 4248 1976 4304 Isai.

381 4334 463 4404 ll),
494 4343 551 4390 et
593 4336 820 4392 verbum
850 4337 1063 4393 Domini
1096 4339 1161 4395 de
1193 4334 1547 4412 Jerusalem),
1581 4342 1764 4398 omnia
1798 4355 1980 4413 pastm

382 4446 503 4487 rum
535 4440 591 4487 et
618 4448 806 4503 regum
838 4433 1012 4488 Israel
1042 4436 1293 4505 Speciosa
1326 4436 1623 4505 luxerunt,
1653 4448 1706 4494 et
1736 4439 1980 4495 exsicca-

381 4531 472 4579 tus
503 4532 585 4579 est
615 4536 800 4579 vertex
834 4524 1112 4593 Carmeli,
1161 4528 1249 4597 qui
1281 4530 1553 4598 quondam
1587 4530 1726 4585 ltetis
1758 4534 1978 4600 pascuis

2093 3306 2214 3361 loco
2263 3306 2353 3361 ttbi
2400 3321 2501 3360 nos
2551 3305 2826 3373 diximus,
2880 3306 2943 3360 de
2991 3307 3143 3361 domo
3190 3307 3502 3379 voluptatis,
3549 3309 3697 3380 quod

2090 3399 2584 3471 Hebraichicitur
2612 3415 2864 3454 aeneum
2890 3416 3031 3455 enen
3056 3404 3171 3489 (rm
3196 3402 3399 3474 nim),
3428 3411 3485 3458 et
3506 3417 3698 3461 onmes

2087 3492 2339 3547 similiter
2404 3492 2841 3561 transtulerunt,
2919 3494 3276 3563 Septuaginta
3346 3494 3700 3567 interpretati

2088 3595 2251 3655 sunt,
2303 3603 2366 3641 ea:
2418 3587 2542 3640 viris
2598 3585 2869 3652 Charrau,
2911 3602 3123 3641 murra
3171 3587 3409 3643 mediam
3458 3588 3698 3646 nominis

2086 3680 2323 3737 litteram
2376 3696 2473 3736 nes
2519 3681 2890 3750 arbitrantes,
2942 3690 2995 3736 et
3032 3681 3193 3753 juxta
3240 3684 3695 3742 consuetudinem

2087 3790 2241 3830 suam
2277 3790 2366 3829 AIN
2394 3774 2585 3844 prima:
2613 3772 2896 3828 Hebraicte
2929 3772 3151 3839 litterae,
3183 3773 3281 3829 Chi
3312 3775 3411 3848 ’(χ)
3441 3776 3693 3834 Graecum

2088 3878 2498 3939 praeponentes.
2531 3868 2802 3938 Cyrenem
2829 3868 2991 3923 etiam
3022 3884 3144 3939 quae
3191 3868 3461 3927 Hebraice
3487 3871 3692 3927 dicitur

2086 3978 2206 4019 CIRA
2231 3961 2441 4051 (n'tlp),
2469 3963 2770 4026 ses-ams,
2803 3962 2857 4017 id
2886 3970 2992 4031 est,
3029 3973 3289 4029 vocatum,
3321 3966 3407 4021 vel
3450 3968 3692 4022 nomina-

2086 4064 2196 4109 tum
2255 4056 2688 4124 transtulerunt,
2746 4065 2971 4126 propter
3020 4056 3173 4112 verbi
3233 4056 3691 4127 similitudinem,

2084 4149 2213 4221 quia
2243 4146 2271 4186 ι)
2306 4163 2484 4203 causa
2516 4149 2771 4237 (nuptm,
2806 4149 3006 4203 vacatio
3031 4150 3141 4205 dici
3172 4161 3376 4221 potest,
3410 4162 3465 4209 et
3494 4170 3692 4211 nomen

2085 4244 2411 4315 proprium,
2464 4243 2858 4314 appellativum
2913 4244 3324 4301 intellexerunt.
3378 4247 3457 4304 De
3506 4250 3695 4307 causis

2083 4337 2323 4393 diversae
2372 4337 2751 4393 translationis
2797 4338 3039 4394 breviter
3087 4337 3325 4397 diximus
3370 4359 3383 4395 :
3426 4357 3574 4399 nunc
3622 4344 3691 4400 ad

2084 4447 2306 4489 sensum
2336 4446 2527 4487 eorum
2560 4447 2681 4501 quae
2721 4430 2868 4486 dicta
2895 4441 3021 4486 sunt
3053 4441 3413 4489 transeamus.
3444 4434 3689 4494 Primum

2086 4525 2375 4580 adversum
2402 4525 2749 4591 Damascum,
2778 4524 2830 4578 in
2854 4539 2961 4594 qua
2994 4525 3259 4594 regnabat
3290 4526 3482 4595 Azael,
3512 4546 3697 4587 sermo

380 4617 717 4674 abundabat.
748 4620 1030 4675 Carmelus
1060 4620 1251 4677 Graece
1296 4623 1495 4679 dicitur
1535 4633 1589 4679 et
1619 4624 1836 4692 Latine,
1876 4627 1981 4681 lle-
2012 4616 2061 4675 υ
2089 4620 2184 4674 Dei
2219 4618 2492 4688 dirigitur,
2521 4618 2613 4688 qui
2661 4633 2727 4673 eo
2774 4625 3022 4687 tempore
3063 4633 3170 4687 quo
3198 4618 3366 4675 Amos
3397 4622 3692 4692 prepheta-

382 4711 569 4767 braice
596 4720 778 4767 autem
811 4714 1114 4782 appellatur
1139 4727 1424 4772 cusanus:
1452 4726 1505 4771 et
1528 4725 1658 4772 sunt
1685 4716 1793 4773 duo
1822 4733 1981 4773 mon-

383 4814 502 4874 tes,
551 4808 642 4879 qui
674 4818 945 4864 vocantur
996 4808 1101 4865 boc
1150 4809 1391 4866 nomine.
1426 4810 1579 4867 Alter
1624 4811 1678 4867 in
1719 4829 1829 4884 quo
1882 4813 1982 4869 fuit

382 4897 555 4957 Nabal
584 4901 895 4969 Carmelus,
925 4901 1154 4958 maritus
1180 4902 1393 4974 Abigail
1424 4904 1493 4960 ad
1516 4906 1826 4961 Australem
1854 4906 1977 4977 pla-

382 5009 527 5065 gam.
560 4995 716 5052 Alter
734 4997 896 5067 juxta
924 4997 1340 5065 Ptolemaidem,
1363 5015 1484 5070 quae
1508 5000 1658 5071 prius
1684 5001 1977 5057 vocabatur

386 5085 564 5157 Acho,
598 5091 733 5146 mari
767 5091 1080 5159 imminens,
1115 5093 1166 5148 in
1200 5108 1309 5165 quo
1342 5094 1491 5151 Elias
1525 5096 1787 5167 propheta
1819 5095 1977 5151 flexis

387 5182 619 5254 genibus
650 5185 861 5256 pluvias
905 5186 1221 5258 impetravit
1264 5187 1308 5260 (Ι
1338 5188 1474 5259 Reg.
1505 5190 1619 5261 xv).
1664 5190 1720 5247 Si
1753 5205 1883 5262 ergo
1912 5191 1981 5246 de

385 5272 641 5331 Cltermel
670 5276 820 5345 dicit,
853 5279 907 5335 in
938 5294 1047 5351 quo
1074 5278 1340 5336 habitavit
1365 5280 1558 5349 Nabal,
1591 5283 1764 5355 magis
1797 5292 1979 5354 pasto-

383 5381 504 5422 rum
534 5370 791 5439 gregibus
816 5372 1108 5439 convenit,
1155 5372 1279 5444 quia
1310 5383 1394 5429 est
1439 5374 1591 5445 juxta
1621 5377 1975 5433 solitudinem

387 5460 499 5532 (Ill
534 5462 658 5535 Reg.
695 5464 825 5537 l8).
857 5466 952 5523 Sin
986 5477 1165 5524 autem
1211 5467 1281 5525 de
1330 5468 1459 5537 illo,
1510 5470 1605 5542 qui
1648 5472 1863 5530 vicinus
1892 5481 1979 5529 est

380 5551 576 5626 littori,
611 5556 680 5613 ad
704 5573 863 5631 reges
887 5569 942 5615 et
967 5560 1279 5632 superbiam
1310 5564 1543 5631 pertinet
1573 5579 1761 5637 regum
1779 5564 1974 5634 Israel,

452 5725 477 5792 fl
510 5715 568 5792 in
595 5716 828 5772 Cisterc.
865 5732 991 5783 ms.,
1028 5718 1270 5792 Rugitus.

451 5786 478 5825 δ
509 5786 659 5844 Idem
714 5805 843 5855 ms.,
897 5807 1036 5857 care,
1085 5786 1135 5845 εἷ
1180 5794 1293 5847 ciru
1324 5795 1479 5850 etiam
1524 5796 1845 5853 vocatio:ex
1874 5812 1975 5866 qua

2086 4712 2177 4767 bat
2201 4753 2215 4779 ,
2265 4712 2501 4784 graviter
2532 4712 2761 4783 urgebat
2793 4712 2983 4779 lsrael,
3014 4711 3067 4766 id
3109 4721 3214 4781 est,
3246 4714 3438 4771 decem
3471 4717 3647 4775 tribus
3675 4738 3687 4775 :

2086 4804 2357 4859 intantum
2388 4814 2466 4873 ut,
2496 4813 2754 4875 superato
2786 4805 2976 4860 Achab
3019 4820 3148 4877 rege
3172 4807 3339 4864 Israel
3368 4811 3422 4893 in
3454 4811 3688 4869 Ramoth

2086 4897 2291 4954 Galaad
2316 4939 2332 4967 ,
2383 4912 2602 4953 omnem
2647 4898 2927 4970 regionem
2960 4914 3084 4970 quae
3114 4902 3497 4973 appellabatur
3526 4907 3686 4978 227

2086 4992 2315 5061 Galaad,
2347 5001 2404 5048 et
2447 4992 2504 5048 in
2553 4992 2926 5048 luereditatem
2957 5005 3205 5051 cesserat
3250 4996 3494 5053 dimidiae
3524 5000 3688 5056 tribui

2087 5086 2361 5153 Manasse,
2395 5086 2566 5141 instar
2599 5084 2923 5142 tribularum
2954 5085 3287 5144 frumentum
3324 5091 3379 5145 in
3410 5091 3557 5147 areis
3594 5093 3688 5148 tri-

2087 5168 2383 5237 turantium
2412 5180 2691 5253 jugularet
2727 5190 2892 5252 atque
2923 5191 3255 5239 contereret.
3286 5184 3438 5254 Quod
3470 5186 3687 5257 plenius

2083 5277 2315 5332 Elismus
2345 5274 2607 5346 propheta
2640 5275 2696 5330 in
2737 5273 2948 5346 Regum
2978 5277 3255 5333 volumine
3298 5280 3562 5350 loquitur,
3591 5282 3684 5341 ubi

2083 5372 2344 5443 scriptum
2396 5370 2624 5441 legimus
2662 5386 2678 5425 :
2721 5369 2982 5442 Stetitque
3011 5386 3131 5425 cum
3160 5388 3240 5440 eo,
3269 5382 3317 5427 et
3352 5376 3685 5433 conturbatus

2083 5475 2157 5522 est
2189 5483 2349 5539 usque
2379 5466 2447 5519 ad
2478 5464 2819 5533 suﬁ'usionem
2844 5464 3058 5521 vultus:
3076 5467 3314 5537 ﬂevitque
3337 5470 3415 5523 vir
3440 5470 3559 5525 Dei.
3589 5472 3686 5528 Cui

2080 5559 2239 5616 Azacl
2279 5561 2355 5614 ait
2382 5575 2400 5613 :
2438 5559 2609 5627 Quare
2639 5559 2878 5614 dominus
2916 5575 3060 5614 meus
3088 5561 3218 5630 ﬂet?
3243 5560 3310 5616 Et
3342 5561 3451 5636 [ΔΙ.
3481 5563 3557 5638 αι]
3596 5566 3685 5622 ille

2082 5723 2320 5798 lectione
2370 5724 2497 5798 boni
2546 5722 2825 5796 quidpiam
2877 5724 3073 5781 excudi
3120 5730 3280 5797 posse
3332 5726 3516 5798 video,
3539 5729 3683 5791 LXX

2085 5796 2268 5867 legere
2301 5796 2354 5852 in
2386 5795 2650 5852 Hebraico
2678 5804 2800 5883 ῚἾΡ.
