4120 6342
510 237 615 293 θοι)

1750 232 1809 299 Β.
1854 227 2128 293 EUBEllll
2169 225 2548 291 ΠΙΕἰίΟΝΥΜΙ

3705 225 3814 284 996

508 351 775 423 respondit
819 367 838 406 :
881 351 1020 418 Quia
1065 352 1173 406 scio
1215 366 1332 423 qua:
1383 353 1616 422 facturus
1666 349 1738 413 sis
1782 351 1906 422 ﬁliis
1935 350 2106 408 Israel
2135 348 2188 416 Α
2215 342 2302 402 tite
2331 357 2466 399 metu
2496 343 2700 404 vultum
2735 355 2993 404 aversata
3018 343 3088 406 ab
3113 343 3215 405 eol
3252 341 3415 400 Juxta
3449 341 3808 416 tropologiam

509 449 672 498 mala.
695 441 940 499 Civitates
968 459 1147 499 eorum
1175 445 1399 500 munitas
1428 444 1545 516 igne
1569 444 1865 513 succendes,
1897 453 1942 500 et
1958 447 2110 516 jure—

507 552 596 590 nes
634 541 825 590 'eorum
870 536 1154 606 interﬁcies
1207 537 1410 607 gladio,
1459 546 1509 592 et
1555 538 1797 607 parvulos
1845 536 2027 602 elides,
2062 545 2109 592 et

507 640 832 701 prtognantes
863 629 1080 685 divides.
1112 628 1364 701 Dixitque
1389 629 1548 686 Asael
1583 646 1600 684 :
1642 629 1783 695 Quid
1812 646 1928 689 sunt
1976 631 2110 688 enim

502 741 680 780 servus
729 733 848 779 tuus
895 724 1060 790 canis,
1089 735 1146 778 ut
1187 725 1380 796 faciam
1410 741 1517 780 rem
1546 725 1700 782 istam
1723 723 2010 798 magnam?
2040 722 2109 778 Et

500 816 576 870 ait
604 815 831 872 Elisaeus
871 831 891 870 :
940 815 1177 876 Ostendit
1219 816 1352 871 mihi
1384 816 1640 875 Dominus
1666 828 1718 874 te
1737 833 1907 888 regem
1938 816 2109 888 Syriis

473 911 613 979 'fore
642 907 747 978 (IV
782 908 913 980 Reg.
948 923 1070 975 vtu,
1101 910 1164 970 tl
1200 925 1342 980 seqq.
1371 908 1412 981 ).
1445 909 1603 977 Quod
1645 919 1828 967 autem
1850 912 2106 981 Sequitur

505 999 559 1053 in
589 1000 878 1070 propheta.

571 1091 756 1160 (Vere.
786 1091 870 1165 4.)
909 1089 978 1148 Et
1011 1093 1215 1150 mittam
1261 1093 1434 1165 ignem
1480 1095 1535 1150 in
1583 1094 1797 1150 domum
1825 1093 2016 1161 Asael,
2055 1102 2104 1149 et

499 1186 768 1242 derorabit
797 1187 977 1242 domos
999 1186 1278 1244 Benadad.
1307 1187 1380 1244 Et
1408 1197 1672 1245 conteram
1695 1198 1885 1246 vectem
1909 1188 2104 1244 Dama»

499 1279 596 1346 sci,
625 1287 674 1334 et
715 1277 1017 1352 dispertiunt
1046 1279 1364 1338 habitatores
1409 1280 1474 1338 de
1516 1297 1699 1352 catnpo
1736 1281 1890 1338 idoli.
1921 1279 2098 1338 LXX:

500 1368 571 1426 Et
595 1371 822 1428 emittant
863 1372 1033 1443 ignem
1076 1373 1134 1430 in
1157 1373 1370 1430 domum
1394 1373 1578 1440 Azael,
1605 1382 1657 1432 et
1683 1373 1946 1432 (laborabit
1979 1377 2100 1444 fun-

497 1461 746 1519 damenta
793 1464 892 1533 ﬁlii
931 1463 1088 1534 Λάαν,
1137 1473 1184 1522 et
1231 1474 1494 1524 conteram
1537 1474 1702 1524 nectes
1741 1464 2021 1532 Damasci,
2053 1475 2101 1522 et

497 1553 796 1626 dispertiunt
823 1555 1141 1612 habitatores
1183 1558 1246 1612 de
1285 1575 1471 1630 campo
1515 1557 1603 1615 ὢν.
1646 1559 1752 1618 Dat
1797 1559 2101 1629 intelligen-

496 1644 652 1713 tiam,
682 1647 831 1718 quod
875 1647 1064 1716 Asael,
1114 1651 1470 1719 regnantibus
1500 1649 1629 1711 Osis
1675 1660 1732 1712 et
1772 1649 2096 1718 Jeroboam,

2213 450 2345 494 vero
2377 435 2480 494 hoc
2523 451 2815 512 possumus
2861 435 3046 496 dicere
3081 453 3096 494 :
3125 435 3366 491 Primum
3392 443 3672 506 peccatum
3699 447 3807 502 est,

2211 531 2484 602 cogitasse
2514 545 2638 606 qua:
2669 531 2809 590 ntala
2840 538 2988 588 sunt.
3020 528 3356 595 Secundum,
3385 528 3809 601 cogitationibus

2209 623 2552 692 acquievissc
2598 622 2896 696 perversis.
2927 621 3196 693 Tertium,
3233 621 3378 692 quod
3408 632 3590 683 niente
3615 620 3815 678 decrec

2210 717 2386 786 veris,
2439 730 2606 790 Opere
2653 715 2985 788 complesse.
3019 715 3320 788 Quartum,
3368 723 3494 785 post
3522 722 3810 786 peccatum

2207 821 2318 866 non
2369 821 2529 884 agere
2580 808 2992 880 paenitentiam,
3023 817 3078 870 et
3107 807 3162 869 in
3197 822 3300 866 suo
3328 806 3436 866 sibi
3466 807 3812 880 complacere

2207 898 2430 958 delicto.
2465 899 2580 958 Hoc
2609 914 2800 958 Omnes
2834 899 3043 956 faciunt
3070 898 3338 970 haeretici,
3368 901 3457 976 qui
3491 916 3596 955 non
3627 899 3808 956 solum

2209 977 2471 1063 cogitant,
2502 1004 2555 1050 et
2585 994 2791 1054 faciunt
2819 993 2980 1064 rnala,
3013 993 3110 1050 sed
3138 993 3387 1050 doctrina
3418 1008 3514 1048 sua
3555 1008 3812 1070 quosque

2210 1087 2490 1160 simplices
2538 1087 2854 1162 decipiunt,
2888 1096 2944 1146 et
2990 1089 3047 1149 in
3095 1104 3306 1152 morem
3338 1087 3810 1155 Damascenorum,

2211 1180 2303 1254 qui
2333 1182 2784 1254 interpretantur,
2818 1181 3124 1256 sanguinem
3163 1181 3408 1251 bibentes,
3442 1194 3630 1240 eorum
3663 1193 3810 1250 quos

2205 1271 2548 1344 deceperint,
2582 1273 2899 1342 sanguinem
2931 1272 3148 1332 bibunt.
3182 1271 3358 1343 Super
3396 1269 3804 1348 hujuscemodi,

2203 1363 2413 1436 inquit,
2463 1367 2702 1438 peceatis
2759 1366 3054 1420 Dominus:
3083 1379 3268 1420 nonne
3315 1365 3536 1436 dignum
3582 1373 3690 1430 est,
3745 1371 3811 1416 ut

2202 1470 2300 1512 eos
2348 1457 2524 1527 plagis
2569 1455 2899 1530 corripiam,
2949 1466 3005 1512 et
3054 1465 3299 1514 avertam
3358 1456 3428 1513 ab
3479 1459 3559 1513 eis
3609 1455 3807 1514 faciem

2204 1550 2423 1604 meam?
2479 1558 2535 1604 ut
2574 1549 2667 1619 qui
2700 1550 2983 1604 veritatem
3031 1548 3347 1622 dogmatum
3397 1562 3644 1604 meorum
3696 1561 3810 1602 non

2203 1641 2412 1712 vident,
2464 1643 2754 1697 aversione
2801 1644 2984 1697 vultus
3029 1643 3137 1696 mei
3189 1640 3428 1697 tenebris
3477 1640 3805 1698 obruantur.

491 1740 605 1812 jam
637 1742 691 1799 in
725 1743 884 1814 Syria
918 1751 1170 1801 mortuus
1197 1755 1337 1810 erat,
1369 1755 1426 1802 ει
1450 1746 1502 1804 οἱ
1534 1747 1586 1803 in
1619 1761 1849 1816 regnum
1877 1761 2094 1805 success.
2127 1736 2175 1800 Β
2202 1732 2597 1795 Contriverunt
2641 1735 2806 1800 enim,
2852 1734 2968 1790 sive
3013 1733 3403 1796 dissecuerunt
3431 1733 3504 1801 ill
3541 1732 3807 1808 plaustris

493 1843 644 1891 serat
688 1832 836 1891 ﬁlius
887 1850 1018 1892 suus
1069 1837 1366 1907 Beuadad,
1419 1854 1448 1894 a
1496 1854 1606 1909 quo
1652 1853 1848 1896 omnes
1907 1846 2096 1906 postea

492 1939 655 1996 reges
685 1928 881 1996 Aram,
933 1928 986 1984 id
1035 1939 1140 1998 est,
1191 1929 1367 2002 Syriae
1417 1940 1473 1990 et
1504 1930 1792 1999 Damasci,
1842 1931 2097 1990 Benadad

493 2017 818 2078 vocabulum
868 2019 1253 2088 possederunt.
1295 2020 1448 2079 Unde
1499 2021 1727 2092 pulchre
1774 2039 1884 2082 non
1932 2023 2092 2093 dixit,

493 2110 705 2168 mittam
736 2112 916 2182 ignem
949 2113 1004 2169 in
1044 2113 1233 2181 Auel,
1287 2114 1386 2174 sed
1437 2114 1490 2171 in
1517 2114 1741 2173 domum
1787 2116 1972 2182 Azael,
2037 2115 2092 2172 id

491 2212 610 2266 est.
659 2204 713 2262 in
745 2203 965 2262 domum
1007 2206 1128 2278 ejus
1157 2207 1386 2276 regiam,
1419 2208 1506 2266 cui
1539 2207 1796 2268 Beuadad
1835 2207 1982 2268 illius
2027 2223 2094 2263 eo

492 2303 738 2366 tempore
750 2303 1004 2367 praet-rat.
1025 2296 1094 2356 Et
1114 2306 1394 2364 conteram,
1422 2299 1619 2370 inquit,
1642 2309 1805 2356 rectos
1824 2298 2090 2369 Damasci,

487 2397 534 2444 et
565 2388 868 2458 disperdam
897 2389 1208 2446 habitatores
1247 2392 1312 2448 de
1340 2409 1525 2462 campo
1554 2391 1709 2450 idoli.
1742 2395 1975 2450 (lintrem
2007 2392 2092 2448 vi-

489 2480 689 2538 delicet
726 2483 988 2554 Syrorum
1037 2482 1410 2542 fortitudinem
1456 2483 1583 2558 [Αι.
1637 2485 2092 2560 multitudinem].

492 2586 618 2641 qua:
648 2573 815 2630 veluti
841 2573 1077 2644 quodam
1109 2575 1355 2645 plaustro
1384 2586 1440 2633 ct
1468 2577 1712 2636 vectibus
1746 2578 2092 2636 adversario-

491 2681 610 2723 rum
644 2668 882 2736 impetus
913 2667 1562 2740 submovebat.Csmpum
1587 2679 1772 2730 autem
1797 2670 1925 2728 idoli
1949 2671 2091 2740 quod

493 2760 759 2818 Hebraice
787 2760 986 2818 dicitur
1015 2777 1152 2822 avsa
1186 2761 1342 2852 (pst),
1373 2773 1426 2818 et
1458 2763 1808 2834 Septuaginta
1837 2774 1890 2822 et
1916 2763 2094 2824 Theo—

487 2852 641 2910 dorio
689 2854 1028 2924 interpretati
1069 2862 1201 2912 sunt
1243 2854 1352 2912 ὢνε
1395 2853 1762 2926 Symmachus
1808 2864 1864 2912 et
1904 2858 2092 2926 quinta

493 2945 666 3002 editio
697 2948 1115 3016 transtulerunt,
1149 2947 1474 3020 iniquitatem
1493 2965 1512 3004 :
1538 2949 1756 3020 Aquila,
1783 2951 2090 3023 ἀνωφελοῦς,

493 3038 547 3094 id
580 3045 687 3106 est,
716 3039 978 3107 inutilem,
1029 3050 1087 3098 ut
1119 3039 1432 3098 ostenderet
1469 3056 1606 3100 vana
1637 3040 2089 3100 idolorum.auxi-

2202 1824 2402 1880 ferreis
2447 1835 2796 1897 praegnantes
2840 1825 3071 1883 Galaad.
3107 1826 3230 1884 Ista)
3268 1837 3394 1884 sunt
3435 1835 3800 1900 praegnantes,

2199 1919 2266 1975 de
2293 1922 2494 1992 quibus
2540 1921 2804 1980 Dominus
2835 1921 2890 1976 in
2922 1920 3219 1996 Evangelio
3248 1921 3519 1992 loquitur:
3551 1918 3642 1975 Va:
3669 1933 3808 1991 prte-

2197 2012 2497 2090 gnqntibus,
2531 2023 2578 2070 et
2608 2013 2952 2071 nutrientibus
2997 2014 3051 2067 in
3100 2012 3208 2072 illis
3253 2012 3433 2070 diebus
3476 2009 3630 2082 (Luc.
3681 2026 3802 2077 xxi,

2197 2104 2317 2176 25).
2349 2105 2702 2177 Prasguantes
2733 2113 2861 2161 sunt
2903 2105 3102 2164 animm
3147 2105 3524 2172 credentium,
3575 2119 3698 2175 quin
3744 2105 3802 2158 in

2197 2199 2470 2272 principio
2500 2198 2625 2256 ﬁdei
2655 2207 2885 2274 passunt
2910 2197 3124 2256 dicere:
3147 2197 3189 2252 Α
3219 2199 3402 2254 timore
3419 2207 3529 2268 tuo,
3557 2194 3798 2266 Domine,

2198 2291 2526 2362 concepimus
2555 2301 2610 2344 et
2638 2290 3014 2362 parturivimus
3045 2289 3064 2362 (
3090 2287 3167 2346 Is.
3200 2305 3346 2358 xxv1,
3377 2291 3468 2362 i7,
3499 2288 3566 2344 18
3589 2287 3643 2362 );
3672 2297 3727 2342 et
3753 2287 3800 2346 si

2199 2399 2308 2440 non
2339 2384 2544 2444 fuerint
2573 2385 2834 2456 plaustris
2861 2399 2925 2444 ac
2953 2383 3091 2439 rotis
3117 2384 3320 2440 ferreis
3346 2399 3410 2438 ac
3436 2381 3674 2438 dentatis
3707 2381 3802 2454 (de

2196 2481 2392 2550 quibus
2420 2479 2708 2536 Psalmista
2741 2479 2876 2534 dicit
2908 2497 2920 2535 :
2949 2477 3080 2534 Filii
3109 2477 3378 2535 hominum
3411 2477 3588 2532 dentes
3616 2492 3798 2532 eorum

2195 2590 2342 2628 arma
2355 2574 2615 2648 etsogitta:
2631 2571 2747 2644 (Ps.
2767 2588 2880 2641 LVI,
2896 2571 2976 2643 5),
2996 2573 3653 2648 concisaeatquelerratte,
3671 2586 3798 2642 pos-

2195 2676 2325 2720 sunt
2355 2667 2514 2722 etiam
2551 2682 2616 2721 ea
2649 2666 2832 2722 dicere
2868 2681 2991 2742 quae
3012 2677 3351 2738 sequuntur:
3380 2665 3447 2722 Et
3478 2667 3794 2740 peperimus,

2195 2762 2438 2832 spiritum
2491 2759 2678 2814 salutis
2730 2773 2829 2815 tua:
2877 2760 2903 2799 ι)
2953 2762 3205 2833 faciemus
3251 2777 3408 2838 super
3447 2771 3656 2815 terram.
3707 2759 3795 2816 Si-

2194 2857 2412 2924 mulque
2449 2855 2612 2928 229
2638 2855 2924 2910 coiisidcra
2956 2854 3101 2934 quod
3127 2854 3384 2926 perfectae
3413 2854 3592 2910 aetatis
3643 2855 3791 2910 viros

2193 2962 2381 3002 secare
2410 2965 2514 3008 non
2537 2952 2778 3020 possint;
2809 2948 2903 3004 sed
2927 2963 3022 3004 eos
3054 2950 3144 3020 qui
3174 2949 3352 3005 adhuc
3377 2949 3429 3004 in
3459 2959 3617 3005 utero
3639 2958 3790 3014 sunt,

2196 3043 2278 3098 vel
2322 3042 2413 3114 qui
2459 3042 2693 3100 solidum
2735 3043 2914 3097 cibum
2947 3057 3147 3122 capere
3177 3053 3456 3114 nequeunt
3481 3085 3495 3107 ,
3525 3053 3579 3098 et
3609 3042 3791 3098 adhuc

487 3129 582 3197 lin,
610 3145 733 3188 cum
762 3131 995 3201 populus
1027 3131 1300 3199 Damasci,
1332 3131 1564 3204 Assyrio
1595 3133 1872 3201 veniente,
1903 3133 2083 3204 oapie-
2112 3126 2157 3195 C
2192 3133 2330 3187 lacte
2364 3134 2676 3190 nutriuntur
2701 3133 2962 3190 infantiae.
2996 3135 3118 3190 Istae
3146 3146 3325 3191 autem
3355 3146 3696 3212 pricgnanles
3722 3135 3793 3196 de

486 3233 574 3284 tur
603 3226 713 3300 [ΑΙ.
747 3225 1040 3300 capiatur].
1074 3226 1331 3297 Legimus
1361 3227 1504 3282 enim
1535 3226 1680 3298 quod
1725 3227 2091 3299 Theglatpha-

488 3319 758 3376 lasar-rex
789 3319 1082 3392 Assyrius,
1134 3319 1424 3384 interfecto
1455 3319 1624 3382 Rasin
1656 3336 1785 3391 rege
1817 3322 2086 3390 Damasci,

486 3411 557 3468 de
595 3428 704 3481 quo
753 3419 810 3472 et
858 3411 1027 3474 Isaias
1059 3411 1319 3482 loquitur,
1350 3428 1568 3472 onmem
1595 3413 1770 3480 Syria:
1801 3414 2084 3484 populum,

484 3505 580 3573 qui
607 3505 983 3575 appellabatur
1031 3506 1220 3574 Arent,
1256 3505 1308 3566 in
1345 3503 1612 3578 Cyrenem
1648 3507 2004 3577 transtulerit,
2033 3517 2089 3568 et

486 3599 558 3659 ob
587 3599 726 3656 hanc
753 3613 974 3656 causam
1003 3613 1127 3658 esse
1156 3613 1301 3654 nunc
1327 3600 1531 3662 dictum
1563 3598 1658 3672 (IV
1685 3600 1817 3673 Reg.
1853 3601 1968 3668 16).

557 3691 741 3762 (Vera.
773 3690 854 3764 5.)
893 3691 1057 3764 ᾖξε
1085 3689 1360 3753 Tenentent
1402 3703 1664 3764 sceptrum
1705 3693 1769 3750 de
1808 3694 1961 3754 domo
1993 3710 2084 3750 uo-

486 3785 699 3858 luptatis
749 3795 799 3856 ιι,
849 3796 896 3842 et
942 3790 1286 3859 transferetur
1331 3789 1554 3859 populus
1602 3787 1773 3859 Syria:
1817 3788 2078 3859 Cyrenen,

484 3878 609 3938 dicit
651 3879 928 3938 Dominus.
962 3878 1106 3940 LXX
1146 3899 1161 3936 :
1205 3879 1274 3938 Et
1316 3881 1587 3940 concidam
1627 3881 1819 3940 tribuni
1867 3899 1929 3938 ea;
1963 3884 2084 3942 viris

484 3970 744 4038 Chai-run,
778 3983 826 4028 et
855 3973 1091 4043 captivus
1136 3973 1355 4031 ducetur
1389 3973 1612 4050 populus
1645 3973 1818 4045 Syria:
1846 3974 2084 4029 nomina-

480 4073 588 4130 tus,
619 4065 747 4126 dicit
779 4065 1054 4122 Dominus.
1089 4065 1158 4124 Ut
1185 4066 1560 4134 subaudiatur,
1591 4077 1854 4128 conteram
1883 4076 1932 4122 et
1978 4067 2086 4124 dis-

480 4159 697 4229 perdam
724 4201 739 4226 ,
790 4168 847 4215 et
878 4160 1108 4231 populus
1151 4159 1328 4232 Syria:
1356 4161 1408 4218 in
1438 4160 1576 4218 lines
1604 4159 1828 4232 [Egypti
1860 4162 2083 4218 ultimos

481 4251 864 4310 transferetur.
913 4254 1182 4324 Quodque
1230 4253 1285 4314 in
1337 4253 1602 4323 principio
1653 4253 2081 4328 dicitur:Supsr

479 4344 644 4399 tribus
677 4345 958 4402 sceleribus
985 4343 1232 4400 Damasci
1251 4387 1267 4412 ,
1299 4356 1346 4408 et
1375 4361 1529 4416 super
1557 4359 1803 4420 quatuor,
1838 4364 1938 4408 non
1967 4347 2078 4421 [ΑΙ.

478 4437 676 4513 nonne]
713 4449 1006 4496 convertam
1050 4457 1190 4504 eum,
1237 4450 1293 4502 et
1337 4439 1642 4505 secundum
1689 4443 2076 4514 Septuaginta,

479 4548 582 4588 non
615 4531 724 4604 [AL
772 4530 962 4605 nonne]
995 4531 1273 4594 aversabor
1309 4549 1454 4602 eum,
1487 4533 1538 4589 id
1565 4543 1668 4608 est,
1710 4533 1954 4597 Damasci
1986 4550 2081 4610 pn—
2107 4519 2156 4588 Ι)

478 4626 702 4697 pulum,
753 4627 869 4686 sive
915 4626 1111 4695 Aram,
1165 4627 1218 4692 id
1263 4637 1376 4696 est,
1417 4627 1653 4701 Syrum,
1687 4629 1831 4690 hunc
1857 4645 2077 4692 sensum

471 4721 628 4793 juxta
651 4721 938 4784 historiam
970 4723 1176 4788 habere
1208 4732 1388 4794 potest
1408 4723 1497 4786 :Si
1527 4725 1695 4788 semel
1723 4742 1901 4788 meum
1932 4732 2081 4782 esset

477 4795 1132 4894 populum.perseculus,
1168 4829 1260 4878 aut
1302 4821 1564 4888 secmldo,
1599 4822 1787 4882 darem
1821 4824 2074 4886 veniam:

478 4929 625 4972 nunc
652 4929 784 4974 vero
812 4931 934 4972 cum
981 4915 1144 4976 tertio
1185 4927 1241 4974 et
1267 4927 1461 4986 quarto
1501 4917 1746 4980 crudelis
1771 4919 2071 4986 exstiterit,

479 5014 537 5058 ut
565 5006 838 5074 captivum
872 5004 1278 5067 multitudinem
1313 5007 1571 5077 plaustris
1603 5007 1798 5070 ferreis
1831 5017 2032 5064 tereret
2059 5026 2074 5065 :

473 5111 656 5158 nonrie
681 5098 856 5158 debeo
887 5113 1012 5156 eum
1047 5097 1216 5170 plagis
1258 5101 1579 5172 corripere?
1623 5116 1807 5160 nonne
1835 5102 2075 5162 clemen-

546 5244 572 5311 ξι
601 5233 1022 5311 Parl‘consensu
1054 5243 1167 5311 tres
1194 5253 1330 5293 mss.
1375 5238 1601 5303 addunt,
1631 5249 1786 5311 atque
1815 5241 2060 5296 luxuriae.

470 5304 610 5386 Intra
641 5307 851 5386 ultimos
873 5353 887 5376 ,
915 5323 1012 5378 pro
1056 5309 1291 5386 ultimus,
1339 5304 1709 5379 restituimus,
1748 5312 2062 5386 levioraque

471 5378 580 5452 alia
605 5393 674 5452 es
709 5379 901 5442 iisdem
933 5395 1068 5438 mss.
1099 5381 1450 5452 castigamus.

545 5449 572 5532 ιτ
605 5449 897 5532 Xietorius,
925 5467 1078 5532 quem
1100 5449 1319 5532 fecimus
1347 5470 1499 5532 super
1529 5461 1742 5518 terram.

549 5531 572 5559 ο
612 5521 1226 5595 Vulgatamlectionem
1273 5521 1544 5594 Eutictus,
1585 5542 1746 5595 quam
1789 5527 1936 5583 nullo
1958 5527 2072 5583 sui-

471 5593 721 5670 fragante
759 5593 1352 5670 ms.__Ma‘rtianteus_in
1387 5593 1575 5670 Aetius
1603 5593 1936 5670 mutaverat,
1973 5615 2074 5656 nos

472 5659 834 5738 resiituimus.
876 5659 1233 5738 Netfhe_vero
1269 5668 1399 5724 illud
1437 5678 1520 5726 est
1559 5667 1798 5728 hominis
1850 5659 2072 5738 eruditi,

472 5733 615 5805 quod
654 5735 936 5806 opinatur,
966 5733 1014 5793 si
1047 5735 1314 5794 Euticium
1344 5743 1608 5808 retineas,
1653 5755 1751 5812 pro
1781 5743 1950 5814 Aetio,
1984 5733 2077 5800 ne;

2192 3225 2396 3284 Galaad
2420 3229 2726 3300 sunt,quod
2759 3231 3142 3304 interpretatur
3161 3227 3459 3296 translatio,
3479 3229 3594 3284 sive
3616 3238 3791 3284 trans-

2190 3321 2431 3392 migratio
2487 3320 2781 3378 testimonii.
2835 3320 3202 3395 Migraverunt
3245 3321 3390 3376 enim
3443 3321 3512 3376 de
3544 3320 3791 3377 Ecclesia

2191 3416 2245 3470 in
2271 3413 2546 3484 hunesim,
2576 3422 2632 3470 et
2663 3413 2971 3469 testimonia
2999 3414 3092 3470 Dei
3119 3429 3239 3485 qua:
3271 3415 3418 3486 prius
3438 3421 3785 3488 acceperant,

2187 3507 2256 3563 ad
2287 3509 2496 3566 alienos
2533 3507 2802 3566 terminos
2857 3510 3270 3568 transtulerunt.
3322 3508 3429 3570 Sed
3471 3510 3652 3565 mittet
3676 3509 3790 3570 Do-

2188 3600 2368 3656 minus
2417 3603 2592 3672 ignem
2627 3602 2678 3658 in
2713 3601 2936 3662 domum
2989 3603 3148 3662 Azacl
3177 3645 3190 3671 ,
3224 3617 3387 3672 quam
3437 3601 3539 3675 ipsi
3587 3609 3789 3656 vocant

2188 3709 2360 3752 AZAEL
2388 3675 2596 3764 (bum),
2627 3693 2681 3748 id
2704 3703 2820 3762 est,
2855 3692 3102 3750 visionem
3136 3693 3232 3747 Dei
3265 3709 3281 3746 :
3311 3694 3489 3765 ignem
3517 3694 3606 3764 qui
3640 3695 3787 3770 ligna

2188 3786 2240 3840 in
2271 3787 2352 3839 eis
2378 3788 2741 3862 stipulamque
2769 3795 3075 3856 consumat,
3101 3796 3157 3841 et
3185 3786 3412 3844 devoret
3436 3785 3787 3848 fundamenta

2187 3878 2284 3934 lilii
2313 3879 2474 3934 Ader.
2497 3880 2764 3935 Debemus
2791 3879 2934 3942 enim
2963 3891 3016 3935 et
3038 3881 3195 3950 juxta
3217 3881 3564 3952 Septuaginta
3578 3878 3784 3948 dicere,

2185 3988 2254 4028 ne
2281 3986 2374 4028 eos
2401 3973 2597 4028 ll‘ustra
2622 3974 2971 4046 proposuisse
2999 3972 3280 4028 videamur
3307 3990 3320 4026 :
3356 3973 3493 4028 Ader
3517 3974 3788 4046 interpre-

2187 4075 2328 4126 tatur
2350 4067 2655 4144 εὐπρεπεία,
2679 4081 2838 4136 quem
2863 4081 2963 4120 nos
2987 4065 3230 4120 decorem
3249 4078 3539 4138 possumus
3560 4065 3782 4122 dicere:

2185 4174 2251 4215 eo
2278 4160 2422 4234 quod
2453 4159 2632 4218 ournis
2661 4175 2844 4220 sermo
2877 4160 3260 4217 haereticorum
3292 4162 3590 4217 concinnus
3619 4172 3785 4236 atque

2184 4256 2558 4328 compositus,
2601 4267 2656 4311 et
2701 4255 2910 4316 habens
2950 4255 3406 4326 pulchritudinem
3455 4256 3783 4329 eloquentiae

2184 4349 2498 4418 saecularis,
2531 4347 2744 4407 facilius
2788 4349 3026 4424 decipiat
3053 4349 3356 4410 audientes.
3389 4349 3576 4406 Vectes
3598 4362 3781 4407 autem

2185 4443 2457 4512 Damasci,
2491 4443 2645 4516 quasi
2672 4459 2809 4506 sera:
2842 4444 3233 4508 robustissimae
3262 4455 3424 4518 atque
3457 4447 3781 4510 tirmissima:

2186 4536 2293 4610 [AL
2325 4537 2688 4610 fortissimae],
2719 4537 2776 4596 hi
2811 4536 3215 4611 intelligantur,
3246 4540 3337 4612 qui
3365 4539 3616 4604 instructi
3648 4551 3780 4602 sunt

2185 4641 2302 4692 arte
2329 4633 2637 4698 dialectica,
2669 4640 2724 4689 et
2753 4633 3091 4710 argumentis
3118 4632 3589 4704 philosophorum.
3611 4634 3779 4698 Verbi

2182 4726 2354 4796 gratia
2385 4744 2395 4779 :
2427 4726 2636 4786 Ostium
2669 4732 2913 4792 vocatur,
2939 4723 3032 4800 qui
3067 4724 3258 4784 falsum
3291 4725 3484 4798 dogma
3525 4729 3778 4802 concepit

2184 4829 2240 4878 et
2281 4823 2519 4892 peperit,
2567 4829 2628 4876 ut
2665 4819 2827 4882 Arius
2857 4819 2912 4878 in
2951 4817 3278 4883 Alexandria
3313 4838 3326 4876 :
3360 4830 3550 4890 vectes
3575 4823 3692 4894 ejus
3719 4833 3776 4888 et

2182 4913 2507 4972 ﬁrmissima:
2539 4928 2675 4969 serie
2715 4913 2867 4990 ejus,
2899 4923 2919 4950 ο
2954 4911 3202 4978 Eutieius
3233 4924 3287 4970 et
3312 4913 3612 4980 Erinomius
3633 4958 3648 4984 ,
3679 4918 3775 4992 qui

2180 5009 2507 5080 syllogismis
2531 5017 2586 5064 et
2606 5006 3122 5082 enthymematibus,
3141 5007 3306 5064 immo
3326 5009 3768 5080 sophismatilius,

2180 5113 2234 5158 et
2265 5100 2656 5174 pseudomenis
2699 5109 2861 5176 atque
2883 5098 3084 5172 soritis,
3116 5116 3237 5178 qua:
3265 5099 3333 5157 ab
3363 5101 3486 5166 aliis
3515 5103 3659 5167 male
3689 5105 3773 5160 in-

2173 5258 2440 5314 quaquam
2502 5243 2557 5297 id
2604 5243 2832 5312 reperiri
2880 5254 3316 5302 consentaneum
3368 5245 3772 5304 Ecclesiasticat

2169 5315 2444 5374 Historia}.
2477 5314 2672 5374 Notum
2717 5317 3026 5376 econtrario
3048 5360 3063 5382 .
3084 5318 3296 5378 Aetium
3325 5318 3396 5378 ab
3416 5319 3634 5381 Arionis
3659 5319 3774 5378 dis-

2173 5388 2430 5458 cessisse,
2463 5387 2606 5458 quod
2653 5388 2734 5458 illi
2780 5388 2977 5446 Filium
3017 5389 3165 5446 Patri
3198 5406 3294 5458 per
3317 5390 3493 5456 omnia
3535 5390 3770 5452 similem

2181 5467 2383 5534 natura_
2404 5455 2648 5534 dicerent
2679 5479 2691 5515 :
2725 5457 2812 5515 hic
2843 5475 2962 5515 cum
2994 5461 3169 5534 ipsam
3198 5455 3292 5516 Dei
3331 5471 3583 5518 naturam
3605 5503 3620 5528 ,
3651 5464 3767 5524 sive

2181 5529 2475 5610 essentiam
2508 5529 2659 5610 ideo
2683 5529 3063 5610 constitueret,
3084 5534 3229 5610 quod
3253 5535 3655 5610 ἀγόνηῖᾳςλεὶγρ
3679 5534 3770 5586 in-

2177 5603 2377 5676 genitus
2427 5604 2517 5668 sit,
2562 5602 2776 5666 Filium,
2818 5607 2941 5676 quia
2988 5607 3058 5660 sit
3100 5602 3352 5676 genitus,
3405 5605 3684 5662 dissimilis
3735 5619 3770 5660 ιι

2180 5675 2338 5729 Patre
2361 5683 2570 5730 natura:
2598 5689 2721 5730 esse
2747 5675 2950 5729 intulit.
2979 5675 3190 5739 Eslnde
3217 5683 3601 5734 Anomaoorum
3626 5692 3769 5732 nova

2183 5745 2405 5802 haeresis
2432 5754 2646 5816 exorta,
2679 5746 2836 5819 cujus
2871 5745 2995 5804 dote
3021 5750 3177 5820 quasi
3219 5759 3414 5820 sectas,
3445 5763 3634 5808 eorum
3673 5748 3770 5820 qui
