4120 6342
365 240 469 312 991

1263 239 1910 314 COMMENTARIORUM
1954 242 2023 312 ιη
2062 243 2248 312 ΑΜΟΒ
2283 241 2416 309 LIB.
2458 246 2499 310 l.
2541 244 2695 307 CAP.
2735 246 2774 306 Ι.

3553 251 3658 311 998

359 366 518 418 ventu
542 365 689 429 sunt.
722 357 980 422 roborare
1008 366 1292 424 conantur.
1320 359 1566 432 (Suntque
1591 360 1811 420 contriti
1836 358 1956 420 l‘ue-
1986 370 2039 438 Α
2066 358 2388 429 alienigenas
2419 360 2734 426 legerimus,
2753 375 2862 418 non
2885 373 3172 420 commune
3193 374 3388 416 notuen
3419 361 3655 418 Ollll'lilttt)

362 451 473 512 rint
501 459 663 526 atque
691 452 956 514 confracti
989 460 1172 512 vectes
1194 454 1466 519 Damasci,
1495 453 1772 524 disperdat
1797 454 1960 516 etiam

364 543 703 605 habitatores
735 543 804 604 de
829 560 1024 620 campo
1048 544 1166 612 Ὧν,
1194 545 1335 618 quod
1369 547 1760 614 interpretatur
1791 546 1961 616 labor,

363 636 484 698 sive
514 635 684 696 dolor.
719 638 922 698 Omnes
961 636 1103 701 enim
1153 637 1391 698 haeretici
1450 637 1635 698 labore
1689 638 1854 698 ttitttin
1899 653 1963 692 ac

363 727 552 782 dolore
573 729 853 800 quaerendi
879 729 1123 790 ordinum
1151 729 1410 802 aliquem,
1444 739 1500 788 et
1520 731 1962 801 consequentiam

367 817 640 875 haereseos
663 834 774 875 suae
806 821 1049 898 reperire
1080 823 1258 880 conati
1286 831 1434 882 sunt.
1461 821 1529 882 Et
1560 823 1841 882 concidam
1869 821 1966 883 ll‘i'

363 910 492 966 btuu
526 928 593 974 ex
621 913 750 976 viris
786 911 1082 986 Charram,
1125 915 1269 986 quod
1305 915 1484 988 lingua
1515 928 1700 978 nostra
1729 916 1786 976 in
1815 917 1962 988 [ora-

364 1005 512 1062 mina
543 1006 798 1068 vertitur.
828 1006 942 1066 Non
973 1008 1118 1068 enim
1152 1008 1354 1066 habent
1381 1009 1684 1078 fenesrras,
1716 1027 1811 1084 per
1831 1025 1968 1082 quas

365 1099 433 1152 ad
466 1111 560 1162 eos
591 1098 774 1158 lumen
815 1099 1065 1163 veritatis
1097 1099 1362 1168 introeat;
1395 1101 1490 1164 sed
1523 1102 1790 1166 foramina
1820 1119 1967 1182 quai-

364 1191 488 1250 datn
519 1200 574 1252 et
601 1191 846 1250 occultos
879 1203 1109 1264 meatus,
1147 1209 1241 1264 per
1261 1208 1396 1268 quas
1423 1199 1582 1256 noxia
1614 1205 1668 1256 et
1690 1195 1967 1256 immunda

365 1274 744 1358 ingrediantur
778 1284 1099 1347 animantia.
1151 1285 1218 1346 Et
1243 1286 1490 1356 captivus
1521 1286 1750 1350 ducetur
1776 1287 1965 1356 Aram,

365 1373 601 1448 populus
633 1375 884 1436 excelsus
924 1383 1086 1454 atque
1110 1376 1382 1448 sublimis,
1427 1379 1522 1452 qui
1551 1391 1769 1442 erectus
1797 1389 1884 1436 est
1913 1380 1966 1442 in

365 1468 698 1542 superbiam,
731 1478 788 1530 et
816 1467 916 1528 sibi
947 1470 1190 1532 cmlestia
1223 1471 1576 1544 repromittit,
1606 1481 1664 1530 ut
1692 1471 1855 1547 230
1878 1487 1971 1532 ca-

367 1559 549 1630 piatur
573 1560 625 1616 in
653 1561 883 1624 salutem
910 1576 1094 1624 suam:
1121 1571 1174 1622 et
1189 1562 1341 1634 juxta
1371 1562 1695 1627 Hebraicum
1719 1566 1770 1622 in
1803 1563 1970 1638 Cyre-

365 1664 496 1720 nen,
529 1649 616 1708 ubi
647 1652 862 1712 vocatio
894 1652 989 1710 Dei
1015 1664 1120 1721 est,
1155 1653 1531 1716 transferatur.

2071 463 2421 510 externarum
2467 453 2731 522 gentium,
2783 451 2879 510 sed
2939 452 3159 521 proprie
3210 452 3524 519 l’ltilistiim,
3571 456 3660 524 qui

2082 559 2226 602 nunc
2255 543 2530 602 Palmatini
2558 554 2841 612 vocantur,
2871 543 3170 612 accipiendi
3200 553 3346 600 sunt.
3371 544 3511 612 Quid
3532 545 3667 626 iecit

2067 635 2237 702 Gaza,
2265 642 2326 696 ut
2367 632 2434 690 ad
2469 633 2808 694 iracundiam
2847 641 3011 704 atque
3042 633 3335 690 vindictam
3377 634 3661 692 Dominum

2068 726 2433 798 provocaret?
2470 725 2775 784 Transtulit
2811 726 3180 797 captivitatem
3224 724 3521 796 perfectam
3567 741 3662 796 pn-

2068 819 2182 892 puli
2213 819 2548 888 Judzeorum,
2575 818 2920 880 etconclusit
2953 834 3071 879 eatn
3107 820 3158 874 in
3191 818 3524 886 ldututeamt
3547 818 3668 876 ldu-

2070 916 2224 974 macis
2249 914 2536 982 venderet,
2571 928 2706 986 quos
2734 921 2961 984 ceperat
2990 929 3056 970 ex
3084 913 3312 971 Judacis.
3354 913 3462 972 Pro
3499 915 3669 982 capti-

2069 1009 2224 1064 vitate
2272 1009 2531 1082 perfecta,
2575 1007 2927 1079 Septuaginta
2983 999 3334 1079 captivitatem
3371 1007 3671 1067 Salomonis

2070 1102 2421 1172 interpretati
2469 1112 2601 1168 sunt
2659 1121 2674 1164 ;
2745 1102 2972 1160 verbum
3032 1102 3361 1164 Hebraicum
3413 1102 3441 1144 δ
3499 1119 3669 1161 δΑιιιΑ

2074 1177 2312 1270 (ΠὩΞΨ),
2357 1196 2503 1266 quod
2534 1196 2802 1264 signiticet
2829 1196 3110 1267 perfectam
3147 1204 3310 1264 atque
3339 1196 3669 1265 completam,

2074 1305 2272 1350 nomen
2292 1289 2592 1350 Salomonis
2620 1293 2982 1350 mstimantes.
3009 1287 3254 1357 Dunique
3285 1287 3476 1356 Aquila
3501 1290 3675 1363 (21ran

2071 1385 2311 1455 τισμένην
2339 1382 2641 1451 transtulit,
2673 1392 2727 1440 et
2747 1383 3248 1458 ἀναπεπληρωμένην
3274 1397 3288 1438 :
3314 1381 3676 1452 Symmachus

2072 1486 2124 1536 et
2155 1475 2460 1539 Tlteodntio
2491 1477 2702 1544 τελείαν,
2737 1476 2879 1547 quod
2911 1490 3018 1536 non
3053 1475 3409 1544 Sulomonem,
3439 1475 3535 1530 sed
3561 1493 3679 1545 per-

2073 1569 2264 1641 [cctam
2291 1568 2564 1640 signiﬁcat
2587 1581 2752 1640 atque
2779 1567 3128 1639 completam:
3163 1577 3218 1625 ut
3246 1567 3426 1628 nullus
3457 1582 3678 1626 rennui-

2077 1663 2208 1722 scrit
2228 1662 2594 1733 cantivortun,
2623 1662 2712 1732 qui
2741 1677 2848 1716 non
2871 1661 2941 1718 sit
2973 1658 3492 1722 tradilnsldummis.
3525 1657 3678 1720 Unde

439 1741 622 1812 (Vers.
658 1743 692 1800 6
724 1741 905 1822 seqq.)
953 1744 1084 1806 Haec
1122 1746 1246 1804 dicit
1277 1743 1530 1807 Dominus
1559 1763 1580 1810 .'
1609 1764 1770 1820 stiper
1805 1747 1968 1806 tribus
2001 1765 2046 1829 Β
2079 1753 2255 1824 ignem
2302 1768 2364 1818 se
2389 1755 2442 1816 in
2475 1753 2632 1814 Gaza:
2665 1768 2850 1814 muros
2883 1763 2937 1812 et
2963 1752 3132 1819 mdes,
3164 1753 3282 1812 sive
3327 1751 3678 1812 fundamenta

367 1835 648 1892 sceleribus
673 1835 850 1904 Gazae,
880 1847 929 1892 et
958 1855 1113 1910 super
1139 1849 1361 1912 quatuor
1399 1856 1502 1896 non
1534 1844 1825 1902 convertam
1852 1859 1971 1902 eum

369 1926 480 2000 [AL
503 1934 632 2002 eos],
657 1945 715 1988 ea
736 1929 874 2006 quod
892 1929 1213 1988 transtulerit
1235 1928 1417 2006 qulg.
1439 1931 1828 2008 transtulerint]
1848 1951 1972 2006 cap-

369 2022 622 2080 tivitatem
637 2024 942 2096 perfectam,
964 2034 1018 2078 ut
1039 2025 1369 2086 concluderet
1385 2025 1565 2102 [Vulg.
1582 2025 1972 2100 crmcludcrent]

367 2131 482 2170 eam
508 2115 562 2169 in
591 2112 852 2188 Idumam,
895 2124 942 2169 et
969 2117 1170 2176 mittam
1198 2117 1372 2192 ignem
1398 2117 1450 2178 in
1480 2134 1688 2178 murum
1718 2117 1895 2189 Gazw,
1928 2129 1976 2174 et

371 2206 636 2264 (laborabit
688 2209 824 2264 aedes
871 2211 1022 2282 ejus,
1073 2219 1121 2268 et
1174 2211 1472 2288 dispertiunt
1523 2211 1863 2272 habitatorem
1911 2213 1975 2272 dc

371 2302 556 2374 Azoto,
597 2313 644 2356 et
675 2311 926 2358 tenentem
955 2315 1214 2376 sceptrum
1244 2305 1308 2360 de
1357 2305 1634 2376 Ascalone,
1667 2317 1714 2366 et
1760 2323 1976 2368 conver-

373 2404 480 2448 tant
511 2410 720 2451 ntanunt
745 2412 912 2458 meant
953 2412 1110 2468 super
1144 2398 1402 2468 Accarott,
1445 2407 1497 2458 et
1528 2398 1763 2470 peribunt
1792 2409 1816 2436 α
1847 2398 1974 2460 reli-

372 2485 459 2554 qui
490 2481 889 2540 Philistinorum
912 2529 925 2556 ,
957 2487 1081 2541 dicit
1115 2485 1401 2550 Dominus.
1436 2488 1581 2550 LXX,
1633 2505 1646 2542 :
1697 2487 1825 2552 Hac:
1851 2490 1977 2548 dicit

375 2574 637 2636 Dominus
687 2593 706 2632 :
757 2577 930 2656 Super
958 2579 1124 2640 tribus
1154 2580 1509 2656 impietatibus
1543 2579 1716 2655 (iam,
1752 2590 1799 2638 et
1827 2597 1981 2653 super

373 2678 601 2744 quatuor
628 2686 731 2724 non
757 2673 1032 2726 aversabor
1054 2689 1161 2740 eos,
1190 2688 1248 2734 eo
1271 2672 1409 2744 quod
1431 2674 1690 2747 captivam
1720 2673 1981 2736 duxerunt

375 2760 484 2836 [AL
518 2762 781 2841 duxerint]
804 2765 1156 2832 captivitatem
1188 2763 1506 2841 Salomonis,
1532 2777 1586 2820 ut
1611 2767 1980 2828 concluderent

374 2871 488 2910 eam
530 2855 584 2910 in
633 2855 952 2923 Iduntwant,
998 2867 1044 2916 et
1103 2859 1336 2914 emittam
1387 2859 1558 2931 ignem
1609 2877 1766 2929 super
1803 2875 1982 2918 muros

375 2945 532 3001 Gaza:
550 2987 567 3016 ,
598 2957 647 3002 et
674 2949 937 3006 devorabit
964 2951 1302 3022 fundamenta
1325 2953 1463 3028 ejus,
1490 2959 1539 3006 et
1561 2951 1858 3026 disperdam
1885 2952 1983 3012 Ita.

376 3038 620 3094 bitatores
650 3041 814 3110 Azoti,
833 3052 882 3096 et
911 3041 1178 3109 auferetur
1204 3042 1367 3098 tribus
1394 3042 1457 3097 de
1477 3043 1750 3112 Ascalone,
1771 3055 1818 3099 et
1847 3046 1983 3118 infe-

2079 1844 2209 1905 dicit
2239 1861 2361 1908 esse
2391 1846 2720 1912 missurum.
2745 1844 2840 1920 qui
2868 1845 3122 1904 universa
3157 1843 3390 1904 devoret
3416 1852 3472 1903 et
3494 1843 3683 1900 absor-

2078 1938 2224 1999 beat.
2259 1940 2325 2000 Et
2351 1939 2477 2010 quia
2515 1939 2928 1999 I’almstinorum
2957 1936 3196 2008 quinque
3228 1938 3456 2008 legimus
3489 1936 3680 1998 civita-

2080 2041 2185 2103 tes,
2216 2047 2338 2104 qua:
2369 2043 2595 2103 propter
2617 2047 2759 2090 arcte
2802 2031 3061 2102 injuriam
3095 2045 3372 2102 percussa:
3413 2038 3536 2090 sunt
3571 2031 3682 2100 pla-

2079 2126 2183 2195 gis,
2220 2135 2341 2194 post
2370 2125 2570 2188 Gazam
2602 2124 2801 2184 transit
2835 2124 2902 2180 ad
2934 2122 3166 2184 Azotum
3202 2124 3243 2194 (Ι
3276 2121 3407 2196 Reg.
3435 2120 3490 2194 v)
3515 2163 3530 2190 ,
3561 2137 3682 2194 quae

2079 2219 2390 2291 appellatur
2417 2233 2585 2280 ESDOD
2620 2217 2848 2290 ('i‘mttat)
2868 2259 2883 2284 ,
2921 2227 2973 2274 et
3006 2231 3196 2280 rursus
3228 2216 3294 2274 ad
3317 2215 3645 2274 Ascalonem
3665 2259 3679 2285 ,

2081 2322 2135 2374 et
2189 2327 2325 2374 voce
2367 2311 2600 2372 terribili
2642 2310 3012 2372 comminatur
3059 2308 3394 2370 habitatores
3430 2323 3490 2366 se
3523 2307 3679 2368 Διειιὶ

2085 2406 2447 2483 perditurum.
2482 2413 2538 2466 et
2567 2412 2846 2466 tenentem
2874 2411 3148 2474 Sceptrum
3177 2402 3245 2456 de
3277 2401 3566 2470 Ascalone,
3599 2416 3686 2454 re-

2080 2501 2226 2570 aiam
2247 2496 2498 2560 videlicet
2525 2504 2871 2570 potestatem.
2898 2494 3013 2553 sive
3033 2495 3235 2554 tribum
3266 2491 3557 2552 Ascalonis
3575 2533 3590 2558 ,
3627 2499 3686 2546 ut

2085 2592 2266 2654 nullus
2286 2591 2358 2653 ibi
2390 2597 2696 2658 remaneat,
2722 2604 2789 2646 ne
2814 2587 3020 2648 ultima:
3051 2587 3272 2658 quidem
3297 2587 3476 2646 atatis
3506 2584 3686 2644 homi-

2087 2697 2209 2750 nes,
2231 2682 2320 2752 qui
2352 2690 2651 2740 tretnentes
2676 2689 2830 2738 artus
2861 2679 3055 2738 baculo
3081 2687 3325 2750 regente,
3353 2686 3685 2736 sustentem.

2084 2773 2432 2850 Rursumque
2477 2773 2738 2833 transiert
2795 2787 3011 2832 manum
3080 2785 3268 2838 suam.
3311 2779 3370 2828 ut
3415 2769 3689 2844 percutiat

2084 2866 2336 2928 Accaron
2376 2865 2469 2930 .Et
2493 2874 2734 2940 quatuor
2761 2863 3102 2926 enumeratis
3135 2859 3396 2928 urbibus.
3450 2861 3691 2932 reliquas

2086 2962 2384 3026 Pliilistiim
2415 2960 2663 3022 civitates
2703 2975 2812 3020 uno
2851 2971 3107 3018 sermone
3145 2952 3590 3025 comprehendit.
3625 2950 3691 3008 Et

2087 3053 2321 3127 peribunt
2349 3053 2536 3126 reliqui
2570 3050 2899 3114 Philistiim:
2930 3066 3066 3124 quos
3098 3059 3186 3106 aut
3219 3046 3358 3104 Gcth
3394 3047 3688 3113 civitatem,

377 3149 488 3186 rum
516 3150 727 3191 manum
771 3152 932 3192 meam
971 3137 1038 3190 in.
1060 3139 1373 3191 Accaronem
1402 3136 1509 3210 [AL
1547 3146 1663 3212 post
1696 3138 1980 3212 Accaron],
2011 3148 2056 3209 ρ
2090 3159 2184 3210 θυι
2209 3161 2401 3211 omnes
2429 3147 2582 3206 vicos
2623 3145 2714 3220 qui
2747 3141 3079 3215 supradictis
3116 3140 3346 3202 urbibus
3384 3139 3690 3210 subjat-ent,

375 3237 424 3282 et
451 3230 688 3297 peribunt
721 3231 904 3306 reliqui
942 3230 1386 3304 alienigenarum,
1435 3231 1562 3287 dicit
1595 3231 1876 3294 Dominus.
1918 3234 1978 3297 In

380 3323 540 3376 tertia
569 3331 626 3378 et
663 3332 857 3396 quarta
883 3325 1236 3396 generatione
1269 3336 1488 3394 peccata
1522 3337 1736 3396 patrum
1777 3342 1836 3390 se
1867 3328 1976 3382 Do-

377 3415 558 3471 minus
583 3418 948 3473 comminatur
973 3417 1026 3474 in
1053 3418 1194 3490 Lege
1219 3417 1343 3476 tiliis
1366 3418 1705 3482 redditurum
1742 3435 1755 3472 :
1792 3435 1896 3483 non
1923 3421 1976 3475 iu

375 3514 688 3586 aequalitate
713 3513 929 3584 judicii,
963 3524 1019 3569 ut
1049 3515 1139 3572 alii
1173 3523 1420 3588 peccent,
1452 3523 1508 3575 et
1539 3514 1627 3574 alii
1665 3514 1974 3586 puniantur,

378 3605 472 3662 sed
514 3608 884 3678 magnitudine
921 3607 1252 3680 clementiae,
1277 3608 1405 3664 dum
1451 3623 1664 3688 semper
1701 3618 1984 3686 exspectat

380 3703 751 3773 pmnitentiam
782 3713 869 3758 :et
893 3703 1037 3781 quod
1062 3705 1113 3759 in
1141 3706 1314 3775 prima
1337 3703 1686 3778 generatione
1710 3703 1981 3775 delinqui-

381 3804 486 3858 tur.
512 3812 616 3852 non
638 3799 787 3868 prius
803 3797 1030 3866 corripit
1047 3797 1386 3868 etemendat,
1404 3799 1506 3862 nisi
1533 3799 1688 3856 tertia
1711 3809 1765 3862 et
1787 3806 1978 3870 quarta

377 3890 652 3956 generatio
681 3887 912 3944 venerit.
947 3888 1078 3944 Tale
1107 3889 1233 3960 quid
1273 3897 1328 3944 et
1361 3887 1560 3944 Paulus
1589 3889 1866 3959 apostolus
1900 3889 1982 3942 Io-

377 3979 563 4050 quitttr
588 3980 654 4036 ad
678 3980 951 4038 Romanos
978 3999 990 4034 :
1021 3982 1098 4035 Au
1135 3982 1342 4036 divitias
1377 3981 1621 4036 bonitatis
1653 3983 1766 4053 eius
1788 3993 1832 4036 et
1859 3999 1978 4038 sut-

379 4074 674 4129 tentationt's
731 4084 777 4129 et
817 4077 1078 4146 patientia;
1108 4077 1390 4132 contemnis
1413 4093 1433 4133 .'
1463 4077 1708 4154 ignorans
1737 4079 1982 4150 quoniam

379 4165 666 4244 benignitas
693 4166 790 4224 Dei
819 4168 888 4222 ad
916 4169 1264 4238 pwnitentiam
1294 4178 1342 4224 te
1365 4170 1574 4228 adducit
1601 4187 1618 4224 :
1669 4169 1978 4232 Secundum

379 4259 627 4313 duritiam
669 4271 840 4315 autem
880 4271 1024 4318 tuam
1068 4270 1117 4316 et
1159 4278 1248 4317 cor
1283 4262 1607 4338 impaenitens
1656 4263 1980 4318 tltesa-urizas

382 4352 476 4406 tibi
512 4352 646 4406 iram
689 4355 741 4407 in
784 4353 867 4408 die
893 4355 1005 4418 iraa,
1033 4362 1081 4408 et
1113 4355 1438 4410 reuelationis
1468 4356 1605 4430 justi
1635 4357 1822 4430 iudicii
1860 4355 1978 4426 Dei,

376 4443 466 4515 qui
505 4444 682 4502 rezldet
719 4445 993 4516 unicuique
1029 4446 1311 4500 secundum
1351 4463 1508 4528 opera
1561 4464 1655 4507 sua
1697 4446 1806 4522 [AL
1842 4447 1981 4522 eius]

2085 3242 2352 3307 debemus
2381 3240 2652 3317 accipere.
2689 3234 3002 3301 secundum
3036 3232 3398 3303 tropologiam
3432 3230 3510 3284 sic
3536 3228 3692 3284 nobis

2086 3331 2471 3408 exponendum
2522 3327 2956 3390 videturzcaza
3002 3339 3122 3396 quae
3177 3321 3442 3384 Hebraice
3497 3320 3692 3374 dicitur

2089 3442 2188 3490 sua
2219 3426 2392 3502 (my),
2425 3431 2585 3486 sonat
2631 3421 2990 3496 fortitudinem
3021 3419 3105 3478 vel
3151 3417 3428 3488 imperium
3470 3432 3485 3468 :
3537 3413 3694 3470 Salo-

2087 3533 2241 3592 mon,
2277 3517 2595 3592 paciﬁcum:
2625 3517 2926 3578 ldumaius,
2956 3511 3375 3588 sanguinarium,
3405 3517 3568 3584 atque
3591 3517 3693 3562 ter-

2086 3627 2272 3674 renum
2301 3627 2320 3674 ;
2370 3613 2602 3676 Azotus,
2637 3607 2691 3672 id
2721 3618 2838 3674 est,
2885 3605 3067 3668 Esdod
3088 3646 3104 3674 ,
3143 3605 3313 3676 ignem
3345 3602 3548 3672 uberis,
3579 3601 3694 3662 sive

2088 3703 2266 3778 patrui
2307 3718 2326 3766 .'
2367 3701 2496 3760 licet
2525 3701 2746 3773 quidam
2778 3699 2895 3764 dar,
2947 3713 3048 3769 pro
3096 3697 3200 3758 dari
3233 3695 3373 3757 male
3427 3695 3691 3764 legentes,

2086 3798 2259 3870 ignem
2297 3795 2640 3870 generationis
2697 3801 2892 3866 putent
2947 3809 2959 3846 :
3012 3791 3254 3854 Ascalon
3309 3790 3696 3858 interpretatur

2088 3888 2224 3959 ignis
2247 3886 2541 3954 homicida,
2576 3885 2694 3949 sive
2731 3900 2962 3960 appensa
2985 3891 3040 3946 et
3066 3883 3392 3956 ponderum:
3426 3885 3692 3949 Accaron,

2090 3985 2388 4063 στείρωσις,
2431 3981 2484 4044 id
2512 3989 2620 4049 est,
2648 3979 2925 4048 sterilitas,
2958 3985 3016 4040 et
3040 3978 3306 4056 ἐκρίζωσις
3335 3973 3448 4052 [ΑΙ.
3485 3975 3697 4052 ἐκρὶσω-

2092 4077 2222 4150 σις],
2253 4076 2400 4152 quod
2431 4079 2826 4150 interpretatur
2847 4072 3149 4134 eradicatio.
3181 4069 3342 4149 232
3363 4068 3531 4140 Igitur
3552 4067 3697 4124 Gaza

2087 4185 2210 4242 quia
2241 4169 2343 4234 sibi
2377 4169 2757 4234 fortitudinem
2787 4165 3031 4228 scientiae
3062 4179 3175 4220 suae
3207 4172 3262 4222 et
3291 4161 3584 4234 imperium
3608 4176 3696 4218 re-

2090 4261 2396 4332 proutittit.
2421 4272 2713 4326 accusatur
2744 4261 2797 4318 in
2827 4273 2893 4322 eo
2923 4256 3068 4330 quod
3103 4255 3352 4332 captivos
3395 4253 3464 4314 de
3493 4251 3695 4308 familia

2093 4355 2409 4421 Salomonis
2440 4355 2779 4420 concluserit
2811 4354 2864 4418 in
2903 4352 3162 4414 ldumaca.
3198 4350 3307 4408 Hos
3333 4363 3434 4418 ego
3461 4347 3699 4410 arbitror

2092 4449 2418 4512 Judazorum
2445 4451 2736 4524 magistros
2763 4491 2776 4516 ,
2809 4456 2866 4506 et
2895 4459 3088 4504 omnes
3116 4443 3208 4522 qui
3239 4443 3576 4504 occidentem
3609 4459 3697 4500 se-

380 4535 559 4606 (Rom.
591 4550 650 4602 n,
679 4533 714 4587 4
745 4541 934 4610 seqq.).
975 4537 1132 4612 Quod
1181 4553 1316 4610 ergo
1345 4539 1510 4606 dicit,
1558 4540 1662 4595 hoc
1704 4549 1787 4595 est
1822 4557 1834 4594 :
1870 4541 1980 4596 Ex-
2007 4537 2062 4604 D
2087 4551 2332 4616 quuntur
2363 4543 2632 4612 litteram,
2665 4539 2972 4612 noluntque
3003 4536 3249 4610 recipere
3287 4534 3538 4614 spiritum
3563 4533 3699 4592 vivi-

380 4626 623 4697 spectavi
655 4627 826 4681 multo
855 4636 1100 4698 tempore
1137 4639 1193 4684 ut
1222 4640 1447 4706 agerent
1471 4632 1879 4708 paenitentiam,
1923 4642 1977 4686 et

347 4729 354 4734 '
381 4720 504 4775 ideo
529 4719 674 4775 nolui
695 4719 803 4794 [Αἰ.
838 4720 1006 4796 volui]
1033 4723 1220 4794 punire
1251 4733 1563 4796 peccantes,
1595 4731 1655 4778 ut
1681 4723 1978 4800 aliquando

381 4813 626 4868 conversi
657 4814 965 4886 reciperent
995 4814 1302 4870 sanitatem.
1340 4815 1540 4872 Verum
1573 4815 1699 4888 quia
1734 4817 1897 4880 tertio
1923 4823 1982 4872 et

384 4915 577 4979 quarto
605 4907 795 4968 eadem
827 4907 1064 4974 faciunt,
1095 4924 1260 4982 cogor
1284 4918 1496 4972 ututare
1537 4912 1894 4978 sententiam,
1925 4918 1983 4965 et

398 4999 567 5077 plagis
590 5001 864 5078 corrigere
888 4985 1281 5074 delinquentes.
1310 5001 1604 5058 Videamus
1638 5012 1819 5058 autem
1847 5003 1976 5084 quid

391 5090 705 5167 Pliilistiim,
736 5100 792 5148 et
820 5093 981 5152 urbes
1013 5094 1130 5166 ejus
1160 5099 1507 5168 peccaverint
1527 5137 1541 5160 ,
1575 5110 1715 5177 quos
1745 5095 1980 5172 Septua.

387 5185 537 5256 ginta
562 5201 778 5256 semper
816 5187 1152 5264 alienigenas
1183 5189 1618 5262 transtulerunt;
1653 5190 1980 5262 ubicumque

383 5283 528 5338 enim
566 5284 618 5338 in
653 5282 820 5344 veteri
863 5283 1023 5365 231
1055 5282 1410 5340 Testamento
1434 5285 1762 5362 ἀλλοφύλους,
1793 5286 1844 5340 id
1873 5296 1979 5352 est,

383 5466 454 5524 ab
481 5465 770 5540 Eutychio,
793 5479 848 5522 et
873 5468 962 5539 qui
993 5466 1363 5550 alrEunomio
1389 5467 1643 5592 appellati
1676 5476 1820 5522 sunt.
1850 5465 1984 5524 Vide

387 5539 486 5592 hac
521 5539 590 5592 de
639 5557 696 5592 re
735 5540 1016 5592 Socratem
1052 5540 1150 5592 ΙΙΙ).
1187 5557 1239 5592 v-
1284 5555 1332 5592 c.
1382 5539 1417 5592 ‘2
1464 5581 1476 5592 .
1523 5549 1579 5592 et
1613 5539 1980 5592 Sozomenum

387 5539 486 5628 hac
521 5539 603 5602 de
638 5557 708 5628 Le.
735 5540 1016 5600 Socratem
1052 5540 1150 5596 lib.
1187 5557 1239 5612 v,
1284 5555 1332 5595 c.
1382 5539 1476 5608 ‘24,
1523 5549 1579 5597 et
1613 5539 1980 5602 Sozomenutn

385 5610 426 5756 1:
458 5611 1042 5756 Victorius,
1097 5683 1332 5756 reliquie?
1379 5681 1802 5756 Philistlnoi'lyn,
1836 5680 1984 5756 tua"

386 5751 643 5810 Dominus
684 5753 846 5823 Deus,
887 5753 1032 5826 quod
1063 5751 1402 5826 postremum
1431 5754 1659 5811 verbttm
1703 5751 1985 5810 Brixiano-

2093 4633 2387 4699 tlcantem;
2413 4631 2508 4690 sed
2533 4645 2892 4704 quaecumque
2919 4628 3346 4698 interpretantur
3371 4635 3425 4680 et
3455 4625 3694 4694 sapiunt,

2095 4725 2290 4790 volunt
2328 4739 2451 4784 esse
2479 4732 2722 4793 terrena,
2761 4736 2861 4778 nec
2883 4719 3111 4782 audiunt
3141 4733 3262 4783 eum
3289 4717 3572 4798 discipulis
3603 4733 3697 4792 pa-

2095 4816 2316 4881 rabolas
2347 4815 2638 4878 Dominum
2667 4815 3120 4880 disserentem,et
3145 4811 3416 4874 dicentem
3441 4811 3555 4866 eis:
3595 4810 3697 4878 Qui

2097 4907 2249 4971 habet
2279 4923 2430 4971 aures
2457 4906 2725 4980 audiendi,
2757 4903 2934 4964 audiat
2977 4902 3139 4976 (Mat.
3173 4917 3248 4970 χι,
3278 4902 3369 4972 15)
3403 4917 3416 4953 :
3462 4912 3698 4970 praeser-

2103 5000 2201 5058 tim
2229 5013 2354 5063 cum
2387 4996 2677 5069 Apostolus
2709 4995 3051 5056 manifestam
3086 4992 3371 5047 historiam
3399 4993 3452 5048 in
3482 4989 3699 5044 duobus

2094 5093 2362 5174 intelligat
2383 5091 2744 5154 Testamentis
2763 5089 2904 5168 (Gal.
2921 5087 3000 5166 tv)
3015 5087 3212 5145 .Unttm
3230 5098 3250 5124 ο
3267 5099 3431 5162 super
3453 5092 3654 5139 monte.
3676 5098 3695 5114 ε
3711 5128 3742 5148 -_

2093 5187 2244 5254 Sina,
2277 5202 2397 5268 quae
2419 5190 2692 5258 estAgar,
2730 5195 2784 5242 et
2805 5185 3117 5250 servitcutn
3149 5181 3276 5236 ﬁliis
3297 5181 3444 5240 suis:
3469 5177 3697 5238 alterum
3785 5179 3796 5189 “

2093 5299 2262 5358 super
2280 5284 2362 5350 le,
2402 5283 2584 5356 “lem
2613 5283 2944 5356 liberamus:
2973 5291 3056 5347 est
3079 5289 3253 5345 mater
3282 5284 3488 5339 nostra.
3517 5275 3696 5346 Ignem

2095 5479 2216 5538 rum
2237 5479 2463 5538 quoque
2493 5459 3106 5538 codicumauctoritate
3124 5461 3432 5538 suppletur.

2167 5535 2198 5576 ι)
2223 5531 2449 5661 Quidam
2475 5551 2633 5602 mss.,
2667 5535 2916 5600 Salama;
2944 5532 3036 5587 alii
3067 5531 3306 5589 Salo‘mo.

2169 5619 2190 5646 ο
2269 5607 2573 5661 ίειεωὶθης.
2602 5622 2724 5661 cum
2765 5605 3001 5661 Palatio.
3035 5620 3193 5661 mss..
3223 5603 3304 5659 Un

2169 5619 2190 5646 ο
2223 5603 2573 5668 Cistcrciens;
2602 5622 2724 5662 cum
2765 5605 3001 5667 Palatin.
3035 5620 3193 5670 mss.,
3223 5603 3339 5659 Uno
3368 5618 3521 5670 super
3550 5618 3698 5654 mon-

2102 5691 2204 5735 tem
2234 5679 2386 5746 Sina,
2415 5694 2532 5754 qua:
2551 5687 2624 5734 est
2647 5678 2804 5752 Agar,
2830 5685 2877 5731 et
2906 5677 3036 5740 servi
3058 5692 3173 5731 cum
3198 5676 3322 5754 ﬁliis
3353 5675 3458 5730 suis
3490 5689 3507 5728 :
3532 5675 3696 5728 altera

2097 5767 2276 5822 super,
2303 5761 2412 5806 etc.
