4100 6336
499 270 605 329 999

1656 260 1677 272 ⁶
1717 269 1776 327 S.
1823 269 2100 329 EUSEBII
2137 268 2525 332 HIERONYMI

3654 276 3794 341 1000

491 384 656 454 igitur
684 396 744 437 se
775 381 828 437 in
860 394 1046 437 muros
1076 381 1235 438 Gaza:
1255 422 1270 449 ,
1298 392 1354 438 et
1389 382 1570 438 omnia
1613 384 1731 454 ejus
1763 385 1899 440 dicit
1933 402 2093 457 argu-
2120 394 2176 454 Α
2198 391 2460 445 cumdabit
2503 401 2551 447 te
2596 392 2997 459 munitionibus,
3031 402 3077 447 et
3107 394 3449 467 comportabit
3475 411 3715 468 aggerem
3745 400 3795 451 in

491 485 675 532 menta
710 476 1004 530 missurum
1025 518 1039 541 ,
1065 476 1263 547 quibus
1294 492 1394 532 sua
1424 479 1711 534 mendacia
1747 481 2089 536 circumdare

488 568 686 625 nititur
715 579 770 626 et
817 570 977 625 tueri.
1024 569 1270 641 Cumque
1312 572 1495 642 ignem
1542 577 1594 627 in
1628 589 1811 629 muros
1852 575 2091 643 miserit,

493 664 901 720 devorabuntur
929 664 1097 731 aedes,
1123 665 1239 720 sive
1263 666 1618 722 fundamenta
1650 668 2091 738 illius,quidquid

493 762 709 816 tinuum
739 760 945 816 habere
982 761 1183 832 poterit
1221 760 1331 833 [AL
1372 764 1631 835 potuerit]
1656 806 1669 829 ,
1714 774 1768 819 et
1811 764 2092 819 dialectica

490 864 610 910 arte
648 864 1046 911 constructum.
1089 856 1167 911 De
1221 860 1392 912 Azoto
1439 874 1686 929 quoque,
1727 876 1848 929 qua:
1889 869 1943 913 et
1976 861 2090 929 ipsa

490 948 923 1017 alienigenarum
948 957 1053 1013 est,
1078 947 1293 1003 auferet
1322 948 1683 1004 habitatorem
1714 967 1726 1002 :
1759 949 1938 1019 cujus,
1970 952 2093 1020 quia

489 1042 727 1097 litteram
752 1041 1016 1112 sequitur,
1066 1042 1235 1097 ubera
1267 1057 1375 1096 non
1429 1042 1570 1097 lacte
1602 1083 1615 1107 ,
1665 1043 1760 1097 sed
1817 1043 1939 1113 igne
1970 1053 2096 1097 sunt

490 1137 751 1207 plena:et
771 1152 893 1207 qute
912 1136 1176 1191 mentitur
1207 1136 1385 1207 ignem
1412 1135 1613 1192 habere
1645 1151 1705 1191 se
1728 1136 1962 1208 patrui,a
1977 1137 2097 1205 ejus

488 1231 744 1285 universa
771 1230 1055 1298 generatio
1086 1227 1303 1299 ignibus
1331 1228 1640 1298 deputanda
1673 1238 1780 1283 est.
1814 1230 1831 1298 (
1861 1227 1987 1283 Osee
2012 1244 2093 1295 ιχ,

494 1323 560 1377 14
590 1320 717 1393 ).Ει
742 1321 894 1377 tollet
916 1330 1215 1392 sceptrum,
1242 1320 1357 1377 sive
1380 1321 1576 1377 tribum
1604 1322 1672 1377 de
1695 1321 2097 1389 Ascaloue,ubi

491 1418 631 1486 ignis
660 1418 934 1472 homicida
967 1424 1099 1471 est.~,
1124 1416 1275 1472 Sicut
1308 1417 1452 1471 enim
1489 1416 1627 1487 ignis
1659 1416 1877 1469 Domini
1912 1415 2096 1471 salvos

494 1511 657 1568 faciet
704 1527 798 1567 eos
824 1558 837 1579 ,
886 1526 1121 1581 quorum
1163 1510 1328 1565 corda
1372 1510 1739 1580 penetraverit
1786 1526 1799 1563 :
1842 1509 1923 1564 sic
1958 1509 2100 1579 ignis

502 1605 608 1661 iste
638 1605 728 1675 qui
763 1603 832 1659 de
864 1604 1005 1660 ccelo
1028 1602 1265 1669 decidit,
1296 1603 1449 1673 quasi
1475 1602 1676 1672 fulgur,
1701 1602 1791 1672 qui
1822 1602 2103 1657 succendit

492 1696 697 1752 diaboli
740 1696 983 1767 sagittas,
1025 1710 1400 1765 quoscumque
1442 1693 1740 1761 afﬂaverit,
1783 1693 2097 1749 interﬁciet.

2195 500 2323 553 gyro
2342 482 2557 555 (Ezec/t.
2583 501 2732 554 xxix,
2754 486 2829 558 ti).
2847 487 2913 541 Et
2930 493 3174 543 rurSum:
3204 488 3686 543 Nabuchodonosor
3708 506 3797 544 rex

2194 575 2472 649 Babylonis
2492 582 2679 634 servire
2702 582 2821 652 fecit
2848 585 3126 637 exercitum
3155 600 3308 638 suum
3336 585 3577 639 servitute
3606 600 3794 655 magna

2193 671 2465 724 adversum
2502 670 2715 743 Tyrum.
2750 672 2914 729 Omne
2954 684 3109 747 caput
3138 676 3493 742 decalvatum,
3538 684 3587 729 et
3629 676 3794 729 omnis

2195 764 2265 816 Im
2287 781 2438 819 uerus
2468 766 2748 836 depilatus,
2784 778 2831 822 et
2858 786 3046 825 merces
3076 787 3179 825 non
3208 780 3285 826 est
3310 772 3514 826 reddita
3536 772 3603 840 ei,
3634 787 3796 841 neque

2195 859 2444 911 exercitui
2470 861 2583 931 ejus
2616 878 2767 932 super
2798 860 2990 931 Tyrum
3018 880 3112 935 pro
3143 866 3389 920 servitute
3408 905 3422 930 ,
3463 881 3567 935 qua
3600 866 3801 933 servivi;

2199 947 2323 1000 nti/ti
2348 947 2618 1002 adversum
2645 967 2755 1003 eam
2776 950 2961 1020 (Ibid,
2994 969 3137 1021 χχιχ,
3169 954 3368 1023 18);ρο
3389 954 3530 1025 quod
3549 969 3799 1025 aggerem

2198 1039 2263 1093 ad
2305 1040 2626 1110 capiendam
2665 1041 2865 1113 Tyrum
2897 1085 2911 1110 ,
2958 1061 3077 1114 quae
3108 1045 3207 1100 fuit
3236 1046 3391 1117 prius
3422 1046 3624 1112 insula,
3657 1045 3802 1101 illius

2197 1134 2549 1201 comportarit
2574 1136 2872 1191 exercitus.
2898 1136 3055 1204 Quod
3078 1146 3133 1193 et
3156 1138 3528 1193 Alexandrum
3557 1139 3801 1195 Macedo-

2200 1239 2321 1277 nem
2352 1223 2546 1281 fecisse
2569 1237 2751 1281 narrat
2781 1228 3027 1296 historia,
3063 1238 3121 1283 ut
3148 1246 3212 1284 ex
3247 1231 3421 1284 insula
3457 1231 3801 1300 peninsulam

2198 1315 2431 1383 faceret,
2471 1334 2627 1387 quam
2659 1320 2834 1375 Graeci
2864 1331 3064 1376 vocant
3112 1324 3431 1397 χερρὁησον
3464 1321 3575 1395 [ΑΙ.
3606 1326 3802 1400 χερσό-

2197 1409 2389 1481 νησον].
2445 1411 2617 1482 Tyrus
2648 1413 3036 1483 interpretatur
3065 1415 3332 1471 tribulatio
3353 1463 3366 1485 ,
3403 1416 3520 1473 sive
3551 1434 3803 1489 coangus-

2199 1511 2313 1556 tans
2336 1520 2353 1556 :
2385 1504 2670 1575 omnisque
2698 1505 2945 1562 doctrina
2976 1522 3235 1577 perversa
3265 1524 3463 1579 capere
3492 1511 3686 1565 nititur
3713 1526 3801 1566 ve-

2198 1597 2410 1652 ritatem
2437 1643 2451 1665 ,
2482 1608 2535 1653 et
2565 1599 2894 1655 concludere
2930 1616 3046 1655 eam
3084 1604 3136 1655 in
3171 1603 3399 1657 terrenis
3430 1603 3719 1669 sensibus,
3752 1612 3803 1660 et

2203 1676 2309 1743 non
2353 1689 2738 1746 recordabatur
2774 1691 2996 1748 foederis
3028 1694 3253 1748 fratrum
3288 1711 3535 1762 suorum,
3565 1695 3714 1766 quod
3739 1695 3802 1751 de

492 1789 821 1844 Transferet
841 1802 1058 1858 quoque
1086 1802 1307 1841 manum
1337 1802 1491 1841 suam
1516 1800 1683 1856 super
1709 1785 1981 1850 Accaron,
2008 1785 2097 1840 ubi
2129 1783 2176 1843 B
2208 1781 2387 1837 littera
2430 1783 2729 1840 debeamus
2771 1786 3067 1843 ascendere
3113 1788 3179 1842 ad
3220 1788 3383 1861 235
3414 1790 3667 1859 spiritum
3688 1833 3703 1857 ,
3739 1790 3802 1847 de

495 1882 760 1938 Sterilitas
809 1891 864 1937 et
907 1880 1207 1937 eradicatio
1254 1888 1360 1934 est.
1393 1878 1736 1948 Quicumque
1764 1879 1907 1932 enim
1937 1878 2101 1947 spiri-

492 1975 692 2030 tualem
723 1990 831 2030 non
854 1974 1123 2043 receperit
1146 1973 1581 2043 intelligentiam,
1604 1972 1784 2027 audiet
1806 1987 1904 2041 per
1924 1970 2096 2027 Osee:

492 2067 575 2123 Da
606 2070 700 2137 eis,
732 2067 972 2123 Domine.
1019 2067 1159 2132 Quid
1187 2067 1334 2122 dabis
1353 2068 1463 2121 eis?
1490 2064 1575 2119 Da
1601 2066 1674 2120 eis
1706 2064 1912 2119 vulvam
1941 2065 2094 2120 steri—

494 2166 617 2231 leut,
668 2175 714 2218 et
743 2162 900 2217 ubera
946 2162 1166 2216 arentia.
1198 2161 1269 2215 Et
1300 2175 1357 2214 ut
1394 2161 1579 2215 omnia
1624 2159 1799 2215 semel
1831 2173 1941 2213 uno
1979 2172 2096 2213 ser-

492 2273 656 2313 mone
687 2254 1199 2327 comprehenderet,
1229 2254 1567 2324 perditurum
1594 2269 1654 2308 se
1679 2268 1800 2308 esse
1824 2252 1957 2308 dicit
1979 2268 2095 2306 om-

494 2368 592 2407 nes
620 2351 883 2422 reliquias
913 2349 1204 2405 Philistiim
1226 2390 1239 2415 ,
1270 2349 1356 2404 vel
1387 2347 1525 2404 Geth
1558 2348 1833 2403 civitatem
1860 2390 1873 2414 ,
1908 2348 1961 2402 in
1990 2363 2093 2417 qua

494 2447 733 2502 torcular
756 2445 955 2501 diaboli
1002 2453 1104 2507 est,
1138 2443 1227 2499 vel
1258 2458 1452 2498 omnes
1496 2442 1734 2512 reliquos
1777 2441 2089 2509 Philistiim,

490 2542 587 2611 qui
617 2541 1041 2604 interpretantur
1051 2538 1289 2593 cadentes
1303 2537 1508 2606 poculo.
1523 2537 1660 2592 Cum
1675 2537 1822 2592 enim
1838 2535 2090 2591 inebriati

489 2634 722 2699 fuerint,
754 2643 1043 2696 corruent,
1078 2640 1132 2687 et
1164 2631 1216 2686 in
1250 2647 1349 2685 suo
1373 2631 1582 2684 vomitu
1613 2630 2023 2684 volutabuntur.

564 2726 750 2796 (Vers.
764 2727 954 2795 9,10.)
978 2724 1107 2779 Htvc
1125 2724 1251 2778 dicit
1272 2720 1527 2777 Dominus
1546 2738 1563 2777 :
1579 2723 1748 2793 Super
1760 2721 1922 2776 tribus
1934 2723 2091 2776 scele-

487 2821 629 2876 ribus
641 2819 792 2891 Tyri,
814 2827 861 2873 et
879 2836 1032 2889 super
1048 2827 1271 2888 quatuor
1291 2833 1392 2870 non
1406 2826 1701 2870 convertam
1725 2831 1859 2882 eum,
1880 2832 1937 2869 eo
1950 2816 2089 2886 quod

488 2915 837 2971 concluserint
863 2913 1209 2981 captivitatem
1222 2913 1503 2982 perfectam
1536 2910 1588 2962 in
1618 2906 1876 2977 Idumam,
1907 2918 1953 2962 et
1985 2924 2088 2961 non

484 3011 588 3065 sint
609 3008 865 3063 recordati
884 3006 1044 3078 233
1063 3003 1266 3077 foederis
1286 3004 1535 3074 fratrum,
1554 3012 1600 3057 et
1620 3002 1898 3055 immittam
1916 3001 2089 3071 ignem

488 3107 543 3160 in
568 3121 770 3158 murum
791 3101 934 3174 Tyri,
963 3112 1011 3155 et
1038 3099 1296 3154 devorabit
1313 3099 1449 3153 cedes
1466 3102 1601 3170 ejus.
1617 3095 1791 3151 LXX:
1813 3095 1943 3149 Haec
1961 3095 2087 3149 dicit

2203 1877 2435 1933 terrenis
2459 1877 2530 1932 ad
2556 1879 2833 1935 ctelestia:
2866 1890 3304 1951 przeceptunique
3329 1884 3399 1937 sit
3421 1882 3575 1939 nobis
3599 1883 3804 1939 descri—

2202 1968 2330 2024 bere
2358 1984 2564 2025 sacram
2599 1971 2934 2041 Scripturain
2976 1976 3028 2028 in
3065 1975 3231 2029 corde
3263 1985 3453 2031 nostro
3492 1976 3800 2046 tripticiter.

2201 2061 2374 2117 lilittet
2403 2073 2580 2119 autem
2604 2064 2749 2121 Deus
2783 2066 2958 2136 ignem
2990 2067 3041 2121 in
3074 2083 3265 2122 onnies
3292 2068 3628 2123 munitiones
3651 2068 3800 2140 Tyri,

2198 2156 2287 2225 qui
2310 2171 2419 2223 non,
2445 2157 2620 2211 solum
2654 2174 2860 2221 muros,
2888 2159 2983 2214 sed
3009 2169 3064 2214 et
3087 2160 3436 2215 fundamenta
3462 2160 3608 2215 illius
3631 2161 3801 2217 devo-

2198 2250 2358 2304 rabit.
2392 2251 2469 2305 De
2494 2250 2808 2322 captivitate
2836 2251 3170 2320 Salomonis,
3199 2268 3294 2322 pro
3320 2270 3427 2323 quo
3459 2254 3510 2308 in
3536 2252 3802 2308 llebraico

2198 2343 2449 2413 habetur,
2481 2355 2831 2399 consummata
2858 2355 3021 2415 atque
3043 2346 3291 2417 perfecta,
3320 2361 3485 2417 supra
3509 2346 3764 2401 diximus.

2267 2438 2447 2509 (Vers.
2482 2441 2540 2494 11
2571 2440 2747 2511 seqq.)
2779 2439 2909 2495 Han:
2949 2440 3075 2494 dicit
3108 2440 3403 2496 Dominus:
3439 2440 3611 2512 Super
3640 2442 3801 2495 tribus

2194 2530 2470 2583 sceleribus
2494 2529 2663 2583 Edam
2685 2541 2731 2584 et
2761 2548 2917 2601 super
2943 2540 3164 2601 quatuor
3198 2548 3299 2585 non
3330 2540 3625 2586 convertam
3649 2547 3796 2586 eum:

2193 2641 2250 2678 eo
2273 2625 2412 2695 quod
2437 2637 2734 2693 persecutus
2757 2626 2820 2679 sit
2848 2626 2899 2679 in
2923 2625 3103 2698 gladio
3130 2627 3346 2697 fratrem
3371 2643 3544 2689 suum,
3572 2636 3617 2679 et
3638 2627 3796 2680 viola-

2194 2719 2316 2773 verit
2344 2720 2751 2773 ntisericordiant
2782 2722 2926 2791 ejus,
2961 2729 3007 2773 et
3042 2721 3262 2773 tenuerit
3294 2725 3524 2791 furorem
3552 2735 3724 2784 suum,
3754 2728 3798 2773 et

2192 2813 2595 2884 indignationem
2626 2830 2769 2868 suam
2798 2815 3071 2868 servaverit
3100 2831 3261 2884 usque
3288 2815 3341 2868 in
3373 2816 3527 2884 liuent
3551 2831 3569 2868 :
3598 2815 3798 2867 mittant

2194 2905 2358 2975 ignem
2382 2906 2434 2958 in
2456 2904 2724 2971 Tltemant,
2741 2916 2788 2959 et
2812 2906 3072 2959 devorabit
3096 2908 3231 2960 (edes
3254 2904 3453 2960 Bosrtc.
3471 2904 3645 2959 LXX:
3673 2903 3797 2959 lla'c

2192 2998 2316 3053 dicit
2352 2996 2602 3052 Dominus
2629 3016 2645 3051 :
2693 2998 2865 3070 Super
2894 2999 3055 3053 tribus
3086 3000 3433 3071 impietatibus
3474 2999 3728 3055 Idumtea:
3752 3011 3797 3054 et

2189 3109 2340 3164 super
2366 3103 2589 3163 quatuor
2616 3110 2719 3146 non
2759 3094 3030 3148 aversabor
3066 3110 3187 3163 eos,
3223 3111 3280 3149 eo
3320 3093 3459 3165 quod
3502 3104 3795 3164 persecutus

486 3198 770 3252 Dominus:
796 3173 966 3265 Super
998 3193 1160 3247 tribus
1188 3192 1535 3263 intpietatibus
1558 3191 1686 3261 Tyri
1714 3201 1761 3245 et
1785 3206 1940 3261 super
1959 3206 2088 3260 qua-
2116 3173 2158 3233 (ἶ
2194 3187 2257 3240 sit
2289 3188 2340 3239 in
2371 3186 2546 3257 gladio
2575 3187 2789 3257 fratrem
2818 3204 2990 3253 suum,
3030 3198 3075 3242 et
3116 3180 3383 3242 violaverit
3414 3187 3620 3242 vulvam
3645 3204 3797 3259 super

486 3301 605 3345 tuor
636 3307 736 3344 non
771 3287 1042 3342 aversabor
1076 3303 1188 3340 eam
1216 3285 1244 3323 ιι
1266 3327 1280 3351 ,
1314 3301 1410 3356 pro
1452 3300 1510 3338 eo
1547 3284 1689 3355 quod
1729 3283 2089 3337 concluserunt

486 3387 829 3458 captivitatem
848 3381 1141 3438 Salomonis
1164 3381 1217 3434 in
1230 3378 1487 3447 Idumam,
1504 3387 1550 3432 et
1574 3395 1674 3432 non
1694 3386 1816 3432 sunt
1837 3377 2091 3431 recordati

481 3478 774 3533 testamenti
818 3478 1064 3548 fratrum.
1112 3472 1180 3526 Et
1227 3473 1455 3526 emittant
1499 3473 1669 3543 ignem
1715 3486 1870 3543 super
1914 3486 2091 3525 muros

489 3567 643 3641 Tyri,
675 3578 722 3624 et
748 3568 1016 3623 devorabit
1048 3564 1384 3637 fundamenta
1412 3567 1550 3637 ejus.
1579 3562 1811 3618 Easdem
1842 3574 1862 3600 ο
1896 3572 2005 3616 tres
2035 3569 2091 3617 et

482 3672 713 3734 quatuor
742 3661 1046 3731 impietates
1075 3658 1191 3713 sive
1220 3659 1424 3713 scelera
1448 3672 1570 3727 quae
1598 3656 1959 3724 imputaverat
1986 3653 2089 3707 Da-

487 3772 672 3811 masco
694 3798 708 3823 ,
734 3753 913 3818 Gazae,
938 3760 995 3806 et
1022 3750 1214 3817 Azoto,
1244 3760 1297 3804 et
1324 3748 1576 3804 Ascaloni
1597 3793 1611 3815 ,
1646 3755 1699 3801 et
1720 3744 2006 3811 Accaroni,
2033 3753 2089 3798 et

483 3848 705 3920 reliquis
756 3846 979 3903 urbibus
1029 3842 1348 3905 Philistiim,
1383 3839 1543 3895 etiam
1593 3838 1635 3892 Τ
1640 3853 1741 3910 yro
1781 3834 2003 3907 ingerit,
2035 3844 2090 3889 et

486 3941 780 4012 exprobrat
806 3953 975 4009 quare
997 3934 1326 3991 concluserit
1355 3932 1722 4004 captivitatem
1746 3944 2088 3986 consumma-

488 4046 598 4091 tam
625 4046 786 4104 atque
812 4031 1105 4103 perfectam
1131 4031 1182 4085 in
1213 4029 1447 4086 ldumzea
1471 4070 1484 4095 ,
1515 4027 1583 4083 de
1606 4027 1799 4097 quibus
1823 4041 1982 4095 supra
2006 4023 2088 4078 di-

488 4128 696 4184 ximus:
722 4125 789 4181 Et
812 4143 914 4179 non
938 4131 1056 4178 sunt
1079 4121 1186 4195 [AL
1208 4120 1331 4191 sint]
1354 4119 1613 4175 recordati
1640 4118 1842 4190 foederis
1869 4118 2086 4188 fratrum

482 4238 717 4277 suorum.
752 4218 1059 4287 Quzerimus
1111 4213 1385 4286 quomodo
1414 4211 1563 4284 Tyrii
1606 4210 1801 4266 fratres
1846 4209 1955 4265 sint
1992 4210 2087 4265 Ju-

483 4314 762 4370 daeorum?
802 4311 1024 4367 Fratres
1064 4308 1153 4363 hic
1181 4306 1386 4362 amicos
1415 4312 1571 4361 vocat
1596 4312 1652 4359 et
1682 4302 2085 4359 necessitudine

482 4407 761 4477 copulatos
782 4446 796 4470 ,
825 4418 891 4460 eo
926 4401 1070 4474 quod
1113 4400 1297 4455 lliram
1329 4399 1583 4469 princeps
1606 4397 1737 4468 Tyri
1764 4413 1883 4453 cum
1916 4396 2083 4452 David

482 4510 537 4558 et
575 4501 866 4557 Salomone
898 4495 1149 4552 habuerit
1178 4492 1476 4557 amicitias,
1511 4492 1778 4546 intantum
1809 4503 1865 4545 ut
1893 4498 1948 4546 et
1990 4490 2083 4545 ille

2191 3289 2411 3347 terram,
2443 3289 2489 3333 et
2524 3282 2695 3349 rapuit
2725 3280 2777 3333 in
2808 3282 3153 3335 testimonium
3194 3281 3464 3335 horrorem
3506 3298 3699 3347 suum,
3746 3290 3795 3335 et

2194 3376 2439 3443 impetum
2459 3391 2611 3428 suum
2631 3374 2897 3429 custodivit
2922 3377 2973 3429 in
2994 3386 3270 3430 internum:
3295 3386 3343 3430 et
3364 3378 3595 3431 emittam
3621 3378 3789 3449 ignem

2191 3469 2244 3522 in
2278 3468 2542 3535 Tlteman,
2591 3479 2637 3522 et
2686 3469 2945 3524 devorabit
2982 3470 3321 3539 fundamenta
3350 3487 3620 3525 murorum
3660 3473 3792 3542 ejus.

2197 3560 2366 3614 Edoni
2399 3560 2515 3630 ipse
2538 3569 2620 3615 est
2647 3561 2741 3631 qui
2765 3570 2821 3616 et
2850 3563 2989 3616 Esau
3010 3606 3024 3629 ,
3046 3562 3117 3617 ob
3142 3564 3444 3619 coeliouem
3473 3564 3609 3618 rufae
3636 3563 3793 3619 lentis

2195 3655 2266 3708 ita
2314 3655 2653 3724 appellatus,
2706 3655 2859 3725 cujus
2911 3656 3091 3711 edulio
3136 3658 3491 3729 primogenita
3525 3658 3788 3727 perdidit:

2194 3747 2279 3803 hic
2306 3747 2415 3802 alio
2447 3749 2664 3805 nomine
2696 3749 3004 3819 appellatur
3030 3749 3174 3820 Seir,
3207 3752 3401 3819 pilosus
3446 3761 3502 3807 et
3530 3751 3787 3821 hispidus.

2194 3839 2349 3896 Unde
2379 3849 2589 3896 montes
2637 3842 2992 3897 ldumteorum
3026 3854 3287 3899 vocantur
3315 3854 3528 3900 montes
3559 3845 3706 3910 Seir,
3739 3852 3789 3900 et

2190 3935 2258 3988 ab
2286 3934 2454 3990 Edom
2480 3934 2671 3991 Grzeco
2693 3949 2944 3991 sermone
2966 3936 3200 3992 ldumzea
3230 3937 3448 3992 dicitur.
3473 3936 3578 3993 lste
3607 3952 3792 4007 perse-

2190 4043 2345 4089 cutus
2370 4045 2455 4089 est
2484 4033 2536 4089 in
2561 4034 2741 4104 gladio
2772 4034 2995 4090 fratrem
3028 4051 3207 4101 suum,
3248 4034 3389 4089 filios
3421 4034 3673 4090 videlicet
3703 4034 3792 4091 Ja-

2189 4127 2293 4181 coh
2313 4170 2325 4189 ,
2359 4128 2425 4181 de
2454 4125 2647 4196 quibus
2688 4126 2739 4181 in
2770 4127 3241 4183 benedictionibus
3272 4128 3439 4194 Isaac,
3472 4126 3669 4199 quibus
3695 4128 3785 4185 be-

2191 4219 2391 4275 nedicit
2405 4219 2631 4290 primum
2646 4220 2833 4288 Jacob,
2852 4230 2905 4275 et
2918 4230 3103 4291 postea
3121 4220 3283 4289 Esau,
3303 4221 3515 4291 plenius
3531 4221 3784 4291 scriptum

2189 4323 2304 4369 est:
2341 4322 2397 4367 ut
2425 4313 2605 4368 odium
2631 4313 2856 4369 fratrum
2880 4323 3191 4369 servaretur
3212 4314 3265 4369 in
3293 4314 3550 4385 posteris,
3576 4324 3629 4369 et
3655 4329 3786 4386 gens

2189 4405 2424 4462 ldumrea
2484 4406 2748 4460 intantum
2808 4417 3223 4477 persequeretur
3269 4405 3469 4463 fratres
3512 4420 3681 4472 suos,
3732 4415 3786 4461 ut

2188 4499 2215 4537 ἀ
2240 4500 2647 4571 egredientibus
2683 4500 2751 4555 de
2773 4499 3009 4573 Egypto
3040 4516 3105 4556 ne
3136 4505 3420 4556 transitum
3463 4499 3681 4571 quidem
3733 4500 3781 4555 iu

482 4596 538 4651 in
571 4593 984 4649 tedificationem
1014 4588 1226 4657 Templi
1257 4594 1418 4656 atque
1452 4585 1656 4655 palatii,
1688 4584 1833 4655 ligna
1862 4582 2084 4639 cedrina
2112 4575 2165 4635 Β
2192 4602 2388 4649 [el-ram
2431 4603 2671 4649 sanctam
2703 4594 3059 4659 concederet;
3102 4604 3157 4647 et
3186 4608 3292 4648 non
3321 4593 3496 4647 solum
3525 4593 3579 4647 in

481 4688 691 4744 ratibus
708 4684 918 4755 Joppen
942 4696 1113 4753 usque
1138 4679 1490 4752 perduceret:
1520 4688 1575 4734 et
1603 4677 1654 4732 hi
1678 4678 2004 4733 frumentum
2030 4688 2084 4733 et

481 4779 663 4836 oleum
700 4776 881 4848 Tyriis
912 4774 1272 4844 largirentur,
1309 4781 1360 4827 et
1388 4771 1578 4843 viginti
1622 4771 1783 4827 urbes
1822 4770 1875 4824 in
1904 4770 2079 4824 Basan

479 4873 528 4930 ei
553 4872 664 4946 [AL
681 4868 786 4941 eis]
809 4868 952 4923 dono
964 4865 1183 4922 darent:
1209 4879 1346 4936 quas
1366 4865 1461 4919 ille
1478 4865 1600 4936 quia
1627 4864 1886 4936 graminis
1910 4864 2080 4932 plen-.e

480 4975 676 5034 erant,
730 4963 1007 5033 suscipere
1054 4960 1235 5015 noluit
1272 4957 1382 5030 (lll
1419 4956 1548 5029 Reg.
1580 4973 1609 5011 v
1634 5002 1647 5026 ,
1690 4956 1733 5011 ll
1775 4956 1955 5010 Paral.
1991 4956 2076 5026 ιι).

476 5065 660 5137 Ignem
702 5059 867 5131 igitur
903 5058 956 5113 in
992 5071 1181 5111 muros
1208 5054 1326 5124 ejus
1358 5069 1420 5109 se
1450 5056 1739 5108 missurum
1770 5065 1893 5107 esse
1924 5051 2075 5118 dicit,

478 5166 533 5213 et
554 5155 944 5211 devoraturum
969 5149 1114 5205 cedes
1134 5147 1216 5203 vel
1246 5147 1592 5202 fundamenta
1616 5146 1754 5216 ejus,
1780 5144 1924 5216 quod
1952 5145 2080 5200 Eze-

474 5248 617 5305 chiel
647 5246 912 5319 propheta
938 5244 992 5299 in
1022 5242 1240 5298 visione
1266 5240 1427 5313 Tyri,
1450 5238 1954 5295 Nabuchodonosor
1993 5253 2077 5293 re-

472 5357 594 5416 gem
622 5340 1005 5397 Chaldaeorum
1038 5335 1233 5392 fecisse
1257 5342 1674 5405 commemorat,
1703 5333 1794 5389 ubi
1824 5334 1931 5389 ait:
1965 5333 2080 5388 Cir-

547 5542 573 5571 α
602 5532 736 5587 Tres
768 5543 926 5587 mss..
956 5526 1030 5581 vel
1055 5524 1204 5595 cujus
1235 5522 1475 5578 universa
1504 5521 1788 5594 generatio.

544 5605 572 5644 ι)
605 5604 730 5659 licet:
759 5618 863 5657 ms.
889 5590 1269 5655 Cistereiensis
1300 5595 1485 5661 lectio,
1505 5590 1671 5662 quam
1705 5590 2073 5660 reposuimus.

473 5680 664 5733 Crteco
691 5688 907 5743 quoque
937 5670 1128 5737 textui,
1160 5671 1246 5744 ρύκ
1270 5669 1740 5744 ὐπᾳστρᾳφήσομαι
1766 5665 1946 5732 αὐτὴν,
1973 5663 2078 5744 ave:

475 5751 565 5810 ὧν.
584 5756 689 5802 etc.
703 5734 1031 5808 {conformis
1049 5734 1349 5816 est.!Antea
1367 5734 1670 5812 legebatur,
1690 5734 2079 5791 uonarersabor

484 5838 593 5886 eos,
625 5834 682 5873 eo
710 5816 871 5886 quod,
904 5824 1011 5870 etc.

2188 4695 2504 4757 persecutus
2532 4696 2616 4741 est
2645 4684 2871 4740 fratrem
2896 4701 3083 4751 suum;
3111 4685 3205 4741 sed
3231 4686 3450 4741 violavit
3477 4685 3785 4742 misericor—

2185 4780 2351 4844 diam,
2378 4778 2494 4835 sive
2519 4780 2733 4833 vulvam
2755 4777 2896 4848 ejus,
2929 4778 3013 4834 vel
3044 4787 3102 4834 ut
3130 4780 3371 4849 apertius
3396 4782 3782 4851 interpretatus

2186 4883 2270 4927 est
2308 4872 2663 4944 Symmachus
2688 4913 2703 4939 ,
2733 4870 2924 4925 viscera
2964 4872 3223 4942 propria:
3268 4880 3327 4927 ut
3374 4871 3784 4928 oblivisceretur

2184 4965 2598 5037 germanitatis,
2653 4975 2707 5021 et
2754 4964 3049 5021 obduraret
3094 4967 3302 5023 viscera
3350 4966 3779 5031 misericordias,

2187 5058 2519 5129 fratremque
2547 5074 2603 5113 se
2635 5073 2757 5113 esse
2791 5058 3047 5124 nesciret,
3081 5066 3137 5113 et
3162 5067 3539 5115 contemneret
3567 5058 3779 5113 vulvam

2188 5153 2469 5216 Rebeccre,
2497 5168 2616 5224 qua:
2647 5168 2755 5207 uno
2786 5159 2940 5221 partu
2970 5152 3215 5223 geminos
3241 5151 3508 5209 edidisset
3529 5150 3777 5207 infantes.

2186 5245 2453 5315 Quodque
2484 5244 2765 5315 sequitur:
2798 5243 2867 5298 Et
2906 5247 3069 5299 tenuit
3092 5245 3232 5333 yltra
3269 5247 3502 5315 furorem
3530 5262 3705 5311 suum,
3735 5252 3780 5298 et

2186 5337 2591 5410 indignationem
2633 5355 2782 5393 suam
2819 5338 3035 5393 servavit
3077 5354 3236 5409 usque
3278 5339 3333 5394 in
3375 5339 3561 5409 ﬁnem,
3600 5337 3777 5394 odium

2262 5532 2281 5590 ὲ
2313 5520 2509 5577 Deerat
2537 5533 2703 5590 penes
2735 5517 3013 5583 Martian.,
3044 5528 3166 5573 tres.

2256 5589 2279 5627 ι¹
2312 5589 2563 5647 Martian.
2594 5590 2915 5663 egredienti,
2950 5600 3005 5645 et
3040 5591 3193 5661 pejus
3224 5590 3386 5660 paulo
3411 5600 3552 5661 post,
3582 5590 3774 5645 vulvam

2182 5667 2319 5737 ejus.
2337 5673 2393 5737 ut
2418 5662 2667 5737 apertius,
2691 5670 2822 5727 etc.,
2847 5662 3050 5737 absque
3072 5663 3359 5733 interiecto
3384 5664 3460 5719 vel
3478 5662 3620 5735 quod
3646 5675 3770 5716 mss.

2186 5733 2380 5801 nostri,
2414 5733 2468 5792 et
2503 5736 2703 5791 Victor.
2738 5733 3011 5803 supplent.
