4120 6342
365 266 500 327 1001

1238 268 1896 334 COMMENTARIDRUM
1935 271 2004 330 IN
2044 268 2229 329 AMOS
2269 270 2395 330 LIB.
2438 274 2479 331 Ι.
2524 270 2674 329 CAP.
2718 272 2783 330 Il.

3518 273 3665 334 1002

360 390 633 440 monstrat
660 386 959 458 antiquum,
991 388 1135 459 quod
1164 405 1457 462 numquam
1488 394 1591 449 sibi
1628 409 1760 465 pace
1789 394 1949 467 235
1976 396 2029 456 Α
2054 407 2226 447 muros
2254 392 2455 459 Rabba,
2484 401 2528 447 et
2554 393 2814 448 devci-abit
2847 392 3185 465 fundamenta
3214 409 3329 447 cum
3353 393 3575 449 clamore
3604 396 3660 449 in

354 475 524 545 juncti
565 487 692 534 sunt
735 478 855 551 [Αἰ.
902 480 1174 551 conjuncti
1220 484 1371 557 sint].
1406 485 1564 542 Unde
1608 502 1821 557 poenam
1855 503 1952 559 pro
1997 513 2006 520 -

358 570 655 627 sceleribus
704 574 1099 643 comminatur,
1143 584 1198 633 et
1245 577 1410 633 dixit:
1444 579 1658 635 Mittam
1687 582 1857 653 ignem
1897 582 1952 635 in

356 659 587 717 'I‘heman
613 704 630 732 ,
678 680 800 735 quae
837 666 1195 724 ldumaeorum
1237 670 1387 741 regio
1421 681 1544 738 est,
1585 681 1639 727 et
1669 673 1844 744 vergit
1884 672 1951 730 ad

355 756 666 815 Australem
698 769 928 831 partem,
954 763 1095 834 quod
1126 764 1517 835 interpretatur
1544 765 1803 822 Theman:
1832 782 1954 838 quae

353 851 631 921 provincia
658 868 763 910 non
793 856 967 911 solum
990 856 1255 929 Theman,
1280 857 1378 913 sed
1403 867 1457 914 et
1480 858 1663 915 Daron
1690 868 1744 915 et
1768 857 1953 932 Nageb

354 943 571 1014 dicitur,
599 962 668 1003 eo
696 949 841 1020 quod
871 951 1074 1007 Eurum
1100 963 1155 1008 et
1183 952 1443 1009 Austrum
1476 954 1826 1025 Africamque
1869 970 1953 1011 re-

352 1038 560 1109 Spiciat.
585 1040 848 1114 Quodque
874 1044 1007 1100 dicit
1032 1064 1043 1099 :
1072 1042 1357 1101 Devorabit
1378 1048 1514 1102 (edes
1535 1047 1733 1117 Bosrw,
1760 1063 1866 1104 non
1895 1056 1955 1103 ut

351 1130 565 1200 quidam
610 1144 835 1205 putant,
878 1138 1109 1194 alteram
1153 1140 1459 1215 civitatem,
1496 1142 1589 1198 sed
1634 1142 1949 1213 Idumaeam,

351 1226 685 1303 ὀχυρωμένην
710 1237 765 1284 et
795 1228 957 1302 [forte
983 1232 1037 1286 id
1063 1232 1179 1306 est]
1204 1236 1456 1290 munitam
1488 1236 1774 1305 signiﬁcat,
1800 1237 1949 1306 juxta

351 1316 476 1373 illud
517 1322 660 1391 quod
693 1322 743 1376 in
784 1323 921 1378 Isaia
958 1325 1194 1396 legimus
1222 1347 1234 1382 :
1273 1327 1400 1393 Quis
1430 1338 1505 1382 est
1536 1331 1631 1383 iste
1653 1371 1666 1396 ,
1705 1330 1792 1400 qui
1823 1331 1954 1383 venit

350 1412 412 1467 de
438 1412 640 1481 Edam,
673 1418 842 1472 tinctis
874 1420 1094 1474 vestibus
1123 1422 1188 1475 de
1215 1421 1411 1478 Bosra:
1442 1423 1539 1478 iste
1571 1422 1681 1496 {AL
1714 1423 1810 1495 sic]
1847 1426 1955 1495 for-

347 1522 519 1562 mosus
548 1509 601 1562 in
627 1510 762 1564 stola
787 1528 903 1580 sua,
924 1513 1167 1585 gradiens
1196 1517 1249 1569 in
1271 1516 1604 1571 multitudine
1633 1518 1955 1589 fortitudinis

346 1613 454 1652 sua:
501 1598 665 1671 (lsai.
698 1617 862 1668 LXlll,
905 1603 1023 1675 *2)?
1071 1606 1342 1677 Quidquid
1388 1607 1457 1663 de
1499 1608 1642 1662 Esau
1698 1619 1752 1665 et
1787 1609 1955 1665 lacob

345 1690 579 1748 diximus
601 1735 617 1762 ,
651 1694 956 1752 referamus
985 1698 1051 1753 ad
1084 1698 1302 1756 Judaeos
1328 1710 1381 1756 et
1406 1702 1663 1772 populum
1691 1701 1955 1760 Christia-

2056 484 2138 539 die
2165 484 2303 549 belli,
2333 492 2380 538 et
2408 484 2805 539 commovebitur
2833 486 2889 538 in
2920 487 3004 540 die
3033 488 3489 541 consummationis
3515 503 3659 541 suae:

2056 585 2101 630 et
2126 574 2271 631 ibunt
2307 593 2450 649 reges
2481 578 2535 632 in
2584 577 2961 649 captivitatem,
2995 584 3048 643 σξ-
3092 580 3381 633 sacerdotes
3434 595 3611 633 eorum
3642 582 3659 647 ζ

2055 678 2103 724 et
2142 669 2401 741 principes
2440 687 2619 725 eorum
2643 669 2831 741 simul,
2876 671 3002 725 dicit
3033 671 3303 728 Dominus.
3333 671 3501 728 Filios
3529 674 3659 726 Am-

2057 776 2181 817 mon
2215 764 2305 832 qui
2336 764 2403 819 de
2431 762 2533 819 Lot
2564 764 2735 835 stirpe
2771 764 3013 835 generati
3041 775 3203 835 sunt,
3250 775 3304 822 et
3332 764 3581 821 habitant
3608 766 3662 820 in

2055 853 2277 922 Arabia,
2307 855 2398 909 ubi
2420 871 2566 911 nunc
2586 865 2673 912 est
2699 855 3102 927 Philadelphia,
3130 858 3356 925 corripit
3380 873 3562 914 sermo
3584 858 3666 914 di-

2056 947 2245 1003 vinus:
2265 964 2434 1019 quare
2457 950 2558 1005 sub
2580 949 2746 1006 Saule
2759 964 2886 1020 rege
2909 948 3113 1006 Judaeae
3133 950 3274 1006 Naas
3298 952 3660 1016 Ammonites,

2057 1043 2317 1116 princeps
2343 1061 2558 1111 eorum,
2589 1044 2885 1101 vastaverit
2928 1044 3092 1101 Jabes
3123 1045 3325 1101 Galaad
3346 1090 3359 1115 ,
3411 1056 3466 1102 et
3509 1047 3667 1102 dese-

2057 1137 2233 1193 cuerit
2266 1147 2609 1209 praegnantes
2640 1138 2758 1208 ejus
2785 1180 2799 1204 ,
2841 1149 2900 1195 ut
2934 1138 3187 1194 dilataret
3216 1139 3479 1195 terminos
3509 1154 3663 1207 suos,

2058 1238 2115 1287 et
2146 1246 2362 1287 omnem
2388 1230 2694 1287 Galaaditin
2726 1246 2824 1286 suo
2858 1231 3085 1301 imperio
3112 1231 3427 1301 subjugaret
3458 1230 3503 1303 (l
3529 1230 3659 1301 Reg.

2063 1327 2158 1397 x1).
2184 1326 2339 1382 Unde
2361 1326 2724 1382 comminatur
2750 1341 3137 1383 succensurnm
3160 1341 3219 1381 se
3252 1326 3433 1396 ignem
3461 1326 3513 1379 in
3542 1341 3663 1380 mu-

2059 1434 2147 1475 ros
2178 1420 2364 1477 Rabba
2388 1463 2401 1489 ,
2447 1438 2568 1492 qua:
2606 1421 2706 1476 fuit
2746 1422 3063 1491 metropolis
3100 1419 3536 1476 Ammonitarum
3563 1460 3576 1485 ,
3609 1425 3669 1472 ut

2059 1515 2391 1571 devorentur
2417 1516 2563 1572 aedes
2599 1516 2747 1571 illius
2788 1518 2839 1570 in
2870 1516 3107 1572 clamore
3139 1525 3192 1570 et
3226 1514 3281 1569 in
3315 1514 3526 1569 ululatu
3549 1514 3666 1567 viu-

2059 1610 2239 1665 ceutis
2282 1610 2589 1665 exercitus:
2626 1610 2678 1664 in
2717 1609 2804 1664 die
2856 1610 3247 1664 commotionis
3295 1618 3349 1664 et
3400 1607 3665 1675 turbinis,

2062 1703 2276 1773 quando
2306 1704 2503 1773 captivi
2533 1703 2673 1773 ejus,
2709 1703 3212 1759 Nabuchodonosor
3248 1704 3537 1767 vincente,
3569 1698 3668 1753 du-

346 1799 497 1841 num.
534 1786 615 1841 Illi
646 1788 791 1844 enim
824 1791 1028 1847 terreni
1057 1801 1113 1847 et
1168 1794 1501 1865 sanguinarii
1530 1800 1798 1866 persecuti
1830 1808 1958 1855 sunt
1990 1801 2032 1860 Β
2062 1807 2285 1854 centur:
2317 1808 2373 1853 et
2396 1798 2597 1854 idolum
2622 1797 3083 1863 Ammonitarum,
3109 1796 3253 1869 quod
3288 1803 3511 1852 vocatur
3537 1794 3640 1849 Mel
3666 1823 3671 1827 ε

347 1875 570 1933 fratrem
598 1887 625 1916 α
654 1879 822 1936 Jacob
848 1922 863 1947 ,
913 1885 1003 1953 qui
1039 1899 1137 1939 eos
1179 1888 1588 1957 supplantavit,
1637 1898 1691 1945 et
1728 1892 1955 1947 abstulit

345 1969 707 2041 primogenita
750 1988 939 2029 eorum
967 2016 980 2040 ,
1014 1986 1069 2031 et
1097 1980 1366 2045 persecuti
1395 1981 1599 2036 suntin
1630 1983 1840 2054 gladio,
1875 1986 1950 2041 ita

348 2070 405 2115 ut
440 2062 773 2119 subsrantias
805 2068 1293 2141 possessionesque
1333 2073 1675 2129 credentium
1709 2076 1953 2145 publica-

346 2164 489 2223 rent,
505 2156 721 2226 quodin
743 2157 971 2216 Actibus
987 2163 1366 2231 apostolorum
1394 2166 1624 2238 legimus
1642 2170 1780 2238 (Act.
1797 2187 1855 2238 ιι,
1871 2170 1948 2243 4);

348 2257 405 2304 et
431 2249 776 2307 violaverunt
807 2254 1239 2313 misericordiam
1271 2275 1334 2315 ac
1352 2260 1476 2331 jura
1510 2273 1737 2331 naturae,
1769 2264 1952 2319 obliti-

347 2356 454 2412 quc
497 2352 622 2400 sunt
664 2348 856 2402 matris
896 2363 1011 2405 suae
1057 2351 1320 2408 Rebecca;
1346 2396 1360 2421 ,
1408 2372 1527 2425 quae
1566 2356 1954 2428 interpretatur

347 2438 633 2505 patientia,
675 2446 733 2495 et
774 2439 939 2498 simul
971 2458 1066 2499 eos
1107 2448 1386 2515 generavit
1414 2448 1466 2502 in
1500 2448 1757 2506 Christo:
1808 2453 1952 2508 auti-

347 2544 622 2602 quumque
669 2533 911 2590 furorem
957 2545 1014 2591 el
1063 2537 1402 2595 iracundiam
1450 2548 1730 2611 tenentes,
1782 2560 1954 2617 usque

348 2623 527 2679 hodie
560 2625 612 2679 in
654 2629 940 2699 synagogis
973 2631 1089 2686 suis
1128 2634 1229 2688 sub
1278 2635 1497 2691 nomine
1547 2637 1952 2696 Nazarenorum

348 2715 732 2787 blasphemant
759 2724 1017 2793 populum
1042 2724 1429 2784 christianum:
1454 2738 1508 2784 et
1534 2730 1828 2789 dummodo
1853 2749 1954 2791 nos

349 2809 696 2884 interﬁciant,
727 2817 915 2872 volunt
945 2819 1068 2889 igne
1097 2820 1365 2877 comburi.
1391 2822 1498 2879 Sed
1536 2823 1799 2882 Dominus
1831 2828 1957 2882 mit-

349 2913 429 2961 tet
476 2908 651 2977 ignem
704 2910 755 2965 in
800 2910 1045 2968 Theman
1074 2954 1087 2979 ,
1129 2916 1184 2970 in
1216 2916 1431 2972 deserta
1462 2918 1713 2990 siccaque
1754 2919 1957 2977 Judaeaa

349 2998 495 3072 (qua:
511 3017 848 3074 nequaquam
865 3006 1154 3078 irrigantur
1170 3009 1434 3066 imbribus
1452 3013 1887 3087 prOphetarum),
1905 3025 1958 3071 et

352 3092 638 3151 devorabit
658 3114 848 3155 omnes
881 3102 1211 3159 munitiones
1233 3120 1445 3172 eorum,
1470 3108 1585 3164 sive
1605 3108 1955 3166 fundamenta

2056 1893 2252 1960 chom,
2285 1894 2337 1949 id
2375 1905 2460 1950 est
2485 1936 2500 1960 ,
2542 1910 2635 1948 rem
2670 1910 2881 1963 eorum,
2928 1894 3136 1949 feretur
3177 1894 3229 1947 in
3276 1892 3568 1964 Assyrios:
3615 1898 3671 1945 et

2057 1987 2333 2057 principes
2365 1986 2516 2057 ejus,
2552 1986 2605 2041 id
2637 1996 2743 2054 est,
2775 1986 3087 2042 sacerdotes
3116 1986 3232 2056 ejus
3263 1986 3467 2055 pariter
3495 1983 3668 2039 abdu-

2055 2089 2278 2136 centur.
2300 2080 2610 2135 Sacerdotes
2640 2081 2691 2134 in
2718 2080 2949 2135 Hebraeo
2979 2096 3089 2135 non
3121 2079 3373 2147 habetur,
3398 2078 3493 2134 sed
3518 2078 3668 2147 prin-

2057 2174 2232 2244 cipes.
2266 2171 2610 2228 Addiderunt
2640 2174 2825 2242 itaque
2874 2172 3225 2244 Septuaginta
3256 2172 3575 2242 sacerdotes,
3610 2180 3671 2226 ut

2057 2268 2103 2323 si
2132 2268 2272 2323 velis
2300 2268 2441 2323 scire
2470 2268 2562 2338 qui
2595 2268 2736 2322 scint
2763 2268 2840 2322 illi
2868 2256 3165 2337 principes,
3197 2268 3389 2321 audias
3419 2266 3670 2322 sacerdo-

2059 2371 2162 2417 tes.
2213 2362 2359 2417 lnler
2403 2359 2780 2415 crudelitatem
2828 2369 3011 2415 autem
3063 2359 3311 2414 Damasci
3342 2368 3396 2413 et
3429 2358 3666 2413 filiorum

2057 2457 2291 2511 Ammon
2348 2455 2452 2510 hoc
2506 2456 2786 2519 interest,
2820 2453 2984 2524 quod
3043 2452 3118 2506 illi
3172 2453 3553 2507 contriverunt
3612 2452 3665 2505 in

2057 2549 2317 2619 plaustris
2348 2547 2543 2605 ferreis
2589 2546 2792 2604 Galaad
2820 2588 2834 2614 ,
2866 2548 3000 2601 ’sive
3028 2546 3079 2599 in
3106 2545 3274 2600 serris
3303 2544 3496 2600 ferreis
3526 2558 3669 2613 pra)-

2057 2651 2287 2715 gnautes
2319 2642 2522 2698 Galaad
2554 2652 2577 2681 ο
2606 2658 2618 2695 :
2653 2640 2746 2696 isti
2776 2648 2955 2695 autem
2979 2640 3357 2695 dissecucrunt
3383 2652 3669 2707 prmgnan-

2059 2744 2142 2791 tes
2182 2734 2384 2791 Galaad
2410 2779 2425 2803 ,
2459 2734 2526 2789 ad
2564 2732 2899 2788 dilatandam
2936 2733 3226 2788 terminum
3260 2745 3440 2785 suum.
3472 2729 3529 2783 In
3564 2730 3669 2783 Da-

2060 2828 2346 2894 mascenis,
2368 2829 2458 2897 qui
2476 2826 3026 2896 bibuntsanguinem,
3041 2822 3664 2893 accipiunturhrcretici,

2061 2923 2154 2993 qui
2178 2937 2283 2978 non
2306 2922 2481 2977 solum
2507 2924 2763 2991 pepulum
2786 2920 2881 2975 Dei
2903 2919 2970 2975 ab
2994 2918 3231 2974 Ecclesia
3250 2914 3275 2954 ἀ
3297 2917 3666 2987 diripuerunt,

2062 3015 2159 3070 sed
2208 3023 2263 3069 et
2302 3014 2680 3069 contriverunt
2723 3026 2849 3067 eum
2879 3055 2893 3079 ,
2941 3020 2995 3065 et
3024 3010 3439 3065 commolierunt
3473 3010 3669 3064 ferreis

2062 3109 2343 3174 dentibus,
2368 3109 2435 3163 de
2457 3109 2651 3178 quibus
2680 3106 2937 3176 scriptum
2964 3114 3082 3161 est:
3112 3106 3249 3171 Quid
3280 3104 3528 3157 devorant
3560 3104 3668 3175 plc-

350 3201 630 3245 murorum
663 3192 782 3261 ejus
806 3233 822 3259 ,
874 3202 931 3249 ut
980 3197 1127 3251 omni
1171 3213 1337 3254 sensu
1368 3201 1565 3257 litterae
1594 3203 1947 3272 concidente,
1980 3208 2025 3273 (ζ
2059 3202 2171 3256 bem
2212 3218 2408 3266 meam,
2443 3202 2575 3255 sicut
2613 3216 2781 3254 escam
2820 3199 2969 3270 panis
2999 3197 3118 3270 (Ps.
3155 3213 3248 3264 ιιι,
3280 3195 3383 3268 5)?
3412 3196 3572 3268 237
3606 3195 3663 3249 In

350 3281 815 3349 supersediticetur
836 3286 1083 3343 Ecclesia
1098 3289 1300 3346 Christi
1322 3292 1532 3349 Domini
1559 3294 1950 3353 fundamentis.

350 3370 455 3428 Pro
484 3375 877 3445 misericordia,
896 3380 1250 3453 Septuaginta
1278 3384 1485 3441 vulvam
1530 3390 1951 3447 transtulerunt.

348 3466 414 3523 Et
446 3485 542 3539 pro
573 3469 779 3542 furore,
810 3474 1121 3532 horrorem:
1151 3490 1204 3535 et
1235 3495 1334 3549 pro
1362 3481 1764 3554 indignatione,
1793 3485 1955 3555 impe-

352 3571 481 3629 tum,
506 3564 652 3621 ducti
678 3568 1033 3640 ambiguitate
1059 3572 1378 3630 verborum:
1403 3578 1526 3645 quia
1554 3595 1736 3636 REHEM
1759 3580 1951 3652 (nm),

349 3666 402 3713 et
423 3659 623 3715 vulvam
645 3670 701 3716 et
730 3664 1170 3721 misericordiam:
1193 3684 1399 3727 APHPHO
1436 3672 1608 3743 (Ἐκ),
1638 3683 1692 3730 et
1725 3676 1955 3745 furorem

349 3752 486 3823 ejus,
505 3762 559 3808 et
579 3752 843 3810 horrorem
864 3774 1016 3812 suum
1041 3760 1338 3830 significat:
1368 3779 1581 3818 EBRATH
1609 3764 1803 3837 (n11?)
1821 3781 1955 3822 vero

349 3852 404 3898 et
451 3844 745 3917 indignatio
795 3857 850 3904 et
896 3850 1112 3923 impetus
1164 3855 1373 3909 dicitur.
1429 3857 1600 3913 Porro
1658 3876 1953 3916 ARMANOTH

351 3937 653 4013 (nume),
684 3957 818 4013 quas
846 3958 946 4000 nos
972 3945 1106 4002 (edes
1139 3945 1482 4019 interpretati
1511 3965 1721 4020 sumus,
1755 3954 1952 4025 Aquila

349 4040 404 4085 et
444 4034 800 4103 Symmachus
826 4039 1004 4116 βάρεις
1030 4039 1058 4079 ι’
1078 4083 1093 4107 ,
1138 4042 1193 4097 id
1222 4053 1304 4099 est
1329 4086 1343 4112 ,
1378 4045 1590 4113 domos;
1621 4047 1949 4119 Theodotio,

351 4122 663 4183 habitatores
706 4133 983 4187 transtulit
1013 4151 1026 4188 :
1060 4135 1163 4190 soli
1195 4135 1555 4210 Septuaginta
1584 4148 1639 4198 et
1666 4141 1755 4198 hic
1782 4152 1836 4199 et
1862 4158 1954 4198 su-

352 4230 469 4286 pra,
494 4220 832 4289 fundamenta
858 4225 1133 4284 dixerunt.

425 4312 608 4381 (Vers.
645 4318 745 4387 M,
790 4319 907 4391 15.)
939 4320 1067 4376 Ηιινσ
1098 4323 1224 4379 dicit
1252 4323 1511 4381 Dominus
1539 4343 1557 4383 :
1592 4328 1764 4401 Super
1794 4330 1955 4385 tribus

352 4406 625 4461 sceleribus
655 4411 818 4483 236
843 4414 1071 4482 ﬁliorum
1100 4417 1319 4473 Ammon
1346 4430 1391 4475 et
1417 4438 1571 4494 super
1600 4433 1827 4490 quatuor
1851 4440 1955 4479 non

349 4507 640 4550 convertam
659 4517 773 4553 eum
793 4517 810 4554 :
833 4519 890 4557 eo
912 4505 1051 4575 quod
1079 4508 1360 4564 desecuerit
1382 4524 1705 4584 prwgnantes
1724 4514 1949 4583 Galaad,

2062 3294 2187 3348 ﬁliis
2209 3295 2472 3361 Ammon,
2506 3293 2594 3363 qui
2623 3293 3013 3362 interpretatur
3038 3290 3261 3363 papulas
3284 3291 3537 3357 mwroris,
3578 3290 3665 3345 vel

2061 3386 2281 3460 populus
2314 3404 2485 3455 meus,
2516 3385 2901 3442 schismaticos
2933 3385 3253 3454 accipimus,
3283 3385 3372 3454 qui
3409 3397 3665 3450 separant

2060 3481 2278 3552 quidem
2323 3482 2608 3552 deceptam
2636 3478 3035 3535 multitudinem
3084 3478 3151 3533 ab
3184 3477 3427 3533 Ecclesia
3458 3477 3574 3547 Dei,
3610 3485 3665 3532 ct

2059 3576 2225 3631 rudes
2263 3576 2500 3642 animas,
2534 3590 2654 3646 quae
2684 3588 2855 3643 nuper
2881 3571 3085 3626 Christi
3118 3586 3421 3641 concepere
3448 3584 3661 3625 sermo-

2059 3686 2206 3737 nem,
2232 3670 2559 3740 abrumpunt
2584 3676 2638 3722 et
2666 3666 2912 3722 dividunt
2938 3683 2950 3719 :
2981 3674 3160 3721 tamen
3188 3664 3293 3720 hoc
3322 3680 3429 3721 non
3461 3664 3664 3719 faciunt

2058 3762 2403 3830 crudelitate,
2428 3777 2531 3833 qua
2553 3760 2795 3816 liazretici
2816 3759 3073 3830 deceptos
3092 3773 3335 3829 quosque
3362 3756 3660 3823 trucidant,

2056 3858 2155 3914 sed
2184 3857 2236 3912 in
2270 3856 2459 3918 eadem
2490 3854 2674 3925 regula
2713 3853 2837 3909 fidei
2872 3861 3277 3923 permanentes,
3313 3852 3543 3907 dilatare
3569 3865 3662 3905 cu-

2057 3954 2215 4027 piunt
2252 3954 2512 4009 terminos
2553 3966 2718 4018 suos,
2762 3960 2817 4006 et
2852 3964 3047 4005 nomen
3085 3949 3279 4018 glorise
3324 3949 3376 4003 in
3417 3958 3661 4020 posteros

2057 4049 2291 4105 mittere.
2319 4048 2503 4119 Itaque
2532 4045 2793 4102 Dominus
2820 4044 3184 4100 comminatur
3212 4058 3271 4098 se
3297 4058 3484 4098 muros
3512 4041 3660 4099 Rab-

2056 4143 2177 4208 bte,
2227 4140 2279 4196 id
2325 4148 2453 4206 est,
2501 4136 2899 4203 multitudinis,
2942 4136 2994 4190 in
3027 4134 3114 4189 die
3144 4133 3383 4189 ululatus
3427 4142 3480 4190 et
3510 4134 3658 4200 belli,

2057 4233 2442 4292 commotionis
2492 4242 2549 4289 et
2610 4229 2839 4286 turbinis
2906 4228 3300 4294 incensurum,
3368 4236 3419 4282 et
3473 4243 3657 4297 regem

2057 4344 2269 4395 eorum,
2302 4335 2581 4384 auctorem
2614 4324 2921 4381 schismatis
2943 4321 3025 4378 ire
3053 4321 3345 4393 captivum.
3377 4330 3433 4377 et
3456 4322 3657 4391 princi—

2057 4439 2154 4495 pes
2180 4424 2435 4479 Ecclesiae
2458 4421 2588 4491 jugo
2609 4420 2749 4475 colla
2773 4418 3115 4473 submittere.

2133 4517 2286 4587 (Cap.
2333 4515 2397 4569 ll.
2430 4543 2501 4555 —-
2529 4513 2683 4569 Vers.
2722 4513 2742 4565 l
2801 4508 2976 4580 seqq.)
3026 4509 3153 4564 Πωο
3196 4509 3319 4565 dicit
3358 4508 3659 4567 Dominus:

352 4589 421 4642 ad
448 4588 782 4646 dilatandam
803 4598 1077 4652 terminum
1098 4616 1285 4664 suum;
1308 4612 1354 4658 et
1377 4607 1867 4679 succendamigncm
1891 4608 1945 4663 in
1972 4609 2023 4669 D
2052 4612 2225 4683 Super
2262 4610 2425 4663 tribus
2454 4606 2730 4662 sceleribus
2773 4603 2931 4659 Moab
2961 4620 2979 4657 :
3016 4613 3063 4658 et
3100 4621 3256 4673 super
3284 4617 3509 4677 quatuor
3554 4626 3659 4663 non

353 4702 500 4743 muro
529 4688 747 4757 Rabbw,
788 4702 837 4747 et
866 4694 1127 4751 devorabit
1156 4699 1292 4754 cades
1322 4704 1439 4774 ejus
1467 4703 1520 4755 in
1552 4702 1756 4755 ululatu
1780 4706 1837 4763 in
1868 4703 1953 4758 die

353 4781 491 4851 belli,
518 4794 564 4838 et
592 4786 640 4838 in
658 4787 857 4842 turbine
886 4789 938 4843 in
961 4791 1043 4844 die
1072 4795 1427 4849 commotionis
1451 4812 1469 4849 :
1498 4804 1544 4849 et
1567 4795 1660 4849 ibit
1689 4795 1950 4851 Melchom

351 4877 405 4930 in
428 4880 808 4951 captivitatem,
842 4884 954 4951 ipse
980 4894 1025 4938 et
1056 4886 1312 4958 principes
1342 4892 1454 4961 ejus
1482 4890 1661 4956 simul,
1692 4889 1817 4945 dicit
1844 4888 1955 4945 Do-

352 4971 542 5025 minus.
576 4972 720 5028 LXX
750 4993 762 5028 :
810 4975 936 5031 Hazc
966 4980 1092 5033 dicit
1120 4979 1372 5036 Dominus
1398 5000 1413 5035 :
1462 4984 1635 5053 Super
1663 4984 1826 5038 tribus
1856 4985 1953 5038 im-

356 5065 625 5132 pietatibus
652 5072 881 5141 filiorum
916 5074 1131 5130 Ammon
1164 5086 1209 5130 et
1239 5094 1393 5150 super
1420 5090 1640 5151 quatuor
1672 5097 1773 5135 non
1802 5096 1951 5135 aver-

354 5153 506 5209 sabor
528 5178 632 5226 eos,
651 5180 709 5217 eo
732 5166 870 5235 quod
892 5167 1171 5224 desecuerit
1192 5182 1517 5242 prazgnantes
1535 5172 1949 5243 Galaaditarum,

356 5256 411 5300 ut
438 5247 679 5306 dilataret
712 5261 957 5317 terminos
986 5279 1143 5317 suos:
1183 5275 1229 5319 et
1257 5268 1564 5323 succendam
1594 5270 1761 5342 ignem
1800 5286 1954 5342 super

426 5397 466 5478 fi
495 5388 599 5478 Pro
637 5390 833 5465 Iacob,
868 5398 1096 5478 Palatini
1117 5418 1269 5478 _mss_.
1311 5421 1462 5478 suum
1499 5406 1725 5478 legunt,
1765 5406 1951 5462 Victo-

354 5456 795 5583 :‘liltlljsutrumque
822 5456 1091 5530 'retinnit.
1115 5456 1281 5532 Levia
1309 5456 1367 5531 id
1380 5456 1686 5548 genuini
1710 5456 1953 5548 ’priaéiéi—

352 5596 453 5728 col”
488 5603 686 5729 300016
741 5620 862 5675 quae
914 5632 1076 5680 supra
1115 5620 1470 5678 observamus
1522 5623 1577 5678 in
1629 5623 1769 5679 Osee
1820 5638 1947 5691 vtu,

432 5755 453 5783 ο
508 5746 693 5829 Ἰςιιι-ρλ
721 5764 907 5829 errore
935 5754 1291 5829 obhejusdem
1330 5760 1484 5815 vocis
1530 5765 1734 5816 Galuad
1764 5780 1957 5821 occur-

353 5828 472 5872 sum
532 5819 585 5873 in
646 5819 896 5878 Martian.
953 5819 1228 5899 editione,
1286 5832 1654 5901 praetermissa
1705 5819 1957 5892 est—hsce

674 5918 950 5982 PATROL.
998 5922 1203 5988 XXV.

2057 4711 2347 4758 convertam
2388 4717 2507 4755 eum
2533 4716 2551 4753 :
2592 4716 2649 4753 eo
2680 4698 2815 4769 quod
2864 4697 3151 4751 incenderit
3188 4715 3305 4752 ossa
3353 4701 3487 4770 regis
3527 4701 3654 4756 ldu-

2058 4812 2199 4851 mata:
2228 4811 2386 4865 usque
2422 4792 2488 4846 ad
2517 4790 2625 4865 [AL
2669 4789 2747 4863 in]
2774 4790 3016 4844 cinerem.
3054 4788 3121 4842 Et
3148 4790 3349 4844 mittam
3386 4790 3554 4862 ignem
3602 4793 3657 4845 in

2061 4889 2241 4955 Moab,
2274 4899 2319 4943 et
2348 4887 2613 4941 devorabit
2650 4883 2789 4941 (edes
2834 4883 3043 4939 Cariotlt
3075 4900 3094 4937 :
3126 4894 3173 4937 et
3206 4885 3451 4937 morietur
3481 4887 3533 4938 in
3574 4902 3650 4940 so-

2059 4983 2173 5038 nitu
2215 4981 2371 5036 Moab
2402 4981 2455 5035 in
2502 4979 2746 5053 clangore
2790 4978 2923 5032 tuba:
2951 4993 2970 5031 :
3000 4986 3048 5031 et
3097 4976 3393 5049 disperdam
3424 4979 3659 5048 judicent

2061 5078 2170 5151 [AL
2198 5077 2280 5150 de]
2310 5078 2362 5130 in
2394 5076 2561 5130 medio
2592 5076 2726 5147 ejus,
2753 5081 2800 5128 et
2828 5088 2999 5126 omnes
3029 5071 3281 5143 principes
3309 5074 3421 5143 ejus
3458 5072 3659 5142 inter/i-

2060 5173 2193 5225 ciam
2224 5187 2339 5224 cum
2363 5186 2447 5236 eo,
2480 5168 2605 5222 dicit
2633 5164 2908 5222 Dominus.
2938 5162 3083 5219 LXX
3114 5181 3126 5217 :
3160 5162 3289 5218 Hazc
3312 5164 3439 5217 dicit
3470 5163 3655 5218 Domi-

2061 5283 2157 5320 nus
2187 5284 2205 5321 :
2239 5266 2409 5337 Super
2437 5262 2598 5317 tribus
2625 5259 2971 5331 impietatibus
2995 5255 3152 5312 Moab
3184 5266 3229 5311 et
3257 5274 3408 5330 super
3436 5268 3661 5329 quatuor

2064 5404 2299 5460 maxime
2348 5398 2653 5457 necessaria
2702 5397 2768 5451 ad
2814 5395 3243 5450 Ammanitarum
3296 5395 3656 5452 differentiam

2062 5476 2352 5533 notandam
2378 5473 2635 5543 periCOpe
2659 5488 2670 5523 :
2696 5470 2781 5524 isti
2805 5477 2978 5522 autem
3004 5467 3359 5522 dt'ssecuerunt
3384 5484 3662 5541 praagnan-

2062 5546 2504 5689 tesdcﬂtilg‘eidum
2536 5622 2641 5689 est,
2672 5613 2748 5689 ait
2772 5611 3072 5678 Victorius,
3096 5611 3429 5689 diruperunt,
3462 5621 3522 5667 ut
3552 5614 3655 5689 ali-

2063 5700 2192 5764 quot
2239 5685 2442 5768 eum
2484 5686 2673 5768 codds
2700 5685 2928 5768 legunt:
2975 5699 3107 5768 quae.
3136 5698 3242 5739 vox
3284 5685 3454 5767 magis
3486 5686 3656 5768 perii-

2064 5754 2267 5890 netbad
2299 5762 2591 5817 scissuram
2625 5765 2681 5813 ct
2715 5754 3013 5813 sectionem
3033 5798 3048 5825 ,
3077 5754 3145 5812 de
3170 5771 3272 5827 qua
3302 5756 3355 5811 in
3381 5754 3658 5827 ’prOpheta

2063 5836 2167 5891 scri
2214 5833 2344 5891 itur.

3050 5920 3130 5982 32
