4120 6342
551 289 697 350 suos
1769 283 1828 342 s.
1873 271 2144 342 EUSEBII
2183 273 2570 340 HIEBONYMI
3715 287 3846 350 lost

537 423 644 462 non
689 401 962 462 aversabor
993 418 1076 460 eos
1105 401 1216 478 [ΑΙ.
1265 399 1408 474 eum]
1438 415 1452 458 ε
1481 413 1576 474 pro
1605 415 1664 456 eo
1689 399 1828 473 quod
1873 399 2156 454 incenderit
2183 395 2236 458 Α
2263 397 2418 454 buret
2471 399 2616 472 regis
2661 399 2936 457 Idumaerc.
2987 399 3056 458 Et
3109 395 3318 460 idcirco
3359 397 3542 460 mittet
3593 401 3848 460 Dominus

547 519 666 558 ossa
701 501 836 572 regis
869 499 1122 556 Idumam
1159 499 1214 552 in
1253 499 1478 554 cinerem
1501 513 1520 551 .'
1546 503 1596 552 et
1631 495 1863 552 emittam
1893 495 2062 566 ignem
2099 493 2154 546 in

547 597 732 664 Moab,
767 603 814 650 et
843 593 1106 650 devorabit
1133 593 1480 666 fundamenta
1509 591 1772 646 civitatum
1801 593 1938 664 ejus,
1971 597 2020 642 et
2047 603 2156 642 mo-

545 691 711 746 rietur
735 689 790 744 in
817 687 1118 759 infirmitate
1151 685 1308 742 Moab
1337 703 1456 742 cum
1497 685 1746 752 clamore,
1795 691 1843 738 et
1887 697 2006 738 cum
2035 695 2156 736 voce

545 787 681 841 tuba:
707 801 724 840 :
757 793 806 839 et
831 783 1132 856 disperdam
1147 783 1386 858 judicent
1415 797 1478 836 ea:
1503 797 1582 846 ea,
1615 789 1662 836 et
1687 793 1862 834 omnes
1893 777 2154 849 principes

543 883 658 952 ejus
701 877 1010 950 interﬁciant
1057 889 1108 946 ιι,
1155 877 1282 932 dicit
1325 875 1598 932 Dominus.
1656 871 1772 930 Non
1821 871 1998 930 solum
2057 873 2156 928 ﬁlii

541 971 800 1040 Ammon,
831 971 928 1028 sed
957 977 1012 1028 et
1037 971 1190 1028 Moab
1219 969 1288 1028 de
1317 967 1422 1026 Lot
1449 969 1660 1026 semine
1691 977 2016 1040 procreatus
2047 977 2154 1032 est,

539 1063 634 1134 qui
683 1063 868 1120 fratris
911 1063 1186 1122 Abraham
1239 1063 1384 1120 ﬁlius
1427 1063 1546 1120 fuit.
1593 1061 1660 1118 Et
1709 1069 1766 1118 ut
1793 1061 2046 1120 ostendat
2094 1075 2154 1118 se

539 1153 684 1214 Deus
731 1157 978 1214 omnium
1041 1159 1372 1224 Dominum,
1431 1165 1484 1212 et
1553 1167 1778 1212 cunctas
1823 1157 2034 1212 animas
2083 1153 2152 1210 ad

537 1263 720 1321 suum,
755 1251 846 1322 qui
875 1265 1064 1306 earum
1103 1249 1357 1306 conditor
1389 1257 1496 1318 est,
1525 1247 1812 1320 imperium
1851 1247 2147 1320 pertinere,

537 1343 686 1414 regis
717 1359 936 1415 quoque
971 1343 1336 1398 Idumaeorutn
1371 1339 1628 1412 injttriatn
1677 1341 1940 1406 vindieat,
1985 1341 2152 1396 immo

533 1435 718 1494 scelus
747 1435 892 1506 quod
945 1437 1000 1492 in
1035 1451 1158 1492 eum
1187 1451 1216 1490 a
1261 1433 1510 1490 Moabitis
1543 1443 1916 1506 perpetratum
1957 1441 2060 1498 est,
2095 1441 2156 1488 ut

540 1543 667 1586 ossa
697 1529 816 1600 ejus
857 1543 1028 1600 usque
1055 1527 1124 1584 ad
1165 1527 1406 1584 cinerem
1435 1537 1878 1595 concremarent,
1909 1537 1966 1584 et
1996 1525 2156 1582 satri-

533 1621 664 1676 tiam
687 1635 840 1676 suam
873 1631 928 1676 et
955 1621 1162 1678 rabiem
1197 1635 1297 1676 nec
1339 1623 1396 1676 in
1427 1631 1608 1676 morte
1633 1619 1876 1678 ﬁnirent.
1903 1619 2152 1676 Tradunt

531 1711 784 1784 Hebraei,
825 1729 952 1772 ossa
997 1715 1142 1786 regis
1179 1713 1430 1771 Idumaeas
1455 1715 1568 1782 jam
1617 1714 1846 1785 sepulti,
1889 1713 1982 1786 qui
2027 1729 2148 1770 cum

2201 495 2212 502 '
2257 489 2438 562 ignem
2471 491 2522 547 in
2553 491 2732 558 Moab,
2765 495 2854 564 qui
2887 495 3278 566 interpretatur
3315 514 3382 552 ex
3411 507 3578 566 patre,
3619 511 3688 552 eo
3715 497 3846 566 quod

2257 589 2416 638 natus
2437 583 2656 654 quidem
2685 583 2756 640 sit
2785 599 2852 640 ex
2887 585 3018 652 Deo,
3052 587 3146 643 sed
3179 603 3300 644 eum
3333 587 3636 659 reliquerit.
3669 587 3736 642 Et
3765 587 3848 644 de-

2257 675 2464 732 vorabit
2499 677 2770 747 civitates,
2803 681 2916 737 sive
2945 681 3144 752 Oppida
3177 683 3319 754 ejus,
3353 681 3498 752 quod
3529 683 3848 754 interpreta-

2257 777 2344 824 tur
2377 767 2611 824 Carioth.
2657 769 2814 828 Unde
2861 781 2916 828 et
2949 771 3338 830 Cariathiarim
3375 775 3428 832 in
3469 775 3712 846 linguam
3763 791 3852 832 no-

2257 871 2426 918 stram
2461 863 2716 934 vertitur,
2745 865 2874 922 villa
2895 867 3168 924 silvarum.
3195 869 3262 926 Et
3285 885 3392 926 non
3417 869 3573 926 aliter
3595 873 3852 928 morietur

2255 955 2434 1024 Moab,
2465 957 2570 1013 nisi
2599 960 2652 1012 in
2679 959 2942 1030 clamore,
2971 971 3026 1018 et
3047 963 3253 1030 sonitu,
3279 973 3336 1020 et
3359 963 3587 1031 ululatu,
3619 973 3681 1022 et
3707 965 3850 1020 clan-

2253 1063 2390 1121 gore
2417 1051 2682 1118 buccinae,
2715 1053 2878 1128 239
2901 1063 2959 1111 ut
2993 1057 3228 1113 excelsis
3261 1057 3514 1114 sensibus
3548 1061 3852 1130 oppriman-

2255 1151 2364 1210 tur,
2397 1159 2516 1214 qua:
2549 1143 2602 1200 in
2635 1151 2840 1204 sanctis
2869 1147 3024 1204 libris
3053 1149 3406 1222 clangoribus
3435 1151 3680 1208 buccinae
3708 1169 3850 1208 com-

2257 1245 2538 1306 parantur.
2567 1237 2723 1294 Tunc
2753 1253 2808 1296 et
2829 1239 3044 1310 judices
3071 1251 3128 1298 et
3153 1241 3450 1314 principes,
3475 1253 3530 1300 et
3555 1259 3750 1301 omnes
3769 1249 3850 1316 qui

2255 1339 2502 1400 prtesunt
2541 1335 2772 1392 terrenis
2799 1337 3056 1406 operibus
3083 1379 3096 1401 ,
3129 1337 3362 1394 destruit
3393 1355 3576 1396 sermo
3617 1337 3850 1408 divinus,

2253 1433 2308 1482 et
2343 1427 2590 1498 praecipit
2629 1429 2888 1486 Ecclesia:
2927 1431 3286 1488 doctoribus:
3319 1431 3388 1488 In
3433 1443 3660 1490 montem
3699 1435 3854 1490 excel-

2255 1533 2370 1572 sum
2397 1521 2618 1574 ascende
2643 1521 2734 1592 qui
2761 1525 3088 1598 euangeltzns
3121 1523 3274 1592 Sion,
3311 1525 3484 1580 exulta
3509 1541 3686 1582 recent
3721 1535 3852 1581 tuam

2253 1610 2342 1682 qui
2369 1613 2625 1680 praedicas
2655 1611 2953 1670 Jerusalem
2975 1613 3130 1680 (Isai.
3161 1631 3250 1684 XL,
3281 1615 3361 1688 9).

2325 1703 2508 1776 (Vers.
2533 1705 2590 1774 4,
2621 1706 2701 1780 5.)
2726 1705 2856 1764 Hcce
2883 1709 3008 1763 dicit
3035 1707 3296 1766 Dominus
3325 1727 3344 1766 :
3377 1711 3546 1786 Super
3565 1711 3738 1768 tribus
3759 1729 3856 1766 sre-

533 1805 720 1863 Joram
763 1823 892 1880 rege
919 1807 1094 1864 Israel
1118 1817 1172 1864 et
1207 1807 1476 1878 Josaphat
1505 1821 1636 1878 rege
1654 1807 1680 1864 .l
1691 1807 1794 1864 uda
1820 1807 2148 1864 ascenderat
2177 1795 2226 1856 B
2255 1799 2448 1856 let-ibus
2477 1799 2640 1868 Jnda,
2671 1812 2720 1858 et
2736 1819 2892 1876 super
2917 1813 3146 1876 quatuor
3169 1821 3272 1860 non
3301 1817 3594 1863 convertam
3627 1825 3746 1863 eum
3769 1825 3856 1864 τρο

531 1901 828 1958 adversum
877 1899 1068 1970 Moab,
1121 1901 1176 1956 in
1223 1899 1490 1956 ultionem
1539 1899 1747 1956 doloris
1795 1917 1824 1956 a
1893 1901 2144 1956 Moabitis

531 2003 724 2065 postea
748 1995 1012 2052 convulsa
1036 2003 1198 2064 atque
1215 2009 1478 2052 succensa
1507 1993 1600 2062 (IV
1627 1993 1758 2068 Reg.
1775 1992 1882 2066 ut).
1899 1993 1980 2050 0b
2003 1993 2146 2050 hanc

533 2103 688 2160 ergo,
715 2089 1000 2159 inquiunt,
1029 2103 1248 2144 causam
1281 2085 1424 2142 Deus
1451 2087 1746 2142 missurum
1771 2099 1894 2142 esse
1923 2101 1984 2142 se
2013 2085 2148 2142 dicit

527 2179 710 2252 ignem
751 2181 810 2236 in
847 2179 1026 2248 Moab,
1061 2179 1150 2236 vel
1183 2179 1528 2250 metropolim
1562 2177 1947 2244 Moabitarum,
1979 2191 2008 2232 a
2039 2193 2144 2248 qua

535 2283 648 2330 tota
695 2283 780 2330 est
819 2275 1092 2346 appellata
1141 2271 1306 2346 238
1349 2273 1654 2344 provincia,
1699 2271 1786 2328 vel
1825 2272 2140 2328 universam

531 2369 900 2438 provinciam,
947 2377 1006 2422 ut
1041 2367 1272 2422 devoret
1323 2365 1432 2438 [ΑΙ.
1485 2365 1800 2437 devoraret]
1851 2365 1998 2422 aedes
2039 2365 2144 2420 Ca-

529 2461 698 2528 riotlt,
735 2461 880 2532 quod
925 2475 1128 2516 nomen
1167 2467 1252 2514 est
1287 2459 1525 2514 civitatis
1561 2477 1574 2514 :
1615 2457 1745 2513 licet
1781 2457 2144 2530 Septuaginta

529 2555 736 2610 urbium
775 2555 888 2626 ejus
931 2553 1278 2624 interpretati
1321 2551 1450 2618 sint,
1487 2551 1542 2606 id
1583 2561 1670 2608 est
1709 2551 1909 2608 Moab:
1941 2553 2142 2622 peritu-

528 2663 760 2718 rumque
793 2649 846 2703 in
867 2647 1055 2704 sonitu
1093 2657 1148 2704 et
1181 2647 1232 2700 in
1275 2645 1484 2701 ululatu
1515 2645 1786 2702 vincentis
1821 2647 2098 2702 exercitus
2125 2663 2138 2700 :

529 2759 764 2826 quorum
801 2743 1068 2798 llebraice
1107 2743 1338 2796 alterum
1371 2739 1572 2794 dicitur
1601 2753 1732 2794 suos
1765 2739 1972 2826 (runt),
2005 2739 2140 2794 alte-

525 2853 646 2893 rum
689 2836 715 2876 b
759 2853 974 2893 munus
1016 2835 1290 2910 (331131):
1333 2843 1388 2888 et
1433 2833 1484 2888 in
1525 2835 1786 2904 clangore
1837 2833 1980 2889 tuba:
2024 2835 2142 2890 sive

519 2931 790 2996 bttccitue,
839 2933 941 2986 ltoc
973 2927 1122 2984 enim
1159 2941 1364 2984 socrum
1401 2927 1600 2998 (nam?)
1645 2925 1938 2996 significat.
1971 2925 2138 2980 Cunh

525 3039 634 3096 que
676 3023 909 3094 perierit
937 3021 1097 3078 Moab
1123 3037 1138 3086 ;
1165 3035 1364 3074 vanum
1395 3019 1500 3074 erit
1531 3017 1840 3090 principum
1867 3017 2142 3088 iudicum-

525 3133 634 3190 que
663 3117 982 3180 consilium,
1029 3113 1257 3170 urbibus
1288 3113 1498 3184 pariter
1527 3111 1868 3184 ducibusque
1907 3111 2135 3168 subver-

2249 1893 2392 1967 quod
2419 1897 2666 1964 abiecerit
2693 1897 2856 1970 legem
2883 1897 3116 1966 Domini,
3143 1909 3190 1955 et
3209 1901 3454 1957 mandata
3483 1905 3594 1974 ejus
3627 1919 3731 1958 non
3753 1919 3858 1958 cus-

2251 1989 2458 2043 todierit
2483 2005 2502 2044 :
2530 1991 2838 2064 dereperunt
2871 1993 3006 2048 enim
3033 2011 3120 2049 eos
3141 1994 3288 2050 idola
3311 2011 3409 2050 sua
3439 2007 3556 2066 post
3585 2013 3706 2067 qua:
3729 1997 3860 2052 ubic-

2249 2091 2372 2136 rant
2399 2091 2574 2156 putres
2601 2099 2805 2152 eorum,
2837 2095 2886 2140 et
2913 2087 3114 2140 mittam
3143 2091 3314 2158 ignem
3341 2087 3394 2142 in
3427 2085 3591 2156 Juda,
3629 2097 3678 2144 et
3709 2091 3854 2144 detto-

2249 2175 2383 2230 robit
2429 2177 2566 2231 ardes
2605 2175 2922 2232 Jerusalem.
2969 2179 3116 2234 LXX
3149 2197 3162 2234 :
3213 2179 3340 2234 Hcce
3383 2181 3510 2236 dicit
3551 2179 3856 2236 Dominus:

2249 2267 2422 2340 Super
2449 2269 2614 2324 tribus
2639 2271 2992 2344 impietatibus
3021 2273 3252 2343 filiorum
3277 2271 3446 2340 Iuda,
3471 2283 3518 2329 et
3537 2293 3700 2348 super
3725 2293 3846 2344 qua-

2247 2369 2366 2416 tuor
2389 2379 2492 2418 non
2513 2363 2786 2418 uversnbor
2807 2383 2894 2420 eos
2919 2367 3082 2438 :quia
3099 2367 3402 2440 repulerunt
3431 2369 3596 2442 legem
3625 2367 3844 2450 Domini,

2247 2465 2296 2510 et
2327 2467 2588 2528 prteccpta
2625 2457 2768 2513 illius
2797 2477 2900 2514 non
2929 2461 3308 2526 custodierunt,
3331 2471 3384 2516 et
3411 2461 3614 2534 decepti
3649 2473 3770 2517 sunt
3801 2463 3848 2518 in

2243 2549 2557 2604 vanitatibus
2598 2551 2726 2616 suis,
2765 2561 2786 2588 ο
2819 2567 2944 2620 quas
2981 2555 3140 2606 secuti
3173 2561 3296 2607 sunt
3333 2561 3506 2624 patres
3547 2571 3730 2608 eorum
3761 2571 3775 2608 :
3805 2567 3848 2608 et

2245 2641 2476 2694 emittam
2503 2641 2677 2712 ignem
2697 2641 2750 2696 in
2771 2641 2938 2709 Juda,
2963 2653 3012 2696 ct
3039 2643 3304 2698 derorabit
3325 2645 3672 2716 fundamenta
3697 2645 3846 2700 Jeru-

2244 2733 2424 2788 salem.
2457 2733 2680 2790 thteris
2709 2737 3034 2804 supradictis
3065 2735 3311 2804 urbibus,
3345 2739 3718 2812 gentibusque
3751 2739 3848 2793 Da-

2243 2843 2432 2882 masco
2453 2839 2506 2884 et
2544 2827 2738 2896 Azoto,
2775 2829 3062 2896 Ascaloni,
3097 2831 3282 2898 Gaztc,
3313 2831 3588 2902 Accaron,
3629 2843 3686 2890 et
3725 2833 3850 2890 reli-

2243 2919 2364 2990 quis
2379 2921 2598 2990 oppidis
2623 2921 3066 2988 I’alacstinorum,
3093 2923 3240 2994 Tyro
3263 2937 3546 2996 quoqucet
3565 2925 3838 2996 ldummar,
3928 2948 3932 2952 -
4027 2983 4029 3004 Ι

2241 3023 2296 3066 et
2339 3011 2468 3067 ﬁliis
2499 3015 2732 3068 Ammon
2763 3025 2816 3070 et
2843 3013 3002 3070 Moab
3027 3029 3136 3072 non
3167 3017 3462 3086 exprobrat
3489 3017 3634 3088 quod
3669 3017 3839 3090 legem

2243 3105 2345 3160 Dei
2401 3105 2726 3176 objecerint,
2775 3117 2830 3164 et
2871 3107 3017 3164 illius
3065 3109 3316 3165 mandata
3369 3113 3840 3182 contempserint;

527 3211 626 3268 sis.
655 3209 950 3276 Quomodo
993 3217 1174 3262 autem
1223 3221 1332 3258 non
1361 3213 1581 3276 Oportet
1625 3203 1928 3262 transferre
1966 3203 2138 3274 capti-
2165 3191 2212 3256 C
2245 3211 2352 3252 non
2375 3199 2524 3254 enim
2551 3199 3142 3270 habueruntscriptam
3169 3201 3367 3274 legem,
3393 3201 3490 3258 sed
3517 3203 3838 3258 naturalem.

527 3303 750 3358 vitalem
787 3299 1108 3371 perfectam,
1157 3299 1272 3354 sive
1309 3297 1623 3352 Salomonis
1647 3343 1660 3366 ,
1709 3303 1764 3352 et
1801 3295 2136 3352 concludere

525 3411 644 3452 eam
675 3395 726 3450 in
755 3393 1017 3460 Idumtca,
1047 3399 1104 3446 ut
1129 3389 1198 3446 de
1223 3389 1460 3446 excelsis
1495 3399 1659 3460 atque
1683 3389 2001 3446 coelestibus
2037 3389 2136 3442 hu-

519 3489 678 3543 miles
709 3485 870 3540 faciat
893 3493 1052 3554 atque
1079 3493 1356 3548 terrenos,
1387 3481 1536 3552 quod
1567 3479 1714 3538 Gaza
1745 3491 1801 3538 et
1843 3481 2022 3553 Tyrus
2055 3479 2136 3536 fe-

519 3581 665 3637 cisse
717 3587 1092 3634 memorantur
1135 3595 1146 3630 :
1195 3575 1275 3629 sic
1321 3589 1442 3630 ossa
1492 3575 1644 3645 regis
1689 3573 1938 3628 [dumetae
1983 3587 2134 3628 com-

523 3674 722 3730 burere
756 3687 866 3726 non
887 3671 1172 3734 debemus,
1203 3677 1256 3724 ct
1287 3667 1344 3722 in
1377 3669 1616 3722 cinerem
1643 3665 1994 3736 favillamque
2021 3665 2132 3722 dis-

521 3767 758 3824 Solverc.
791 3763 964 3820 Judaei
995 3763 1332 3818 transierunt
1359 3761 1781 3832 intelligentiam
1825 3759 2131 3830 spiritalem

521 3861 576 3916 in
618 3873 814 3914 carnes
843 3857 1150 3912 Idumaeas:
1181 3869 1518 3924 sensumque
1549 3853 1778 3926 regium,
1817 3853 1912 3924 qui
1947 3867 2130 3910 versa-

521 3965 608 4010 tur
639 3953 694 4008 in
737 3953 940 4018 littera,
970 3963 1024 4008 et
1055 3961 1140 4006 est
1169 3949 1538 4004 solidissimus
1567 3961 1730 4020 atque
1759 3949 2128 4018 ﬁrmissimus,

519 4047 863 4122 genealogiis
909 4043 1238 4114 quibusdam
1287 4051 1342 4099 et
1399 4043 1786 4098 traditionibus
1843 4043 2130 4114 superflnis

525 4149 792 4200 enervant
830 4147 994 4210 atque
1031 4137 1430 4202 comminuunt,
1469 4147 1522 4190 et
1561 4135 1616 4190 in
1653 4137 1934 4206 pulverem
1983 4137 2128 4192 redi-

523 4247 698 4311 gunt;
729 4249 782 4292 et
811 4249 918 4290 non
949 4233 1124 4290 solum
1151 4231 1228 4286 illi
1261 4235 1368 4286 hoc
1397 4229 1624 4296 faciunt,
1657 4231 1752 4286 sed
1795 4247 1986 4288 omnes
2019 4233 2132 4287 ba:-

523 4334 704 4402 retici,
743 4332 836 4404 qui
871 4329 1066 4386 volunt
1107 4329 1158 4382 in
1207 4327 1428 4382 modum
1473 4325 1724 4380 humanae
1753 4325 2130 4384 similitudinis

521 4427 716 4483 sedere
757 4425 924 4480 Deum
965 4423 1017 4476 in
1047 4419 1189 4475 solio
1233 4419 1457 4475 excelso
1497 4427 1552 4474 et
1595 4419 1830 4486 elevato,
1867 4429 1924 4475 et
1963 4421 2130 4490 pedes

525 4533 730 4590 ponere
759 4531 926 4586 super
963 4525 1190 4580 terram,
1219 4527 1288 4566 ne
1319 4511 1530 4566 scilicet
1565 4511 1839 4580 pendeant
1875 4529 1888 4564 :
1927 4513 2128 4568 habere

2243 3289 2400 3348 Unde
2435 3293 2574 3350 dicit
2623 3309 2720 3350 eos
2757 3295 2992 3350 violasse
3033 3297 3250 3352 viscera
3277 3297 3496 3368 propria
3543 3307 3596 3352 et
3637 3299 3840 3353 viscera

2241 3387 2652 3450 misericordiae,
2685 3395 2738 3444 et
2759 3387 3086 3444 contrivisse
3109 3389 3160 3444 in
3193 3389 3452 3460 plaustris
3485 3391 3682 3446 ferreis
3711 3407 3843 3462 pras-

2237 3489 2470 3548 gnautes
2507 3479 2734 3547 Galaad,
2785 3491 2840 3536 et
2877 3481 3224 3538 transtulisse
3271 3483 3646 3552 captivitatem
3693 3483 3841 3540 Salo-

2237 3576 2418 3630 monis
2445 3617 2460 3643 ,
2493 3575 2608 3630 sive
2639 3575 2932 3646 perfectam
2957 3623 2970 3644 ,
3011 3585 3064 3632 et
3106 3577 3443 3636 conclusisse
3485 3581 3536 3636 in
3581 3579 3834 3644 Idumam,

2237 3683 2338 3726 nec
2365 3685 2492 3728 esse
2521 3671 2840 3728 recordatos
2867 3673 3092 3730 fmderis
3117 3685 3330 3744 patrum
3363 3691 3606 3746 suorum,
3639 3687 3694 3734 et
3725 3695 3838 3748 per-

2235 3771 2454 3820 secutos
2477 3779 2604 3820 esse
2639 3765 2692 3820 in
2725 3767 2912 3836 gladio
2949 3767 3176 3822 fratrem
3209 3785 3364 3824 suum
3403 3789 3414 3824 :
3447 3781 3502 3826 et
3531 3771 3586 3828 in
3633 3781 3836 3828 tantam

2235 3875 2342 3915 non
2367 3859 2490 3916 dico
2511 3859 2918 3928 crudelitatem,
2945 3863 3040 3917 sed
3067 3863 3272 3920 rabiem
3305 3865 3648 3937 prorupisse,
3685 3867 3840 3922 utin-

2233 3952 2534 4008 cenderent
2581 3967 2706 4008 ossa
2751 3955 2897 4024 regis
2943 3951 3218 4022 ldumacrc,
3261 3965 3314 4012 et
3361 3971 3470 4012 non
3517 3967 3838 4026 paterentur

2233 4053 2470 4099 mortem
2515 4059 2642 4102 esse
2683 4046 2926 4100 omnium
2977 4055 3284 4102 extremum
3329 4049 3628 4104 malorum.
3673 4049 3836 4106 JUdRS

2233 4145 2437 4202 autem,
2463 4137 2520 4192 in
2543 4153 2648 4206 quo
2665 4137 2760 4192 illo
2781 4147 3049 4209 tempore,
3075 4153 3187 4210 quo
3211 4139 3328 4196 lucc
3345 4139 3696 4211 dicebantur,
3721 4151 3836 4200 erat

2235 4229 2330 4283 Dei
2359 4229 2550 4300 religio
2582 4239 2638 4286 et
2657 4231 2920 4302 templum
2951 4241 3006 4288 et
3027 4235 3394 4304 caeremoniae,
3425 4237 3518 4308 qui
3547 4251 3828 4309 acceperat

2233 4321 2430 4391 legem,
2457 4333 2516 4378 et
2543 4333 2839 4394 przecepta,
2871 4335 2928 4380 et
2961 4325 3190 4396 judicia,
3223 4335 3280 4384 et
3309 4329 3644 4396 testimonia,
3677 4341 3833 4400 atque

2233 4415 2486 4471 mandata
2533 4415 2722 4486 (super
2749 4433 2990 4490 quorum
3033 4417 3344 4476 differentia
3375 4421 3430 4476 in
3481 4421 3702 4478 decimo
3745 4437 3834 4478 oc-

2229 4517 2356 4564 tavo
2385 4509 2616 4580 psalmo,
2649 4519 2704 4564 et
2729 4511 2784 4566 in
2813 4511 3120 4569 centesimo
3143 4511 3359 4569 decimo
3399 4523 3594 4570 octavo
3623 4515 3832 4586 plenius

521 4589 736 4678 nasum,
795 4625 904 4680 qun
955 4607 1220 4663 odoretur
1275 4603 1504 4660 odorem
1549 4604 1710 4659 bona:
1761 4603 2076 4676 fragrantia:
2105 4623 2120 4662 :
2147 4589 2204 4652 D
2227 4601 2584 4672 disputatur),
2611 4605 2928 4674 increpatur
2953 4623 2980 4660 a
3015 4605 3250 4662 Domino
3275 4617 3437 4678 atque
3463 4609 3828 4674 convincitur,

521 4705 732 4770 oculos,
775 4701 976 4774 quibus
1005 4699 1230 4754 videat:
1271 4711 1486 4764 manus,
1527 4711 1624 4768 per
1653 4713 1788 4768 quas
1821 4707 2118 4768 operetur:

519 4801 710 4872 pedes.
743 4811 840 4866 per
873 4809 1010 4864 quos
1039 4791 1278 4846 ambulet
1311 4809 1322 4843 :
1353 4803 1536 4856 aures,
1561 4791 1756 4860 quibus
1785 4791 1970 4848 audiat
1995 4811 2008 4846 :
2035 4807 2116 4864 os,

515 4907 626 4964 quo
673 4891 932 4961 loquatur
967 4905 978 4940 :
1015 4887 1228 4948 dentes,
1261 4883 1462 4954 quibus
1503 4883 1658 4938 cibos
1713 4893 1978 4940 conterat.
2017 4887 2118 4953 Qui

515 4986 648 5056 legit
675 4983 960 5038 introiisse
985 4979 1178 5035 .Ιι.ιι;ιηι
1213 4975 1278 5032 ad
1309 4975 1548 5030 Thamar
1581 4979 1928 5034 meretricem
1965 4991 2017 5035 et
2053 4995 2118 5036 es

511 5097 574 5138 ea
597 5079 736 5134 duos
761 5077 902 5130 ﬁlios
931 5085 1250 5144 procreasse
1281 5069 1492 5143 (Geues.
1521 5071 1748 5142 xxxviii)
1775 5089 1786 5124 :
1813 5073 1856 5127 si
1884 5075 2120 5144 turpitu-

515 5175 696 5230 dinem
727 5185 988 5240 seqnatur
1019 5171 1234 5230 litterat,
1263 5173 1452 5218 etnon
1485 5163 1741 5220 ascendat
1767 5167 1832 5220 ad
1861 5167 2118 5224 decorem

505 5267 888 5338 intelligentiae
957 5261 1260 5334 spiritalis,
1313 5261 1602 5316 comburet
1659 5257 1764 5332 [ΑΙ.
1825 5263 2118 5338 comburit]

509 5379 634 5420 ossa
673 5359 820 5432 togis
853 5359 1122 5414 ldttmteac.
1167 5355 1268 5423 Qui
1305 5363 1456 5422 putat,
1481 5353 1622 5408 Osee
1661 5357 1940 5426 accepisse
1977 5375 2114 5416 uxo-

507 5473 624 5516 rem
675 5453 1029 5510 ft-rnicariam
1087 5449 1246 5516 (Osee
1279 5445 1347 5518 ι),
1391 5457 1448 5502 et
1493 5447 1632 5500 nihil
1675 5448 1798 5516 plus
1847 5451 2018 5506 sentit
2061 5453 2114 5508 in

505 5553 674 5616 dicto,
699 5561 860 5616 quam
887 5543 1068 5598 verbis
1093 5538 1432 5610 simplicibus
1453 5537 1786 5608 continetur,
1813 5555 1936 5596 ossa
1959 5559 2110 5600 com-

583 5693 606 5720 "
641 5669 802 5758 Addit
821 5679 864 5736 C
889 5679 1170 5758 stersicns.
1199 5689 1301 5758 ms.
1329 5687 1442 5726 cum
1465 5691 1544 5758 eo,
1571 5691 1692 5746 quas
1721 5681 1882 5736 verba
1919 5683 1968 5736 in
1995 5683 2108 5754 plc—

505 5755 690 5819 risque
715 5755 880 5806 etiam
905 5749 1114 5808 Graecis
1141 5747 1706 5819 codd._rep_eriuntur.

579 5813 616 5860 δ’
643 5823 756 5876 Duo
789 5835 946 5886 mss.,
981 5817 1192 5874 Thrualt
1221 5829 1274 5873 et
1305 5813 1536 5886 Supltar.

2227 4707 2284 4754 et
2319 4699 2480 4772 digna
2531 4703 2796 4774 supplicia
2839 4715 3164 4774 recepturus
3209 4715 3314 4770 est,
3353 4719 3522 4776 quare
3565 4705 3830 4775 abjecerit

2225 4791 2402 4862 legem
2427 4793 2570 4865 ejus,
2601 4805 2658 4851 et
2679 4797 2934 4852 mandata
2967 4797 3114 4852 illius
3145 4795 3309 4868 ξω
3341 4813 3446 4852 non
3477 4797 3824 4852 custodierit.

2231 4887 2363 4954 Quae
2403 4889 2526 4958 quia
2567 4889 2766 4960 abjccit
2801 4901 2965 4962 atque
3005 4893 3356 4962 contempsit,
3405 4893 3598 4948 ordine
3639 4901 3694 4948 et
3737 4893 3824 4946 via

2227 4983 2566 5052 deceperunt
2603 4999 2726 5040 eum
2773 4985 2914 5040 idola
2959 4999 3076 5038 sua.
3117 4983 3233 5040 Non
3263 4987 3408 5040 enim
3445 4995 3662 5056 poterat
3703 4993 3826 5040 ante

2227 5077 2295 5132 ab
2337 5077 2502 5134 idolis
2539 5077 2738 5150 decipi,
2791 5079 2894 5134 nisi
2943 5079 3118 5150 legem
3163 5079 3387 5134 Domini
3427 5079 3732 5150 repulisset.
3771 5081 3822 5129 et

2225 5177 2476 5234 mandata
2523 5179 2668 5234 illius
2711 5193 2818 5232 non
2865 5177 3110 5234 fecisset.
3165 5177 3292 5232 Hch
3339 5185 3468 5231 sunt
3519 5175 3656 5230 idola
3703 5177 3864 5240 post_

2225 5287 2342 5344 qua:
2375 5273 2628 5328 abierunt
2657 5263 2838 5342 patres
2867 5287 3058 5328 eorum
3089 5273 3142 5326 in
3169 5271 3426 5340 Egypto,
3457 5263 3692 5336 Egyptii
3721 5263 3816 5318 bo-

2221 5367 2304 5422 vis
2327 5367 2614 5422 simulacra
2649 5365 2944 5438 ﬁngentes,
2977 5373 3032 5420 et
3055 5365 3348 5420 adorantes
3377 5359 3734 5430 Beelpltegor,
3767 5363 3822 5410 et

2221 5459 2471 5516 colentes
2507 5459 2772 5514 Astaroth
2801 5467 2856 5514 et
2895 5459 3126 5514 Baetim.
3181 5455 3332 5513 Unde
3365 5453 3629 5510 Dominus
3673 5461 3816 5502 eom-

2219 5552 2464 5608 minatur
2499 5554 2662 5609 etiam
2701 5553 2752 5608 in
2797 5551 2992 5608 Judam
3035 5567 3094 5608 se
3125 5551 3308 5622 ignem
3337 5562 3460 5606 esse
3497 5541 3810 5606 missurum.

2293 5705 2312 5728 ο
2349 5693 2546 5750 lterum
2573 5695 2804 5750 Cisterc.
2855 5701 2958 5738 IIIS.
2999 5683 3084 5737 hic
3121 5681 3372 5754 supplet,
3404 5698 3534 5754 quas
3563 5683 3810 5754 fecermgt,

2211 5773 2258 5816 cf
2275 5779 2423 5831 quas,
2447 5775 2579 5826 τινα,
2595 5775 2718 5830 quae
2743 5757 2960 5831 quidem
2981 5757 3114 5812 etin
3139 5753 3344 5831 Graecis
3375 5753 3809 5831 plerisquecodi-

2209 5823 2365 5891 cilius
2383 5823 2548 5890 verba
2567 5823 2718 5899 sunt,
2743 5823 2777 5888 ἃ
2805 5829 3050 5887 ineius-av
3079 5843 3092 5881 :
3121 5825 3326 5884 desum
3349 5837 3486 5882 vero
3509 5823 3569 5882 in
3591 5823 3806 5882 Aldine.
