4120 6342
358 349 501 407 1005

1232 355 1888 416 COMMENTARIOBUM
1928 353 1995 414 IN
2040 350 2226 413 AMOS
2267 352 2396 412 LIB.
2441 354 2481 411 1.
2523 355 2678 415 CAP.
2723 357 2788 414 Il.

3523 360 3658 421 1006

356 467 446 535 qui
495 467 716 522 devoret
766 467 932 534 aedes,
965 477 1018 525 et
1061 470 1416 528 fundamenta
1465 473 1766 530 Jerusalem
1803 491 1814 528 :
1849 488 1956 528 non
1986 481 2038 542 Α
2063 471 2198 526 sima
2227 513 2240 538 ,
2274 471 2686 536 calciamentis,
2719 473 2914 544 quibus
2951 473 3230 544 pulverem
3276 476 3488 531 calcant
3517 486 3568 531 et
3602 478 3664 532 li-

355 561 502 616 illius
526 561 577 614 in
607 576 708 632 qua
733 562 882 630 pacis
905 563 1042 618 visio
1070 576 1470 633 commoratur,
1506 567 1600 622 sed
1630 583 1814 622 earum
1842 582 1964 638 qua:

354 656 458 711 sub
487 657 706 712 nomine
738 654 1042 714 Jerusalem
1083 660 1134 714 in
1175 661 1408 717 diversis
1443 659 1670 715 urbibus
1707 675 1963 716 surrexe-

349 757 500 803 runt.
542 749 812 820 Quidquid
845 751 911 806 de
937 750 1074 806 Juda
1107 753 1367 819 diximus,
1400 752 1636 809 refertur
1669 752 1736 807 ad
1777 753 1964 809 Eccle-

347 841 510 908 siam,
539 841 592 897 in
627 859 728 913 qua
763 851 848 898 est
889 859 1014 899 vera
1050 845 1350 916 confessio,
1398 853 1453 901 et
1490 859 1596 916 pax
1639 843 1881 912 Domini,
1909 852 1964 899 et

347 935 486 990 visio
516 936 782 991 veritatis.
813 935 880 991 Et
909 937 1032 994 ideo
1054 936 1161 1010 [Αἰ.
1187 937 1354 1010 ineo]
1382 937 1629 1008 arguitur
1665 980 1678 1005 ,
1711 933 1857 1009 quod
1889 937 1963 992 le-

347 1045 470 1102 gem
505 1029 599 1086 Dei
631 1033 1052 1101 contempserit,
1081 1041 1132 1088 et
1165 1033 1284 1103 ejus
1315 1032 1572 1088 mandata
1602 1047 1710 1086 non
1750 1031 1958 1098 fecerit,

347 1133 402 1178 et
460 1123 833 1194 unusquisque
885 1125 1123 1180 adorans
1174 1126 1304 1181 vitia
1347 1140 1443 1181 sua
1502 1131 1666 1194 atque
1715 1133 1956 1194 peccata,

349 1217 522 1273 Deum
556 1218 786 1288 coeperit
817 1217 1018 1274 habere
1042 1234 1070 1272 a
1091 1235 1196 1290 quo
1220 1219 1395 1274 victus
1417 1227 1525 1284 est,
1551 1217 1767 1272 dicente
1795 1217 1958 1272 Petro

346 1311 598 1383 apostolo
631 1329 644 1367 :
677 1312 720 1366 A
747 1329 848 1384 quo
875 1314 1013 1367 enim
1041 1314 1156 1384 quis
1186 1321 1484 1386 superatur,
1522 1313 1682 1386 hujus
1711 1322 1758 1366 et
1781 1329 1958 1365 servus

348 1415 420 1461 est
450 1403 516 1476 (ll
545 1405 694 1460 Petr.
726 1422 784 1472 tt,
812 1405 922 1477 19).
953 1411 1162 1461 Avarus
1191 1422 1410 1468 aurum,
1439 1405 1664 1474 gulosus
1685 1413 1955 1471 ventrem,

346 1499 666 1558 libidinosus
695 1513 890 1570 penem
930 1508 987 1553 et
1017 1497 1362 1568 Beelphegor
1389 1498 1520 1552 colit
1553 1517 1565 1550 :
1598 1499 1797 1553 lasciva
1841 1513 1960 1552 mu-

344 1591 470 1661 lier,
501 1607 622 1664 quat
647 1605 769 1648 cum
793 1593 861 1645 sit
885 1592 936 1646 in
970 1591 1186 1647 deliciis
1215 1592 1432 1658 vivens,
1459 1599 1670 1645 mortua
1698 1600 1801 1660 est,
1827 1591 1957 1646 ado-

344 1694 430 1741 rat
449 1684 709 1741 venerias
732 1685 1056 1752 voluptates.
1095 1683 1251 1740 Unde
1274 1685 1452 1739 mittet
1481 1683 1744 1739 Dominus
1769 1684 1951 1754 ignem

345 1779 400 1835 in
422 1779 581 1847 Juda,
617 1787 674 1834 et
703 1778 986 1834 devorabit
1017 1777 1163 1833 aedes
1187 1775 1478 1846 pessimas,
1511 1785 1561 1832 et
1596 1775 1950 1832 fundamenta

2069 578 2236 629 mum,
2273 565 2570 634 pretiosam
2603 566 2836 620 animam
2866 568 3102 624 hominis
3125 569 3513 626 vendiderunt.
3548 570 3658 636 Isti,

2060 655 2216 726 juxta
2248 657 2627 727 Septuaginta,
2668 660 2978 727 percutiunt
3035 662 3086 716 in
3121 663 3300 732 capite
3332 677 3658 734 pauperem;

2065 750 2362 805 secundum
2408 749 2730 806 Hebraicum
2765 794 2780 819 ,
2814 762 3106 809 conterunt
3160 769 3326 826 super
3380 757 3658 828 pulverem

2066 851 2229 899 terra:
2259 845 2435 914 capita
2476 860 2774 915 pauperum
2799 892 2812 915 ,
2851 858 2905 902 et
2931 848 2981 902 iu
3008 857 3208 903 tantam
3250 850 3536 906 elevantur
3565 867 3660 908 su-

2068 937 2308 1008 perbiam
2340 979 2354 1004 ,
2408 947 2464 992 ut
2515 937 2832 993 nolintcum
2865 940 3180 995 hominibus
3215 942 3516 998 ambulare.
3601 946 3666 996 lit

2064 1045 2134 1087 ne
2172 1044 2398 1101 parvum
2448 1030 2730 1086 videretur
2770 1025 2871 1086 hoc
2924 1032 3132 1089 facinus
3161 1075 3174 1098 ,
3219 1033 3362 1091 filius
3403 1047 3456 1092 et
3513 1047 3664 1106 pater

2061 1123 2128 1176 ad
2156 1137 2318 1177 unam
2341 1121 2570 1193 ingressi
2606 1133 2732 1177 sunt
2759 1124 3037 1195 puellam,
3071 1136 3129 1179 ut
3153 1140 3349 1181 nomen
3387 1128 3483 1184 Dei
3532 1145 3657 1184 san-

2063 1222 2208 1271 ctum
2241 1215 2532 1271 violarent.
2565 1216 2836 1288 Quidquid
2866 1232 2999 1289 ergo
3030 1218 3088 1272 fit
3139 1220 3373 1290 turpiter
3398 1263 3411 1287 ,
3445 1221 3512 1277 ad
3567 1224 3662 1277 Dei

2061 1309 2302 1364 refertur
2333 1310 2581 1380 injuriam
2629 1312 2720 1380 qui
2768 1309 2901 1365 dicit
2936 1329 2949 1366 :
2980 1309 3085 1367 Per
3115 1328 3203 1366 vos
3252 1328 3434 1367 nomen
3494 1332 3663 1369 meum

2059 1400 2450 1469 blasphematur
2470 1402 2774 1472 ingentibus
2803 1402 2868 1478 (ll
2899 1399 3048 1460 Pelr.
3073 1419 3134 1471 ll,
3162 1402 3239 1476 2).
3271 1404 3385 1459 lluc
3403 1415 3486 1460 est
3521 1407 3663 1476 quod

2059 1503 2114 1550 et
2148 1495 2444 1563 Apostolus
2477 1495 2668 1550 scribit
2703 1495 2769 1550 ad
2815 1496 3128 1551 Corinthios
3181 1513 3194 1551 :
3244 1496 3468 1552 Omnino
3507 1501 3660 1553 audi-

2059 1594 2143 1639 tur
2173 1589 2227 1641 iu
2257 1588 2390 1642 vobis
2419 1589 2700 1659 fornicatio
2721 1630 2734 1656 ,
2762 1595 2810 1642 et
2835 1590 2954 1643 talis
3010 1593 3289 1660 fornicatio
3317 1634 3330 1658 ,
3361 1593 3534 1664 qualis
3574 1611 3664 1648 nec

2055 1679 2189 1734 inter
2232 1691 2408 1752 gentes
2431 1682 2668 1752 quidem,
2702 1681 2776 1734 ita
2801 1689 2858 1735 ut
2887 1697 3103 1736 uxorem
3151 1684 3315 1750 patris
3343 1684 3530 1739 habeat
3567 1687 3667 1739 ali-

2057 1772 2192 1842 quis.
2225 1769 2292 1824 Et
2315 1787 2402 1825 vos
2433 1773 2605 1844 inﬂati
2628 1773 2750 1827 estis
2771 1817 2784 1840 ,
2824 1779 2870 1825 et
2894 1789 2995 1826 non
3027 1775 3197 1844 potius
3217 1773 3426 1830 luxistis
3447 1819 3459 1842 ,
3481 1785 3536 1828 ut
3568 1778 3666 1831 tol-

344 1873 565 1939 vitiosa,
593 1885 714 1941 qua:
740 1870 1049 1926 Jerusalem
1080 1871 1311 1941 gloriam
1339 1869 1723 1940 perdiderunt;
1764 1869 1953 1923 simul-
1983 1867 2030 1928 Β
2060 1862 2249 1918 (eretur
2279 1863 2342 1918 de
2369 1865 2536 1919 medio
2561 1873 2788 1920 uestrum
2817 1866 2904 1937 qui
2932 1866 3026 1920 hoc
3056 1881 3187 1936 opus
3228 1867 3347 1937 fecit
3369 1867 3436 1938 (ll
3460 1868 3579 1921 Cor.
3613 1885 3662 1931 v.

344 1981 453 2037 que
479 1965 741 2021 discimus
765 1964 1084 2021 Creatorem
1125 1964 1367 2020 omnium
1397 2006 1410 2030 ,
1443 1980 1550 2020 non
1583 1965 1761 2018 solum
1795 1963 1950 2019 Judm

350 2070 404 2115 et
447 2058 635 2126 Israel,
671 2059 767 2114 sed
807 2060 1189 2114 univerSarum
1234 2059 1474 2130 gentium
1504 2057 1709 2115 habere
1737 2074 1948 2124 curam,

343 2162 402 2210 et
431 2153 582 2223 juxta
623 2151 970 2220 Apostolum,
1006 2167 1101 2208 eos
1129 2152 1224 2224 qui
1254 2153 1371 2206 sine
1402 2152 1520 2220 lege
1560 2161 1948 2221 peccaverunt,

345 2247 527 2316 perire
559 2246 677 2302 sine
708 2245 827 2314 lege
858 2288 870 2309 ,
915 2257 966 2300 et
995 2247 1085 2315 qui
1118 2245 1172 2300 in
1205 2247 1324 2315 lege
1350 2245 1680 2300 commisere
1729 2245 1946 2313 delicta,

345 2337 463 2409 lege
493 2337 710 2392 Domini
731 2336 964 2408 judicari
990 2337 1167 2409 (Rom.
1198 2336 1284 2408 ιι).

419 2431 598 2499 (Vers.
620 2431 652 2484 6
675 2431 851 2501 seqq.)
877 2429 1008 2484 [lare
1023 2429 1148 2483 dicit
1167 2428 1460 2483 Dominus:
1480 2428 1654 2498 Super
1673 2429 1833 2483 tribus
1855 2445 1955 2483 sce-

348 2523 532 2580 leribus
562 2523 746 2589 Israel,
767 2533 813 2578 et
831 2541 988 2596 super
1008 2532 1236 2595 quatuor
1253 2540 1357 2578 non
1381 2532 1674 2578 convertam
1690 2540 1806 2578 eum
1827 2540 1845 2577 :
1863 2539 1955 2593 pro

347 2635 405 2673 eo
434 2618 574 2688 quod
596 2617 882 2672 vendiderit
911 2625 1124 2687 argento
1150 2615 1327 2689 [Vulg
1359 2633 1452 2688 pro
1474 2615 1710 2689 argento]
1727 2616 1955 2686 justum,

346 2719 396 2765 et
425 2727 704 2782 pauperem
732 2727 824 2780 pro
845 2710 1223 2777 calciamentis,
1257 2711 1346 2781 qui
1375 2718 1645 2765 conterunt
1668 2727 1820 2784 super
1844 2711 1961 2779 pul—

345 2819 514 2858 uerem
537 2812 691 2859 terra:
713 2806 884 2876 capita
905 2821 1214 2878 pauperum,
1240 2814 1286 2861 et
1306 2807 1439 2860 riam
1462 2806 1738 2862 humilium
1761 2815 1786 2844 α
1809 2807 1964 2862 decli-

348 2902 502 2962 nant,
533 2905 580 2950 et
603 2896 743 2966 ﬁlius
771 2907 816 2950 et
846 2906 992 2968 pater
1013 2899 1126 2967 ejus
1151 2899 1462 2952 introierunt
1489 2896 1669 2970 [Vulg.
1703 2898 1965 2984 abierunt]

351 2989 422 3044 ad
456 2990 682 3059 puellam
706 3033 719 3056 ,
770 2999 826 3043 ut
872 2991 1162 3062 polluerent
1201 3007 1385 3046 nomen
1415 2999 1652 3046 sanctum
1684 3007 1887 3057 meum,
1918 2999 1966 3046 et

352 3100 506 3155 super
533 3085 845 3139 vesti-mentis
874 3087 1159 3157 pigneratis
1197 3086 1480 3140 accubuere
1503 3087 1662 3157 juxta
1695 3103 1843 3141 omne
1888 3086 1966 3140 al-

354 3187 464 3232 tare
489 3220 504 3244 ,
544 3186 592 3231 et
631 3178 809 3232 vinum
858 3181 1228 3233 damnatorum
1277 3180 1514 3234 bibebant
1556 3181 1611 3234 in
1653 3180 1808 3233 domo
1867 3179 1966 3233 Dei

2057 1956 2216 2029 με).
2249 1958 2458 2014 Crebro
2485 1961 2709 2025 evenit,
2759 1968 2821 2015 ut
2877 1971 3030 2030 pater
3099 1959 3197 2014 ﬁlii
3266 1962 3346 2014 sui
3397 1977 3664 2026 uxorem,

2059 2061 2080 2090 ο
2111 2067 2268 2106 socer
2298 2053 2513 2122 polluat
2546 2069 2767 2123 nurum,
2802 2053 2948 2124 quod
2975 2053 3027 2108 in
3048 2051 3192 2124 Lege
3220 2063 3513 2125 utrumque
3536 2069 3663 2124 pro-

2056 2145 2743 2216 ltibeturzTurpitudinem
2788 2147 2954 2215 patris
3005 2146 3086 2198 tui
3135 2163 3238 2199 non
3284 2147 3558 2209 retrelabis,
3618 2157 3665 2200 et

2057 2239 2433 2309 turpitudinem
2507 2255 2668 2294 nurus
2736 2250 2838 2294 tua:
2891 2256 2991 2294 non
3049 2240 3396 2311 discooperies
3445 2239 3662 2308 (Leuit.

2063 2347 2236 2393 xvui,
2271 2334 2345 2403 7).
2391 2331 2565 2388 Habet
2594 2333 2776 2403 itaque
2820 2341 2875 2388 et
2907 2333 3086 2386 littera
3146 2332 3439 2386 utilitatem
3500 2333 3670 2386 niaxi-

2060 2444 2204 2483 mam
2219 2429 2262 2483 si
2286 2437 2555 2484 servetur.
2578 2430 2639 2482 Et.
2653 2429 2778 2499 quia
2799 2443 2958 2484 omne
2987 2428 3279 2498 ﬂagitium,
3310 2427 3356 2482 si
3375 2429 3664 2482 terminum

2062 2522 2282 2594 pudoris
2321 2520 2660 2587 exresserit,
2695 2522 2930 2578 crimina
2984 2529 3150 2592 auget
3201 2521 3524 2575 criminibus
3553 2564 3566 2586 ,
3615 2531 3670 2575 et

2060 2629 2278 2686 semper
2320 2615 2383 2670 ad
2432 2613 2708 2671 deteriora
2742 2615 3034 2685 procedit,
3069 2613 3234 2669 etiam
3285 2629 3452 2682 super
3499 2615 3667 2668 vcsti-

2061 2710 2260 2764 mentis
2286 2709 2584 2778 pigneratis
2607 2706 2717 2779 [Αἰ.
2742 2703 3148 2778 oppigneratis]
3170 2701 3331 2778 2&2
3361 2706 3668 2760 accubuere

2063 2801 2256 2856 decem
2290 2800 2462 2856 tribus
2500 2800 2650 2871 juxta
2679 2814 2842 2854 omne
2871 2799 3044 2854 altare
3070 2841 3083 2862 ,
3117 2801 3261 2867 quod
3297 2799 3371 2851 ita
3402 2797 3674 2867 intct-prc.

2069 2905 2250 2951 tantur
2280 2895 2493 2951 Hebrtei
2527 2913 2540 2948 :
2583 2895 2762 2965 Super
2813 2893 3154 2950 vestimentis
3186 2908 3374 2946 eorum
3406 2935 3418 2958 ,
3461 2893 3552 2963 qui
3605 2893 3669 2946 ad

2068 2989 2216 3045 idola
2247 2990 2326 3044 ire
2356 2988 2616 3044 nolebant
2645 3030 2659 3054 ,
2695 2997 2750 3041 et
2789 3001 2911 3057 quae
2941 2986 2991 3038 vi
3020 2994 3364 3040 extorserant
3390 2985 3674 3054 epulantes

2070 3083 2124 3138 in
2157 3082 2324 3138 idolio
2355 3129 2368 3151 ,
2419 3081 2780 3138 accubabant.
2832 3080 3144 3136 Secundum
3178 3079 3534 3150 Septuaginta
3579 3095 3675 3135 au-

2071 3183 2180 3230 tem
2208 3181 2388 3230 tantus
2411 3184 2531 3230 erat
2562 3183 2906 3244 contemptus
2942 3174 2992 3225 in
3026 3172 3196 3227 Deum
3220 3213 3233 3237 ,
3267 3183 3323 3227 ut
3350 3172 3671 3227 vestimenta

351 3269 453 3323 sui.
487 3267 672 3324 LXX:
701 3268 830 3325 Haec
854 3270 982 3325 dicit
1007 3270 1264 3326 Dominus
1292 3287 1309 3324 :
1336 3271 1504 3344 Super
1528 3271 1692 3325 tribus
1721 3272 1958 3344 impieta-
1985 3255 2030 3319 C
2062 3283 2162 3324 sua
2214 3269 2268 3322 in
2307 3269 2502 3338 quibus
2549 3266 2864 3334 dormiunt,
2909 3266 3009 3336 .vel
3051 3265 3105 3320 in
3152 3267 3350 3336 quibus
3397 3265 3670 3321 fornican-

354 3360 487 3415 tibus
525 3359 712 3428 Israel,
753 3373 801 3418 et
842 3379 996 3434 super
1023 3372 1246 3434 quatuor
1278 3381 1380 3418 non
1424 3364 1696 3418 aversabor
1723 3379 1808 3418 eos
1845 3364 1954 3436 [ΑΙ.

353 3450 490 3524 eum]
518 3469 532 3508 :
562 3470 657 3525 pro
685 3470 744 3508 eo
773 3455 912 3526 quod
939 3455 1226 3509 vendiderit
1254 3466 1467 3527 argento
1488 3457 1718 3528 justum,
1751 3465 1801 3510 et
1829 3473 1961 3528 pau-

349 3562 524 3616 perem
563 3557 772 3619 propter
809 3549 1171 3612 calciamenta,
1217 3566 1332 3621 qua:
1382 3549 1592 3604 calcant
1640 3567 1792 3622 super
1834 3553 1956 3622 pul-

349 3654 522 3722 uetfm
543 3637 700 3712 2&1
725 3652 876 3696 terra:
898 3657 916 3695 :
937 3649 984 3696 et
1012 3640 1041 3680 ι’
1065 3659 1241 3714 pugno
1264 3646 1618 3716 percutiebant
1643 3646 1816 3718 capita
1831 3662 1961 3717 pau-

349 3748 529 3803 perum
549 3773 566 3800 ,
598 3743 642 3788 et
670 3735 803 3788 viam
831 3734 1107 3790 humilium
1149 3736 1482 3792 declinabant
1501 3779 1516 3805 ,
1549 3748 1595 3792 et
1623 3737 1768 3808 ﬁlius
1792 3749 1840 3793 et
1863 3756 1958 3809 pa-

353 3833 429 3877 ter
458 3824 568 3895 ejus
597 3825 1024 3897 ingrediebantur
1049 3827 1118 3882 ad
1139 3827 1366 3882 eamdem
1392 3827 1622 3900 puellam
1650 3876 1663 3898 ,
1695 3840 1750 3885 ut
1780 3840 1958 3886 conta-

351 3918 606 3972 minarent
636 3935 824 3974 nomen
851 3918 948 3976 Dei
979 3921 1062 3976 sui
1097 3938 1116 3975 :
1146 3931 1192 3976 et
1216 3923 1518 3976 vestimenta
1553 3939 1652 3977 sua
1679 3923 1959 3995 alligantes

353 4009 562 4078 funibus
585 4052 599 4076 ,
630 4012 890 4081 faciebant
917 4013 1223 4068 umbracula
1258 4013 1416 4084 juxta
1447 4015 1617 4069 altare
1642 4062 1655 4084 ,
1689 4023 1739 4070 et
1782 4017 1960 4071 vinum

355 4101 418 4155 de
450 4105 724 4158 calumniis
751 4105 983 4160 bibebant
1012 4107 1064 4160 in
1087 4106 1242 4160 domo
1276 4107 1374 4161 Dei
1399 4108 1497 4163 sui.
1543 4109 1753 4164 Idcirco
1808 4111 1962 4180 ponit

355 4195 710 4252 novissimum
757 4197 923 4253 Israel
949 4243 962 4266 ,
993 4198 1044 4253 id
1071 4209 1154 4256 est
1180 4241 1194 4265 ,
1239 4200 1430 4256 decem
1467 4201 1636 4257 tribus
1657 4245 1670 4269 ,
1701 4205 1958 4274 quoniam

352 4300 520 4358 prope
548 4291 727 4344 omnia
756 4307 877 4360 quae
898 4304 1207 4362 sequuntur
1232 4339 1245 4362 ,
1277 4295 1342 4350 ad
1373 4295 1551 4365 ipsum
1583 4297 1787 4366 scripta
1821 4314 1962 4367 prtu—

356 4381 623 4446 diximus,
659 4395 718 4437 ut
745 4385 845 4437 sub
873 4401 979 4440 uno
1031 4397 1180 4443 textu
1205 4403 1386 4443 sermo
1443 4390 1794 4460 prepheticus
1838 4393 1960 4448 libri

355 4474 602 4528 ordinem
633 4476 962 4532 contineret.
997 4479 1238 4534 Primum
1255 4497 1385 4552 ergo
1417 4499 1603 4538 eorum
1642 4485 1823 4540 scelus
1852 4495 1959 4551 est,

353 4567 472 4620 sive
500 4565 752 4636 impietas
777 4608 792 4634 ,
826 4570 877 4622 in
912 4572 1085 4626 tribus
1114 4575 1436 4629 criminibus
1497 4585 1811 4631 enumerata
1837 4619 1850 4642 ,
1879 4579 1959 4632 vel

2064 3370 2152 3414 tur
2179 3401 2194 3426 ,
2220 3359 2379 3430 juxta
2411 3359 2586 3414 altare
2625 3359 2846 3413 funibus
2888 3357 3272 3422 extenderent,
3318 3367 3372 3412 et
3422 3359 3668 3413 facerent

2061 3455 2557 3531 παραπετάσματα,
2587 3453 2638 3508 id
2669 3464 2756 3508 est
2791 3453 3067 3518 velamina,
3105 3467 3211 3522 quo
3246 3451 3579 3507 fornicanles
3617 3454 3669 3506 in

2063 3546 2290 3617 Temple
2322 3547 2502 3601 nullus
2531 3545 2780 3616 aspicere
2815 3557 2998 3616 posset
3025 3563 3038 3600 :
3077 3555 3132 3601 et
3161 3545 3413 3601 ebrietati
3446 3555 3499 3600 et
3552 3547 3671 3600 libi-

2061 3639 2177 3694 dini
2209 3640 2516 3694 servientes
2547 3638 2711 3693 etiant
2745 3640 2921 3710 ipsutn
2949 3640 3130 3694 vinum
3177 3639 3322 3709 quod
3363 3639 3669 3704 bibebant,

2064 3751 2174 3792 non
2204 3735 2273 3792 de
2301 3735 2522 3806 proprio
2564 3734 2752 3790 labore
2777 3778 2791 3801 ,
2825 3734 2923 3790 sed
2951 3734 3021 3790 de
3051 3735 3338 3790 calumniis
3379 3745 3628 3790 emerent
3658 3753 3668 3788 :

2063 3837 2119 3883 et
2150 3826 2252 3881 hoc
2295 3825 2568 3881 faciebant
2593 3825 2648 3881 in
2683 3824 2808 3881 fano
2834 3824 2922 3882 dei
2946 3827 3029 3881 sui
3055 3871 3069 3894 ,
3100 3834 3160 3879 ut
3206 3843 3343 3891 quos
3402 3829 3672 3896 putabant

2063 3919 2236 3986 deos,
2283 3918 2618 3990 turpitudine
2671 3933 2734 3974 ac
2783 3920 2988 3989 stupris
3029 3918 3362 3990 polluerent.
3419 3921 3547 3976 Hch
3591 3924 3670 3976 lo-

2063 4024 2328 4086 quuntur,
2362 4024 2416 4069 et
2447 4014 2526 4069 sic
2547 4013 2859 4070 edisserunt
2882 4055 2895 4080 ,
2921 4015 3009 4084 qui
3034 4014 3336 4084 simplicem
3364 4024 3671 4086 sequuntur

2065 4106 2375 4162 historiam.
2409 4105 2518 4161 Nos
2544 4113 2722 4162 autem
2751 4147 2765 4172 ,
2798 4107 2891 4176 qui
2932 4106 2987 4160 in
3019 4104 3161 4162 Osee
3202 4106 3488 4161 docuimus
3512 4148 3527 4173 ,
3568 4109 3670 4162 sub

2065 4201 2286 4256 nomine
2317 4199 2536 4256 lsraelis
2563 4241 2577 4265 ,
2610 4207 2666 4254 et
2693 4198 2954 4254 Samariae
2985 4241 2998 4263 ,
3029 4208 3084 4254 et
3125 4197 3382 4268 Ephraim
3408 4241 3422 4264 ,
3451 4208 3504 4254 et
3532 4199 3668 4254 lilio-

2066 4310 2184 4350 rum
2240 4293 2439 4363 Joseph
2486 4291 2605 4364 (de
2635 4307 2740 4362 qua
2785 4293 2928 4348 tribu
2982 4293 3082 4346 fuit
3127 4293 3418 4348 Jcroboam
3446 4334 3460 4357 ,
3500 4293 3590 4363 qui
3639 4309 3670 4346 a

2065 4403 2239 4461 regno
2271 4388 2436 4442 David
2468 4397 2521 4444 et
2548 4387 2852 4443 Jerusalem
2887 4430 2900 4453 ,
2954 4397 3010 4442 et
3041 4388 3245 4455 templo
3274 4387 3370 4442 Dei
3409 4389 3667 4457 populum

2065 4485 2368 4554 segregavit
2390 4482 2481 4554 [Ill
2513 4483 2639 4556 Reg.
2671 4482 2813 4554 xtt]),
2841 4482 3130 4537 luereticos
3154 4482 3450 4552 significari
3476 4485 3668 4538 :etiatn

2069 4593 2211 4632 nunc
2241 4587 2360 4646 post
2385 4577 2580 4632 Judam
2621 4586 2676 4632 et
2721 4576 3066 4644 Jerusalem,
3128 4591 3248 4645 qua:
3280 4576 3672 4647 interpretatur

355 4670 622 4730 quatuor,
654 4661 798 4730 quod
824 4676 1046 4734 preptcr
1077 4669 1363 4735 pecuniam
1395 4667 1670 4724 hominem
1702 4671 1962 4724 vendide-
1989 4646 2040 4705 Ῑ)
2070 4669 2311 4724 Ecclesia
2331 4711 2345 4735 ,
2371 4669 2743 4740 intelligamus
2765 4667 2833 4723 ad
2857 4668 3145 4723 luereticos
3175 4646 3488 4724 sermonem
3511 4669 3672 4739 dirigi

355 4752 468 4807 rint
501 4795 514 4818 ,
550 4763 605 4808 et
648 4754 926 4812 hominem
991 4759 1194 4829 justum
1218 4805 1231 4828 ,
1264 4761 1353 4829 qui
1387 4761 1439 4814 in
1486 4776 1553 4816 eo
1587 4761 1964 4818 admirabilior

357 4852 443 4900 est
469 4886 484 4910 ,
517 4846 662 4916 quod-
686 4861 788 4904 nec
811 4858 1132 4919 paupertate
1164 4863 1455 4922 superatus
1488 4863 1603 4920 est,
1633 4864 1692 4909 ut
1723 4855 1967 4925 iniquum

358 4937 559 5006 aliquid
591 4938 798 4995 faceret
828 4958 840 4992 :
871 4951 926 4996 et
957 4944 1000 4997 si
1032 4943 1251 5013 quidem
1292 4959 1590 5015 pauperem
1637 4947 1842 5018 justum
1893 4947 1970 5002 l'a-

358 5032 465 5084 mis
511 5033 842 5090 necessitate
865 5036 1130 5104 compulsi
1160 5039 1338 5106 pretio
1377 5039 1789 5108 vendidissent,
1824 5052 1972 5096 esset

361 5121 542 5193 aliqua
575 5126 801 5182 sceleris
828 5127 1114 5184 excusatio
1145 5145 1159 5183 :
1192 5145 1333 5184 nunc
1397 5142 1579 5188 autem
1608 5147 1708 5203 pro
1737 5149 1798 5189 re
1820 5133 1971 5189 vilis-

435 5307 645 5383 '_!_Quod
678 5308 883 5366 Victor.
917 5309 984 5365 ad
1014 5307 1256 5382 Vulgata:
1288 5312 1572 5368 dumtaxat-
1608 5313 1914 5383 exemplum
1942 5357 1954 5377 ν

360 5388 422 5456 ut
441 5379 590 5456 idem.
607 5391 916 5437 servaretur
942 5379 1174 5456 tempus,
1205 5385 1509 5454 rescripsit,
1541 5379 1832 5450 declinant,
1861 5400 1960 5456 pro

363 5449 712 5535 declinabant,
745 5469 886 5507 nunc
909 5469 978 5508 ex
1007 5449 1446 5538 Hierapymiauis
1467 5473 1682 5538 quoque
1711 5449 1846 5538 mss.
1864 5449 1960 5538 as-

361 5526 596 5574 set-imus
627 5541 642 5572 ι
678 5528 731 5599 i_r_t
757 5541 991 5599 quorum
1031 5541 1138 5599 uno
1166 5526 1398 5582 Cisterc.
1435 5526 1608 5599 paulo
1628 5539 1772 5599 post,
1801 5528 1964 5582 viola-

362 5600 657 5672 rent,_cum
681 5589 911 5661 Vulgata
943 5598 1136 5672 legitur
1163 5615 1261 5668 pro
1289 5589 1602 5672 polluerent.

435 5661 461 5699 ι)
506 5661 742 5726 Vocem,
775 5661 1224 5742 pugno,Cisterc.
1268 5661 1372 5725 ms.
1409 5687 1516 5725 non
1569 5669 1858 5742 agnoscit;
1910 5671 1964 5725 in
2007 5667 2010 5670 ⁴

363 5732 563 5857 Euripo.
587 5732 784 5856 tamen
807 5742 891 5789 est
913 5732 1222 5804 ἐκονδύλιζον
1254 5758 1263 5792 :
1295 5743 1440 5810 quod
1469 5753 1554 5797 est
1583 5732 1816 5814 ,Vpugnis
1846 5732 1964 5797 uer-

400 5821 488 5857 era
506 5822 587 5857 tan
621 5844 633 5856 .

400 5821 608 5858 eranum
621 5844 633 5856 .

444 5887 465 5915 ε
498 5875 866 5943 luterserunt,
897 5877 1095 5948 quibus
1130 5882 1350 5950 utimur,
1400 5898 1558 5951 mss.,
1610 5883 1664 5939 id
1697 5894 1807 5952 est,
1863 5898 1965 5954 qua

2072 4763 2449 4834 propheticum
2478 4807 2491 4831 ,
2527 4763 2616 4832 qui
2673 4761 2920 4816 vendunt
2945 4761 3119 4814 virum
3153 4770 3401 4814 sanctum
3438 4762 3678 4829 justum-

2071 4871 2197 4927 que,
2230 4856 2324 4910 scd
2361 4869 2676 4924 pauperem,
2713 4870 2813 4923 pro
2845 4852 3095 4924 pecunia.
3123 4851 3216 4908 Vir
3240 4867 3444 4922 pauper
3477 4861 3532 4906 et.
3560 4852 3674 4922 jus-

2073 4959 2160 5003 tus
2181 4991 2195 5012 ,
2226 4948 2316 5001 ille
2345 4956 2429 5001 est
2457 4945 2867 5002 ecclesiasticus
2889 4989 2902 5013 ,
2938 4947 3027 5016 qui
3055 4960 3160 5001 non
3193 4945 3358 4999 habet
3387 4946 3675 5001 scientiam

2073 5043 2501 5112 Scripturarum,
2525 5041 2620 5096 sed
2655 5041 3012 5112 simplicitate
3043 5050 3358 5106 contentus,
3389 5041 3677 5093 lacitman-

2073 5135 2197 5191 data
2224 5177 2238 5200 ,
2271 5149 2393 5206 qua:
2416 5135 2565 5206 jussa
2599 5145 2754 5200 sunt,
2789 5135 2857 5190 de
2885 5149 2994 5205 quo
3022 5135 3281 5204 scriptum
3315 5142 3430 5188 est:
3467 5131 3674 5204 Pauper

2063 5312 2282 5385 quidem
2313 5311 2537 5369 suffecta
2563 5311 2752 5368 vocula
2773 5327 2997 5379 ,seusus
3021 5320 3312 5385 utcumque
3325 5311 3675 5385 constat.\’e-

2067 5381 2184 5442 rum
2206 5385 2568 5455 quodsubdit,
2599 5387 2952 5455 utrumquein
2969 5385 3114 5453 Lege
3147 5381 3586 5455 prt.tliii_teri,_sive
3615 5391 3675 5437 ut

2067 5458 2122 5514 in
2150 5453 2345 5512 iisdem
2360 5469 2442 5512 est
2461 5471 2591 5511 mss.
2610 5453 2893 5526 quorumin
2909 5456 3044 5528 Lege
3055 5464 3332 5528 utrumque
3349 5453 3672 5528 prohibetur,

2067 5528 2231 5600 idque
2254 5533 2430 5600 reipsa
2453 5525 2672 5600 praefert
2697 5529 2920 5582 Levitici
2941 5525 3112 5592 locus,
3137 5541 3234 5594 pro
3249 5525 3481 5579 diversis
3501 5527 3676 5600 accipi

2071 5597 2306 5666 debere,
2338 5597 2635 5654 manifesto
2695 5600 2906 5669 liquet.
2954 5613 3076 5653 cum
3135 5606 3315 5650 tamen
3364 5597 3676 5652 econtrario

2073 5671 2162 5725 hic
2193 5686 2357 5726 unum
2382 5685 2546 5741 atque
2578 5671 2718 5724 idem
2753 5668 2850 5736 Sit,
2882 5672 2927 5725 si
2961 5681 3115 5739 pater
3144 5668 3240 5722 lilii
3273 5669 3357 5741 sui
3405 5683 3628 5723 uxorem
3662 5712 3674 5731 ,

2074 5752 2132 5798 et.
2152 5758 2310 5798 socer
2339 5739 2546 5809 polluat
2564 5758 2778 5796 nurum.
2807 5741 3174 5807 Quamobrem
3211 5739 3367 5794 facile
3408 5743 3678 5795 assentiar

2074 5813 2316 5869 Victoria
2346 5813 2666 5884 corrigenti,
2699 5823 2754 5868 ut
2792 5813 2942 5882 [ilius
2995 5813 3158 5883 patris
3180 5813 3261 5866 sui
3304 5826 3554 5880 uxorem,
3593 5830 3677 5866 εοο

2076 5898 2180 5951 cer,
2215 5896 2320 5940 etc.
