4100 6336
473 349 614 410 1007

1707 347 1768 404 S.
1811 345 2086 406 EUSEBII
2125 347 2504 408 lllERONYMl

3636 339 3778 402 {008

467 483 574 524 non
639 463 856 520 sustinet
907 463 1356 520 comminationem
1403 462 1595 534 (Prov.
1641 477 1763 532 xm,
1793 461 1872 538 8).
1905 465 1969 520 Et
2011 465 2080 522 ad
2105 471 2158 532 Α
2183 477 2358 526 cctur.
2399 469 2514 526 Hoc
2559 465 2766 524 faciunt
2811 477 3000 522 omnes
3057 459 3296 520 haeretici
3327 459 3428 516 sub
3469 459 3776 516 Christiano

465 559 690 618 Galatas
719 577 734 616 :
761 557 982 614 Tantum
1005 567 1058 614 ut
1087 575 1378 632 pauperum
1401 573 1646 614 memores
1673 573 1893 612 essemus
1921 555 2064 628 (Gal.

469 667 532 722 ιι,
571 649 686 724 10).
719 649 846 706 Haec
879 665 1076 706 omnes
1105 649 1350 706 haeretici
1385 665 1484 720 pro
1511 649 1718 706 divitiis
1757 650 1982 720 faciunt,
2013 659 2069 706 ct

461 761 566 818 pro
595 746 970 804 calciamentis
993 785 1010 814 ,
1049 746 1248 818 quibus
1277 746 1500 802 calcant
1533 745 1816 818 pulverem
1863 757 2024 802 terra:
2049 763 2062 800 :

459 841 586 912 quia
637 839 786 898 enim
813 855 922 897 non
955 849 1188 912 possunt
1225 839 1386 896 nudis
1437 839 1668 910 pedibus
1719 847 1868 894 stare
1901 855 2066 910 super

457 943 664 992 terram
693 943 940 992 sanctam
971 933 992 1008 (
1026 935 1078 990 in
1111 949 1212 1005 qua
1241 934 1394 990 stetit
1419 933 1634 1006 Moyses
1653 977 1668 1002 ,
1719 941 1777 988 et
1813 931 1972 988 Jesus
2003 931 2066 986 li-

455 1030 564 1086 lius
589 1029 740 1086 Nave
765 1027 972 1102 (Exod.
1000 1037 1054 1084 ιιι
1086 1044 1101 1094 ;
1133 1027 1250 1082 Jos.
1281 1025 1336 1098 v)
1373 1043 1388 1082 ε
1439 1027 1582 1082 unde
1631 1026 1866 1098 apostoli
1903 1024 2063 1082 nudis

449 1123 682 1196 pedibus
734 1123 998 1196 iubentur
1035 1123 1292 1180 incedere
1313 1121 1467 1194 (Luc.
1493 1119 1576 1194 ιι),
1617 1135 1686 1176 ne
1713 1120 1840 1190 quid
1871 1119 2064 1174 mortis

447 1217 688 1276 habeant
717 1227 774 1274 et
827 1218 1093 1290 pellium,
1165 1231 1286 1288 quae
1332 1217 1650 1272 referuntur
1707 1213 1776 1268 ad
1813 1211 2060 1284 carnes),

453 1309 580 1366 ideo
619 1312 934 1381 percutiunt
954 1311 1008 1366 in
1039 1311 1218 1380 capite
1245 1324 1536 1380 pauperes.
1571 1307 1912 1364 EtSalvator
1951 1307 2062 1364 dis-

449 1403 650 1474 cipulis
667 1403 932 1475 praecepit
952 1443 968 1470 ,
993 1411 1054 1458 ut.
1081 1403 1126 1458 εἳ
1169 1401 1308 1458 forte
1329 1443 1344 1468 ,
1375 1397 1634 1473 quoniam
1663 1399 1840 1456 adhuc
1873 1415 2060 1456 versa-

452 1495 657 1550 bantur
683 1496 734 1550 in
777 1505 960 1562 terra,
1023 1494 1258 1550 mortale
1311 1494 1442 1564 quid
1475 1495 1530 1548 in
1581 1508 1772 1548 eorum
1801 1493 2058 1562 operibus

449 1587 772 1644 adhzesisset
803 1629 818 1656 ,
877 1595 1196 1643 excuterent
1243 1585 1524 1656 pulverem
1562 1583 1632 1640 de
1687 1585 1920 1656 pedibus
1945 1585 2058 1640 suis

451 1679 612 1752 (Mat.
657 1696 712 1746 ιε,
747 1677 918 1736 Marc.
937 1679 1016 1750 v).
1049 1677 1368 1734 Pcrcutiunt
1393 1685 1574 1732 autem
1603 1675 1848 1732 haeretici
1879 1675 2058 1746 capita

447 1787 754 1844 pauperum
783 1817 796 1842 ,
833 1785 1162 1842 quamquam
1193 1771 1296 1826 hoc
1337 1771 1392 1824 in
1447 1767 1716 1824 chraico
1737 1767 1900 1840 243
1947 1783 2054 1822 non

453 1865 654 1936 legitur
701 1863 832 1936 (Al.
863 1861 1104 1936 legatur]
1137 1881 1148 1916 :
1187 1863 1314 1934 quia
1355 1861 1500 1916 viam
1549 1861 1834 1916 humilium
1881 1859 2052 1916 decli-
2079 1863 2128 1924 Β

449 1966 738 2016 nat/erunt.
797 1957 898 2012 Via
939 1955 1222 2012 humilium
1275 1955 1376 2010 illa
1426 1961 1544 2022 est,
1579 1969 1700 2025 qua:
1735 1951 1904 2008 dicit:
1939 1951 2054 2024 Ego

449 2067 566 2106 sum
587 2051 670 2106 via
697 2089 716 2118 ,
745 2050 852 2104 rita
877 2059 926 2104 et
953 2049 1138 2104 ueritas
1171 2045 1356 2122 (Joan.
1389 2063 1504 2116 mv,
1531 2046 1612 2118 6),
1643 2063 1764 2118 qute
1789 2059 1890 2101 nos
1929 2061 2054 2118 pro-

451 2153 648 2210 vocat,
701 2151 762 2198 ut
792 2141 1136 2198 ambulemus
1169 2157 1264 2212 per
1289 2155 1410 2196 cam
1437 2183 1452 2208 ,
1483 2149 1538 2194 et
1563 2139 1728 2194 dicit:
1761 2139 1945 2194 Venite
1985 2139 2054 2194 ad

443 2251 528 2292 me
547 2281 562 2306 ,
595 2250 770 2290 omnes
799 2275 816 2302 ,
845 2235 934 2304 qui
961 2233 1210 2288 laboratis
1237 2241 1284 2288 et
1311 2233 1512 2288 onerati
1553 2233 1673 2286 estis
1701 2273 1714 2298 ,
1749 2241 1798 2284 et
1829 2247 1922 2302 ego
1973 2247 2054 2286 re-

443 2331 620 2402 ﬁciam
639 2326 972 2400 vos,(Hatth.
995 2343 1070 2398 ιιι,
1093 2327 1210 2400 28).
1235 2325 1442 2382 Omnes
1463 2335 1644 2382 autem
1669 2323 2052 2380 hatreticorum

441 2423 722 2494 principes
749 2421 1122 2476 intumescunt
1147 2420 1402 2492 superbia
1423 2459 1440 2486 ,
1465 2419 1534 2474 de
1569 2417 1774 2488 quibus
1801 2433 1832 2470 e
1857 2425 1873 2470 ι
1899 2415 2052 2486 Apo-

457 2517 888 2586 stolusloquitur
905 2533 918 2568 :
937 2515 1020 2570 Ne
1049 2515 1264 2586 inﬂatus
1285 2513 1480 2568 incidat
1493 2515 1548 2568 in
1559 2513 1824 2584 judicium
1857 2509 2054 2565 diaboli

457 2609 504 2680 (Ι
527 2607 662 2664 Tim.
693 2623 774 2676 ιιι,
807 2609 884 2678 6),
913 2609 1008 2678 qui
1035 2607 1166 2662 dicit
1191 2625 1202 2661 :
1235 2605 1305 2662 In
1347 2605 1530 2662 caelum
1559 2607 1874 2672 ascendant,
1903 2619 2056 2678 super

441 2701 620 2758 sidera
649 2701 762 2758 caeli
791 2717 986 2774 ponam
1013 2701 1194 2756 nidum
1225 2715 1390 2754 meum
1413 2715 1434 2762 ;
1463 2715 1552 2754 ero
1575 2699 1760 2752 similis
1785 2697 2054 2754 Altissimo

437 2793 596 2870 (Isai.
623 2795 758 2866 χιιι).
789 2793 942 2852 Unde
964 2803 1020 2850 et
1049 2793 1304 2866 superbis
1331 2793 1608 2850 haereticis
1637 2793 1778 2848 Deus
1801 2793 2012 2848 resistit
2036 2809 2048 2847 :

443 2889 744 2948 humilibus
759 2897 942 2946 autem
957 2887 1360 2946 Ecclesiasticis
1373 2887 1706 2958 datgratiam
1723 2885 1932 2960 (Jacob.
1949 2887 2050 2958 Iv).

445 2983 616 3040 Filius
633 2997 850 3054 quoque
869 2991 924 3038 et
953 2991 1110 3054 pater
1137 2981 1470 3036 introierunt
1495 2981 1562 3034 ad
1589 2995 1752 3034 unam
1787 2979 2048 3050 puellam,

441 3077 984 3146 utviolarcntatque
1017 3075 1332 3146 polluerent
1375 3087 1576 3128 nomen
1625 3083 1878 3128 sanctum
1929 3073 2050 3129 Dei.

447 3171 666 3228 Patrem
695 3177 944 3226 nostrum
971 3185 1094 3226 esse
1131 3171 1390 3242 populum
1421 3167 1734 3224 Judazorum
1755 3209 1771 3236 ,
1795 3183 1942 3240 smpe
1969 3169 2052 3224 le-

2169 565 2392 620 nomine
2423 561 2760 618 fornicantes
2785 603 2802 628 ,
2835 567 2890 616 ct
2913 555 3192 616 erroribus
3223 555 3333 610 suis
3355 561 3520 624 atque
3553 551 3776 608 menda-

2167 661 2268 718 ciis
2283 659 2446 732 2M
2459 657 2818 718 obtendentcs
2839 655 3148 714 testimonia
3161 654 3588 726 Scripturarum.
3621 649 3776 709 Unde

2165 761 2220 810 et
2245 751 2480 824 apostoli
2503 749 2844 812 vestimentis
2863 749 2978 804 suis
3003 755 3322 804 straverunt
3343 743 3554 818 pullum
3579 743 3770 812 asinae,

2165 855 2226 900 ut
2255 846 2476 900 mollius
2507 845 2722 901 sederet
2753 843 3018 898 Dominus
3045 839 3204 914 (Mat.
3253 837 3391 912 χιιι),
3423 845 3480 896 et
3505 853 3572 895 ex
3629 837 3774 908 Lege

2163 951 2228 992 ac
2255 935 2546 1008 PrOpltetis
2577 945 2808 992 stratam
2835 935 3072 990 calcaret
3095 932 3260 988 viam.
3291 931 3614 987 Econtrario
3655 929 3774 985 ha:-

2165 1031 2452 1088 retici-non
2481 1033 2839 1088 substernunt
2859 1028 3102 1100 vcsrigiis
3129 1025 3430 1084 Salvatoris
3447 1023 3772 1080 vestimenta

2161 1139 2293 1188 sua;
2321 1123 2416 1180 sed
2449 1123 2616 1196 ligant
2642 1139 2704 1178 ea
2727 1123 2882 1194 juxta
2927 1123 3100 1176 altare
3122 1167 3136 1190 ,
3171 1127 3225 1176 et
3253 1117 3604 1190 praetendunt
3643 1133 3770 1190 pec-

2162 1219 2297 1274 catis
2325 1217 2473 1284 suis,
2517 1227 2575 1272 ut
2602 1215 2790 1272 bibant
2819 1215 3006 1272 vinum
3033 1213 3099 1270 dc
3125 1213 3396 1268 calumnia
3423 1253 3437 1278 ,
3461 1211 3580 1268 sive
3617 1209 3768 1267 dam-

2161 1321 2416 1368 natorum
2439 1353 2454 1380 ,
2479 1311 2572 1383 qui
2597 1327 2664 1368 ex
2687 1325 2754 1368 eo
2781 1309 2928 1382 quod
2979 1309 3186 1382 egressi
3209 1309 3324 1363 sint
3367 1305 3437 1364 de
3481 1305 3724 1362 Ecclesia
3749 1349 3766 1376 ,

2159 1405 2402 1460 damnati
2425 1413 2570 1460 sunt.
2609 1403 2722 1460 Hoc
2743 1403 2924 1458 vinum
2967 1411 3052 1458 est
3105 1401 3468 1458 Sodomorum
3495 1439 3510 1465 ,
3561 1397 3768 1456 luroris

2158 1499 2462 1554 draconum
2495 1507 2550 1554 et
2573 1497 2854 1570 aspidum,
2887 1497 3036 1568 quod
3063 1495 3158 1566 qui
3185 1495 3420 1562 biberit,
3447 1493 3632 1550 sanari
3659 1509 3766 1550 non

2163 1593 2385 1664 poterit.
2419 1593 2622 1648 Bibunt
2651 1601 2834 1648 autem
2858 1591 3046 1646 vinum
3073 1605 3180 1646 non
3215 1591 3268 1644 in
3299 1587 3464 1644 domo
3495 1587 3592 1644 Dei
3621 1631 3636 1656 ,
3679 1585 3768 1644 ubi

2159 1687 2424 1756 templum
2455 1693 2542 1740 est
2577 1693 2634 1742 et
2681 1683 3026 1748 Jerusalem;
3065 1681 3160 1738 sed
3193 1681 3244 1736 in
3291 1681 3456 1738 domo
3505 1679 3604 1736 Dei
3647 1679 3764 1748 sui,

2159 1795 2320 1850 quem
2351 1779 2454 1836 sibi
2483 1777 2682 1834 artifici
2715 1793 2972 1836 sermone
3003 1777 3302 1832 tinxerunt.

2227 1871 2410 1946 (Vers.
2441 1871 2474 1928 9
2499 1871 2680 1944 seqq.)
2713 1871 2826 1944 Ego
2843 1879 3014 1926 autem
3043 1869 3378 1924 exterminari
3407 1865 3768 1924 Amorrhceum

2159 1987 2190 2024 a
2218 1969 2353 2040 [acie
2381 1983 2592 2032 eorum,
2627 1967 2783 2038 cujus
2813 1965 3040 2020 altitudo
3071 1965 3346 2018 cedrorunt
3373 1961 3600 2017 altitudo
3629 1963 3764 2034 ejus,

2157 2073 2204 2118 et
2235 2063 2384 2134 fortis
2413 2061 2522 2132 ipse
2549 2061 2698 2132 quasi
2725 2075 2944 2130 quercus
2975 2075 2994 2114 :
3047 2069 3094 2112 et
3122 2057 3342 2112 contrivi
3373 2057 3600 2126 fructum
3644 2059 3760 2126 ejus

2159 2157 2380 2228 desuper
2406 2201 2420 2226 ,
2453 2165 2500 2210 et
2529 2155 2730 2210 radices
2761 2157 2874 2226 ejus
2903 2153 3096 2210 subter.
3161 2151 3274 2222 Ego
3301 2167 3416 2207 sum
3445 2151 3530 2222 qui
3584 2165 3770 2204 ascen-

2159 2251 2280 2306 dere
2303 2266 2392 2306 vos
2421 2249 2522 2320 feci
2603 2249 2668 2302 de
2715 2257 2858 2302 terra
2911 2245 3134 2318 Aigypti
3165 2289 3180 2314 ,
3239 2255 3288 2298 et
3371 2243 3526 2298 eduxi
3581 2241 3760 2316 (Vulg.

2157 2343 2310 2416 duxi]
2341 2359 2428 2398 vos
2453 2345 2508 2398 in
2541 2345 2742 2398 deserto
2778 2339 3124 2412 quadraginta
3153 2337 3304 2392 annis
3331 2381 3346 2404 ,
3395 2345 3449 2390 ut
3481 2335 3770 2408 possidere-

2159 2441 2224 2494 tis
2253 2449 2446 2494 terram
2469 2437 2766 2492 Amorrltazi
2793 2452 2812 2492 :
2839 2445 2890 2492 et
2933 2435 3177 2490 suscitari
3201 2433 3280 2502 fde
3309 2431 3434 2498 ﬁliis
3483 2431 3664 2486 uestris
3713 2429 3770 2484 in

2157 2533 2440 2606 prepltetas
2474 2577 2488 2600 ,
2525 2541 2574 2586 et
2601 2531 2666 2586 de
2683 2529 2958 2604 juvenibus
2985 2529 3168 2586 vestris
3219 2527 3524 2582 Nazaratos.
3575 2523 3724 2582 LXX
3753 2541 3766 2580 :

2155 2623 2272 2696 Ego
2301 2633 2474 2680 autem
2503 2623 2692 2678 abstuli
2719 2623 3078 2676 Amorrlueum
3125 2637 3156 2674 a
3203 2621 3342 2690 facie
3367 2635 3546 2675 eorum
3573 2633 3590 2672 :
3615 2619 3770 2690 cujus

2157 2729 2266 2776 erat
2293 2721 2428 2774 sicut
2453 2717 2680 2772 altitudo
2707 2717 2850 2772 cedri
2866 2716 3158 2772 sublimitas
3185 2716 3300 2784 ejus
3319 2759 3334 2784 ,
3363 2721 3412 2770 et
3441 2713 3594 2784 [ortis
3619 2709 3772 2784 quasi

2155 2831 2373 2888 quercus
2401 2831 2418 2868 :
2447 2823 2494 2868 et
2523 2813 2714 2886 arefeci
2741 2813 2966 2884 fructum
2993 2815 3110 2884 ejus
3141 2810 3364 2878 desuper
3393 2853 3408 2878 ,
3469 2817 3518 2862 et
3565 2805 3772 2860 radices

2155 2913 2271 2982 ejus
2297 2909 2558 2962 deorsum.
2597 2903 2710 2980 Ego
2739 2905 2896 2960 eduxi
2929 2921 3014 2960 vos
3037 2905 3102 2958 de
3127 2913 3264 2958 terra
3295 2899 3520 2972 Αἱρεθρεὶ
3545 2939 3562 2966 ,
3593 2907 3642 2954 et
3667 2897 3774 2952 cir-

2157 2999 2404 3054 cumduxi
2435 3015 2520 3053 vos
2549 2999 2604 3052 in
2635 2997 2840 3052 deserto
2867 2997 3216 3070 quadraginta
3241 2995 3418 3064 antris,
3449 2999 3504 3046 ut
3533 2991 3776 3064 posside-

2154 3095 2276 3148 retis
2305 3103 2494 3148 terram
2513 3091 2934 3146 Amorrlueorum
2951 3099 3034 3162 :et
3057 3089 3314 3160 assumpsi
3331 3087 3396 3142 de
3423 3085 3548 3155 ﬁliis
3577 3083 3764 3140 vestris

2157 3187 2210 3240 in
2243 3185 2515 3260 prOphetas
2547 3227 2564 3252 ,
2607 3193 2656 3238 et
2683 3185 2746 3238 de
2765 3183 3047 3254 juvenibus
3075 3183 3249 3236 t'eslris
3285 3181 3338 3236 in
3389 3177 3772 3248 sanctiﬁcatio-

442 3263 622 3336 gimus
653 3304 668 3330 ,
719 3263 936 3318 dicente
969 3263 1138 3316 Paulo
1183 3281 1195 3316 :
1233 3261 1374 3316 Nolo
1397 3277 1484 3316 vos
1523 3263 1786 3334 ignorare,
1833 3265 2016 3332 fratres
2041 3307 2055 3332 ,

2166 3295 2300 3334 nem.
2335 3277 2444 3334 Vos
2473 3277 2688 3348 quidem
2715 3275 3034 3332 vendidistis
3065 3283 3291 3346 argento
3317 3273 3525 3346 justum
3561 3281 3614 3328 et
3637 3285 3774 3342 pau-

441 3357 582 3429 quod
609 3365 782 3430 patres
807 3357 972 3410 nostri
1003 3369 1178 3410 omnes
1207 3354 1301 3408 sub
1323 3353 1454 3408 nube
1499 3355 1739 3426 fuerunt,
1785 3361 1834 3408 et
1877 3369 2052 3430 omnes

443 3427 538 3520 per
569 3427 712 3504 mare
753 3447 1116 3514 transierunt,
1165 3455 1214 3500 et
1263 3463 1440 3502 omnes
1485 3447 1538 3502 in
1569 3445 1752 3518 Moyse
1803 3427 2058 3517 baptismi

441 3551 563 3598 sunt
581 3543 634 3596 in
659 3541 792 3596 nube
815 3551 862 3595 et
885 3541 940 3594 in
967 3539 1100 3596 mari
1127 3539 1172 3612 (l
1191 3537 1314 3596 Cor.
1345 3555 1396 3608 ιι,
1433 3543 1484 3606 1,
1515 3537 1595 3610 2).
1621 3539 1688 3594 Ει
1709 3541 1762 3596 in
1781 3539 1888 3594 alio
1909 3543 2048 3596 loco:

443 3631 728 3704 Interroga
749 3639 920 3704 patres
941 3639 1058 3686 tuos
1087 3671 1102 3696 ,
1141 3637 1190 3684 et
1233 3631 1616 3686 annuntiabunt
1669 3631 1760 3684 tibi
1787 3647 1804 3684 :
1829 3631 2052 3686 seniores

441 3737 558 3782 tuos
579 3767 594 3794 ,
635 3735 684 3780 et
709 3723 880 3780 dicent
909 3721 1000 3778 tibi
1023 3721 1206 3796 (Deut.
1235 3739 1408 3792 xxxtt,
1445 3723 1522 3794 7).
1553 3725 1618 3780 Et
1651 3741 1865 3780 rursum
1895 3741 1912 3778 :
1943 3723 2054 3778 Pro

447 3815 685 3890 patribus
711 3815 812 3870 tuis
833 3817 944 3868 nati
985 3823 1105 3870 sunt
1132 3814 1222 3870 tibi
1245 3815 1346 3886 ﬁlii
1369 3814 1546 3888 (Psal.
1573 3833 1722 3884 κων,
1756 3815 1868 3890 17).
1896 3817 2054 3874 Unde

445 3919 502 3966 et
533 3907 780 3966 Ecclesia
811 3907 1056 3978 gentium
1077 3907 1316 3978 loquitur
1365 3927 1378 3965 :
1417 3909 1544 3964 Filii
1587 3911 1766 3966 matris
1815 3927 1942 3966 mete
1959 3927 2054 3974 pu-

449 4007 1023 4076 gnaveruntcontrame
1045 3999 1221 4070 (Cant.
1241 4017 1282 4068 ι,
1307 4001 1386 4072 5).
1415 4001 1527 4060 Nos
1557 4019 1692 4074 ergo
1717 4003 1816 4059 lilii
1839 4019 2050 4072 sumus,

443 4107 500 4152 et
553 4103 714 4166 pater
765 4095 998 4166 populus
1039 4093 1378 4152 Iudaeorum.
1421 4097 1720 4154 Peccamus
1765 4107 1822 4154 et
1867 4099 2053 4154 scelus

373 4269 382 4274 _
447 4187 884 4258 committimus,
941 4188 1160 4260 quando
1183 4189 1252 4244 ad
1297 4191 1742 4248 observationem
1799 4191 2010 4248 sabbati

447 4281 888 4340 circumcisionis
913 4283 1170 4354 iniuriam
1205 4329 1218 4354 ,
1263 4285 1624 4342 czeremonias
1673 4285 1812 4356 legis
1837 4285 2056 4342 abolita:

453 4391 578 4432 cum
615 4383 849 4445 parente
879 4383 1070 4430 nostro
1107 4377 1446 4448 ingredimur
1473 4421 1488 4446 ,
1517 4377 1720 4448 quibus
1745 4377 1880 4434 dicit
1911 4377 2058 4450 Apo-

459 4471 634 4526 stolus
659 4485 672 4524 :
697 4467 832 4526 Ecce
857 4487 954 4544 ego
981 4469 1186 4526 Paulus
1211 4473 1328 4526 dico
1357 4473 1493 4526 vobis
1519 4487 1536 4526 :
1563 4473 1688 4542 quia
1713 4473 1758 4526 si
1787 4473 2058 4528 circumci-

459 4565 696 4632 damini,
731 4563 970 4620 Christus
1019 4566 1162 4622 vobis
1211 4567 1344 4620 nihil
1383 4565 1590 4636 prodest
1607 4565 1804 4640 (Galat.
1835 4583 1888 4636 ν,
1913 4569 2054 4640 2,4).

2157 3386 2341 3444 perem
2387 3385 2486 3440 pro
2517 3369 2892 3426 calciamentis
2919 3411 2934 3436 ,
2975 3368 3356 3442 percutientes
3399 3365 3518 3438 ejus
3555 3373 3724 3436 caput
3751 3407 3770 3434 ,

2153 3465 2270 3520 sive
2309 3473 2660 3520 conterentes
2711 3465 2764 3518 in
2821 3463 3046 3534 pulvere
3099 3463 3280 3534 capita
3331 3475 3676 3532 pauperum,
3715 3469 3776 3514 et

2153 3555 2296 3610 viam
2313 3555 2594 3610 humilium
2622 3553 2940 3612 declinasds
2955 3553 3067 3628 [Λέ.
3095 3551 3774 3626 declinantes],intantum

2153 3657 2215 3704 ut
2247 3657 2402 3720 pater
2431 3655 2486 3703 et
2515 3647 2662 3704 ﬁlius
2691 3647 2758 3704 ad
2799 3663 2960 3702 unum
3009 3647 3306 3704 introirent
3367 3645 3604 3718 puellam
3631 3687 3648 3714 ,
3715 3653 3776 3702 et

2153 3743 2426 3798 violarent
2463 3743 2580 3798 sive
2629 3741 2942 3814 polluerent
2997 3757 3198 3798 nomen
3243 3749 3494 3798 sanctum
3533 3755 3718 3796 meum
3749 3781 3768 3808 ,

2155 3845 2210 3893 et
2259 3835 2594 3894 vestimenta
2645 3845 2832 3893 vestra
2889 3837 3244 3908 lupanaribus
3298 3845 3354 3892 et
3407 3833 3774 3892 fornicatione

2157 3927 2360 3998 polluta
2403 3971 2418 3996 ,
2477 3937 2830 3998 peccatorum
2883 3929 3122 3986 vinculis
3189 3928 3466 3986 nexuistis
3521 3945 3536 3980 :
3583 3928 3656 3982 ita
3709 3935 3778 3982 ut

2155 4021 2212 4076 in
2257 4022 2378 4078 loco
2421 4031 2612 4078 sancto
2639 4023 3058 4080 committeretis
3087 4022 3419 4080 adulterium
3447 4062 3462 4088 ,
3495 4029 3550 4078 et
3589 4021 3776 4078 ebrie-

2153 4115 2252 4170 tati
2299 4115 2628 4186 injustitiam
2685 4115 3050 4186 ecpulantes,
3081 4117 3266 4172 vinum
3315 4113 3580 4172 biberetis
3631 4113 3774 4170 alie-

2157 4223 2284 4264 num
2307 4249 2322 4274 ,
2355 4215 2411 4264 et
2437 4207 2542 4264 hoc
2567 4209 2824 4266 faceretis
2847 4209 2900 4264 in
2933 4209 3098 4266 domo
3125 4209 3220 4266 Dei
3257 4209 3454 4264 vestri.
3497 4205 3614 4278 Ego
3659 4221 3768 4261 au-

2157 4308 2268 4358 tem
2309 4301 2620 4356 econtrario
2647 4315 2746 4372 pro
2790 4301 2951 4358 malis
2991 4301 3195 4358 vestris
3221 4341 3236 4369 ,
3277 4315 3398 4372 qua:
3457 4297 3594 4356 mihi
3641 4295 3774 4354 red-

2157 4393 2376 4450 didistis
2407 4437 2422 4464 ,
2477 4395 2630 4451 vobis
2695 4395 2858 4468 trimi
2910 4395 3060 4452 bona
3093 4441 3108 4466 ,
3165 4405 3224 4452 ut
3289 4393 3714 4452 exterminarem
3749 4435 3770 4464 ,

2159 4489 2566 4559 egredientibus
2613 4489 2773 4544 vobis
2823 4489 2894 4546 de
2937 4489 3218 4564 Egypto,
3263 4499 3392 4548 ante
3430 4489 3626 4546 faciem
3673 4503 3772 4545 ve-

2159 4589 2330 4636 stram
2349 4627 2363 4652 ,
2389 4581 2566 4638 :Seon
2597 4597 2780 4652 regem
2811 4581 3284 4652 Amorrhaeorum,
3319 4583 3414 4654 qui
3443 4591 3555 4638 tam
3587 4581 3770 4638 excel-

457 4657 528 4712 Et
553 4657 800 4748 iterum:
831 4657 934 4725 Qui
957 4659 1010 4712 in
1041 4657 1152 4731 lege
1182 4659 1568 4730 iusti/icantur,
1613 4661 1833 4732 agraria
1855 4659 2256 4728 excide-Dsus
2305 4681 2430 4730 erat
2481 4684 2536 4730 ει
2587 4673 2746 4730 fortis
2801 4677 2958 4746 quasi
3025 4677 3218 4734 cedrus
3267 4685 3324 4734 ει
3381 4691 3612 4748 quercus
3637 4715 3655 4746 ,
3711 4683 3772 4732 οι

457 4757 599 4804 nmt.
617 4749 718 4816 Qui
755 4747 832 4804 ita
873 4747 1178 4820 ingreditur
1199 4749 1498 4806 Ecclesium
1519 4791 1534 4818 ,
1567 4761 1626 4806 ut
1653 4751 1850 4824 Legem
1877 4763 2060 4810 servet

457 4843 512 4898 in
543 4843 874 4914 Evangelio,
903 4843 1010 4898 iste
1035 4859 1158 4898 cum
1179 4853 1334 4914 patre
1361 4843 1666 4916 ingreditur
1693 4847 1760 4902 ad
1789 4847 2020 4918 puellam
2039 4889 2056 4916 ,

455 4945 512 4994 et
547 4937 840 4994 committit
897 4945 1146 5006 stuprum
1177 4981 1192 5006 ,
1249 4947 1302 4994 et
1343 4937 1516 4994 violat
1567 4955 1768 4996 nomen
1821 4941 2056 4996 Domini.

463 5031 620 5090 Unde
653 5031 744 5102 qui
773 5031 960 5086 dicunt
991 5045 1100 5088 non
1143 5047 1342 5088 nocere
1381 5033 1588 5090 Judaeis
1619 5043 1740 5106 post
1762 5035 2060 5092 adventum

457 5125 662 5182 Christi
691 5167 704 5192 ,
735 5125 780 5180 si
811 5125 882 5180 ita
909 5125 1138 5182 credant
1169 5127 1224 5182 in
1275 5127 1598 5200 Dominum,
1635 5139 1696 5184 ut
1721 5129 1880 5202 Legis
1927 5145 2064 5202 quo-

463 5235 570 5292 que
599 5227 869 5290 praecepta
899 5221 1252 5288 custodiant,
1287 5231 1496 5292 patrem
1521 5234 1576 5280 et
1601 5225 1770 5280 lilium
1807 5241 1910 5280 una
1951 5225 2063 5280 l‘or-

461 5313 740 5368 nicatione
763 5311 1161 5370 contaminant.
1187 5313 1294 5372 Sed
1325 5327 1382 5372 et
1411 5319 1736 5374 vestimenta
1765 5333 1864 5374 sua
1889 5319 2064 5390 ligan-

463 5417 544 5462 tes
575 5403 830 5472 funibus,
875 5405 1146 5464 velamina
1195 5407 1402 5465 faciunt
1455 5411 1608 5480 juxta
1659 5411 1870 5482 altare,
1923 5427 2062 5482 prat-

459 5497 752 5556 tendentes
775 5497 937 5555 [idem
973 5499 1200 5556 Christi.
1229 5499 1512 5574 Quotquot
1547 5503 1694 5558 enim
1737 5503 1792 5558 in
1840 5501 2060 5560 Christo

453 5591 713 5664 baptizati
742 5603 912 5664 sunt,
965 5593 1244 5650 Christum
1299 5595 1594 5652 induerunt
1625 5597 1828 5670 (Galat.
1871 5597 1974 5668 tu),
2005 5609 2060 5654 et

455 5687 776 5742 vestimenta
803 5701 936 5754 sua,
965 5703 1085 5754 quae
1113 5697 1462 5758 peccatorum
1487 5689 2053 5762 lunibusligaverunt,
2091 5695 2102 5706 '

449 5787 728 5848 opponunt
755 5779 932 5836 oculis
989 5781 1327 5850 videntium,
1381 5799 1450 5842 ne
1499 5799 1692 5841 eorum
1749 5795 2053 5844 cernantur

445 5867 688 5940 ﬂagitia;
723 5877 780 5926 ut
811 5871 904 5940 qui
947 5873 1118 5930 altare
1149 5875 1406 5946 respicit,
1444 5883 1690 5949 stuprum
1725 5895 1832 5937 non
1869 5879 2050 5952 suspi-

2159 4767 2394 4822 contrivi
2425 4767 2542 4838 ejus
2569 4765 3094 4842 fructumgdesuper,
3136 4777 3194 4826 et
3229 4769 3444 4826 radices
3481 4769 3768 4826 deorsum.

2163 4859 2324 4932 245
2353 4861 2464 4930 Ego
2495 4875 2593 4916 vos
2621 4861 2780 4916 eduxi
2813 4861 2882 4922 de
2911 4861 3152 4934 Egypto
3175 4862 3356 4936 (Deut.
3385 4863 3560 4934 nix),
3587 4873 3642 4920 et
3671 4877 3770 4934 per

2165 4953 2520 5024 quadraginta
2567 4967 2740 5008 annos
2789 4954 2952 5028 longe
3001 4957 3068 5012 ad
3119 4965 3318 5012 terram
3363 4965 3610 5012 sanctam
3659 4955 3768 5012 feci

2165 5047 2454 5118 pervenire
2491 5047 2803 5118 circumitu,
2849 5059 2906 5104 ut
2949 5051 3304 5120 possideretis
3343 5057 3544 5108 terram
3573 5053 3772 5106 Amor-

2169 5141 2332 5208 rhsei,
2365 5141 2432 5198 de
2459 5157 2564 5213 qua
2593 5159 2758 5214 supra
2805 5145 3043 5202 diximus
3091 5165 3104 5198 :
3147 5161 3308 5216 quam
3339 5145 3528 5202 divisit
3551 5145 3768 5216 Moyses

2167 5235 2295 5290 ﬁliis
2345 5235 2538 5292 Ruben
2593 5245 2648 5292 et
2703 5237 2858 5306 Cad,
2911 5248 2966 5294 et
3015 5238 3254 5294 dimidiae
3303 5239 3468 5294 tribui
3517 5237 3768 5292 Manasse

2171 5327 2362 5402 (Nam.
2395 5329 2604 5400 xxxii);
2635 5341 2690 5386 et
2711 5341 2836 5402 post
2865 5341 3014 5388 tanta
3045 5333 3312 5390 beneﬁcia
3345 5331 3510 5388 etiam
3537 5329 3640 5386 hoc
3663 5327 3768 5384 ad-

2165 5421 2299 5490 didi,
2333 5431 2392 5478 ut
2421 5422 2490 5478 de
2527 5423 2650 5478 ﬁliis
2677 5425 2874 5480 vestris
2913 5439 3249 5482 assumerem
3279 5423 3414 5480 mihi
3445 5423 3764 5494 prophetas,

2165 5521 2221 5568 et
2257 5513 2324 5568 de
2355 5513 2648 5586 juvenibus
2669 5517 2886 5586 vestris,
2913 5516 3030 5574 sive
3055 5517 3264 5582 electis,
3311 5519 3548 5572 facerem
3591 5509 3768 5566 Naza-

2167 5621 2308 5662 rmos
2327 5649 2340 5674 ,
2369 5621 2508 5678 quos
2537 5607 2896 5680 Septuaginta
2921 5607 3266 5680 interpretati
3309 5615 3438 5660 sunt
3463 5603 3764 5674 sanctiﬁca-

2163 5707 2260 5754 tos.
2303 5699 2490 5770 Neque
2535 5715 2668 5756 vero
2707 5699 2796 5756 ubi
2825 5701 2896 5756 de
2923 5701 3170 5754 laudlbus
3195 5695 3396 5754 dicitur
3429 5697 3550 5766 Dei,
3583 5697 3764 5754 histo-

2159 5793 2256 5848 rice
2295 5793 2428 5848 ordo
2473 5791 2778 5850 servandus
2827 5801 2946 5860 est;
2987 5792 3084 5850 sed
3125 5791 3444 5864 frequenter
3485 5791 3670 5848 evenit
3705 5801 3766 5848 ut

2155 5899 2274 5956 qua:
2315 5887 2486 5956 prima
2529 5887 2666 5944 facta
2707 5895 2836 5944 sunt
2869 5930 2884 5954 ,
2929 5895 3170 5944 extrema
3213 5885 3494 5952 dicantur,
3545 5891 3600 5942 et
3639 5897 3764 5954 qua:
