4120 6342
379 278 517 335 1009

1225 276 1880 334 COMMENTAllIORU-M
1922 277 1986 332 ΙΝ
2029 277 2216 336 AMOS
2256 279 2385 334 LIB.
2432 280 2470 333 Ι.
2512 281 2668 338 CAP.
2711 281 2774 336 Il.

3537 281 3678 340 1010

372 395 694 463 novissima,
717 393 1025 450 referantur
1047 393 1112 447 ad
1144 392 1339 464 prima.
1367 393 1523 463 Quod
1545 392 1972 465 septuagesimus
1999 400 2055 460 Α
2077 394 2314 450 diximus
2335 437 2350 462 ,
2392 395 2515 465 quia
2556 396 2684 450 mali
2726 406 2916 464 erant,
2957 404 3274 454 contereret
3313 398 3578 469 desuper,
3619 409 3678 456 et

370 489 637 559 septimus
663 487 902 559 psalmus
933 528 948 554 ,
972 495 1026 542 et
1046 487 1376 542 centesimus
1398 497 1644 557 quartus,
1675 485 1767 541 ubi
1791 487 1971 557 signo-

367 597 488 638 rum
531 583 800 652 potentia,
837 597 943 637 non
981 581 1115 637 ordo
1153 581 1494 648 describitur,
1521 581 1719 638 docere
1746 596 1847 638 nos
1875 597 1966 652 po-

367 685 574 746 terunt,
619 685 672 733 et
713 675 854 731 tituli
898 676 1254 748 psalmorum,
1297 676 1364 731 de
1393 676 1594 748 quibus
1625 676 1733 732 duo
1762 685 1966 731 tantum

365 783 634 841 ponamus
682 770 953 840 exempla,
1003 771 1142 824 tertii
1190 770 1419 839 psalmi,
1451 781 1504 827 et
1532 771 1967 842 quinquagesimi

367 863 551 934 primi,
578 863 670 919 ubi
698 879 817 935 quae
846 863 998 935 prius
1029 864 1166 920 facta
1195 874 1344 933 sunt,
1378 875 1670 922 narrantur
1698 876 1961 932 extrema,

363 965 419 1012 et
460 971 584 1026 qua:
628 965 873 1012 extrema
922 958 1184 1028 legimus,
1228 956 1548 1015 referuntur
1585 960 1639 1014 in
1671 960 1962 1030 principio.

365 1052 504 1107 Ante
531 1053 676 1107 enim
703 1052 772 1108 de
803 1052 946 1108 Doec
972 1051 1208 1107 ldumaco
1235 1053 1498 1124 scriptum
1526 1055 1753 1125 legimus
1781 1054 1834 1108 in
1860 1052 1966 1106 Re-

364 1161 488 1217 gum
532 1147 812 1203 volumine
851 1147 910 1218 (l
953 1146 1084 1217 Reg.
1131 1163 1250 1214 χχι,
1293 1146 1482 1218 xm),
1521 1150 1612 1218 qui
1657 1148 1843 1202 titulus
1881 1159 1965 1202 est

363 1239 795 1312 quinquagesimi
836 1239 996 1310 primi
1043 1240 1261 1309 psalmi,
1300 1256 1460 1308 quam
1501 1240 1747 1296 Absalon
1773 1249 1961 1296 contra

362 1343 573 1404 patrem
615 1341 864 1404 surgeret
897 1333 963 1405 (ll
1012 1332 1146 1406 Reg.
1177 1332 1291 1404 xv),
1331 1334 1476 1405 quod
1505 1334 1558 1390 in
1585 1334 1734 1390 tertii
1761 1333 1956 1404 psalmi

360 1427 518 1483 titulo
551 1437 909 1498 praenotatur.
945 1429 1135 1499 Itaque
1169 1436 1224 1484 et
1250 1429 1603 1485 Amorrhaaus
1633 1430 1962 1486 novissimus

358 1523 753 1580 exterminatus
792 1532 896 1592 est,
944 1523 1060 1580 sive
1103 1523 1340 1591 deletus,
1374 1525 1517 1596 quod
1548 1540 1688 1579 nunc
1719 1525 1952 1596 primum

358 1616 592 1674 refertur
614 1659 629 1683 ,
655 1625 710 1672 et
741 1615 886 1687 quod
918 1616 1216 1672 ascendere
1243 1629 1338 1673 eos
1365 1615 1494 1672 fecit
1523 1615 1591 1673 de
1621 1627 1766 1672 terra
1796 1615 1964 1689 Egy-

357 1709 455 1780 pti,
480 1718 537 1766 et
563 1709 787 1765 reduxit
813 1710 864 1764 in
893 1726 1136 1766 eremum
1163 1725 1263 1782 per
1295 1709 1651 1782 quadraginta
1681 1725 1878 1778 annos,
1905 1711 1956 1765 in

2073 489 2332 554 auferret,
2367 504 2434 544 ne
2461 491 2578 560 quis
2607 490 2781 546 bonos
2811 491 3110 558 mstimans,
3129 491 3448 549 comederet
3469 502 3526 550 et
3539 509 3670 564 per-

2072 581 2201 636 iret.
2243 581 2475 638 Radices
2517 598 2734 653 quoque
2775 585 2922 640 illius
2967 587 3201 642 succidit
3239 595 3400 658 atque
3443 589 3671 644 commi-

2072 677 2210 741 nuit,
2255 685 2313 730 ut
2356 675 2491 731 nihil
2531 684 2722 746 postea
2764 678 2919 732 malae
2947 679 3164 734 arboris
3200 679 3511 750 pullularet.
3541 679 3666 752 Ipse

2071 769 2332 824 Dominus
2361 769 2488 824 fecit
2518 784 2617 824 nos
2637 769 2786 825 exire
2816 769 2884 826 de
2904 771 3129 839 saeculo,
3147 781 3200 827 et
3222 786 3317 842 per
3337 787 3509 830 annos
3529 789 3664 846 qua-

2070 861 2341 933 draginta,
2383 864 2473 934 qui
2521 879 2780 919 numerus
2820 879 3035 933 semper
3063 863 3370 922 aiilictionis
3395 875 3451 922 et
3472 866 3672 938 jejunii

2069 955 2245 1011 luctus
2270 965 2354 1012 est
2391 965 2446 1013 et
2473 956 2708 1024 doloris,
2742 973 2840 1026 per
2873 957 3262 1014 tribulationes
3305 969 3359 1014 et
3387 960 3671 1031 angustias

2069 1052 2350 1122 pervenire
2388 1052 2441 1106 in
2475 1061 2678 1107 terram
2720 1060 2992 1120 sanctam,
3027 1061 3083 1108 ut
3115 1053 3521 1123 possideremus
3549 1055 3666 1124 pri-

2068 1162 2214 1202 mum
2266 1155 2469 1202 terram
2517 1146 2826 1202 Amorrhazi
2854 1191 2868 1214 ,
2916 1158 2970 1204 et
3015 1147 3160 1202 illius
3199 1148 3477 1220 quondam
3515 1148 3670 1221 regio

2067 1240 2224 1296 ﬁeret
2262 1251 2449 1296 nostra
2494 1241 2791 1312 possessio,
2819 1250 2874 1297 et
2913 1251 3103 1313 postea
3129 1243 3422 1299 suscitaret
3447 1243 3516 1300 de
3541 1243 3669 1300 filiis

2065 1333 2270 1388 nostris
2299 1333 2626 1404 Prophetas,
2653 1349 2842 1390 omnes
2868 1343 3088 1391 sanctos
3117 1337 3290 1403 viros,
3321 1335 3416 1405 qui
3442 1349 3672 1406 accepe-

2065 1440 2194 1482 runt
2222 1426 2472 1497 spiritum
2501 1427 2900 1498 prophetalem,
2925 1428 2993 1484 de
3021 1429 3218 1500 quibus
3251 1429 3304 1484 in
3336 1430 3510 1500 prima
3536 1428 3668 1500 Epi-

2063 1520 2206 1576 stola
2241 1521 2310 1576 ad
2347 1520 2664 1578 Corinthios
2707 1523 2917 1593 plenius
2947 1523 3180 1593 legimus
3203 1523 3252 1593 (ι
3278 1522 3398 1578 Cor.
3425 1523 3564 1594 xxv).
3598 1523 3666 1578 Et

2063 1613 2132 1669 de
2153 1613 2444 1684 juvenibus
2472 1613 2498 1653 ι)
2531 1615 2755 1683 nostris,
2784 1617 2873 1671 vel
2901 1617 3115 1682 electis,
3146 1625 3460 1672 assumeret
3486 1615 3662 1672 Naza-

2064 1721 2205 1763 raeos
2245 1716 2299 1763 et
2341 1706 2737 1775 sanctiﬁcatos,
2775 1709 2870 1779 qui
2913 1708 3025 1764 Deo
3056 1708 3268 1764 animas
3306 1722 3436 1764 suas
3468 1710 3664 1762 immo-

357 1803 622 1874 principio
661 1803 861 1860 factum
898 1805 1129 1875 legimus
1166 1805 1232 1876 (li
1271 1804 1403 1878 Reg.
1443 1806 1582 1878 χχι),
1611 1821 1731 1876 qua:
1759 1805 1846 1860 hic
1874 1806 1958 1860 ul-
1990 1804 2036 1862 Β
2067 1801 2266 1870 lantcs,
2297 1801 2482 1856 vinum
2511 1801 2658 1872 quod
2685 1801 2960 1858 inebriare
2984 1810 3186 1872 potest,
3211 1812 3265 1856 et
3286 1809 3487 1857 statum
3511 1815 3667 1857 men-

357 1896 486 1952 tima
527 1896 783 1952 dicuntur
825 1896 1016 1953 ordine
1057 1907 1411 1954 commutato.
1444 1899 1600 1954 Prius
1631 1913 1760 1969 ergo
1791 1913 1956 1969 quam

357 1987 615 2045 educeret
643 2003 744 2045 nos
774 1989 921 2046 Deus
948 1991 1015 2045 de
1042 2000 1184 2046 terra
1212 1990 1435 2062 Egypti
1455 2035 1469 2060 ,
1504 1991 1573 2048 de
1599 1991 1824 2048 fornace
1851 1991 1958 2047 fer-

358 2098 472 2151 rea,
503 2084 886 2140 exterminavit
908 2095 1040 2142 ante
1063 2085 1254 2141 faciem
1285 2095 1527 2142 nostram
1551 2087 1954 2157 Amorrlueum,

355 2178 447 2249 qui
477 2177 680 2234 dicitur
697 2195 927 2246 amarus,
959 2179 1075 2236 sive
1099 2181 1334 2247 λαλητὸς,
1367 2181 1420 2236 id
1447 2190 1559 2250 est,
1585 2182 1818 2252 loquens,
1841 2185 1958 2237 sive

356 2274 610 2342 funtoms,
634 2278 688 2326 et
720 2271 988 2342 frequenti
1015 2286 1268 2327 sermone
1295 2273 1622 2328 celebratus.
1654 2272 1752 2328 lltc
1775 2282 1954 2328 autem

355 2362 714 2419 Amorrhteus
751 2374 807 2420 et
844 2380 941 2420 rex
965 2365 1412 2422 Amorrhacorum
1444 2367 1752 2438 appellatur
1783 2367 1954 2430 Seon,

355 2456 521 2512 arbor
561 2457 890 2513 infructuosa
930 2465 986 2514 et
1028 2459 1258 2528 sterilis,
1292 2474 1398 2516 non
1430 2459 1575 2531 quod
1604 2459 1818 2516 fructus
1847 2474 1957 2514 non

357 2549 552 2617 faciat;
584 2550 681 2607 sed
709 2551 883 2607 malos
911 2550 1101 2608 afferat
1127 2551 1357 2621 fructus,
1386 2553 1454 2609 de
1481 2553 1677 2625 quibus
1707 2552 1908 2607 dicitur
1939 2568 1956 2609 :

363 2641 544 2697 Omnis
583 2643 737 2698 arbor
760 2660 876 2716 qua:
916 2661 1020 2700 non
1057 2647 1183 2715 facit
1217 2649 1419 2717 fructus
1463 2646 1650 2713 bonos,
1691 2645 1957 2701 excidetur

357 2746 404 2790 et
440 2738 493 2792 in
530 2738 700 2809 ignem
737 2739 968 2794 mittetur
999 2738 1220 2812 (Matth.
1267 2755 1348 2808 ιιι,
1390 2739 1486 2806 10;
1521 2756 1617 2808 vn,
1649 2738 1759 2807 19).
1791 2738 1864 2794 Et
1890 2738 1956 2793 de

359 2831 856 2904 pseudoprophetis
882 2833 1114 2906 legimus
1146 2854 1157 2889 :
1192 2836 1296 2903 Qui
1323 2836 1532 2890 veniunt
1567 2836 1620 2889 in
1644 2835 1956 2889 vestimentis

361 2924 470 2999 [AL
501 2927 704 3002 vestitu]
733 2930 924 2999 ovium,
963 2939 1009 2985 et
1046 2931 1183 2986 intus
1205 2939 1324 2984 sunt
1353 2929 1462 3002 lupi
1487 2946 1721 3000 rapaces,
1753 2945 1816 2984 ea:
1847 2929 1958 2999 fru-

359 3021 524 3078 ctibus
562 3039 736 3078 eorum
766 3026 1082 3096 cognoscetis
1109 3043 1192 3080 eos
1224 3025 1440 3097 (Matth.
1478 3042 1570 3093 vlt,
1601 3027 1692 3091 15,
1722 3025 1811 3097 16)
1848 3043 1860 3080 :
1888 3040 1953 3081 ex

357 3113 518 3170 malis
558 3115 811 3171 videlicet
853 3116 1136 3173 fructibus.
1181 3117 1313 3173 Sive
1358 3116 1523 3188 igitur
1564 3117 1804 3172 fructum
1846 3132 1954 3172 non

2063 1894 2131 1950 tis
2179 1903 2463 1964 evertere,
2517 1909 2625 1948 non
2677 1895 2951 1966 attingunt
3003 1913 3015 1948 :
3069 1903 3128 1949 ut
3171 1893 3407 1951 habeant
3449 1904 3660 1968 comam

2060 1987 2336 2052 Samson,
2381 1988 2434 2042 in
2481 1988 2635 2058 cujus
2679 1988 2858 2059 capite
2895 1988 3042 2061 (quia
3080 1999 3242 2058 caput
3276 1987 3379 2042 viri
3413 1984 3664 2042 Christus

2061 2081 2169 2153 est)
2198 2081 2456 2137 fortitudo
2483 2091 2538 2137 et
2569 2082 2793 2138 victoria
2821 2081 3158 2138 consistebat
3184 2079 3384 2152 (Judic.
3413 2079 3553 2150 xvr).

2133 2174 2318 2244 (Vers.
2363 2175 2480 2246 12.)
2519 2174 2788 2245 Numquid
2829 2191 2932 2230 non
2959 2185 3032 2229 est
3059 2175 3153 2243 ita,
3186 2174 3286 2243 ﬁlii
3311 2171 3502 2241 Israel,
3535 2172 3661 2227 dicit

2060 2271 2219 2344 247
2262 2271 2556 2338 Dominus,
2601 2281 2648 2327 et
2691 2271 3047 2343 prapinabatis
3087 2269 3357 2325 Nazarwis
3395 2269 3570 2324 vinum
3610 2276 3661 2322 et

2061 2366 2326 2437 prophetis
2339 2365 2682 2433 mandabatis,
2706 2365 2930 2419 dicentes
2955 2380 2974 2418 :
3003 2363 3080 2417 Ne
3102 2362 3435 2434 prophetetis.
3463 2372 3485 2400 ο
3509 2359 3657 2417 LXX

2059 2458 2332 2514 similiter.
2365 2459 2449 2513 Me
2479 2457 2635 2513 vobis
2667 2466 2812 2512 tanta
2841 2463 3140 2526 prmstante
3166 2454 3456 2520 beneficia,
3478 2463 3539 2508 ut
3562 2451 3658 2508 ad-

2062 2549 2334 2605 versarios
2363 2559 2578 2605 vestros
2608 2547 3005 2612 interﬁcerent,
3032 2555 3088 2602 et
3115 2558 3313 2602 terram
3344 2559 3536 2600 eorum
3565 2557 3668 2599 vo.-

2059 2644 2143 2700 bis
2167 2645 2463 2709 traderem,
2491 2653 2544 2699 et
2567 2643 2633 2698 de
2656 2641 2782 2697 filiis
2808 2640 3007 2697 vestris
3031 2656 3093 2694 ac
3114 2639 3405 2710 juvenibus
3426 2639 3632 2709 praphe

2062 2745 2144 2794 tas
2176 2739 2432 2809 eligerem
2465 2746 2521 2794 et
2556 2738 2874 2804 Nazarzeos,
2908 2751 3139 2807 meoque
3167 2735 3340 2790 cultui
3369 2747 3631 2791 consecra
3729 2813 3734 2816 .

2060 2848 2198 2888 rem.
2222 2831 2486 2904 Numquid
2520 2832 2749 2904 potestis
2775 2831 2958 2886 dicere
2983 2828 3130 2900 quod
3152 2830 3254 2885 ista
3277 2842 3386 2884 non
3409 2826 3655 2891 fecerim,

2060 2935 2114 2982 et
2154 2942 2327 2981 meam
2373 2941 2497 2997 erga
2541 2942 2636 2981 vos
2675 2925 3022 2981 clementiam
3051 2968 3064 2992 ,
3106 2938 3205 2992 per
3244 2937 3403 2992 quam
3436 2919 3617 2976 vivitis
3641 2962 3657 2987 ,

2059 3019 2417 3089 denegarim?
2459 3020 2564 3089 Qui
2607 3021 2663 3075 in
2701 3028 2910 3074 tantam
2949 3019 3160 3074 rabiem
3205 3015 3555 3087 prorupistis,
3599 3021 3661 3068 ut

2059 3113 2404 3169 inebriaretis
2436 3113 2726 3170 Nazaraeos
2759 3127 2912 3168 meos
2952 3113 3101 3176 vino,
3133 3109 3327 3181 quibus
3354 3108 3474 3180 lege
3513 3121 3656 3178 pm-

359 3203 561 3273 faciat;
587 3207 702 3264 sive
722 3207 916 3275 faciat,
940 3208 1035 3264 sed
1058 3224 1164 3264 non
1181 3209 1381 3264 bonum
1410 3209 1776 3282 :[infructuosa
1792 3209 1956 3264 arbor
1983 3195 2026 3257 C
2061 3216 2278 3278 ceptum
2311 3217 2413 3276 est,
2447 3217 2504 3262 ut
2531 3223 2694 3263 omne
2730 3208 2873 3278 quod
2905 3206 3177 3262 inebriare
3209 3208 3409 3276 potest,
3438 3218 3547 3261 non
3577 3203 3661 3258 bi-

356 3299 678 3370 appellatur.
725 3300 833 3357 lste
871 3300 1040 3370 Seon,
1087 3301 1251 3374 246
1289 3302 1356 3357 de
1395 3317 1503 3372 quo
1535 3303 1796 3372 scriptum
1830 3311 1952 3358 est:

355 3392 480 3446 Jam
518 3393 710 3447 securis
751 3393 820 3446 ad
857 3392 1058 3448 radices
1097 3394 1344 3448 arborum
1385 3396 1555 3465 posita
1580 3404 1655 3450 est
1684 3393 1837 3466 (Luc.
1873 3410 1953 3462 ιιι,

356 3483 436 3556 9),
469 3486 594 3555 quia
623 3484 960 3542 infructuosa
990 3487 1153 3542 arbor
1179 3485 1298 3554 fuit,
1321 3488 1548 3543 Domino
1582 3490 1952 3558 percutiente,

357 3576 601 3632 succisus
645 3588 777 3647 est,
829 3580 985 3648 cujus
1041 3579 1270 3635 altitudo
1327 3581 1616 3636 cedrorum
1677 3581 1952 3635 altitudini

356 3680 724 3742 comparatur,
755 3671 826 3728 de
864 3673 1060 3744 quibus
1096 3673 1325 3744 legimus
1359 3692 1372 3726 :
1416 3674 1536 3728 Vidi
1561 3675 1778 3744 impium
1805 3675 1952 3728 exal-

358 3776 520 3822 tatum
562 3777 608 3823 et
645 3769 898 3823 elevat-um
935 3769 1067 3824 sicut
1096 3772 1274 3824 cedros
1303 3768 1488 3823 Libani
1523 3788 1536 3826 :
1569 3779 1618 3824 et
1647 3769 1880 3836 transivi,
1908 3777 1956 3822 et

357 3875 470 3914 ecce
494 3875 594 3914 non
632 3870 778 3926 erat;
809 3867 858 3915 et
887 3861 1098 3930 qutesiri
1126 3876 1264 3929 eum,
1298 3869 1344 3915 et
1375 3877 1478 3916 non
1509 3871 1584 3915 est
1619 3861 1850 3914 inventus
1881 3860 1958 3914 lo-

356 3969 446 4006 cus
472 3956 583 4026 ejus
609 3951 729 4024 (Ps.
758 3969 945 4020 xxxvr,
979 3955 1072 4020 55,
1103 3957 1213 4025 56).
1245 3953 1312 4009 Et
1345 3954 1572 4024 pulchre
1601 3955 1865 4009 transisse
1895 3969 1955 4009 se

357 4044 508 4111 dicit,
539 4045 661 4116 quia
691 4047 737 4101 ei
763 4045 858 4116 qui
886 4047 1079 4101 transit
1104 4046 1170 4101 de
1193 4047 1414 4111 s:ccnlo,
1443 4056 1496 4100 et
1523 4047 1706 4102 dicere
1733 4057 1915 4118 potest
1939 4064 1953 4100 :

357 4136 635 4192 Transiens
656 4137 833 4192 videbo
856 4139 1100 4193 visionem
1124 4139 1257 4192 hanc
1282 4156 1523 4210 magnam
1546 4139 1740 4212 (Exod.
1769 4155 1846 4207 ιιι,
1874 4139 1953 4210 5),

358 4230 599 4285 aufertur
623 4230 840 4298 cedrus,
869 4238 923 4285 et
952 4232 1101 4286 locus
1133 4232 1402 4301 superbiae
1433 4249 1538 4289 non
1573 4234 1770 4302 poterit
1800 4233 1953 4287 inve-

359 4322 483 4379 niri.
527 4323 808 4379 Fortitudo
846 4341 1061 4394 quoque
1100 4326 1242 4397 ejus,
1288 4328 1441 4396 quasi
1479 4343 1713 4398 quercus
1740 4329 1951 4384 arboris

355 4415 662 4470 durissima:
685 4425 847 4485 atque
871 4415 1208 4471 fortissimae.
1227 4417 1303 4476 Ex
1321 4421 1406 4488 euj
1418 4434 1478 4474 us
1492 4420 1755 4475 vocabulo
1769 4419 1948 4488 Philo,

355 4508 437 4562 vir
463 4508 856 4563 disertissimus
889 4509 1265 4578 Hebrmorum,
1316 4512 1458 4567 Esau
1488 4513 1818 4582 appellatum
1853 4529 1949 4583 pu-

2058 3299 2190 3355 bant
2225 3299 2414 3372 (Num.
2443 3300 2520 3371 vi)
2551 3319 2563 3354 :
2592 3309 2647 3356 et
2673 3300 2954 3370 prephetis
2978 3299 3333 3367 mandaretis,
3362 3313 3430 3352 ne
3452 3296 3508 3351 in
3530 3308 3656 3350 meo

2058 3393 2280 3448 nomine
2337 3393 2754 3465 prophetarent.
2803 3392 2958 3461 Quod
3009 3400 3064 3447 et
3117 3394 3284 3446 Amos
3332 3387 3654 3460 prophetat,

2057 3500 2218 3556 quem
2251 3501 2391 3540 nunc
2427 3485 2690 3542 habemus
2730 3487 2784 3540 in
2818 3483 3384 3553 manibus,‘praecepit
3409 3479 3655 3536 Amasias

2057 3578 2321 3633 sacerdos
2352 3578 2542 3633 Bethel
2578 3597 2589 3632 :
2622 3586 2678 3635 et
2705 3578 2958 3633 Jeremiae
2989 3592 3018 3630 a
3047 3589 3174 3648 rege
3203 3573 3518 3631 mandatum
3548 3579 3656 3641 est,

2059 3687 2128 3727 ne
2159 3673 2338 3728 verbis
2380 3672 2588 3727 Domini
2621 3673 2940 3744 loqueretur
2969 3670 3036 3726 ad
3075 3668 3358 3742 populum,
3390 3667 3662 3723 intantum

2060 3777 2117 3822 ut
2146 3766 2309 3822 etiam
2327 3769 2624 3832 jsermoncs
2657 3766 2776 3836 ejus
2801 3765 3015 3836 ignibus
3035 3770 3430 3820 concremaret.
3455 3761 3532 3816 De
3553 3758 3661 3814 hoc

2059 3859 2179 3914 loco
2202 3860 2454 3916 haeresim
2475 3874 2625 3914 suam
2649 3859 2932 3922 Tatianus,
2949 3854 3349 3927 Encratitarum
3378 3854 3654 3925 princeps,

2059 3962 2271 4010 struere
2300 3955 2509 4020 nititur,
2549 3954 2730 4008 vinum
2762 3967 3015 4008 asserens
3043 3966 3153 4008 non
3186 3949 3502 4016 bibendum,
3531 3960 3658 4002 cum

2059 4059 2112 4104 et
2139 4048 2254 4118 lege
2285 4055 2612 4118 praeceptum
2644 4047 2734 4112 sit,
2769 4061 2840 4102 ne
2871 4045 3118 4102 Nazaraei
3149 4043 3337 4098 bibant
3363 4042 3571 4106 vinum,
3604 4050 3662 4097 et

2058 4158 2202 4198 nunc
2227 4149 2551 4197 accusentur
2576 4157 2606 4196 a
2636 4139 2921 4211 prepheta,
2945 4140 3035 4209 qui
3065 4136 3358 4208 propinent
3384 4134 3660 4190 Nazaraeis

2058 4238 2264 4292 vinum.
2312 4237 2415 4306 Qui
2458 4236 2501 4290 si
2544 4235 2783 4290 litteram
2827 4242 3128 4304 sequuntur
3171 4232 3226 4286 in
3266 4229 3558 4298 omnibus,
3602 4237 3660 4284 et

2057 4330 2309 4386 Judaicas
2352 4329 2563 4386 fabulas
2605 4328 2866 4384 Ecclesiis
2896 4327 3155 4397 ingerunt
3180 4324 3414 4393 Christi,
3446 4337 3578 4395 ergo
3601 4331 3658 4378 et

2056 4440 2266 4482 comam
2309 4426 2515 4481 nutrire
2561 4424 2781 4487 debent,
2812 4434 2867 4478 et
2903 4437 3062 4476 uvam
3089 4435 3309 4490 passam
3335 4434 3400 4474 ac
3426 4418 3657 4475 viridem

2058 4535 2166 4575 non
2197 4519 2504 4585 comedere,
2539 4526 2596 4572 et
2625 4532 2791 4585 super
2822 4524 2995 4569 matre
3022 4522 3076 4568 et
3101 4521 3255 4582 patre
3282 4512 3516 4567 mortuis
3545 4525 3658 4567 non

357 4610 432 4657 tat
468 4600 688 4678 δρύινον,
735 4601 784 4656 id
813 4613 913 4665 esr,
946 4607 1243 4672 quercinum
1286 4614 1340 4659 et
1380 4605 1651 4677 roboreum
1685 4623 1704 4660 :
1735 4607 1868 4662 licet
1899 4615 1953 4663 et
1981 4588 2034 4647 D
2061 4611 2300 4681 ingredi;
2332 4617 2387 4664 et
2416 4609 2460 4664 si
2492 4608 2639 4664 forte
2681 4608 2795 4660 haec
2825 4605 3057 4662 fecerint
3095 4612 3148 4660 et
3178 4603 3383 4660 fuerint
3421 4603 3660 4660 humana

355 4698 497 4752 Esau
542 4697 712 4766 possit
751 4699 968 4768 ποίημα,
1016 4697 1069 4752 id
1111 4708 1215 4764 est,
1258 4701 1463 4768 factura
1501 4699 1755 4770 intelligi,
1796 4708 1852 4753 ut
1881 4700 1952 4754 ad

357 4792 497 4847 mala
543 4806 712 4860 opera
759 4790 1047 4845 referatur.
1097 4791 1174 4845 De
1219 4789 1322 4845 hoc
1362 4791 1486 4845 forti
1528 4801 1689 4861 atque
1728 4791 1958 4846 robusto

359 4892 386 4921 ει
419 4885 676 4939 Dominus
709 4883 950 4953 loquitur
981 4885 1032 4937 in
1066 4883 1362 4957 Evangelio
1401 4901 1412 4936 :
1455 4882 1580 4937 Cum
1610 4885 1757 4954 fortis
1783 4900 1955 4937 arma-

359 4989 439 5032 tus
465 4978 691 5032 custodit
722 4978 916 5031 atrium
945 4993 1120 5043 suum,
1152 4979 1205 5031 in
1236 4993 1362 5047 pace
1389 4960 1508 5032 sunt
1541 4978 1714 5032 omnia
1737 4975 1845 5050 [AL
1873 4976 1955 5050 ea]

355 5089 471 5144 qua:
497 5073 724 5144 possidet
753 5088 772 5127 :
795 5073 841 5126 si
862 5083 1032 5128 autem
1059 5072 1247 5144 fortior
1275 5070 1371 5125 illo
1399 5072 1758 5143 superveniens
1785 5072 1962 5126 vicerit

356 5183 495 5234 eunt,
517 5167 760 5222 universa
789 5183 936 5222 arma
966 5171 1078 5240 ejus
1103 5167 1299 5237 auferet
1324 5164 1428 5238 [ΑΙ.
1457 5165 1674 5238 aufert],
1699 5167 1752 5220 in
1775 5166 1960 5238 quibus

355 5258 681 5329 conﬁdebat,
731 5267 779 5314 et
817 5258 988 5329 spolia
1029 5263 1142 5331 ejus
1189 5259 1463 5315 distribuet
1502 5259 1610 5332 [AL
1650 5258 1957 5331 distribuit].

355 5349 626 5421 Nobisque
647 5352 904 5422 praestitit
929 5352 1206 5418 Dominus,
1235 5360 1296 5407 ut
1316 5352 1526 5408 fructus
1568 5353 1726 5424 hujus
1761 5353 1961 5409 Amor-

357 5442 492 5500 rbzei
519 5443 685 5510 Seon,
714 5459 876 5517 quem
899 5445 1246 5516 interpretari
1278 5445 1668 5502 infructuosam
1697 5447 1950 5503 arborem

432 5616 587 5691 {Hic
619 5625 744 5691 post
772 5618 1076 5676 Victorium
1105 5634 1294 5676 vocem
1321 5618 1579 5676 Dominus
1611 5640 1623 5676 :
1655 5637 1815 5691 supra
1856 5623 1947 5678 ubi

360 5688 507 5764 Psal.
539 5702 709 5764 xttxvr
738 5690 939 5757 laudat,
976 5692 1197 5746 verbum
1231 5692 1470 5762 legimus,
1503 5702 1559 5748 et
1588 5688 1788 5763 passim
1819 5694 1964 5764 ejus-

361 5760 514 5819 modi
552 5761 654 5814 alia
690 5764 970 5818 contextui
996 5760 1306 5819 necessaria
1335 5779 1406 5820 ex
1438 5779 1570 5820 mss.
1594 5760 1961 5822 restituimus.

434 5831 461 5870 ι)
503 5831 753 5889 Martian.
790 5834 992 5898 vestris,
1028 5849 1128 5905 pro
1159 5837 1348 5891 nostris
1381 5836 1643 5908 :quidam
1675 5851 1804 5894 mss.
1832 5854 1963 5894 neu-

2059 4705 2145 4759 vel
2193 4704 2505 4775 fragilitate,
2545 4701 2631 4757 vel
2679 4701 3006 4756 necessitate
3037 4700 3309 4770 superati,
3342 4699 3542 4756 radant
3566 4713 3660 4755 ca-

2060 4797 2191 4867 pita,
2222 4806 2276 4852 et
2301 4797 2440 4851 irriti
2470 4796 2580 4850 sint
2607 4808 2796 4850 omnes
2820 4794 2938 4849 dies
2967 4794 3400 4852 consecrationis
3429 4804 3486 4851 et
3510 4793 3664 4850 labo-

2061 4889 2136 4944 ris
2163 4904 2374 4944 eorum.
2406 4888 2562 4955 Quod
2592 4890 2636 4942 si
2673 4888 2789 4944 haec
2818 4902 2924 4941 non
2959 4886 3186 4957 faciunt,
3219 4902 3395 4958 neque
3423 4895 3662 4958 possunt

2063 4997 2214 5038 more
2258 4980 2611 5038 Judaicorum
2657 4995 2963 5051 cauponum
3005 4982 3239 5038 miscere
3283 4995 3480 5053 aquam
3509 4980 3660 5048 vino,

2063 5077 2287 5154 umbras
2323 5076 2568 5143 veritati,
2617 5074 2895 5146 Evangelii
2933 5075 3123 5146 gratiae
3176 5075 3337 5147 Legis
3368 5073 3668 5131 necessita-

2059 5181 2195 5238 tem,
2228 5170 2550 5226 ebrietatem
2577 5170 2726 5225 illam
2757 5170 3084 5243 intelligant,
3113 5185 3217 5243 qua
3246 5170 3394 5226 curis
3428 5169 3665 5227 saecula-

2062 5261 2214 5318 ribus
2264 5261 2568 5318 inebriatur
2608 5271 2664 5318 et
2704 5262 2953 5319 obruitur
2989 5265 3183 5342 animte
3221 5261 3396 5334 vigor,
3444 5271 3501 5318 et
3531 5262 3660 5318 illos

2061 5355 2344 5426 prophetis
2387 5355 2672 5422 mandare,
2712 5356 2960 5413 dicentes
3003 5374 3018 5411 :
3055 5355 3140 5411 Ne
3169 5355 3517 5428 praphetetis,
3549 5357 3664 5426 qui,

2064 5448 2244 5505 livore
2287 5450 2556 5520 superati,
2600 5447 2892 5520 prohibent
2934 5447 3178 5507 eruditos
3219 5450 3373 5506 viros
3404 5448 3672 5506 doctrinae

2061 5635 2208 5682 trum
2231 5627 2430 5684 sciunt.

2111 5709 2170 5828 lc
2203 5698 2446 5825 tDeerant
2486 5701 2674 5769 verba,
2706 5697 2858 5754 LXX
2889 5701 3145 5772 similiter,
3180 5701 3506 5775 quaﬁnostri
3533 5716 3666 5777 sup-

2071 5786 2106 5840 p
2131 5786 2197 5828 en
2250 5787 2382 5828 mss.
