4120 6342
469 259 600 314 1011
1687 255 1746 312 S.
1789 253 2066 318 EUSEBII
2107 251 2490 314 lllERONYIﬂ
3633 259 3728 314 101
3743 259 3776 312 ι).

463 375 712 446 proferre
751 389 1080 430 sermonem.
1127 375 1192 428 Et
1233 373 1450 430 dicente
1491 373 1723 428 Domino
1771 391 1783 426 :
1843 371 1986 434 Vade
2015 381 2064 430 et
2091 377 2146 446 Α
2173 375 2472 444 posuimus.
2499 375 2652 432 Nunc
2681 387 2862 442 autem
2887 377 2952 432 ad
2977 387 3166 434 nostra
3193 379 3508 434 redeamus.
3547 379 3777 438 Volvere

465 467 548 521 dic
575 465 770 540 populo
799 467 920 522 huic
953 465 1058 538 (ιε.
1091 481 1164 532 v1,
1197 464 1278 536 9),
1313 465 1392 520 illi
1419 467 1734 522 econtrario
1755 466 1968 538 jubent,
2001 480 2070 522 ne

457 545 706 632 loquaris
751 561 804 616 in
851 561 1072 616 nomine
1111 557 1352 628 Domini,
1397 561 1632 616 maxime
1658 561 1704 614 si
1737 559 1828 614 ille
1856 561 1944 632 qui
1973 559 2072 616 do-

465 660 604 714 ceat,
635 667 742 708 non
787 653 928 723 turpi
969 653 1122 708 lucro
1149 661 1206 708 et
1235 653 1428 720 gloriae
1457 662 1620 724 atque
1643 651 1940 722 jactautiac,
1968 653 2066 708 sed

467 745 684 800 utilitati
715 745 1006 816 legentium
1041 745 1488 816 audientiumque
1517 745 1824 816 provideat.

537 835 718 906 (Vers.
755 837 824 892 15
855 833 1036 908 seqq
1069 835 1205 892 Ecce
1233 853 1326 910 ego
1355 838 1580 894 stridebo
1601 839 1776 894 subter
1799 855 1906 904 ros,
1933 839 2068 896 sicut

465 929 648 984 stridet
689 927 852 1002 248
891 931 1180 1002 plaustrum
1207 939 1448 984 onustum
1477 930 1618 1000 feno,
1651 939 1698 986 et
1727 929 1912 1000 peribit
1943 931 2068 1002 fuga

463 1041 496 1076 a
533 1023 724 1086 veloce,
756 1033 804 1078 et
831 1025 984 1092 fortis
1025 1041 1128 1078 non
1157 1023 1398 1080 obtinebit
1429 1025 1668 1078 virtutem
1697 1041 1870 1088 suam,
1905 1033 1950 1078 et
1981 1041 2069 1080 ro-

463 1117 641 1170 bustus
671 1133 776 1172 non
805 1115 1025 1172 salt'abit
1051 1119 1276 1172 animam
1305 1133 1474 1184 suam,
1497 1127 1542 1172 et
1567 1127 1740 1172 tenens
1763 1135 1942 1172 arcum
1963 1135 2066 1174 non

461 1207 636 1276 stabit,
665 1221 708 1262 et
737 1210 886 1266 velox
915 1209 1130 1278 pedibus
1158 1211 1262 1264 suis
1289 1227 1390 1264 non
1419 1209 1721 1278 mirabitur,
1751 1223 1796 1264 et
1823 1227 2068 1266 ascensor

465 1305 581 1374 equi
609 1322 712 1359 non
740 1305 958 1360 salrttbit
983 1307 1212 1360 animout
1237 1321 1402 1370 suam,
1426 1315 1476 1360 et
1497 1305 1738 1362 robustus
1759 1307 1912 1362 corde
1933 1309 2067 1362 inter

467 1402 660 1466 fortes,
692 1399 862 1452 nudus
895 1400 1058 1472 fugiet
1079 1399 1134 1452 in
1159 1399 1240 1452 die
1269 1397 1382 1464 illa,
1409 1399 1530 1452 dicit
1563 1397 1838 1454 Dominus.
1869 1399 2016 1454 LXX
2049 1417 2062 1454 :

467 1491 796 1566 Quapmpter
833 1507 946 1546 ecce
975 1509 1080 1564 ego
1113 1491 1312 1546 volvam
1355 1491 1526 1546 subter
1561 1508 1650 1546 vos
1689 1493 1822 1546 sicut
1847 1493 2067 1548 volvitur

465 1585 760 1652 plaustrum
785 1583 994 1656 plenum
1033 1585 1248 1646 stipula,
1295 1591 1340 1638 et
1381 1585 1564 1654 peribit
1603 1585 1730 1654 fuga
1769 1601 1798 1638 tt
1831 1599 2062 1654 cursore,

463 1689 510 1730 et
547 1679 696 1746 fortis
739 1693 838 1730 non
871 1677 1112 1730 obtinebit
1145 1677 1500 1748 fortitudinem
1527 1693 1696 1743 suam,
1729 1685 1778 1732 et
1803 1687 2067 1750 pugnator

463 1787 566 1826 non
595 1771 814 1826 salrabit
841 1771 1070 1824 animum
1098 1787 1268 1840 suam,
1301 1781 1346 1826 et
1383 1773 1680 1842 sagittarius
1711 1789 1814 1828 non
1841 1773 2066 1828 sustine-

459 1865 552 1928 bit,
585 1875 634 1918 et
661 1865 808 1918 velox
835 1863 1056 1936 pedibus
1085 1865 1280 1918 salvari
1319 1882 1422 1920 non
1451 1867 1668 1938 poterit,
1699 1877 1748 1920 et
1777 1883 1926 1938 eques
1965 1883 2068 1924 non

459 1955 676 2010 salvabit
705 1959 932 2010 animout
963 1972 1134 2024 suam,
1163 1967 1190 1994 ιι
1211 1965 1260 2012 et
1283 1957 1544 2012 inventum
1559 1974 1647 2012 cor
1677 1962 1788 2031 ejus
1813 1959 1948 2014 inter
1975 1975 2068 2030 po-

461 2055 642 2114 tentes,
688 2059 734 2102 et
763 2049 930 2102 nudus
961 2049 1124 2120 fugiet
1155 2049 1208 2102 in
1237 2047 1320 2102 die
1351 2047 1476 2120 illa,
1511 2051 1641 2104 dicit
1671 2047 1944 2106 Dominus.
1981 2049 2068 2106 Me

459 2141 616 2198 vobis
663 2149 956 2210 priestante
987 2143 1272 2212 beneficia,
1309 2153 1364 2198 et
1389 2143 1656 2200 educeute
1687 2159 1789 2200 vos
1818 2145 1886 2200 de
1915 2121 2064 2202 terra

461 2231 706 2304 Egypti,
742 2243 794 2288 et
827 2233 1188 2290 iutcrficiente
1217 2243 1344 2290 ante
1370 2235 1560 2292 faciem
1593 2247 1830 2314 vestram
1859 2236 2064 2294 Amor-

461 2325 692 2392 rhmutn,
723 2333 780 2380 ut
805 2327 1162 2396 possideretis
1191 2335 1390 2384 terram
1419 2329 1556 2398 ejus,
1586 2339 1642 2384 et
1669 2333 1970 2408 suscitante
1997 2329 2066 2388 de

459 2417 586 2474 ﬁliis
627 2419 828 2476 vestris
869 2421 1182 2492 prophetas,
1217 2423 1365 2478 etde
1399 2421 1692 2494 juvenibus
1723 2425 1924 2480 vestris
1951 2423 2062 2478 Na-

459 2525 670 2566 zarteos
695 2553 710 2576 ,
751 2528 844 2566 vos
891 2513 1251 2570 inebriabatis
1291 2513 1578 2572 Nazarseos
1615 2531 1768 2574 meos
1809 2517 1966 2586 vino,
2009 2527 2064 2574 et

459 2606 741 2674 prepbetis
785 2607 1048 2662 dicebatis
1083 2627 1094 2660 :
1126 2607 1206 2664 Ne
1257 2609 1618 2680 prophetetis.
1669 2611 1876 2668 Idcirco
1921 2612 2064 2668 sicut

457 2699 758 2766 plausuum
791 2699 1008 2770 stipula:
1055 2701 1136 2758 vel
1173 2701 1280 2756 feni
1301 2717 1470 2760 onere
1493 2715 1916 2774 pratgravatum,
1942 2706 2064 2760 stri-

459 2793 592 2844 dore
621 2797 678 2844 et
699 2791 882 2846 sonitu
911 2793 1070 2862 longe
1101 2793 1342 2850 exululat
1371 2813 1382 2848 :
1407 2795 1486 2850 sic
1505 2811 1606 2866 ego
1641 2807 1860 2864 peccata
1880 2807 2060 2852 vestra

461 2881 600 2938 ultra
653 2897 760 2938 non
806 2885 1108 2952 sustinens,
1149 2895 1204 2942 et
1241 2887 1394 2956 quasi
1431 2888 1686 2958 stipulam
1719 2889 1938 2944 tradens
1979 2889 2060 2944 in-

461 2975 674 3044 cendio,
717 2977 967 3032 clamabo
1007 2989 1064 3034 et
1103 2977 1280 3032 dicam
1329 2997 1342 3034 :
1395 2979 1592 3034 Peribit
1623 2983 1750 3052 fuga
1779 2999 1809 3034 a
1839 2983 2056 3038 veloce:

459 3084 620 3138 quem
649 3067 676 3106 ι)
713 3069 922 3124 llebrtei
953 3069 1246 3124 Jeroboam
1281 3071 1450 3124 lilium
1481 3071 1690 3128 Nabath
1723 3073 2052 3144 intelligunt,

455 3163 544 3232 qui
579 3163 732 3230 prius
761 3165 814 3218 iu
843 3163 1132 3236 .rligyptunt
1167 3163 1379 3235 fugerat
1415 3165 1507 3236 (Ill
1535 3163 1664 3236 Reg.
1697 3170 1795 3236 ιιι).
1831 3141 1928 3224 Hic
1959 3185 2060 3224 au-
2091 3141 2136 3206 Ο

459 3265 566 3308 tem
599 3269 702 3309 non
736 3255 884 3324 ipsos
911 3257 1210 3326 principes,
1236 3257 1330 3312 sed
1355 3259 1548 3314 duiuos
1579 3275 1793 3326 eorum,
1815 3271 1882 3316 .et
1905 3263 2064 3318 sobo-

453 3345 558 3402 lem
587 3349 938 3416 accipiamus.
962 3347 1026 3406 Et
1045 3350 1196 3418 fortis
1225 3367 1324 3404 non
1355 3349 1596 3408 obtinebit
1617 3353 1856 3408 virtutem
1879 3371 2064 3412 suam:

453 3439 646 3494 fortem
675 3439 848 3494 Basan
875 3442 1308 3512 interpretantur
1333 3485 1344 3506 ,
1371 3443 1466 3514 qui
1493 3443 1592 3498 fuit
1617 3445 1684 3498 ad
1710 3445 1850 3500 bella
1875 3463 2062 3516 prom-

459 3533 740 3600 ptissimus
766 3533 860 3606 (Ill
893 3527 1023 3606 Reg.
1061 3537 1172 3606 xv).
1213 3537 1274 3590 Et
1313 3537 1557 3592 robustus
1585 3555 1688 3596 non
1713 3541 2066 3598 satvabitani-

457 3641 594 3678 mam
633 3643 782 3680 suam
815 3643 832 3680 :
865 3627 1008 3682 hunc
1037 3627 1122 3682 hic
1153 3629 1302 3684 Amri
1337 3628 1444 3704 [ΑΙ.
1493 3629 1666 3704 Omri]
1699 3637 1962 3690 sentiunt.
1999 3635 2062 3688 Et

456 3725 632 3774 tenens
659 3735 858 3786 arcum,
889 3736 990 3774 non
1017 3719 1192 3792 stabit,
1217 3721 1332 3776 sive
1355 3723 1626 3776 sustinebit
1653 3739 1671 3778 :
1703 3725 1770 3780 de
1790 3723 1924 3780 Jehu
1949 3725 2065 3782 filio

457 3809 640 3864 Natusi
685 3809 792 3882 [AL
833 3811 1064 3884 Nentsi],
1109 3813 1200 3880 qui
1231 3815 1414 3870 Joram
1447 3831 1626 3886 regem
1669 3815 1832 3872 [Srael
1865 3819 2060 3888 Sagitta

459 3907 728 3970 percussit
757 3903 846 3975 (IV
893 3905 1020 3976 Reg.
1067 3905 1168 3976 ix),
1199 3905 1404 3962 dictum
1429 3915 1660 3978 “putant.
1699 3907 1760 3962 Et
1791 3909 1940 3964 velox
1969 3928 2062 3978 pe-

457 3993 606 4046 dibus
651 3995 760 4048 suis
795 4012 898 4050 nou
937 3995 1224 4052 salvabitur
1253 4014 1272 4054 :
1305 3997 1570 4054 Manalten
1603 3999 1930 4070 intelligunt,
1965 4001 2061 4074 qui

453 4083 654 4140 frustra
695 4085 956 4143 festinans
997 4091 1112 4160 regi
1156 4089 1504 4162 Assyriorum
1549 4091 1692 4148 dona
1737 4095 1936 4150 direxit
1969 4095 2062 4168 (IV

457 4177 590 4250 Reg.
617 4177 706 4250 xv)
729 4197 742 4232 :
769 4177 838 4232 Et
865 4197 1106 4236 ascensor
1127 4185 1242 4256 equi
1263 4200 1364 4238 non
1387 4185 1602 4240 salvabit
1627 4187 1858 4240 animum
1879 4203 2062 4244 suam:

459 4267 606 4326 hunc
647 4271 896 4340 Pbacee,
939 4273 1110 4330 ﬁlium
1141 4273 1426 4344 Romeliae,
1459 4279 1922 4348 interpretantur,
1971 4281 2062 4348 qui

451 4361 642 4432 juncto
685 4363 876 4430 Aram,
915 4365 966 4422 id
1009 4377 1114 4436 est,
1163 4367 1324 4440 Syro,
1355 4371 1457 4424 sub
1499 4385 1624 4441 rege
1651 4367 1832 4425 Acltaz
1857 4369 2061 4430 Judtete

457 4455 630 4510 multa
659 4457 914 4514 vastavit.
953 4455 1024 4514 Et
1051 4461 1296 4514 robustus
1325 4459 1498 4526 corde,
1529 4463 1666 4514 inter
1696 4463 1856 4532 fortes
1887 4465 2058 4522 nudus

2175 481 2236 522 se
2265 467 2454 524 subter
2483 483 2578 524 eos
2611 469 2910 540 plaustrum
2935 467 3054 544 [AL
3089 471 3234 526 sicut
3267 470 3590 544 plaustrum]
3627 487 3776 528 com-

2175 559 2588 630 minaturDeus,
2615 561 2742 618 feno
2773 562 2856 618 vel
2879 563 3076 634 stipula
3111 571 3536 634 przegravatum,
3565 575 3622 616 ut
3645 561 3776 634 quia

2175 653 2504 708 frumentum
2557 670 2662 710 nou
2714 655 2914 712 habent
2956 655 3098 726 quod
3143 655 3196 710 in
3231 655 3426 710 horrea
3473 653 3766 724 condatur,

2173 747 2356 804 fenum
2389 764 2582 804 eorum
2613 759 2668 804 et
2699 749 2896 820 stipula
2931 749 3182 806 incendio
3215 763 3617 804 concremetur.
3657 747 3774 804 Hoc

2171 850 2254 896 est
2277 839 2460 896 fenum
2493 841 2560 898 de
2585 858 2691 914 quo
2721 843 2986 914 propheta
3009 843 3176 898 dicit:
3214 839 3377 896 Fiant
3419 843 3552 898 sicut
3583 842 3764 910 festam

2169 935 2531 1002 aediﬁciorum,
2571 935 2710 1004 quod
2745 937 3050 1006 priusquam
3089 931 3362 1002 avellatur,
3409 935 3612 988 exaruit
3648 933 3773 1006 (Ps.

2169 1018 2396 1096 cxxvm,
2427 1027 2503 1100 ti).
2537 1027 2604 1084 Et
2631 1043 2643 1080 :
2681 1027 2862 1084 Omnis
2889 1045 3014 1084 caro
3041 1031 3219 1100 fenum
3245 1027 3402 1100 (Isai.
3425 1045 3518 1094 XL,
3551 1029 3631 1098 ὕ).
3661 1025 3778 1084 Sti—

2173 1119 2296 1188 pula
2323 1129 2504 1174 autem
2537 1119 2626 1174 illa
2666 1129 2772 1186 est,
2817 1135 2982 1190 super
3019 1121 3174 1190 cujus
3217 1117 3476 1176 incendio
3519 1119 3776 1176 ﬂebiliter

2169 1213 2430 1284 propheta
2454 1215 2775 1284 complorat,
2819 1217 3012 1272 dicens
3043 1233 3055 1270 :
3093 1215 3212 1270 Heu
3251 1213 3379 1270 mihi
3406 1215 3426 1268 !
3453 1215 3574 1286 quia
3601 1217 3775 1286 factus

2167 1321 2280 1358 sum
2301 1307 2429 1360 sicut
2457 1307 2544 1376 qui
2573 1307 2774 1380 colligit
2805 1305 3056 1378 stipulam
3081 1308 3134 1364 in
3157 1325 3338 1376 utesse,
3381 1317 3426 1362 et
3467 1307 3598 1362 sicut
3629 1322 3778 1360 race-

2167 1417 2280 1456 mos
2311 1401 2364 1456 in
2389 1401 2664 1468 vindemia,
2691 1419 2806 1456 cum
2831 1419 2934 1456 non
2961 1403 3024 1456 sit
3055 1401 3234 1458 botrus
3255 1404 3324 1458 ad
3347 1403 3778 1458 manducandum

2169 1495 2450 1564 primitira.
2493 1494 2614 1550 Heu
2641 1497 2768 1550 mihi
2786 1498 2807 1552 .’
2833 1498 3008 1552 anima
3033 1495 3146 1570 [ΑΙ.
3175 1497 3394 1556 additur
3423 1497 3558 1572 mea]
3597 1543 3612 1566 ,
3651 1497 3776 1568 quia

2169 1591 2320 1660 periit
2343 1607 2578 1646 reverens
2607 1591 2855 1660 detersa,
2885 1601 2932 1648 et
2961 1593 3050 1662 qui
3073 1603 3268 1648 rectum
3289 1593 3478 1664 faciat,
3511 1593 3566 1646 in
3597 1589 3774 1646 Itami-

2169 1685 2318 1742 nibus
2353 1703 2456 1742 non
2485 1695 2560 1742 est
2587 1703 2606 1742 :
2645 1703 2824 1744 omnes
2861 1689 2914 1742 in
2953 1687 3206 1762 sanguine
3235 1689 3546 1760 judicantur
3577 1685 3774 1760 (Miclt.

2096 1749 2145 1810 B
2173 1793 2264 1844 vn,
2295 1777 2372 1848 1),
2401 1787 2456 1834 et
2487 1779 2714 1848 reliqua.
2757 1779 2869 1836 Hoc
2895 1789 2982 1834 est
3015 1749 3196 1834 fcitum
3229 1749 3284 1832 et
3309 1777 3530 1848 stipula,
3565 1749 3636 1832 de
3663 1791 3774 1848 qua

2171 1879 2228 1924 et
2255 1871 2546 1942 Apostolus
2571 1871 2846 1942 loquitur:
2873 1871 3060 1942 Ligna,
3089 1871 3296 1938 fenum,
3327 1871 3548 1942 Stipula,
3583 1873 3780 1926 unius-.-

2170 1961 2434 2036 cnjusquc
2462 1980 2600 2032 Opus
2627 1965 2974 2022 manifestum
3007 1963 3158 2036 fiet(l
3195 1963 3318 2020 Cor.
3351 1965 3434 2036 ιιι)
3465 1981 3478 2018 :
3513 1965 3778 2034 quoniam

2171 2055 2222 2110 in
2274 2055 2362 2112 die
2409 2057 2626 2114 Domini
2669 2057 2722 2114 in
2767 2059 2888 2128 igne
2939 2055 3294 2112 revelabitur.
3351 2055 3778 2126 l’laustrumque

2169 2151 2312 2222 quod
2347 2151 2588 2206 volvitur
2613 2193 2626 2216 ,
2677 2151 2808 2206 illud
2841 2159 2944 2220 est,
2993 2151 3062 2206 de
3093 2167 3198 2222 quo
3241 2151 3292 2204 in
3327 2149 3462 2204 l~aia
3503 2149 3774 2220 legimus:

2168 2241 2622 2300 Conculrabiturd
2671 2243 2938 2314 Moabitis,
2987 2245 3119 2298 sicut
3167 2245 3506 2298 conculcatur
3545 2259 3664 2296 ιιι·ιά
3721 2243 3776 2298 in

2169 2339 2416 2409 plaustris
2445 2337 2552 2410 (Is.
2585 2355 2714 2406 xxv,
2751 2337 2862 2410 10).
2915 2339 2976 2396 Et
3007 2339 3060 2394 in
3093 2339 3198 2392 alio
3231 2338 3352 2392 loco
3387 2337 3652 2402 :Ponam,
3691 2339 3776 2392 in-

2167 2431 2304 2502 quit,
2335 2441 2380 2486 te
2405 2431 2540 2486 sicut
2567 2439 2710 2486 rotas
2739 2431 2962 2500 plaustri
2993 2447 3146 2486 noras
3175 2448 3290 2484 cum
3317 2447 3584 2486 serrarum
3603 2430 3772 2486 denti-

2167 2525 2282 2596 bus,
2311 2537 2358 2580 et
2375 2535 2603 2580 conteres
2629 2533 2846 2596 montes,
2868 2535 2918 2580 et
2939 2525 3252 2580 contminues
3273 2525 3426 2580 colles
3447 2523 3638 2596 (Ibid,
3657 2539 3774 2592 XLI,

2169 2619 2260 2690 15)
2293 2637 2304 2672 :
2351 2628 2374 2656 ε
2409 2629 2464 2676 et
2506 2627 2796 2688 postquam
2841 2627 3056 2674 montes
3095 2617 3380 2690 collesque
3409 2619 3774 2682 contriveris,

2163 2713 2338 2782 periet
2369 2711 2488 2784 fuga
2517 2727 2544 2766 a
2575 2713 2784 2778 vcloce,
2809 2711 3028 2768 dicente
3057 2711 3259 2766 Paulo:
3295 2709 3519 2766 Nescitis
3547 2711 3670 2782 quia
3693 2709 3770 2776 hi,

2163 2808 2250 2878 qui
2281 2807 2336 2862 in
2355 2809 2526 2862 stadio
2553 2817 2794 2872 currunt,
2815 2823 2990 2862 omnes
3017 2805 3224 2874 quidem
3245 2818 3484 2878 currunt,
3513 2823 3646 2860 unus
3676 2823 3774 2860 au-

2165 2907 2262 2952 tent
2287 2901 2478 2968 accipit
2509 2899 2778 2972 braiium(
2809 2903 2824 2952 Ι
2853 2898 2972 2954 Cor.
3005 2917 3082 2970 ιχ,
3111 2899 3227 2970 24).
3265 2899 3329 2952 Et
3370 2901 3420 2954 in
3465 2899 3570 2954 alio
3601 2900 3726 2954 loco
3757 2917 3772 2956 :

2163 2987 2456 3045 Currebatis
2483 2991 2624 3056 bene,
2657 2993 2773 3064 quis
2801 3007 2886 3046 vos
2915 2991 3180 3062 impedivit
3207 3009 3306 3046 non
3329 2993 3654 3064 acquiescere
3683 3009 3774 3046 ve-

2165 3085 2308 3140 ritati
2337 3083 2480 3156 (Gal.
2519 3104 2572 3150 v,
2607 3085 2702 3160 7)?
2751 3087 2904 3144 Unde
2943 3097 3000 3142 et
3038 3085 3108 3142 de
3145 3101 3204 3142 se
3239 3087 3436 3142 timens
3481 3087 3556 3142 ait
3597 3104 3610 3138 :
3653 3083 3776 3140 Non

2169 3179 2290 3248 quia
2317 3179 2426 3246 iam
2453 3181 2648 3248 accepi,
2676 3189 2764 3232 aut
2795 3179 3048 3252 perfectus
3069 3181 3165 3234 sim
3195 3197 3212 3234 :
3241 3197 3394 3234 curro
3415 3189 3586 3234 autem
3608 3179 3652 3232 si
3679 3197 3776 3250 ap—

2169 3271 2520 3342 pro/tendant,
2571 3275 2626 3326 in
2665 3289 2766 3342 quo
2819 3283 2866 3328 et
2911 3273 3262 3346 apprehensus
3313 3291 3428 3326 sunt
3481 3291 3512 3326 a
3563 3271 3773 3328 Christo

2171 3361 2396 3434 (Philip.
2429 3379 2512 3432 ιιι,
2557 3363 2670 3436 12).
2711 3365 2839 3420 llaec
2863 3365 3114 3420 universa
3147 3365 3412 3432 faciebat,
3461 3381 3528 3422 ue
3563 3367 3776 3436 periret

2169 3457 2294 3526 fuga
2319 3471 2348 3510 a
2380 3457 2566 3510 Voluce
2597 3473 2610 3510 :
2645 3457 2998 3526 tlttatnohrem
3030 3473 3152 3512 eum
3189 3459 3300 3528 jam
3337 3463 3671 3528 pervenisset
3701 3459 3772 3514 ad

2169 3547 2396 3616 calcem,
2449 3559 2506 3604 et
2549 3549 2854 3622 accepisset
2903 3551 3148 3606 hravium
3203 3553 3484 3620 vietorim,
3539 3567 3772 3610 securus

2167 3643 2348 3696 aiebat
2372 3661 2386 3696 ι
2418 3641 2682 3698 Certamen
2708 3643 2894 3698 bonum
2916 3647 3128 3712 certavi,
3157 3663 3366 3702 cursum
3393 3650 3770 3718 consummavi,

2167 3733 2322 3802 ﬁdem
2347 3737 2540 3788 servavi
2555 3777 2566 3796 ,
2613 3735 2674 3790 de
2697 3747 2882 3792 cratera
2908 3739 3136 3808 reposita
3161 3749 3232 3792 est
3273 3739 3400 3792 mihi
3427 3741 3651 3812 justitite
3677 3758 3770 3794 co-

2167 3841 2318 3894 rona,
2363 3843 2520 3898 quant
2563 3827 2745 3882 reddet
2791 3829 2918 3882 mihi
2959 3827 3214 3884 Dominus
3253 3831 3306 3886 in
3347 3831 3430 3886 die
3469 3833 3564 3886 illa
3589 3833 3772 3904 justus

2157 3919 2326 3990 judea:
2353 3935 2372 3972 :
2395 3935 2498 3972 non
2525 3917 2698 3974 solum
2725 3931 2894 3974 autem
2923 3921 3080 3990 mihi,
3115 3923 3208 3978 sed
3235 3933 3284 3978 et
3315 3923 3550 3978 omnibus
3571 3927 3657 3996 qui
3681 3925 3768 3978 di-

2167 4013 2332 4084 ligunt
2359 4013 2636 4067 adventum
2657 4015 2768 4078 eius
2801 4015 2866 4084 (ll
2887 4013 3024 4070 Tim.
3050 4032 3122 4086 tv,
3159 4017 3216 4086 7,
3245 4017 3322 4092 ὅ).
3361 4019 3416 4074 Si
3439 4019 3608 4090 gradu
3633 4033 3769 4074 con-

2165 4105 2276 4160 cito
2305 4103 2626 4174 fugerimus,
2661 4115 2938 4174 peccatum
2971 4123 3072 4162 nos
3099 4109 3514 4180 apprehendere
3537 4127 3644 4166 non
3677 4127 3772 4165 va-

2169 4199 2329 4264 lebit;
2355 4199 2442 4254 sin
2465 4209 2647 4254 autem
2675 4199 2920 4270 ligaverit.
2938 4199 3140 4256 malitia
3159 4201 3324 4274 pedes
3345 4211 3584 4272 nostros,
3605 4203 3772 4278 250

2167 4291 2456 4364 loquemur
2480 4305 2602 4346 cum
2629 4291 2898 4364 propheta
2919 4293 2987 4346 ad
3012 4293 3186 4348 Deum
3221 4311 3232 4346 :
3271 4295 3386 4362 Quo
3410 4295 3495 4350 ibo
3515 4313 3546 4350 a
3575 4299 3771 4366 spiritu

2164 4391 2275 4450 tuo,
2323 4393 2372 4438 et
2393 4401 2494 4454 quo
2523 4399 2556 4436 a
2581 4383 2716 4456 facie
2737 4395 2826 4439 tua
2855 4385 3056 4458 fugiant
3103 4383 3226 4456 (Ps.
3263 4399 3524 4454 cxxxvttt,
3567 4385 3660 4458 7)?
3691 4387 3771 4444 De

2165 4477 2323 4530 malis
2357 4475 2674 4532 cursoribus
2701 4477 2996 4548 Apostolus
3027 4479 3266 4548 loquitur
3300 4497 3312 4534 :
3355 4477 3482 4532 Non
3521 4479 3762 4544 volentis,

459 4547 630 4642 Ῐῖιαῖϐε⁸
657 4547 712 4642 in
759 4547 845 4610 die
881 4549 1000 4618 illa.
1043 4549 1174 4604 άὶεἱε
1203 4549 1454 4604 Dominus
1482 4549 1694 4642 (Ῑδίάιλ
1727 4553 1891 4612 80105
1917 4555 2058 4614 0560
2085 4541 2140 4602 Β
2165 4585 2326 4640 neque
2353 4571 2623 4636 currentis,
2657 4541 3056 4624 sed-miserentis
3085 4541 3154 4624 est
3187 4567 3288 4624 Dei
3333 4569 3512 4642 (Rom.
3540 4586 3618 4638 ts,
3645 4541 3763 4642 16).

459 4641 550 4708 qui
583 4639 802 4694 ultimus
825 4657 916 4696 rex
941 4643 1132 4698 decem
1165 4641 1398 4698 tribuum
1425 4641 1546 4711 fuit,
1579 4655 1632 4700 et
1657 4657 1930 4704 errantem
1962 4667 2060 4722 po-

459 4731 643 4800 pulmn
683 4731 750 4788 ad
779 4731 874 4788 Dei
907 4733 1112 4790 cultum
1141 4749 1400 4792 revocare
1429 4747 1657 4794 conatus
1683 4751 1768 4795 est
1801 4741 1892 4814 (ιν
1923 4743 2056 4818 Reg.

455 4828 636 4896 xviii),
671 4837 692 4864 ο
721 4829 876 4898 quasi
923 4827 1102 4884 nudus
1146 4827 1461 4898 egredietur
1499 4829 1609 4902 ιΑι.
1653 4835 1950 4910 egreditur]
1986 4837 2057 4894 de

458 4917 623 4990 249
646 4919 920 4974 incendio.
953 4919 1166 4974 Nudum
1199 4929 1380 4977 autem
1409 4933 1603 4990 vocat,
1632 4923 1756 4996 quia
1791 4929 1894 4982 sub
1931 4927 2054 4998 ipso

461 5019 650 5072 decem
681 5017 851 5072 tribus
881 5025 1054 5088 captae
1085 5025 1234 5072 sunt.
1269 5015 1384 5072 l-loc
1411 5017 1626 5076 Hehrmi
1663 5031 1969 5092 autumant,
1999 5033 2056 5080 et

459 5101 600 5169 sicut
631 5111 788 5168 nobis
809 5109 878 5166 ab
901 5111 1034 5182 ipsis
1057 5111 1318 5166 traditum
1345 5119 1450 5178 est,
1477 5113 1680 5170 nostris
1703 5115 1938 5174 fideliter
1959 5135 2054 5176 ex-

533 5285 558 5314 ει
589 5273 782 5348 Mirum
825 5273 929 5327 hoc
969 5271 1112 5341 loco,
1137 5279 1406 5348 quantum
1447 5273 1562 5344 ipsa
1591 5275 1658 5330 sb
1687 5277 1916 5334 invicem
1943 5281 2054 5336 dis-

459 5347 698 5404 sentiant
722 5343 1291 5416 Graecaexemplaria.
1315 5343 1652 5416 Quaitiquam
1675 5349 1790 5406 fere
1813 5349 2052 5410 Alexan.

461 5419 616 5474 drino
646 5415 836 5472 istluec
867 5413 1106 5494 adhaeret
1138 5413 1548 5494 interpretatio,
1573 5421 1734 5494 verba
1773 5431 1974 5494 tamen,
2007 5433 2054 5478 et

459 5495 718 5543 inventum
759 5503 846 5540 cor
891 5489 1004 5558 ejus
1044 5485 1178 5540 inter
1223 5485 1486 5556 potentes,
1533 5489 1588 5542 itt
1627 5491 1760 5544 Cist.
1809 5509 1910 5549 ms.
1945 5485 2052 5550 non

458 5569 850 5694 sugl.Auctori,
899 5627 990 5696 qui
1033 5627 1256 5682 Ruﬁnus
1293 5629 1462 5698 audit,
1499 5637 1608 5683 tota
1639 5629 1757 5686 haec
1789 5633 2052 5690 Hebraeu-

463 5717 582 5756 rnm
616 5701 832 5754 traditio
865 5715 968 5754 non
993 5699 1168 5768 magni
1199 5699 1438 5765 ponderis
1468 5699 1686 5755 dicitur.

541 5769 906 5842 c_Martiauttei
945 5769 1110 5829 editio
1136 5769 1308 5840 addit,
1342 5771 1463 5840 quia
1491 5771 1542 5826 in
1569 5773 1668 5826 ltoc
1697 5789 1800 5832 non
1829 5793 2054 5850 perure-

2167 4659 2460 4730 Sequitur:
2497 4659 2564 4716 Et
2591 4661 2740 4732 fortis
2759 4679 2860 4718 non
2881 4661 3122 4716 obtinebit
3155 4663 3398 4718 virtutem
3436 4679 3586 4717 suam
3611 4679 3630 4717 :
3655 4677 3766 4718 non

2167 4767 2274 4824 quo
2305 4753 2461 4808 fortis
2493 4755 2592 4820 sit,
2635 4753 2730 4808 sed
2763 4769 2868 4826 quo
2891 4753 3086 4808 fortem
3119 4769 3178 4808 se
3201 4769 3324 4808 esse
3353 4753 3589 4826 jactitct.
3633 4755 3768 4810 Sive

2163 4847 2254 4918 qui
2277 4847 2502 4902 conlidit
2533 4849 2586 4902 iu
2621 4847 2936 4904 fortitudine
2963 4861 3083 4915 sua,
3111 4855 3169 4902 et
3195 4863 3304 4902 non
3337 4849 3388 4902 in
3427 4847 3519 4903 Dei
3551 4847 3769 4904 miseri-

2161 4939 2368 5008 cordia,
2415 4941 2568 5012 juxta
2603 4939 2732 4996 illud
2763 4939 2906 5010 quod
2953 4941 3216 5018 scriptum
3245 4951 3330 4996 est
3358 4957 3372 4994 :
3403 4939 3632 4996 Perdant
3677 4958 3766 4996 sa-

2163 5033 2410 5102 pientiam
2439 5035 2779 5106 sapientium,
2822 5043 2870 5088 et
2905 5033 3296 5106 intelligentiam
3323 5033 3648 5104 prudentium
3681 5051 3762 5090 re-

2161 5125 2386 5196 probabo
2431 5125 2476 5198 (l
2502 5123 2624 5182 Cor.
2653 5141 2712 5194 ιι,
2739 5125 2828 5197 19)
2867 5142 2880 5178 :
2936 5139 3044 5180 non
3077 5141 3184 5196 quo
3213 5127 3396 5196 perire
3435 5125 3760 5196 possitvera

2161 5285 2382 5369 faverit;
2409 5301 2532 5369 qua:
2557 5285 2920 5368 verba'neque
2949 5287 3094 5342 ullus
3121 5301 3150 5342 e
3181 5287 3382 5342 nostris
3415 5303 3546 5344 mss.
3583 5303 3760 5360 neque

2223 5375 2280 5410 SB
2315 5375 2342 5410 ν
2357 5375 2580 5410 10101⁸1118
2607 5375 2778 5410 ιιονη.

2161 5357 2280 5426 ipse
2307 5357 2580 5414 Victorius
2607 5361 2778 5412 novit.
3671 5357 3684 5360 “

2233 5425 2260 5464 ά
2289 5427 2396 5486 Pro
2419 5427 2688 5502 Moabitis,
2715 5429 2914 5502 vulgati
2939 5429 3062 5502 libri
3085 5429 3450 5498 prteferehant
3483 5429 3638 5502 Moab
3665 5431 3756 5488 sub

2159 5515 2238 5564 eo,
2271 5499 2770 5554 contrmlicentibus
2797 5499 2927 5554 mss.
2957 5499 3152 5568 quibus
3187 5503 3410 5564 utimur,
3443 5513 3502 5556 et
3531 5501 3748 5568 Gratco,

2159 5571 2653 5650 ζαταπατηθήσετᾳι
2676 5573 2706 5630 ἡ
2733 5567 2994 5650 Μωαϐιξτξζ
3025 5567 3078 5624 ὃν
3103 5571 3295 5650 τρόπον
3319 5579 3596 5640 πατοῦσιν,
3647 5567 3751 5630 etc.

2161 5643 2291 5696 Erat
2309 5655 2526 5712 quoque
2555 5643 2750 5696 vitiOse
2777 5643 2918 5709 apud
2943 5641 3190 5696 Martiait.
3221 5645 3272 5694 in
3301 5659 3444 5694 area.

2233 5721 2256 5750 ε
2277 5711 2456 5768 Nostri
2487 5725 2614 5767 mss.
2641 5721 2702 5766 ut
2727 5723 3022 5784 postquam,
3055 5721 3108 5767 et
3135 5727 3282 5780 mox,
3315 5725 3514 5784 pereat.
