4120 6342
397 264 534 319 1015

1251 259 1904 324 COMMENTARIORUH
1945 258 2011 324 IN
2047 257 2236 322 suos
2267 258 2409 320 UB.
2447 259 2494 317 I.
2537 256 2694 316 CAP.
2738 258 2828 316 III.

3556 257 3698 324 1014

389 377 674 447 sapientia,
725 385 782 432 et
826 376 1070 434 veritatis
1121 375 1478 445 intelligentia
1523 374 1842 445 reprobari;
1889 373 1982 429 sed
2012 378 2062 446 Α
2092 373 2324 443 phetalis
2351 388 2532 430 scrmo
2561 374 2854 445 dirigitur,
2888 383 2941 430 et
2965 374 3060 446 qui
3093 375 3205 430 sint
3245 375 3335 432 isti
3375 373 3478 436 ﬁlii
3511 373 3701 443 Israel,

389 487 497 540 quo
526 485 718 526 eorum
752 479 945 542 pereat
975 469 1239 540 sapientia
1265 512 1281 537 ,
1327 471 1418 539 qui
1449 453 1592 540 apud
1633 483 1692 524 se
1733 468 1989 524 videntur

388 576 510 617 esse
537 565 835 633 sapientes,
880 572 934 618 et
965 563 1017 617 in
1047 577 1148 618 sua
1177 561 1488 618 eruditione
1525 560 1830 616 conlidunt.
1880 559 1990 614 Ro-

389 658 583 712 hustus
608 675 846 729 quoque,
874 657 996 714 sive
1025 665 1325 729 pugnator,
1359 657 1450 726 qui
1475 670 1584 712 non
1609 654 1842 710 salvabit
1867 654 1988 710 ani-

390 766 529 806 mam
558 767 736 819 suam,
761 753 851 809 ille
877 759 964 808 est
990 752 1079 822 qui
1105 765 1445 822 nequaquam
1477 749 1722 820 Apostoli
1746 747 1990 818 possidet

387 856 749 914 armaturam,
786 845 992 902 habens
1023 855 1238 900 scutum
1266 883 1282 912 ,
1329 841 1426 899 sed
1456 857 1565 898 non
1596 841 1721 898 ﬁdei
1749 859 1762 895 :
1805 841 1989 898 accin-

387 946 505 992 ctus
529 939 768 1003 lumbos,
795 937 891 992 sed
921 952 1028 992 non
1055 937 1107 992 in
1136 936 1365 990 veritate
1398 951 1410 988 :
1437 933 1656 988 indutus
1677 933 1867 998 lorica,
1891 931 1987 990 sed

387 1045 493 1085 non
529 1029 754 1099 jnstitia:
812 1048 825 1084 :
883 1038 1107 1100 portans
1150 1029 1414 1099 gladium,
1476 1027 1570 1083 sed
1624 1043 1734 1082 non
1793 1025 1987 1083 salutis

387 1123 607 1196 (Ephes.
627 1125 726 1194 vr).
757 1123 1079 1193 Ilujusmodi
1102 1133 1369 1194 pugnator
1395 1137 1504 1178 non
1527 1120 1825 1177 sanctiﬁcat
1849 1136 1986 1190 prte-

386 1215 540 1280 lium,
593 1232 692 1271 nec
728 1216 938 1270 Domini
974 1224 1156 1286 potest
1189 1215 1327 1271 bella
1353 1214 1580 1282 bellare,
1619 1223 1809 1271 contra
1838 1214 1982 1270 veri-

387 1317 548 1362 tatem
597 1307 860 1362 dimicans
906 1322 1002 1377 pro
1043 1307 1350 1362 mendacio.
1394 1306 1542 1363 Talis
1573 1316 1842 1377 pugnator
1873 1321 1983 1364 non

385 1407 564 1469 potest
601 1399 784 1456 dicere
813 1417 827 1454 :
878 1398 1191 1454 Benedictus
1217 1397 1474 1454 Dominus
1500 1397 1642 1455 Deus
1671 1415 1818 1454 meus
1843 1445 1856 1469 ,
1895 1400 1984 1471 qui

381 1491 527 1546 docet
556 1507 740 1546 manus
769 1507 905 1546 meas
933 1491 1002 1546 ad
1033 1493 1307 1564 praelium,
1334 1501 1378 1546 et
1410 1492 1599 1563 digitos
1625 1509 1762 1547 meos
1783 1492 1852 1547 ad
1879 1493 1986 1548 bel—

381 1583 506 1638 lant.
541 1583 908 1640 Misericordia
940 1596 1121 1653 meae!
1147 1586 1405 1657 refugium
1438 1603 1609 1641 meum
1633 1584 1766 1658 (Ps.
1791 1601 1980 1653 CXLII],

383 1680 458 1749 i).
506 1679 714 1734 Habent
750 1689 806 1736 ct
853 1680 1165 1751 sagittarios
1197 1680 1439 1736 haeretici
1475 1685 1566 1751 qui
1614 1680 1818 1736 [rustra
1859 1691 1980 1737 ten-

2093 482 2329 538 sequens
2352 483 2541 524 versus
2567 468 2810 526 ostendit
2844 487 2857 522 :
2889 468 3061 540 Super
3084 472 3244 537 omm',
3273 472 3472 543 inquit,
3505 489 3698 544 cogna-

2094 561 2256 627 tione,
2281 576 2440 632 quam
2462 560 2616 616 eduxi
2643 561 2710 616 de
2739 570 2881 618 terra
2903 561 3125 634 Aigypti
3160 580 3178 618 .'
3202 563 3352 636 quod
3377 580 3486 622 non
3515 565 3693 626 solum

2095 650 2146 708 in
2177 651 2361 706 decem
2398 651 2679 720 tribubus,
2729 652 2825 708 sed
2859 653 2910 706 itt
2941 654 3192 710 omnibus
3222 655 3512 712 duodecim
3533 697 3550 722 ,
3597 657 3694 712 ad»

2091 742 2283 799 dentes
2320 742 2514 799 ludam
2541 754 2596 799 et
2627 744 2936 814 Benjamin,
2969 746 3231 804 debemus
3252 749 3525 819 accipere.
3557 749 3691 806 0m-

2090 850 2189 890 nes
2221 835 2365 890 enim
2394 836 2458 892 de
2487 845 2632 892 terra
2662 837 2885 909 .lEgypti
2916 839 3105 896 eduxit
3127 883 3142 907 ,
3192 850 3246 898 et
3277 842 3354 898 ait
3380 859 3395 900 τ
3434 841 3691 900 Tantum-

2091 927 2265 995 modo,
2309 929 2446 994 sive,
2479 937 2537 986 ut
2577 929 2937 1001 Symmachus
2965 930 3358 1003 interpretatus
3385 945 3472 992 est
3497 953 3510 990 :
3537 936 3694 996 Solos

2089 1037 2178 1074 vos
2219 1025 2436 1092 cognoui
2473 1038 2537 1078 ex
2566 1023 2802 1078 omnibus
2832 1025 3230 1097 cognationibus
3259 1035 3430 1083 terrm.
3464 1028 3534 1086 Et
3561 1031 3690 1101 quia

2089 1114 2236 1169 solos
2258 1131 2350 1170 vos
2377 1117 2634 1186 cognovi,
2668 1118 2756 1189 qui
2788 1116 3016 1174 Creator
3047 1134 3167 1174 sum
3197 1123 3464 1188 omnium,
3509 1133 3563 1179 et
3592 1139 3691 1182 vos

2088 1206 2252 1264 habui
2305 1208 2638 1278 peculiarem
2695 1209 2950 1280 populum
3007 1227 3221 1281 meum,
3269 1213 3475 1271 idcirco
3520 1231 3688 1287 super

2085 1299 2233 1354 solos
2262 1313 2360 1354 vos
2395 1301 2578 1356 omnia
2610 1311 2828 1370 peccata
2863 1313 3038 1360 vestra
3079 1305 3403 1362 restituam:
3437 1305 3684 1364 Potentes

2085 1393 2225 1445 enim
2269 1402 2498 1464 potenter
2548 1405 2799 1449 tormenta
2847 1399 3111 1468 patientur
3159 1400 3404 1472 (Sapien.
3432 1401 3542 1474 vr);
3595 1405 3687 1474 qui

2083 1496 2262 1540 autem
2305 1487 2564 1542 miniatus
2605 1499 2706 1557 est,
2751 1490 2948 1560 dignus
2977 1500 3060 1546 est
3095 1493 3495 1551 misericordia.
3540 1497 3607 1552 Et
3630 1497 3686 1553 in

2085 1577 2375 1634 Ezechiele
2397 1579 2625 1649 legimus
2651 1599 2661 1635 :
2703 1583 2952 1637 Asanctis
2978 1587 3102 1639 meis
3123 1586 3335 1658 incipite
3358 1587 3575 1658 (Ezech.
3607 1605 3686 1657 ut,

2083 1669 2161 1742 6).
2218 1671 2284 1726 Ει
2320 1672 2583 1742 judicium
2631 1676 2725 1732 Dei
2775 1676 2844 1732 de
2884 1678 3047 1735 domo
3085 1681 3204 1750 ejus
3236 1681 3437 1738 dicitur
3476 1683 3683 1742 habere

377 1769 568 1826 dentes
598 1786 780 1826 arcum
805 1813 820 1841 ,
881 1771 1129 1842 sagittam
1165 1771 1380 1826 Domini
1420 1773 1697 1828 sustinere
1739 1787 1844 1828 non
1879 1790 1976 1842 pn-
2003 1772 2052 1838 B
2081 1763 2404 1834 Pl‘iHCiPium
2439 1766 2483 1837 (Ι
2514 1765 2660 1821 Pet-1'.
2696 1769 2795 1838 Iv).
2825 1768 2937 1826 Hoc
2965 1770 3182 1828 interim
3215 1772 3370 1844 juxta
3399 1774 3683 1838 historiam

381 1874 582 1930 terunt,
613 1868 706 1935 qui
741 1865 978 1936 loquitur
1007 1882 1104 1937 per
1131 1866 1321 1922 Isaiam
1347 1883 1359 1919 :
1394 1865 1510 1937 Ego
1532 1876 1706 1922 autem
1729 1868 1866 1922 sicut
1888 1884 1974 1924 sa-

376 1961 505 2031 gitta
545 1961 704 2014 electa
742 1961 796 2016 in
835 1959 1079 2032 pharetra
1125 1959 1344 2016 Domini
1376 1959 1529 2032 (Isai.
1566 1977 1712 2026 thx,
1746 1963 1826 2030 2).
1881 1961 1973 2018 Isti

379 2062 510 2106 sunt
539 2051 830 2121 sagittarii,
865 2053 931 2107 de
962 2053 1162 2123 quibus
1193 2061 1246 2107 et
1273 2051 1445 2108 David
1473 2053 1656 2108 cauit:
1692 2050 1827 2107 Ecce
1855 2069 1977 2123 pec-

374 2156 571 2200 catores
599 2145 934 2202 intenderunt
962 2163 1164 2212 arcum,
1191 2156 1505 2218 paraverunt
1532 2147 1753 2217 sagittas
1777 2163 1897 2202 suas
1921 2147 1976 2204 in

376 2241 622 2311 pharetra
649 2282 662 2306 ,
693 2249 748 2294 ut
779 2241 1019 2314 sagittent
1046 2243 1100 2293 in
1131 2238 1348 2295 obscuro
1379 2250 1546 2293 rectos
1576 2239 1731 2293 corde
1769 2238 1886 2308 (Ps.
1917 2256 1973 2308 ιι,

374 2333 456 2402 '2).
487 2333 552 2386 Et
574 2332 736 2387 velox
758 2330 979 2404 (inquit)
1010 2331 1236 2403 pedibus
1264 2331 1377 2388 suis
1399 2345 1507 2386 non
1530 2329 1853 2398 salvabitur,
1883 2329 1976 2402 qui

380 2436 600 2495 prapter
650 2441 878 2480 acumen
931 2425 1131 2497 ingenii
1185 2425 1442 2480 discurrit
1499 2439 1596 2494 per
1657 2424 1977 2480 testimonia

379 2518 811 2590 Scripturarum,
838 2528 893 2574 et
915 2529 1194 2574 oratorum
1214 2516 1546 2588 eloquentia,
1573 2517 1655 2572 vel
1679 2517 1980 2589 sophisma-

381 2613 522 2668 tibus
549 2611 961 2667 dialecticorum
989 2612 1300 2682 opprimere
1341 2610 1531 2666 nititur
1569 2609 1878 2676 veritatem,
1921 2618 1978 2664 et

380 2709 433 2760 in
464 2721 529 2761 eo
557 2704 885 2776 pratpeditur
924 2703 1032 2778 [ΑΙ.
1065 2701 1457 2780 praapedietur]
1497 2714 1552 2758 et
1580 2712 1823 2768 corruet,
1850 2701 1974 2774 quia

382 2814 489 2854 non
514 2799 568 2854 in
597 2799 734 2865 Deo,
779 2798 876 2854 sed
905 2799 958 2854 in
988 2797 1100 2852 suis
1131 2796 1362 2868 pedibus
1405 2794 1649 2852 conﬁdit.
1701 2797 1978 2852 Ascensor

381 2907 595 2962 quoque
621 2891 745 2962 equi
778 2905 888 2944 non
915 2890 1148 2948 salvabit
1175 2890 1412 2946 animam
1436 2903 1612 2956 suam,
1645 2889 1734 2960 qui
1763 2889 1978 2958 ignorat

381 2984 583 3038 dictum
635 2998 728 3053 per
773 2983 1095 3054 prOphetam
1141 3000 1152 3035 :
1201 2978 1398 3035 Fallax
1438 2996 1597 3050 equus
1641 2979 1710 3034 ad
1754 2977 1976 3034 salutem

381 3074 503 3146 (Ps.
534 3091 703 3140 χχιιι,
735 3057 849 3146 I7).
893 3074 960 3130 Et
989 3076 1163 3130 nescit
1194 3074 1455 3144 scriptum
1489 3088 1611 3128 esse
1653 3090 1665 3125 :
1711 3072 1975 3128 Dormita-

2078 1856 2280 1912 dictum
2313 1858 2403 1914 sit.
2445 1859 2717 1916 Cancrum
2743 1863 2867 1934 quia
2894 1865 3109 1921 auditus
3139 1866 3192 1922 in
3226 1867 3528 1942 Scripturis
3555 1887 3685 1930 san-

2077 1951 2202 2017 ctis,
2246 1969 2352 2008 non
2397 1955 2572 2012 solani
2613 1955 2715 2012 istc
2745 1957 3010 2030 accipitur
3044 1976 3204 2032 quem
3233 1963 3456 2020 auribus
3496 1966 3680 2028 carnis

2077 2044 2408 2114 excipimus,
2443 2047 2537 2104 sed
2563 2049 2731 2106 etiam
2761 2050 2874 2119 ille,
2907 2052 2974 2108 dc
2998 2069 3105 2124 quo
3129 2053 3391 2114 Dominus
3422 2057 3497 2114 ait
3525 2077 3537 2113 :
3574 2059 3678 2127 Qui

2079 2138 2228 2194 habet
2275 2154 2428 2194 aures
2467 2141 2717 2196 audiendi
2765 2143 2946 2198 audiat
2987 2143 3141 2216 (Luc.
3174 2163 3289 2217 vttt,
3316 2147 3395 2220 8).
3444 2149 3598 2208 Unde
3627 2164 3683 2210 et

2078 2231 2254 2286 omnis
2279 2231 2512 2302 populus
2543 2233 2764 2304 yidcbat
2790 2235 2957 2310 252
2984 2253 3170 2294 vocem
3199 2239 3295 2296 Dei
3331 2239 3526 2312 (Exod.
3557 2244 3678 2314 xx),

2080 2325 2296 2392 proprie
2333 2325 2400 2380 ad
2431 2341 2526 2380 eos
2555 2341 2738 2383 sermo
2768 2329 2826 2382 ﬁt
2869 2331 3103 2398 Domini,
3151 2332 3241 2402 qui
3283 2347 3448 2392 sensu
3487 2334 3674 2396 vident

2078 2415 2268 2486 Deum,
2300 2433 2434 2488 quos
2465 2418 2656 2474 eduxit
2683 2421 2751 2477 de
2775 2429 2921 2478 terra
2953 2422 3197 2496 Egypti,
3226 2434 3281 2481 et
3311 2427 3378 2484 de
3403 2435 3677 2499 potestate

2078 2510 2382 2569 Pharaonis
2407 2514 2492 2582 (ut
2519 2530 2862 2587 nequaquam
2891 2516 3005 2576 luto
3035 2533 3092 2572 et
3117 2519 3286 2588 paleis
3310 2519 3674 2590 deservirem,

2079 2615 2420 2664 exstruentes
2447 2605 2730 2682 Egyptias
2753 2610 3048 2683 civitates),
3080 2619 3136 2668 et
3155 2628 3296 2684 quos
3332 2628 3402 2686 ex
3429 2615 3684 2676 omnibus

2081 2698 2326 2754 tribubus
2352 2711 2510 2755 terra:
2539 2702 2815 2772 cognovit,
2845 2701 3059 2762 dicente
3080 2705 3370 2776 Aposmlo:
3401 2705 3561 2764 Nunc
3583 2725 3681 2762 au—

2079 2798 2176 2842 tent
2208 2799 2570 2862 cognoscentes
2615 2792 2784 2847 Deunt
2809 2834 2824 2860 ,
2866 2797 3033 2866 magis
3068 2777 3239 2852 autem
3281 2799 3475 2876 cogniti
3503 2815 3535 2854 a
3571 2798 3678 2854 Deo

2080 2882 2192 2954 [ΑΙ.
2225 2886 2284 2938 ab
2308 2884 2389 2956 eo]
2423 2883 2570 2955 (Gal.
2598 2901 2679 2956 tv,
2711 2885 2786 2961 9).
2822 2888 2886 2944 Et
2909 2889 2960 2944 iu
2993 2890 3101 2946 alio
3133 2890 3252 2948 loco
3288 2909 3298 2944 :
3331 2891 3432 2960 Qui
3453 2893 3683 2968 ignorat,

2079 2978 2403 3048 ignorabitur
2435 2979 2491 3050 (ι
2520 2977 2641 3033 Cor.
2675 2997 2789 3048 xw,
2817 2983 2882 3037 58
3004 2981 3118 3037 Non
3167 2999 3298 3062 ergo
3347 3000 3538 3042 omnes
3584 3001 3680 3042 co-

2081 3073 2290 3144 gnoscit
2317 3073 2481 3140 Deus,
2506 3073 2599 3128 sed
2626 3088 2742 3141 eos,
2774 3077 2863 3152 qui
2889 3075 3010 3146 ejus
3033 3075 3344 3146 cognitione
3365 3077 3680 3154 suntdigni,

381 3179 558 3224 verunt
590 3185 764 3225 omnes
794 3170 882 3241 qui
904 3170 1243 3223 ascenderunt
1266 3183 1422 3239 equos
1451 3165 1570 3236 (Ps.
1589 3181 1749 3232 Lxxv,
1779 3166 1860 3237 7).
1881 3166 1977 3222 Hic
2003 3169 2048 3232 C
2083 3167 2308 3237 lbquens
2333 3168 2384 3221 in
2417 3167 2746 3238 Evangelio:
2778 3168 3022 3224 Recetltte
3041 3187 3074 3224 a
3101 3187 3200 3238 me,
3235 3171 3464 3242 operarii
3491 3171 3684 3241 iniqui-

384 3279 488 3318 non
518 3263 754 3320 salvabit
783 3265 1026 3318 animam
1058 3278 1240 3328 suam;
1272 3261 1365 3317 sed
1397 3261 1615 3334 pericns
1638 3259 1820 3316 audiet
1853 3279 1866 3314 :
1900 3259 1977 3316 Hi

379 3358 433 3410 in
461 3358 716 3425 curribus,
745 3369 792 3411 et
823 3359 879 3412 hi
907 3359 958 3411 in
986 3357 1129 3428 equis
1163 3372 1180 3425 _:
1225 3373 1318 3412 nos
1349 3365 1522 3409 autem
1551 3356 1604 3409 in
1633 3355 1838 3410 nomine
1863 3353 1976 3409 Do-

383 3450 510 3504 mini
541 3447 640 3504 Dei
665 3452 829 3505 nostri
857 3449 1227 3504 invocabintus.
1258 3448 1358 3502 Isti
1378 3447 1614 3518 impediti
1639 3455 1782 3514 sunt,
1823 3456 1868 3500 et
1895 3463 1980 3501 ce-

383 3544 617 3598 ciderunt
642 3560 660 3598 :
686 3543 846 3618 251
875 3560 968 3596 nos
995 3552 1168 3596 autent
1194 3543 1516 3596 surreximus
1549 3549 1595 3593 et
1621 3540 1774 3594 erecti
1801 3555 1977 3600 sumus

386 3635 517 3706 (Ps.
544 3651 654 3700 xix,
688 3637 744 3707 8,
779 3637 810 3690 9
834 3636 878 3706 ).
925 3634 1201 3688 Robustus
1243 3633 1406 3687 etiam
1437 3631 1604 3686 corde
1636 3633 1776 3686 inter
1805 3631 1978 3686 fortes

385 3727 562 3782 nudus
591 3725 774 3799 fugiet.
809 3725 909 3794 Qui
936 3727 1088 3782 locus
1119 3724 1405 3796 dupliciter
1432 3724 1630 3794 εχροηί
1661 3730 1874 3794 poteSt:
1910 3722 1979 3780 Ut

383 3829 476 3876 aut
507 3821 628 3876 ideo
650 3821 826 3894 possit
847 3820 1098 3888 evadere,
1143 3821 1266 3890 quia
1296 3817 1617 3888 ex5poliavit
1647 3831 1708 3872 se
1733 3825 1975 3872 veterem

383 3914 680 3984 hominem,
711 3922 766 3969 et
791 3914 1046 3984 pelliceas
1087 3913 1297 3968 tunicas
1331 3921 1706 3982 peccatorum,
1745 3921 1799 3967 et
1830 3912 1976 3972 nulla

383 4007 482 4062 fuit
512 4008 721 4063 sarcina
747 4017 1139 4078 praegravatus,
1169 4015 1265 4062 aut
1290 4009 1620 4074 econtrario,
1649 4007 1776 4080 quia
1801 4007 1977 4064 nudus

382 4109 462 4154 est
496 4100 769 4155 etChristi
801 4099 1041 4170 perdidit
1070 4098 1480 4166 vestimentum,
1511 4100 1578 4154 de
1617 4114 1726 4170 quo
1750 4100 1801 4154 in
1833 4101 1978 4170 Apo-

384 4198 523 4250 stolo
548 4197 745 4253 dicitur
780 4213 793 4250 :
826 4196 854 4252 1
863 4197 1044 4250 mtuite
1071 4193 1631 4268 vos;ChristumJesum
1656 4193 1836 4267 (Rom.
1856 4210 1974 4264 xttt,

386 4289 494 4361 14).
526 4289 593 4344 Et
625 4291 678 4346 in
710 4291 819 4348 alio
848 4291 968 4346 loco
1004 4309 1016 4344 :
1062 4289 1329 4360 Siquidem
1361 4289 1533 4348 induti
1562 4307 1660 4344 non
1691 4290 1818 4344 nudi
1842 4291 1980 4344 inre-

383 4383 589 4436 niamur
613 4381 681 4451 (ll
705 4381 826 4438 Cor.
858 4399 910 4452 ν,
940 4384 1028 4453 5);
1053 4383 1189 4438 nihil
1212 4383 1259 4438 ei
1286 4383 1530 4452 proderit
1557 4381 1824 4442 fortitudo
1856 4398 1974 4450 sua;

383 4475 482 4530 sed
535 4475 590 4530 in
637 4475 726 4530 die
774 4476 951 4545 praelii
998 4484 1162 4547 atque
1215 4476 1532 4532 certaminis
1583 4478 1752 4548 fugiet
1795 4493 1979 4548 perse-

2080 3263 2221 3330 tatis,
2253 3262 2424 3317 nescio
2455 3278 2543 3318 vos
2564 3261 2720 3334 (Luc.
2748 3278 2865 3328 xm,
2895 3263 3010 3334 27').
3043 3263 3099 3320 In
3119 3278 3185 3320 eo
3208 3263 3353 3320 enim
3385 3262 3530 3334 quod
3555 3278 3686 3334 ope-

2081 3356 2207 3410 rarii
2241 3356 2540 3428 iniquitatis
2569 3366 2732 3422 sunt,
2775 3357 3097 3430 ignorantur
3119 3373 3150 3413 a
3179 3358 3292 3412 Deo
3324 3376 3336 3412 :
3371 3357 3574 3420 idcirco
3599 3359 3682 3414 in—

2079 3450 2196 3522 quit
2226 3468 2238 3503 :
2281 3450 2414 3516 Quia
2439 3450 2590 3505 solos
2616 3465 2712 3506 vos
2739 3449 2970 3522 cognovi
2997 3492 3011 3516 ,
3053 3461 3106 3506 et
3138 3465 3292 3510 meos
3321 3451 3517 3520 habui,
3549 3451 3683 3508 visi-

2082 3543 2205 3598 tabo
2231 3557 2396 3612 super
2422 3557 2518 3596 vos
2548 3556 2742 3598 omnes
2784 3542 3098 3612 iniquitates
3123 3554 3358 3602 vestras.
3390 3544 3566 3610 Quem
3597 3543 3684 3597 di-

2080 3635 2191 3705 ligit
2241 3627 2523 3702 Dominus,
2569 3635 2814 3706 corripit,
2864 3643 2917 3690 ct
2961 3635 3192 3706 castigat
3236 3650 3458 3690 omnem
3513 3635 3682 3694 ﬁlium

2079 3745 2238 3800 quem
2265 3728 2457 3799 recipit
2479 3727 2667 3799 (Hebr.
2703 3728 2821 3797 χιι).
2853 3727 2922 3784 Et
2950 3726 3178 3797 pulchre
3207 3726 3348 3782 dixit
3375 3744 3388 3781 :
3421 3725 3672 3792 Visitubo,

2080 3832 2134 3878 et
2163 3838 2271 3877 non
2302 3822 2622 3892 percutiam;
2651 3821 2776 3890 quia
2807 3820 2959 3891 plaga
2989 3819 3083 3874 Dei
3108 3818 3350 3878 visitatio
3377 3827 3481 3890 est,
3511 3827 3677 3890 atque

2079 3917 2309 3972 curatio.
2364 3916 2433 3970 Et
2462 3931 2677 3983 omnes,
2719 3917 2918 3988 inquit,
2960 3914 3276 3992 iniquitates
3299 3916 3416 3970 sive
3459 3925 3680 3988 peccata

2080 4019 2258 4064 vestra
2291 4007 2542 4076 visitabo,
2585 4023 2653 4064 ne
2679 4008 2810 4079 quid
2841 4009 3231 4080 impercussum
3260 4017 3565 4076 remaneat,
3608 4023 3678 4072 nc

2079 4103 2205 4178 quid
2241 4119 2346 4158 non
2375 4102 2607 4178 recipiat
2632 4103 2945 4158 sanitatem.

2153 4197 2333 4270 (Vers.
2368 4199 2401 4253 5
2428 4196 2608 4269 seqq.)
2656 4195 2930 4267 Numquid
2964 4195 3300 4254 ambulabunt
3329 4195 3432 4251 duo
3463 4197 3682 4272 pariter,

2078 4290 2178 4344 nisi
2206 4289 2501 4349 conuenerit
2527 4289 2641 4344 eis?
2683 4287 2956 4360 Numquid
2988 4288 3154 4360 rugiet
3185 4288 3262 4342 leo
3294 4288 3348 4342 in
3376 4286 3540 4353 saltu,
3583 4287 3687 4344 nisi

2079 4381 2318 4436 habuerit
2382 4380 2656 4449 prcedatn?
2727 4379 3004 4450 Numquid
3058 4379 3201 4433 dabit
3254 4377 3457 4434 catulus
3516 4380 3684 4440 leonis

2083 4491 2253 4528 uocem
2284 4476 2344 4528 de
2367 4473 2522 4528 cubili
2544 4491 2656 4542 suo,
2686 4475 2786 4532 nisi
2813 4473 3016 4544 aliquid
3035 4472 3482 4544 apprehenderit?
3505 4473 3558 4532 Ν
3564 4491 3680 4530 unt-

381 4576 636 4638 quentes,
677 4574 734 4622 et
759 4567 964 4636 absque
992 4577 1264 4622 armatura
1299 4565 1542 4636 Apostoli
1570 4569 1828 4624 resistere
1865 4584 1975 4624 non
2003 4558 2054 4620 D
2079 4571 2201 4640 quid
2254 4569 2400 4622 cadet
2446 4569 2555 4624 avis
2604 4569 2657 4622 in
2701 4568 2938 4637 laqueum
2983 4575 3154 4632 terrce,
3205 4567 3397 4638 absque
3435 4570 3683 4638 aucupe?

382 4660 593 4728 valens,
625 4660 870 4716 hosﬁbus
899 4670 1046 4732 terga
1079 4660 1365 4738 praebebit.

455 4754 608 4824 (Cap.
635 4753 962 4810 III.——Vers.
997 4755 1052 4820 1,
1074 4753 1156 4825 2.)
1193 4753 1378 4808 Audite
1407 4753 1630 4820 verbum,
1663 4756 1800 4824 quod
1829 4755 1975 4810 locu-

385 4857 466 4908 tus
497 4861 571 4903 est
606 4848 859 4910 Dominus
887 4863 1040 4920 super
1077 4863 1162 4902 ros
1186 4887 1200 4912 ,
1248 4845 1346 4917 filii
1374 4844 1544 4904 Israel
1574 4862 1592 4901 :
1642 4862 1795 4920 super
1837 4857 1977 4906 omni

384 4942 708 5012 cognatione,
734 4958 887 5012 quam
909 4941 1064 4996 eduxi
1087 4942 1148 4994 de
1177 4950 1312 4996 terra
1339 4939 1580 5012 Egypti,
1609 4940 1818 4996 dicens:
1837 4941 1978 4998 Ταη-

385 5035 648 5090 tummodo
673 5052 758 5090 ros
783 5036 999 5109 cognoui
1019 5051 1084 5090 ea:
1105 5034 1343 5090 omnibus
1367 5036 1758 5106 cognationibus
1783 5044 1933 5094 terra:
1957 5051 1975 5091 :

383 5128 576 5184 idcirco
611 5129 824 5185 uisitabo
860 5147 1018 5202 super
1067 5146 1153 5186 vos
1197 5144 1371 5188 omnes
1414 5130 1707 5200 iniquitates
1758 5141 1970 5188 uestras.

385 5218 528 5274 LXX
561 5240 573 5274 :
615 5221 803 5276 Audite
824 5224 1028 5278 verbum
1070 5221 1190 5290 hoc,
1228 5223 1364 5292 quod
1390 5221 1593 5278 locutus
1621 5232 1696 5278 est
1724 5221 1975 5280 Dominus

385 5327 537 5380 super
594 5328 705 5379 vos,
759 5313 944 5368 domus
992 5311 1181 5376 Israel,
1230 5324 1279 5367 et
1320 5325 1500 5366 contra
1545 5329 1745 5370 omnem
1791 5315 1979 5370 tribum

383 5418 536 5472 quant
563 5403 720 5457 eduxi
750 5403 813 5457 de
838 5414 974 5458 terra
999 5403 1244 5477 ﬂgypti,
1267 5405 1474 5458 dicens:
1509 5404 1872 5462 Verumtamen
1892 5423 1980 5463 vos

386 5500 598 5564 cognovi
634 5495 696 5560 de
732 5496 982 5552 uniuersis
1024 5497 1252 5552 tribubus
1291 5507 1440 5552 tt'rrte
1473 5512 1491 5552 :
1527 5497 1720 5553 idcirco
1760 5499 1982 5554 ulciscar

386 5606 541 5659 super
564 5605 650 5644 vos
675 5606 853 5644 omnes
880 5591 1106 5646 malitias
1136 5603 1348 5647 vestras.
1378 5591 1458 5646 Ad
1490 5591 1630 5647 ﬁlios
1660 5592 1823 5648 Israel
1854 5610 1979 5664 pro-.

458 5715 487 5777 ει,
511 5705 732 5771 Vocem,
765 5724 938 5774 suum,
969 5725 1127 5777 quam
1161 5707 1430 5764 Victorius
1461 5722 1529 5762 ex
1566 5707 1851 5763 duodecim
1885 5724 1978 5765 oo-

388 5775 619 5848 dicibus,
657 5787 784 5849 post
813 5775 1057 5849 Vulgata:
1083 5778 1355 5850 editionis,
1388 5779 1665 5849 Hebraici,
1695 5778 1982 5852 Graecique

2084 4662 2356 4736 Numquid
2395 4663 2665 4734 auferetur
2695 4661 2908 4734 laqueus
2950 4660 3014 4713 de
3043 4668 3200 4726 terra,
3251 4671 3524 4733 antequam
3553 4663 3680 4734 quid

2080 4754 2306 4825 ceperit?
2356 4753 2418 4809 Si
2454 4753 2658 4826 clanget
2701 4752 2821 4808 tuba
2855 4751 3146 4806 incivitate
3171 4795 3184 4818 ,
3229 4760 3277 4806 et
3318 4753 3542 4824 papulas
3573 4769 3678 4810 non

2079 4847 2417 4920 expavescet?
2459 4847 2522 4902 Si
2543 4847 2636 4901 crit
2667 4847 2862 4900 malum
2894 4845 3203 4912 incivitate,
3247 4846 3385 4915 quod
3424 4845 3682 4906 Dominus

2079 4959 2179 4995 non
2214 4942 2336 5010 fecit
2369 4939 2550 5014 (Vulg.
2586 4940 2763 5010 fecerit
2787 4951 2838 4993 et
2870 4936 3054 5011 facit];
3086 4940 3343 5008 quianon
3386 4941 3540 5010 faciet
3571 4937 3683 4996 Do-

2083 5035 2253 5090 minus
2284 5031 2421 5088 Deus
2451 5033 2655 5088 verbum
2682 5072 2696 5098 ,
2750 5032 2852 5088 nisi
2876 5029 3496 5086 rccelaueritsecretum!1|
3528 5049 3683 5090 suum

2083 5126 2151 5179 ad
2184 5141 2354 5180 servos
2381 5141 2503 5180 suos
2531 5125 2830 5196 praphetas.
2853 5123 2957 5180 Leo
2979 5125 3169 5199 rugiet,
3193 5126 3309 5196 quis
3332 5141 3438 5182 non
3461 5125 3686 5182 timebit?

2086 5223 2339 5278 Domintts
2383 5221 2520 5278 Deus
2552 5224 2755 5277 locutus
2781 5233 2894 5292 est,
2936 5231 2982 5276 ct
3021 5222 3136 5291 quis
3177 5237 3279 5278 non
3318 5219 3686 5294 praphctabit?

2082 5316 2228 5372 LXX
2255 5335 2265 5371 :
2300 5316 2360 5372 Si
2385 5316 2721 5372 ambulabunt
2751 5317 2852 5371 duo
2883 5315 3037 5372 simul
3062 5317 3272 5370 omnino
3295 5357 3308 5381 ,
3353 5316 3456 5370 nisi
3483 5331 3682 5386 cogno-

2081 5413 2241 5466 ocrint
2278 5413 2366 5466 se?
2419 5411 2480 5466 Si
2523 5412 2747 5466 ructabit
2773 5412 2851 5466 leo
2877 5412 2940 5464 de
2969 5410 3111 5464 saltu
3141 5427 3232 5464 suo
3259 5454 3272 5477 ,
3321 5409 3552 5480 praedam
3577 5424 3684 5464 non

2081 5504 2320 5560 habens?
2350 5505 2410 5560 Si
2441 5506 2583 5560 dabit
2614 5505 2818 5559 catulus
2852 5504 3017 5558 leonis
3038 5518 3214 5558 vocent
3244 5519 3389 5556 suam
3433 5503 3496 5555 de
3526 5499 3686 5560 cubili

2083 5615 2177 5652 suo
2203 5597 2434 5664 omnino,
2467 5597 2569 5652 nisi
2593 5596 2791 5666 aliquid
2827 5595 3092 5668 rapuerit?
3135 5594 3196 5649 Si
3217 5593 3365 5646 cadet
3396 5593 3506 5647 aris
3527 5606 3683 5661 super

2091 5723 2267 5766 textus
2296 5713 2697 5776 auctoritatem,
2730 5715 3074 5778 reposuerat,
3117 5704 3465 5760 Martianteus
3497 5702 3695 5760 nihilo-

2090 5785 2269 5839 secius
2300 5781 2584 5851 omiserat,
2618 5780 2792 5839 nostri
2817 5793 3032 5852 quoque
3059 5792 3192 5834 mss.
3224 5785 3502 5834 asserunt.
