4100 6336
476 272 615 330 1015

1697 270 1757 326 S.
1799 265 2073 326 EUSEBII
2111 263 2499 324 HIERONYMI

3636 269 3771 328 1016

467 400 662 444 terram
708 388 819 444 sine
870 389 1113 461 aucupe?
1180 387 1243 443 Si
1294 386 1587 457 deponatur
1644 388 1859 457 laqueus
1915 401 2071 455 super
2097 385 2411 454 Apergens
2456 381 2523 439 ad
2558 383 2835 439 tenebras.
2864 382 3055 440 Omnis
3081 386 3226 442 enim
3255 387 3346 457 qui
3379 396 3591 458 peccat,
3630 399 3776 446 amat

478 493 691 547 terram,
731 481 833 537 nisi
874 479 1074 551 aliquid
1121 478 1557 552 apprehenderit?
1610 478 1669 534 Si
1717 480 1919 549 clanget
1952 477 2071 531 tuba

474 575 529 628 in
560 574 764 628 civitate
790 615 804 640 ,
851 582 898 627 et
925 573 1151 645 pupulas
1175 589 1276 626 non
1308 570 1546 625 timebit?
1590 570 1651 625 Si
1673 570 1766 624 erit
1796 570 1994 624 malitia
2016 570 2070 623 in

474 670 598 724 urbe
621 685 776 739 quam
802 666 1057 721 Dominus
1084 684 1186 720 non
1215 668 1336 738 fecit
1370 665 1478 738 [ΑΙ.
1512 662 1713 741 fecerit]
1746 682 1759 718 :
1803 664 1927 733 quia
1967 680 2072 716 non

476 763 631 832 faciet
649 761 905 815 Dominus
917 757 1059 816 Deus
1072 759 1294 831 aliquid,
1317 759 1415 813 nisi
1429 744 1722 811 revelaverit
1735 756 2073 810 eruditionem

472 875 623 912 suam
666 857 733 910 ad
757 872 928 911 servos
964 871 1086 910 suos
1111 853 1413 926 praphetas.
1453 851 1559 906 Leo
1596 850 1843 918 ructabit,
1878 857 1924 903 et
1956 850 2071 920 quis

474 969 578 1005 non
601 950 830 1005 timebit?
856 949 1106 1003 Dominus
1126 947 1262 1001 Deus
1288 946 1488 1001 locutus
1512 954 1608 1011 est,
1624 953 1673 998 et
1689 944 1805 1014 quis
1825 960 1929 997 non
1953 941 2074 1013 prc-

474 1044 736 1117 phetabit?
756 1043 918 1115 253
941 1042 1069 1112 Legi
1101 1042 1154 1096 in
1183 1040 1465 1111 cujusdam
1494 1036 1939 1103 Commentariis,
1959 1050 2074 1090 rem

477 1137 755 1192 difﬁcilem
792 1135 1119 1205 persuadere
1148 1134 1443 1204 cupientis,
1472 1143 1596 1187 octo
1628 1130 1931 1187 sceleribus
1959 1129 2075 1183 sive

478 1228 852 1300 itnpietatibus
875 1236 1041 1297 atque
1066 1226 1305 1296 peccatis
1338 1244 1349 1279 :
1386 1225 1621 1295 primum
1651 1221 1898 1277 Damasci
1946 1239 1957 1275 :
1990 1235 2075 1275 se-

478 1324 663 1379 cundo
687 1322 869 1389 Gaza),
902 1332 956 1377 et
993 1321 1208 1377 caeteris
1254 1320 1479 1375 urbibus
1531 1318 1837 1373 Palaestinam
1870 1334 1883 1370 :
1915 1316 2077 1372 tertio

476 1417 608 1489 Tyri
639 1433 653 1471 :
685 1424 881 1487 quarto
913 1414 1202 1480 Idumam,
1245 1414 1297 1469 id
1327 1421 1411 1469 est
1450 1412 1622 1468 Edom
1650 1428 1663 1463 :
1693 1412 1881 1482 quinto
1935 1408 2080 1464 tilio-

478 1526 600 1564 rum
633 1511 865 1565 Ammon
900 1526 912 1561 :
951 1516 1109 1563 sexto
1135 1506 1291 1563 Moab
1319 1522 1333 1561 :
1365 1506 1597 1577 septimo
1619 1502 1796 1567 Judae,
1830 1502 1933 1557 hoc
1960 1510 2075 1568 est,

478 1604 692 1660 duabus
716 1602 968 1657 tribubus
992 1619 1005 1654 :
1035 1609 1249 1667 octavo,
1281 1598 1425 1670 quod
1445 1598 1693 1653 ultimum
1724 1604 1839 1662 est,
1868 1594 2074 1661 lsraeli,

478 1700 533 1755 id
584 1708 687 1766 est,
734 1698 924 1753 decem
991 1695 1274 1764 tribubus,
1339 1692 1565 1749 totidem
1623 1689 2077 1747 comminationes

2175 478 2427 533 tenebras
2448 487 2504 534 et
2533 477 2654 533 odit
2673 477 2853 534 lucem
2883 478 3068 551 (Joan.
3100 482 3204 552 tn),
3232 481 3300 537 de
3329 481 3527 553 quibus
3554 484 3608 539 in
3633 486 3776 555 psal-

2174 586 2265 626 mo
2295 569 2526 642 legimus
2554 591 2565 626 :
2602 570 2835 626 Posuisti
2862 571 2972 645 [AL
3006 572 3215 647 Posuit]
3241 576 3492 644 tenebras,
3542 585 3591 631 et
3635 579 3776 650 facta

2174 671 2250 716 est
2276 678 2382 716 nea:
2405 678 2424 716 :
2452 662 2508 716 in
2531 663 2645 732 ipsa
2674 664 3060 735 pertransibunt
3088 683 3263 721 omnes
3293 668 3465 723 bestite
3488 667 3596 741 [AL
3628 669 3773 743 ferte]

2174 754 2442 809 silvarum.
2488 753 2659 810 Catuli
2690 754 2898 810 leonum
2928 757 3037 830 [ΑΙ.
3078 758 3261 833 leonis]
3288 763 3567 835 rugientes,
3602 772 3655 817 ut
3684 781 3775 818 ra-

2178 848 2349 916 piant,
2388 856 2435 900 et
2476 857 2711 917 qurerant
2756 866 2789 903 a
2832 849 2943 904 Deo
2983 867 3152 905 escam
3183 853 3279 907 sibi
3323 854 3494 925 (Psal.
3519 870 3633 921 cm,
3657 855 3772 926 20).

2177 936 2385 1006 Quaerit
2408 937 2552 992 enim
2594 939 2806 993 catulus
2834 940 3003 997 leonis
3034 958 3140 997 non
3168 959 3287 998 eam
3319 946 3584 1014 praedam,
3611 962 3773 1017 quam

2178 1032 2441 1103 possidet,
2472 1048 2593 1104 qua:
2615 1050 2726 1088 suae
2759 1042 2841 1090 est
2883 1037 3199 1106 potestatis;
3225 1039 3322 1094 sed
3353 1047 3410 1094 ut
3441 1039 3508 1096 de
3529 1040 3775 1097 Ecclesia

2177 1125 2381 1181 Christi
2402 1128 2597 1196 rapiat,
2624 1127 2693 1182 de
2716 1142 2826 1198 quo
2848 1129 2904 1183 in
2930 1129 3148 1186 Abacuc
3171 1133 3432 1188 scribitur
3458 1152 3472 1189 :
3498 1133 3649 1190 Escae
3663 1139 3777 1210 ejus

2178 1218 2351 1274 electa:
2399 1218 2581 1289 (Abac.
2616 1237 2653 1287 ι,
2699 1222 2813 1294 16).
2856 1223 3040 1278 Tertia
3082 1240 3242 1295 poena
3286 1236 3371 1282 est
3417 1243 3607 1283 eorum
3640 1246 3777 1301 quos

2179 1312 2456 1368 discordia
2488 1316 2786 1383 separavit,
2830 1325 2891 1370 ut
2930 1317 3160 1387 perdant
3204 1319 3345 1391 alas,
3390 1321 3587 1391 quibus
3626 1324 3779 1393 prius

2179 1407 2484 1464 sublimiter
2500 1408 2838 1476 ferebantur,
2862 1420 2915 1466 et
2937 1411 3004 1467 de
3026 1413 3176 1468 cmlis
3193 1413 3244 1468 in
3272 1422 3471 1469 terram
3494 1426 3778 1483 corruant,

2179 1510 2233 1558 et
2262 1510 2556 1559 teneantur
2597 1504 2665 1559 ab
2705 1519 2934 1575 aucupe,
2976 1506 3066 1577 qui
3109 1508 3301 1563 melius
3334 1509 3536 1565 dicitur
3560 1514 3779 1579 ἱξευτής,

2179 1610 2249 1652 eo
2275 1596 2419 1667 quod
2448 1597 2658 1653 haerent
2686 1598 2855 1665 visco,
2891 1614 3022 1655 aves
3057 1600 3262 1658 liberas
3290 1603 3484 1672 capiat,
3514 1620 3635 1674 qua:
3658 1620 3784 1676 pro~

2182 1690 2297 1760 pria
2326 1690 2605 1747 voluntate
2644 1693 2712 1746 ad
2757 1700 2972 1748 terrena
3006 1693 3366 1751 descendunt.
3396 1698 3469 1753 De
3498 1699 3697 1769 quibus
3731 1700 3784 1756 in

476 1806 624 1847 nunc
652 1789 918 1857 redditas,
950 1797 1007 1844 et
1035 1789 1263 1858 primam
1299 1786 1493 1857 primae
1512 1828 1525 1851 ,
1559 1784 1610 1839 id
1637 1791 1754 1851 est,
1788 1781 2035 1837 Damasci
2059 1825 2073 1849 ,
2108 1786 2157 1847 Β
2183 1782 2494 1839 Proverbiis
2519 1786 2783 1855 scriptum
2804 1797 2889 1842 est
2915 1805 2927 1841 :
2954 1786 3080 1843 Non
3112 1790 3305 1862 injuste
3342 1793 3624 1847 tenduntur
3652 1795 3787 1849 retia

476 1884 775 1943 secundam
804 1882 1077 1949 secundae,
1105 1882 1158 1937 id
1176 1889 1260 1937 est
1285 1880 1476 1946 Gazae,
1504 1891 1558 1935 et
1588 1878 1827 1949 reliquas
1856 1876 2079 1947 reliquis

478 1978 839 2051 respondere.
870 1976 1028 2044 Quod
1059 1984 1238 2031 utrum
1264 1989 1453 2030 verum
1483 1972 1577 2037 sit,
1607 1970 1821 2027 noverit
1849 1969 1966 2040 ipse
1990 1969 2081 2037 qui

480 2072 715 2142 scripsit.
744 2070 902 2125 Alius
930 2076 1113 2125 autem
1143 2077 1298 2139 putat
1326 2076 1351 2104 ⁸
1371 2081 1471 2123 sex
1501 2065 1753 2136 exempla
1782 2063 2079 2133 pr0posita,

477 2166 710 2221 duorum
736 2165 937 2235 pariter
965 2163 1126 2219 invia
1155 2160 1644 2225 ambulantium,et
1666 2156 1841 2213 leonis
1870 2155 2084 2225 rugien-

478 2259 546 2314 tis
572 2259 623 2313 in
654 2258 820 2325 saltu,
854 2264 911 2312 et
939 2254 1103 2312 catuli
1131 2254 1306 2310 leonis
1333 2253 1513 2309 dantis
1542 2266 1731 2307 vocem
1756 2264 1933 2317 suam,
1961 2263 2085 2304 cum

483 2352 687 2422 aliquid
727 2348 1175 2420 apprehenderit,
1209 2356 1262 2403 et
1302 2347 1420 2401 avis
1458 2352 1633 2416 capta:
1659 2343 1729 2399 ab
1776 2358 2003 2413 aucupe,
2034 2350 2089 2397 et

478 2446 659 2517 laquei
685 2445 777 2515 qui
809 2445 863 2499 in
892 2452 1039 2499 terra
1071 2440 1327 2511 deﬁgitur
1357 2439 1426 2494 ad
1453 2436 1779 2507 capiendam
1805 2436 2042 2507 praedam
2070 2478 2085 2503 ,

483 2550 539 2594 et
570 2538 713 2593 tubae
748 2538 801 2592 in
828 2536 1050 2591 civitate
1080 2533 1412 2605 clangentis,
1448 2531 1639 2601 hisque
1668 2528 1941 2599 exemplis
1964 2529 2091 2584 red-

480 2633 650 2688 ditam
675 2630 1116 2697 similitudinem,
1140 2639 1198 2685 ut
1224 2628 1499 2700 quomodo
1541 2626 1825 2698 superiora
1872 2639 2090 2680 causam

480 2729 708 2794 habent,
737 2737 793 2783 et
825 2742 933 2782 non
964 2728 1098 2781 tiunt
1124 2727 1227 2783 nisi
1260 2726 1354 2780 illa
1396 2726 1778 2795 praecesserint
1811 2742 1822 2777 :
1853 2723 1932 2778 sic
1966 2723 2091 2778 nul-

482 2824 594 2878 lum
629 2824 682 2877 in
714 2821 934 2877 civitate
960 2820 1212 2876 accidere
1240 2819 1443 2875 malum
1464 2863 1478 2887 ,
1511 2819 1657 2890 quod
1687 2818 1921 2873 Domino
1949 2834 2091 2888 prze-

483 2919 724 2988 cipiente
753 2934 860 2972 non
892 2916 1097 2971 laetum
1116 2915 1367 2972 sit.Sunt
1392 2915 1485 2986 qui
1521 2915 1756 2984 primum
1781 2912 2093 2982 exemplum

484 3012 756 3068 aestimant
784 3010 1072 3065 continere
1103 3009 1431 3079 doctrinam,
1461 3010 1586 3079 quia
1618 3022 1727 3061 non
1756 3007 1961 3076 possint
1986 3004 2094 3059 duo

483 3108 690 3178 pariter
719 3105 1024 3170 ambulare,
1061 3103 1168 3159 nisi
1198 3103 1302 3159 sibi
1326 3111 1452 3158 ante
1480 3100 1868 3157 consenserint
1892 3100 1945 3153 in
1968 3113 2093 3153 eum

2184 1877 2361 1931 avibus
2386 1876 2572 1948 (Prov.
2597 1894 2634 1946 ι,
2664 1880 2747 1945 17,
2775 1889 2821 1932 et
2849 1896 2994 1946 χχιι,
3022 1882 3101 1953 5).
3126 1881 3281 1938 .lusta
3321 1884 3466 1939 enim
3505 1885 3663 1940 ruina
3707 1898 3788 1941 est

2186 1980 2551 2042 peccatorum,
2611 1974 2700 2042 qui
2745 1989 2869 2029 cum
2912 1975 3203 2031 habuerint
3249 1979 3364 2033 alas
3401 1979 3691 2045 columbae,
3737 1988 3789 2035 et

2190 2079 2285 2134 per
2298 2080 2481 2120 aerem
2496 2064 2727 2121 volitare
2746 2066 3071 2135 debuerint,
3091 2070 3333 2139 pondere
3353 2080 3702 2140 peccatorum
3726 2070 3788 2126 ad

2189 2164 2407 2212 terrena
2434 2157 2683 2228 depressi
2706 2168 2854 2226 sunt,
2884 2170 2937 2215 et
2958 2161 3091 2216 vitio
3119 2177 3219 2218 suo
3245 2162 3592 2219 adhtcserunt
3616 2165 3785 2221 visco.

2188 2250 2265 2307 De
2287 2266 2394 2321 quo
2420 2252 2474 2307 in
2497 2253 2765 2323 Apostolo
2795 2255 3023 2327 legimus
3058 2274 3069 2310 :
3108 2258 3213 2326 Qui
3242 2259 3474 2315 adliceret
3506 2262 3784 2327 meretrici,

2191 2362 2349 2399 unum
2378 2362 2495 2401 cum
2524 2364 2583 2402 ea
2611 2364 2797 2421 corpus
2827 2351 3058 2422 efﬁcitur
3099 2351 3142 2421 (l
3176 2350 3297 2408 Cor.
3329 2370 3405 2420 v1,
3442 2354 3555 2426 16).
3588 2355 3789 2422 Quarta

2192 2451 2351 2508 pmna
2374 2447 2459 2494 est
2490 2436 2953 2511 discordantium,
3003 2452 3062 2498 ut
3110 2446 3397 2515 capiantur
3442 2447 3659 2519 laqueo,
3702 2449 3790 2519 qui

2194 2546 2302 2586 non
2336 2532 2391 2586 in
2422 2533 2562 2590 etelo
2591 2535 2807 2606 positus
2837 2546 2941 2605 est,
2990 2537 3087 2593 sed
3116 2539 3167 2593 in
3201 2549 3341 2595 terra
3378 2560 3391 2596 :
3423 2540 3490 2595 de
3518 2556 3626 2611 quo
3649 2541 3790 2612 quod

2194 2625 2458 2692 evaserit,
2503 2635 2723 2681 sanctus
2758 2628 3047 2697 gloriatur,
3082 2640 3137 2685 et
3167 2631 3300 2686 dicit
3342 2650 3352 2686 :
3388 2632 3575 2686 Anima
3619 2643 3792 2687 nostra

2195 2716 2327 2771 sicut
2356 2736 2537 2790 passer
2578 2730 2753 2793 erepta
2794 2733 2869 2777 est
2900 2724 2963 2778 de
2993 2725 3173 2795 laqueo
3215 2729 3503 2782 venantium
3534 2744 3552 2782 :
3582 2728 3791 2798 laqueus

2196 2812 2448 2888 contritus
2470 2823 2567 2879 est,
2594 2825 2639 2868 et
2669 2832 2763 2870 nos
2785 2817 2989 2871 liberati
3017 2835 3193 2873 sumus
3221 2819 3338 2890 (Ps.
3364 2835 3548 2883 cxxut,
3573 2818 3652 2889 7).
3688 2819 3791 2875 lste

2198 2908 2283 2956 est
2323 2906 2592 2959 contritus
2621 2905 2867 2976 laqueus,
2902 2908 2971 2964 de
3000 2925 3108 2980 quo
3136 2911 3431 2981 Apostolus
3457 2912 3699 2981 loquitur
3727 2911 3789 2967 ad

2198 2997 2495 3054 credentes
2528 3016 2540 3052 :
2570 2998 2712 3054 Dens
2737 3010 2963 3056 conteret
2988 3014 3225 3059 satanam
3247 3005 3340 3058 sub
3367 3004 3581 3077 pedibus
3614 3006 3791 3060 vestris

2198 3091 2438 3145 velociter
2469 3090 2647 3163 (Rom.
2675 3109 2785 3160 xvr,
2815 3095 2947 3167 20).
2996 3097 3340 3166 Rursumque
3362 3099 3415 3151 in
3449 3097 3615 3152 David
3666 3098 3794 3169 legi-

483 3203 573 3272 qui
603 3201 735 3256 fecit
758 3209 990 3270 utraque
1023 3199 1133 3273 [A1,
1159 3195 1474 3269 utrumque]
1524 3212 1713 3267 unum,
1743 3206 1799 3250 et
1850 3192 2088 3249 medium
2115 3183 2160 3246 C
2193 3184 2535 3241 muszluxta
2566 3188 2801 3243 semitam
2834 3190 3139 3244 scandalum
3188 3202 3471 3263 posuerunt
3515 3190 3644 3245 mihi
3670 3190 3785 3263 (Ps.

482 3295 750 3365 parietem
799 3293 1055 3348 maceria:
1105 3291 1401 3358 destruxit,
1450 3298 1505 3345 et
1552 3289 1690 3345 duos
1736 3287 1982 3344 condidit
2033 3287 2087 3341 in

483 3403 652 3443 unum
686 3400 889 3441 novum
924 3384 1202 3439 hominem
1253 3382 1475 3456 (Ephes.
1501 3384 1564 3454 ιι)
1596 3401 1609 3437 :
1665 3382 1899 3452 fecitque
1940 3380 2084 3436 inter

482 3496 579 3536 eos
608 3494 819 3549 pacem,
851 3487 906 3533 et
946 3477 1228 3547 copulavit
1280 3476 1500 3531 vinculo
1550 3474 1857 3541 charitatis,
1883 3482 1941 3527 ut
1965 3488 2087 3527 cum

482 3572 691 3630 fuerint
723 3573 885 3629 simul
918 3572 1047 3641 duo,
1085 3570 1364 3641 postulent
1394 3585 1425 3624 a
1469 3569 1651 3637 Patre,
1696 3580 1751 3624 et
1796 3568 2091 3638 impetrent

492 3665 756 3735 quidquid
785 3664 1122 3733 rogaverint.
1154 3663 1249 3717 lla:
1271 3671 1397 3717 sunt
1427 3661 1547 3717 duze
1574 3664 1745 3732 virga:
1770 3675 1888 3730 quae
1914 3660 2015 3715 sibi
2037 3660 2089 3713 in

488 3760 782 3817 Ezechiele
807 3758 1133 3828 capulantur
1156 3757 1372 3830 (Ezeclt.
1404 3757 1533 3827 vn),
1563 3764 1617 3812 et
1642 3756 1750 3811 duo
1781 3754 1964 3825 pepuli
1987 3754 2093 3809 cir-

485 3851 844 3907 cumcisionis
866 3860 923 3904 et
946 3850 1215 3920 gentium,
1238 3849 1307 3904 de
1335 3848 1535 3919 quibus
1560 3848 1627 3902 ad
1657 3848 1833 3902 Eliam
1855 3845 2095 3915 loquitur

491 3945 806 3999 Dominus:
847 3942 1051 4013 Reliqui
1094 3941 1224 3995 mihi
1269 3950 1461 4013 septem
1502 3940 1668 3994 millia
1704 3941 1955 4005 virorum,
2007 3941 2095 4009 qui

488 4054 593 4092 non
626 4044 961 4091 curvaverant
992 4051 1127 4105 genu
1151 4043 1271 4088 ante
1292 4032 1426 4087 Baal
1468 4032 1559 4102 (Ill
1584 4031 1715 4103 Reg.
1742 4048 1853 4100 XIX,
1880 4031 1987 4101 18).
2028 4031 2096 4086 Et

492 4129 550 4184 in
582 4129 689 4182 alio
721 4128 843 4182 loco
869 4126 1015 4182 Deus
1046 4144 1058 4179 :
1089 4125 1340 4180 Inventus
1369 4142 1503 4192 sum,
1534 4126 1639 4191 ait,
1670 4124 1749 4179 his
1779 4126 1867 4195 qui
1892 4140 1971 4178 me
1994 4140 2094 4178 non

492 4220 788 4291 quterebant
834 4235 852 4273 :
898 4220 1123 4289 apparui
1167 4219 1242 4272 eis
1284 4219 1371 4289 qui
1426 4234 1507 4271 me
1552 4234 1655 4271 non
1707 4216 2093 4288 interrogabant

497 4311 657 4385 (Isai.
691 4327 793 4367 va
818 4354 832 4379 ,
863 4310 939 4380 1).
982 4310 1117 4364 Cum
1147 4319 1331 4365 autem
1382 4310 1489 4365 duo
1535 4310 1744 4365 redacti
1793 4309 1998 4365 fuerint
2037 4310 2094 4365 in

494 4402 1067 4474 unum,adbterebunt
1111 4402 1361 4469 Domino,
1390 4410 1444 4456 et
1492 4400 1585 4456 ﬁet
1636 4415 1778 4456 unus
1830 4401 2091 4472 spiritus:

497 4500 600 4565 Qui
627 4500 763 4554 enim
787 4496 1015 4551 adliceret
1067 4494 1312 4562 Domino,
1344 4510 1480 4549 unus
1528 4502 1602 4548 est
1642 4494 1857 4565 spiritus
1890 4492 2093 4564 (lCor.

2192 3284 2489 3351 cxxxvt,b‘).
2508 3279 2623 3336 Non
2645 3283 2787 3337 enim
2822 3293 3049 3353 possunt
3072 3284 3322 3354 deripere
3342 3285 3620 3354 simplices
3634 3299 3793 3355 quos-

2192 3391 2297 3446 que
2326 3375 2697 3446 crcdentium,
2724 3378 2830 3434 nisi
2863 3394 3055 3435 nomen
3070 3379 3273 3435 Christi
3299 3381 3704 3451 proposuerint,
3736 3392 3791 3434 ut

2193 3470 2320 3523 dum
2353 3479 2601 3539 putamus
2650 3488 2753 3527 nos
2798 3473 3071 3528 Christum
3103 3475 3371 3541 invenire,
3404 3490 3698 3546 pergamus
3726 3474 3791 3531 ad

2194 3560 2614 3619 Antichristum.
2646 3565 2842 3633 Quinta
2881 3583 3036 3636 ptena
3066 3577 3153 3624 est
3178 3583 3369 3624 eorum
3399 3569 3490 3639 qui
3521 3570 3791 3639 reliquere

2196 3668 2410 3723 pacem,
2438 3672 2559 3725 quze
2585 3667 2885 3728 exsuperat
2908 3675 3125 3716 omnem
3155 3676 3374 3715 sensum
3404 3659 3666 3733 (Philipp.
3693 3659 3787 3731 tv),

2196 3753 2251 3799 ct
2282 3761 2443 3816 quam
2473 3746 2735 3804 Dominus
2765 3766 2996 3821 pergens
3022 3753 3088 3807 ad
3117 3752 3360 3819 Patrem,
3392 3754 3665 3823 Apostolis
3702 3752 3793 3808 dc-

2195 3837 2438 3907 reliquil,
2484 3837 2677 3895 dicens
2709 3858 2721 3893 :
2756 3823 2947 3895 Pacem
2995 3843 3155 3915 255
3200 3860 3368 3899 meam
3398 3845 3467 3898 do
3497 3845 3670 3913 vobis,
3705 3862 3793 3913 pu-

2198 3946 2305 3985 cem
2336 3948 2504 3986 meam
2538 3934 2773 4004 relinquo
2804 3936 2942 3992 vobis
2974 3938 3157 4009 (Joan.
3189 3954 3299 4004 xxv,
3333 3938 3453 4008 27),
3486 3950 3548 3994 ιιι
3582 3941 3634 3993 in
3665 3940 3791 3995 civi-

2200 4034 2308 4080 tate
2363 4025 2581 4082 Domini
2633 4031 2958 4097 constituti,
3024 4033 3166 4087 tubac
3222 4033 3404 4087 sonitu
3462 4040 3787 4087 terreantur.

2199 4118 2469 4189 Quidquid
2512 4124 2660 4177 enim
2713 4124 2765 4178 in
2808 4124 3109 4194 Scripturis
3149 4128 3354 4181 sanctis
3396 4126 3622 4194 dicitur,
3672 4126 3790 4181 tuba

2199 4216 2539 4270 comminans
2567 4226 2670 4285 est,
2695 4226 2749 4273 et
2771 4218 2961 4288 grandi
2993 4234 3127 4275 voce
3149 4234 3308 4274 aures
3334 4218 3678 4274 credentium
3704 4234 3791 4289 pc-

2201 4317 2447 4363 netrans.
2475 4307 2533 4364 Si
2558 4308 2693 4377 justi
2721 4325 2931 4375 sumus,
2974 4327 3072 4383 per
3097 4312 3277 4366 tubam
3297 4311 3500 4367 Christi
3523 4312 3593 4365 ad
3623 4312 3790 4367 beati-

2202 4404 2442 4458 tudinem
2477 4419 2837 4473 provocamur
2870 4424 2879 4459 :
2914 4406 2957 4461 si
3004 4416 3342 4475 peccatores,
3386 4406 3637 4461 audimus
3677 4422 3789 4476 qua:

2201 4499 2373 4554 simus
2397 4507 2661 4553 tormenta
2687 4501 2919 4569 passuri.
2946 4500 3142 4555 Malum
3166 4512 3343 4557 autem
3368 4500 3511 4572 quod
3534 4501 3790 4556 Dominus

497 4611 582 4657 vr,
616 4592 731 4662 17).
757 4591 851 4646 Isti
879 4604 1011 4662 ergo
1042 4590 1151 4645 duo
1177 4590 1268 4659 qui
1301 4588 1403 4644 sibi
1433 4587 1815 4653 consentiunt,
1850 4595 1905 4643 et
1934 4588 2096 4644 invia
2124 4582 2175 4642 D
2203 4591 2334 4647 facit
2383 4592 2436 4647 in
2481 4592 2727 4661 civitate,
2772 4610 2879 4649 non
2928 4596 3263 4650 contrarium
3307 4604 3389 4650 est
3437 4594 3650 4659 virtuti,
3700 4592 3789 4649 sed

494 4688 699 4745 Christi
729 4687 934 4758 pariter
962 4684 1265 4750 ambulant,
1296 4683 1495 4738 nullius
1510 4682 1951 4738 adversariorum
1974 4697 2100 4752 pos—

496 4790 626 4838 sunt
656 4784 923 4849 impetum
945 4778 1357 4847 pertimescere.
1391 4775 1547 4843 Quod
1570 4776 1612 4830 si
1643 4775 1917 4831 discordia
1943 4790 2099 4845 sepa-

498 4885 712 4941 rentur,
744 4875 923 4929 statim
949 4886 1042 4928 eos
1065 4873 1151 4927 leo
1179 4872 1399 4941 rugiens
1429 4871 1668 4939 invadet,
1698 4871 1765 4927 de
1792 4887 1899 4943 quo
1921 4882 1975 4926 ct
2000 4874 2097 4929 Pe—

498 4978 620 5023 trus
645 4965 943 5036 Apostolus
966 4965 1042 5019 ait
1075 4981 1087 5017 :
1123 4962 1288 5035 254
1316 4965 1656 5018 Adversarius
1679 4972 1840 5019 vester
1864 4964 2098 5019 diabolus

496 5073 760 5130 tamquam
775 5061 853 5113 leo
866 5059 1072 5129 rugiens
1085 5057 1269 5110 circuit
1280 5072 1514 5127 quwrens
1528 5072 1681 5126 quem
1695 5056 1902 5111 devoret
1928 5055 2091 5129 (lPet.

497 5168 557 5221 ν,
592 5152 671 5223 8).
699 5149 804 5219 Qui
831 5150 916 5205 leo
943 5147 1166 5219 rugiens
1188 5189 1201 5212 ,
1227 5161 1335 5202 non
1379 5159 1629 5203 versatur
1658 5150 1713 5203 in
1737 5149 1883 5220 agris
1917 5149 2098 5205 consi-

502 5245 595 5310 tis,
613 5259 719 5298 non
742 5243 795 5297 in
811 5240 1006 5309 vineis,
1023 5255 1133 5295 non
1160 5238 1213 5294 in
1235 5239 1472 5307 olivetis,
1492 5256 1592 5296 nec
1612 5241 1754 5296 inter
1772 5239 1919 5311 ligna
1933 5242 2100 5312 pomi-

494 5336 768 5404 fera,qu'.n
784 5334 1012 5388 laudant
1039 5332 1243 5397 Deum;
1275 5332 1371 5388 sed
1397 5333 1483 5387 ubi
1504 5332 1657 5388 silva:
1678 5342 1806 5388 sunt
1827 5332 2097 5388 etinculta

496 5430 721 5495 humus,
744 5437 799 5483 et
826 5426 1014 5483 bestiae
1039 5434 1469 5481 commorantur.
1503 5425 1568 5480 Et
1586 5440 1695 5481 non
1718 5424 1894 5481 solum
1924 5426 2100 5482 leonis

497 5516 767 5587 patebunt
809 5514 1123 5581 morsibus,
1166 5514 1261 5568 scd
1308 5512 1683 5583 apprehendet
1728 5528 1825 5569 eos
1882 5512 2097 5569 catulus

500 5610 699 5678 leonis,
732 5618 789 5664 et
824 5609 987 5664 ducet
1015 5608 1082 5663 ad
1112 5607 1291 5665 cubile
1318 5623 1498 5676 suum,
1542 5608 1755 5680 fugiens
1802 5609 1998 5681 lucem,
2043 5623 2098 5668 et

576 5808 603 5836 ει
634 5794 901 5865 Corrupto
924 5794 1204 5863 Martian.,
1240 5812 1295 5850 se
1319 5800 1575 5867 exempta,
1609 5811 1709 5867 pro
1736 5812 1847 5863 sex,
1873 5802 1979 5851 etc.

2201 4684 2424 4740 afﬂictio
2470 4695 2526 4740 et
2572 4686 2874 4753 cruciatus,
2906 4686 2975 4742 de
3015 4703 3124 4757 quo
3152 4687 3416 4759 legimus:
3450 4687 3664 4759 Sufﬁcit
3695 4686 3792 4739 diei

2200 4781 2399 4834 malitia
2442 4797 2536 4834 sua
2578 4779 2793 4852 (Matth.
2820 4795 2897 4847 vt,
2932 4780 3046 4851 54),
3081 4780 3134 4835 id
3165 4792 3269 4842 est.
3302 4781 3577 4836 tribulatio
3608 4787 3665 4836 et
3701 4796 3789 4833 an.

2197 4876 2396 4943 gustia.
2424 4872 2491 4926 Et
2514 4871 2564 4925 in
2597 4872 2862 4942 Propheta
2901 4872 3132 4943 legimus
3178 4891 3190 4928 :
3230 4871 3343 4944 Ego
3385 4871 3526 4927 Deus
3570 4874 3658 4943 qui
3699 4871 3790 4943 feci

2199 4962 2367 5017 lucem
2408 4974 2453 5017 et
2503 4964 2757 5030 tenebras,
2804 4966 2891 5035 qui
2941 4965 3077 5035 facio
3124 4982 3323 5038 pacem,
3364 4975 3413 5019 et
3454 4966 3622 5019 condo
3663 4964 3792 5018 mala

2200 5053 2352 5127 (Isai.
2388 5072 2511 5123 XLV,
2541 5058 2595 5124 6,
2626 5057 2701 5128 7).
2729 5057 2883 5113 Sicut
2918 5060 3062 5113 enim
3094 5059 3333 5114 tenebrm
3355 5058 3645 5113 contraria:
3671 5065 3793 5112 sunt

2200 5148 2309 5203 luci
2338 5156 2393 5204 et
2422 5148 2525 5204 diei
2558 5168 2568 5203 :
2601 5150 2679 5205 sic
2706 5159 2762 5205 et
2784 5151 2903 5221 paci
2925 5151 3128 5207 bellum
3155 5151 3489 5207 contrarium
3519 5160 3625 5219 est,
3655 5148 3790 5221 quod

2207 5259 2313 5298 non
2347 5258 2443 5313 per
2464 5259 2524 5300 se
2553 5244 2753 5300 malum
2783 5256 2888 5311 est,
2926 5245 3022 5302 sed
3052 5231 3254 5302 malum
3288 5246 3502 5301 videtur
3530 5244 3616 5301 his
3654 5260 3788 5309 esse,

2204 5336 2296 5405 qui
2335 5339 2627 5391 sustinent.
2676 5336 2744 5391 Et
2790 5348 2847 5392 ut
2892 5340 3125 5393 sciamus
3178 5340 3230 5393 in
3272 5338 3570 5408 Scripturis
3599 5336 3791 5392 sanctis

2204 5427 2471 5482 malitiam
2516 5429 2785 5484 interdum
2834 5448 2943 5488 non
2990 5434 3319 5488 contrariam
3360 5432 3547 5487 virtuti
3589 5431 3786 5502 accipi;

2203 5519 2300 5575 sed
2329 5519 2675 5577 afﬂictioncm
2706 5537 3008 5595 poenasque
3036 5535 3092 5581 et
3121 5526 3449 5595 angustiam,
3500 5541 3668 5580 unum
3700 5523 3788 5579 ad-

2204 5610 2310 5670 huc
2331 5612 2398 5669 de
2418 5614 2555 5669 Jona
2579 5629 2858 5679 sumamus
2880 5618 3187 5689 exemplum
3213 5638 3225 5675 :
3249 5616 3318 5672 Et
3336 5618 3459 5673 vidit
3482 5618 3622 5673 Deus
3639 5632 3787 5690 Opera
