4120 6342
476 256 612 311 Mill

1778 249 1838 308 8.
1877 247 2151 308 EUSEBII
2189 248 2575 309 HIERONYHI

3596 255 3603 268 '
3627 252 3767 309 1020

466 366 766 424 inciderit?
795 365 1129 422 Calumniam
1160 379 1377 436 quoque
1417 364 1698 434 patiuntur
1727 366 1779 420 in
1807 374 2064 434 penetra-
2090 367 2146 438 Α
2169 372 2310 422 rant.
2344 365 2410 420 Et
2432 365 2578 422 a-des
2603 381 2795 424 eorum
2832 366 3156 438 diripiantur
3188 384 3200 420 :
3247 375 3308 423 ut
3342 368 3433 439 qui
3475 367 3619 438 rapti
3649 367 3769 424 fue-

473 461 617 518 libus
663 461 780 530 ejus
807 504 820 526 ,
863 460 978 516 sive
1003 459 1387 530 apprimuntur
1415 458 1695 526 simplices
1718 458 1920 529 quique
1941 472 2065 513 cre-

473 551 716 606 dentium
750 568 765 616 ;
795 548 922 604 dum
953 551 1054 604 sub
1084 549 1304 606 nomine
1333 549 1578 604 veritatis
1625 549 1810 606 colunt
1839 548 2066 606 menda-

471 645 638 706 cium,
671 641 834 714 258
854 653 906 696 et
937 641 1162 696 omnino
1193 651 1401 696 rectum
1426 640 1608 698 facere
1638 643 1907 706 nesciunt,
1940 643 2067 712 quia

472 735 759 804 perdidere
784 733 1054 790 tramitem
1089 733 1353 802 veritatis,
1390 748 1492 789 nec
1513 733 1742 789 credunt
1780 733 1833 790 in
1865 749 1932 789 eo
1969 733 2066 804 qui

471 827 632 882 dicit:
669 825 781 898 Ego
810 843 926 882 sum
964 828 1148 881 veritas
1195 825 1413 899 (Joann.
1447 843 1557 893 xtv,
1601 828 1655 898 6)
1687 845 1700 881 :
1744 837 1800 882 et
1848 827 2069 884 thesau-

475 920 650 976 rizant
680 921 783 976 sibi
814 920 1066 990 dogmata
1099 921 1418 992 iniquitatis,
1445 933 1501 976 et
1523 921 1737 993 rapiunt
1760 933 1918 992 atque
1939 937 2067 978 con-

473 1013 702 1068 cludunt
725 1015 776 1068 in
809 1013 1020 1068 :edibus
1049 1016 1184 1078 suis,
1219 1029 1355 1081 quos
1380 1016 1660 1078 potuerint
1694 1014 1830 1070 falso
1879 1029 2070 1072 errore

472 1106 743 1176 decipere.
782 1107 876 1162 Sin
907 1117 1084 1162 autem
1122 1107 1390 1175 placuerit
1430 1113 1489 1162 ut
1533 1109 1775 1178 legamus
1825 1108 2069 1180 Assyrios

474 1199 637 1270 (quod
675 1212 855 1256 tamen
885 1201 937 1255 in
967 1200 1230 1255 llebraico
1253 1215 1356 1254 n0n
1389 1201 1673 1272 habetur),
1702 1201 1943 1256 dicamus
1971 1199 2070 1256 hos

474 1308 619 1360 esse,
647 1293 715 1349 de
745 1294 943 1364 quibus
974 1295 1233 1364 scriptum
1273 1303 1358 1349 est
1387 1312 1400 1348 :
1453 1294 1708 1350 lactucam
1751 1311 1904 1366 super
1952 1311 2072 1348 sen-

473 1410 586 1446 sum
614 1410 858 1463 magnum
886 1395 1168 1466 principem
1197 1395 1548 1465 Assyriorum,
1575 1395 1664 1466 qui
1709 1393 1864 1458 dixit,
1895 1391 2074 1448 Forti-

475 1485 656 1540 tudine
687 1503 798 1540 mea
819 1488 1030 1555 faciant,
1066 1497 1115 1540 et
1141 1498 1362 1550 cietera,
1396 1494 1453 1542 ut
1500 1487 1782 1555 capiantur
1830 1485 2069 1542 haeretici

477 1578 545 1630 ab
597 1578 822 1646 Assyrio
869 1589 924 1634 et
965 1591 1252 1634 teneantur
1294 1581 1347 1635 in
1393 1590 1534 1636 terra
1569 1579 1815 1652 Egypti,
1867 1581 1934 1635 de
1967 1596 2070 1652 qua

473 1674 582 1742 jam
618 1677 897 1730 venientes
921 1679 983 1728 ad
1014 1677 1311 1732 Ecclesium
1343 1676 1556 1730 liberati
1586 1688 1734 1730 sunt.

2171 465 2293 512 rant
2313 455 2382 512 de
2413 458 2680 525 Ecclesia,
2711 460 2780 516 ad
2807 459 3113 520 Eeclesiam
3149 468 3524 518 revertantur.

2241 548 2422 623 (Vers.
2463 551 2546 616 l2,
2575 549 2688 622 15.)
2728 552 2860 610 Ἠωε
2897 552 3024 607 dicit
3064 549 3359 607 Dominus:
3407 551 3680 617 Quomodo
3721 550 3768 605 si

2172 654 2316 700 eruat
2358 651 2536 715 pastor
2579 646 2644 698 de
2664 661 2752 698 ore
2787 646 2951 699 leonis
2983 643 3088 700 duo
3117 661 3297 710 crura,
3340 652 3431 700 aut
3473 655 3767 700 extremum

2170 736 2420 790 auricqu
2447 737 2557 790 :sic
2583 747 2830 792 eruentur
2852 738 2948 807 ﬁlii
2972 736 3143 791 Israel
3169 739 3259 808 qui
3301 737 3539 792 habitant
3579 738 3635 790 in
3663 737 3770 792 Sa-

2171 829 2412 882 mariain
2442 828 2598 902 plaga
2618 831 2793 884 lectuli
2821 840 2867 884 et
2891 832 2944 884 in
2993 829 3237 884 Damasci
3289 830 3523 900 grabato.
3569 828 3714 884 LXX
3747 845 3766 886 :

2173 921 2450 998 Ha'cdicit
2479 921 2730 977 Dominus
2749 939 2768 976 :
2799 922 3072 990 Quomodo
3111 924 3154 977 si
3178 923 3364 976 avellat
3397 931 3574 992 pastor
3593 921 3658 976 de
3679 938 3772 976 ore

2172 1017 2332 1072 leonis
2356 1015 2460 1070 duo
2483 1033 2660 1082 crura,
2682 1026 2776 1074 aut
2804 1027 3086 1072 extremum
3111 1014 3404 1072 auriculae;
3434 1017 3512 1070 sic
3544 1014 3773 1070 avellen-

2172 1121 2257 1166 tur
2281 1111 2377 1182 ﬁlii
2401 1108 2568 1165 Israel
2589 1111 2676 1181 qui
2713 1109 2950 1166 habitant
2980 1112 3036 1165 in
3073 1110 3318 1168 Samaria
3352 1121 3533 1164 contra
3579 1109 3774 1164 tribum

2173 1214 2220 1257 et
2248 1205 2301 1260 in
2328 1201 2609 1259 Damasco.
2648 1203 2706 1258 ln
2768 1204 3038 1276 principio
3088 1209 3277 1268 Amos,
3325 1203 3418 1258 ubi
3469 1203 3776 1258 versiculos

2175 1297 2295 1352 illos
2322 1297 2682 1352 disseruimus
2713 1315 2723 1350 :
2751 1295 3011 1352 Dominus
3037 1297 3101 1351 de
3123 1297 3272 1365 Sion;
3295 1297 3484 1368 rugiet,
3517 1306 3564 1351 et
3593 1295 3656 1350 de
3676 1294 3774 1348 Je-

2175 1390 2396 1444 rusalem
2419 1388 2557 1444 dabit
2587 1405 2756 1442 vocem
2778 1406 2927 1444 suam
2949 1405 2969 1444 :
3005 1398 3052 1442 et
3093 1391 3336 1444 luxerunt
3384 1388 3619 1456 speciosa
3652 1404 3778 1456 pas-

2175 1493 2368 1549 torum,
2391 1494 2439 1536 et
2470 1485 2755 1538 exsiccatus
2781 1494 2852 1538 est
2879 1494 3053 1538 vertex
3073 1481 3318 1549 Carmeli,
3353 1482 3591 1536 diximus
3621 1482 3773 1536 illum

2175 1576 2312 1632 artis
2355 1593 2466 1632 suae
2508 1593 2663 1634 usum
2714 1593 2837 1633 esse
2874 1579 3226 1634 sermonibus
3262 1597 3273 1631 :
3317 1589 3373 1632 ut
3415 1579 3539 1648 quia
3587 1586 3779 1648 pastor

2177 1687 2396 1742 gregum
2431 1671 2564 1727 nihil
2585 1672 2883 1728 terribilius
2917 1674 3074 1730 leone
3103 1681 3458 1744 cognoverat,
3491 1671 3626 1726 iram
3673 1672 3781 1726 Do-

547 1767 726 1841 (Vers.
763 1769 878 1842 ll.)
921 1769 1203 1842 Propterea
1254 1772 1363 1826 lucc
1416 1771 1540 1825 dicit
1591 1769 1846 1828 Dominus
1885 1768 2074 1826 Deus:
2107 1772 2148 1832 Β
2180 1767 2312 1820 mini
2337 1767 2583 1824 leonibus
2599 1777 2966 1838 compararet.
2997 1767 3161 1822 Juxta
3193 1768 3334 1822 hunc
3387 1783 3515 1836 ergo
3555 1780 3780 1824 sensqu

475 1858 832 1918 Tribulabitur
863 1873 906 1915 et
933 1863 1264 1918 circuinietur
1286 1875 1446 1930 terra,
1501 1873 1546 1916 et
1594 1864 1892 1918 detrahetur
1933 1879 1995 1920 ea:
2027 1870 2075 1920 te

473 1952 730 2022 fortitudo
755 1964 867 2019 tua,
898 1964 944 2008 et
976 1956 1288 2024 diripientur
1307 1956 1441 2012 rudes
1470 1967 1592 2011 tum.
1619 1956 1763 2012 LXX
1785 1975 1797 2011 :
1823 1957 2074 2030 PrOpler-

476 2063 536 2099 ea
571 2046 680 2100 haec
721 2047 846 2101 dicit
880 2047 1129 2104 Dominus
1163 2051 1299 2104 Deus
1328 2067 1346 2104 .'
1374 2050 1544 2122 Tyrus
1573 2062 1619 2106 et
1643 2053 1697 2106 in
1722 2053 1941 2108 circuitu
1974 2064 2077 2106 ter-

475 2155 534 2192 ra
579 2148 668 2192 tua
718 2139 923 2196 deserta
959 2144 1098 2196 erit:
1144 2153 1190 2198 et
1229 2143 1462 2198 detrahet
1514 2145 1578 2200 de
1627 2154 1675 2198 te
1717 2145 2074 2218 fortitudinem

479 2243 646 2297 tuam,
676 2242 725 2286 et
747 2234 1058 2307 diripiantur
1078 2237 1310 2307 regiones
1335 2247 1454 2292 tute.
1512 2237 1616 2292 Pro
1666 2237 1829 2310 Tyro,
1865 2255 1984 2308 qum
2017 2238 2073 2292 in

480 2327 750 2382 llebraico
777 2329 988 2384 duabus
1017 2330 1211 2385 litteris
1248 2331 1450 2400 scripta
1494 2341 1598 2396 est,
1625 2346 1756 2386 sane
1784 2331 1867 2404 (Β)
1898 2341 1951 2387 ει
1977 2346 2076 2386 RES

479 2417 599 2490 ('1);
633 2431 685 2475 et
711 2421 1019 2488 appellatur
1047 2438 1143 2480 sou
1170 2422 1296 2494 ('13)
1325 2441 1336 2476 :
1368 2423 1509 2492 quod
1539 2433 1590 2478 et
1635 2424 1826 2495 Aquila
1875 2434 1928 2479 et
1975 2423 2077 2479 Se-

481 2517 754 2586 ptuaginta
787 2517 1040 2572 similiter
1090 2519 1522 2574 transtulerunt:
1551 2517 1728 2573 Hebri:
1751 2533 1814 2573 us
1851 2517 1945 2589 qui
1990 2534 2076 2576 me

479 2609 533 2664 in
576 2611 779 2665 sanctis
827 2610 1126 2682 Scripturis
1159 2611 1426 2676 erudivit,
1479 2610 1865 2670 tribulationem
1903 2613 2074 2668 inter-

481 2712 723 2773 pretatus
748 2712 854 2770 est,
891 2719 990 2759 nec
1015 2705 1297 2760 rennimus
1325 2703 1445 2773 ejus
1466 2705 1794 2759 sententiam
1829 2722 1842 2758 :
1871 2704 1995 2778 quia
2023 2713 2079 2762 et

477 2798 862 2870 Symmachus,
897 2799 990 2868 qui
1019 2814 1125 2854 non
1150 2799 1291 2854 solet
1321 2799 1613 2856 verborum
1641 2801 2075 2868 κακοζηλὶαν,εει1

481 2893 862 2961 intelligentia:
894 2893 1140 2949 ordinem
1168 2892 1358 2964 sequi,
1401 2894 1498 2959 ait,
1541 2893 1739 2950 obsidio
1787 2903 1834 2954 et
1854 2895 2076 2948 circum-

478 2985 624 3040 datio
650 2996 819 3040 teri-te.
856 2987 956 3040 Pro
989 2986 1278 3040 obsidione
1310 2995 1368 3049 ⁸,
1401 3001 1520 3056 qua:
1547 2988 1616 3041 ab
1647 3001 1712 3042 eo
1751 2987 1950 3042 dicitur
1979 3007 2076 3044 πο·

481 3080 694 3154 λιορκία,
730 3079 984 3150 fortitudo
1015 3095 1044 3134 a
1077 3079 1455 3136 Tbeodotioue
1497 3079 1670 3151 posita
1715 3089 1798 3138 est
1841 3078 1934 3154 qui
1981 3096 2079 3150 pu—

2177 1859 2339 1914 etiam
2386 1877 2532 1916 nunc
2573 1860 2640 1916 de
2672 1875 2739 1916 eo
2786 1860 2929 1930 quod
2961 1875 3104 1929 saepe
3135 1860 3343 1915 viderat
3389 1861 3554 1914 sumit
3595 1873 3785 1912 exem-

2181 1954 2352 2023 plutn,
2377 1963 2430 2008 et
2459 1956 2538 2010 sic
2563 1955 2750 2009 decem
2787 1955 3022 2010 tribuum
3057 1967 3256 2025 parvas
3291 1952 3551 2022 reliquias
3581 1951 3649 2005 de
3678 1951 3784 2005 As-

2177 2047 2447 2117 syriorum
2503 2058 2681 2101 narrat
2726 2047 2977 2102 manibus
3042 2045 3360 2102 eruendas:
3410 2044 3686 2120 quomodo
3733 2043 3783 2099 si

2179 2153 2385 2210 pastor,
2417 2141 2697 2196 devoratis
2739 2142 2991 2198 omnibus
3025 2141 3304 2210 membris,
3337 2140 3448 2196 duo
3493 2154 3657 2196 crura
3687 2147 3785 2194 aut

2177 2245 2476 2292 extremum
2501 2236 2756 2290 auriculae
2788 2236 2854 2289 de
2885 2233 3061 2290 leonis
3090 2232 3338 2289 faucibus
3397 2233 3576 2303 rapiat
3610 2248 3623 2285 :
3684 2245 3784 2301 po-

2179 2328 2393 2398 sitoque
2421 2329 2848 2398 comparationis
2879 2330 3131 2398 exet'uplo
3152 2372 3166 2396 ,
3197 2327 3294 2395 ita,
3341 2326 3538 2398 inquit,
3586 2341 3784 2381 eruen-

2181 2429 2266 2475 tur
2290 2420 2382 2476 lilii
2411 2419 2602 2488 Israel,
2657 2421 2842 2476 decem
2888 2421 3144 2475 videlicet
3185 2418 3359 2474 tribus
3387 2417 3785 2490 quazbabitant

2182 2516 2232 2568 in
2265 2515 2530 2581 Samaria,
2563 2516 2615 2569 in
2655 2517 2809 2586 plaga
2843 2515 3022 2572 lectuli
3052 2524 3106 2570 et
3135 2513 3190 2570 in
3234 2514 3484 2570 Damasci
3527 2513 3778 2583 grabato.

2180 2608 2334 2677 QUod
2379 2606 2508 2662 mihi
2557 2609 2635 2663 sic
2678 2607 3083 2677 explanandum
3135 2607 3397 2664 videtur:
3448 2607 3677 2678 legimus
3724 2608 3782 2662 in

2180 2699 2315 2756 l.~aia
2363 2701 2527 2756 liasin
2575 2716 2760 2770 regem
2807 2705 2990 2761 Aram,
3023 2701 3074 2756 id
3119 2711 3222 2763 est,
3255 2699 3652 2772 Syrorum,qui
3692 2715 3783 2754 re-

2179 2797 2378 2864 gnabat
2410 2796 2461 2850 in
2496 2795 2781 2862 Damasco,
2815 2808 2869 2854 et
2898 2797 3109 2852 Pbaeee
3128 2796 3292 2850 filium
3316 2794 3575 2852 Romelia:
3595 2809 3779 2864 regem

2181 2887 2366 2951 lsrael,
2397 2887 2530 2942 inito
2557 2886 2784 2958 findere,
2807 2897 2996 2942 contra
3022 2887 3214 2942 Judatn
3238 2891 3452 2944 venisse
3474 2894 3782 2958 pugnantes

2181 2979 2336 3054 (Isai.
2375 2981 2469 3050 vn)
2503 2998 2515 3034 :
2549 2981 2616 3036 de
2642 2982 2840 3052 quibus
2871 2980 3135 3036 Dominus
3183 2980 3433 3052 prmeipit
3472 2980 3657 3035 Aeliaz
3691 2994 3781 3034 re-

2183 3078 2231 3147 gi
2265 3076 2415 3134 Juda:
2447 3085 2501 3132 et
2532 3075 2833 3132 Jerusalem
2869 3091 2937 3132 ne
2966 3080 3150 3130 timeat
3178 3074 3314 3129 duos
3343 3075 3634 3129 semiustos
3665 3084 3781 3129 tor-

483 3172 613 3224 tavit
645 3187 747 3225 non
781 3187 879 3226 san
909 3171 1031 3242 (Ἥ)
1063 3181 1116 3228 ει
1143 3186 1243 3227 son
1271 3174 1442 3245 (ἽἾῈ),
1475 3173 1616 3242 quod
1662 3173 1946 3240 tribulatio,
1992 3173 2077 3230 vel
2106 3171 2150 3230 C
2187 3186 2273 3226 res
2304 3189 2316 3224 :
2359 3169 2576 3239 quando
2608 3171 2659 3224 iu
2694 3169 2907 3240 signum
2939 3170 3108 3238 plena:
3137 3168 3424 3233 libertatis,
3451 3168 3685 3238 Virginis
3731 3166 3784 3222 ei

487 3265 653 3336 Tyrus
676 3265 897 3333 dicitur,
943 3267 1037 3322 sed
1064 3281 1161 3322 sua
1192 3268 1477 3336 legendum
1511 3267 1687 3337 :quod
1725 3269 1945 3338 proprie
1983 3281 2076 3322 re-

482 3358 654 3413 fertur
687 3361 750 3412 ad
782 3371 985 3432 petram
1013 3361 1362 3430 durissimum,
1397 3378 1515 3436 qua:
1540 3362 1729 3418 Grmce
1774 3362 2080 3436 appellatur

483 3452 789 3527 ἀκρότομος,
831 3462 886 3506 ει
909 3468 1068 3521 quam
1096 3468 1192 3508 nos
1216 3453 1408 3508 Latine
1434 3453 1630 3508 silicem
1673 3453 1858 3510 dicere
1893 3469 2081 3523 possu-

486 3561 623 3598 Inus.
679 3547 988 3614 Loquamur
1019 3560 1149 3615 ergo
1194 3546 1261 3598 de
1298 3545 1547 3616 singulis.
1593 3545 1735 3602 LXX
1784 3531 2077 3602 dixerunt:

488 3633 651 3705 Tyrus
682 3645 728 3688 et
752 3652 842 3704 per
867 3637 1144 3690 circuitum
1170 3646 1308 3690 terra
1351 3646 1462 3691 tua.
1503 3637 1906 3712 Videbaturque
1953 3653 2084 3710 peu-

485 3728 615 3783 dere
636 3727 909 3783 sententia
938 3747 948 3782 :
979 3729 1240 3784 addidere
1268 3745 1399 3800 ergo
1438 3729 1507 3786 de
1537 3745 1656 3794 suo,
1711 3732 1914 3786 deserta
1941 3733 2038 3786 erit
2063 3747 2081 3786 :

488 3837 588 3876 nec
619 3838 774 3876 error
802 3823 1157 3892 interpretum
1199 3834 1304 3889 est,
1334 3823 1428 3879 ubi
1471 3832 1690 3893 propter
1712 3825 1861 3880 verbi
1911 3823 2087 3879 ambi-

483 3917 743 3984 guitatem
766 3957 780 3980 ,
825 3924 880 3971 et
919 3917 1202 3972 tribulatio
1236 3926 1288 3970 et
1325 3918 1500 3988 'l‘yrus
1523 3919 1627 3974 dici
1662 3927 1856 3987 potest.
1896 3918 1962 3976 Et
2003 3929 2086 3972 est

488 4023 719 4063 sensus:
773 4009 950 4078 Super
1010 4021 1222 4064 montes
1268 4009 1532 4066 Samaria:
1599 4011 1799 4066 multas
1855 4012 2086 4082 populus

492 4115 645 4154 meus
679 4100 916 4156 insanias
967 4104 1342 4173 perpetravit:
1385 4103 1710 4160 calumniam
1757 4105 1984 4169 faciens,
2031 4114 2089 4162 et

491 4201 699 4246 rectum
726 4193 1240 4264 penitusignoraus,
1270 4203 1326 4250 et
1346 4195 1722 4252 tbesaurizans
1752 4197 1856 4251 sibi
1892 4196 2088 4267 iniqui-

491 4295 657 4339 tatem
686 4295 739 4340 et
771 4287 988 4356 rapinas
1015 4305 1027 4339 :
1057 4287 1220 4359 259
1245 4288 1366 4343 ideo
1393 4289 1766 4354 tribulabitur,
1799 4288 1913 4345 sive
1951 4304 2086 4345 con-

496 4385 723 4444 teretur,
771 4387 824 4432 et
885 4380 1111 4449 Assyrio
1171 4383 1410 4434 exercitu
1462 4390 1604 4438 terra
1653 4380 2089 4440 circumdabitur

491 4485 700 4536 eorum,
735 4480 789 4527 et
812 4471 1130 4536 detrahetur,
1157 4475 1257 4538 ait,
1279 4490 1347 4530 ex
1376 4484 1447 4541 te,
1484 4492 1516 4529 ο
1537 4475 1808 4546 Samaria,
1839 4493 1872 4532 ο
1896 4477 2085 4534 decem

2179 3276 2233 3322 et
2255 3274 2553 3336 conceptus
2582 3275 2630 3318 εξ
2670 3275 2852 3333 partus
2904 3265 3067 3338 260
3114 3264 3440 3320 ostenditur.
3487 3264 3614 3319 Filii
3655 3278 3788 3335 ergo

2180 3358 2440 3414 Samaria:
2471 3357 2718 3414 habitant
2752 3358 2801 3411 in
2829 3357 3052 3426 regione
3076 3367 3130 3412 et
3161 3359 3315 3426 plaga
3337 3356 3546 3420 lectuli,
3573 3355 3788 3426 requie-

2181 3463 2396 3509 scentes
2439 3453 2492 3508 in
2541 3453 2802 3524 Syrorum
2837 3452 3062 3514 auxilio,
3089 3461 3144 3504 et
3172 3452 3223 3506 in
3260 3451 3506 3508 Damasci
3559 3450 3787 3520 grabato

2183 3548 2282 3599 sibi
2318 3546 2600 3600 victoriam
2649 3545 3010 3613 pollicentes:
3043 3553 3099 3600 ut
3135 3545 3410 3614 quomodo
3462 3545 3554 3614 qui
3607 3543 3787 3600 fessus

2184 3646 2288 3706 est,
2322 3638 2653 3692 refocillatur
2683 3636 2736 3692 in
2769 3637 2970 3694 lectulo
3003 3637 3119 3692 :sic
3141 3636 3218 3692 illi
3246 3635 3448 3691 fractas
3480 3638 3626 3691 vires
3653 3634 3790 3692 vici-

2186 3749 2268 3788 na:
2315 3733 2491 3804 gentis
2537 3731 2743 3785 auxilio
2809 3728 3338 3786 roborarent.Uude
3389 3737 3444 3784 et
3506 3728 3558 3782 in
3591 3726 3786 3783 eodem

2187 3827 2317 3884 lsaia
2352 3842 2448 3898 per
2481 3838 2661 3897 typum
2695 3825 2890 3880 dicitur
2920 3825 3242 3887 futurorum,
3274 3821 3417 3894 quod
3480 3821 3791 3876 nasciturus

2188 3925 2256 3980 sit
2285 3938 2439 3992 puer,
2474 3921 2565 3992 qui
2593 3919 2905 3990 priusquam
2930 3917 3071 3974 sciat
3103 3927 3309 3987 patrem
3338 3925 3392 3972 et
3420 3925 3647 3970 matrem
3687 3929 3788 3969 vo-

2185 4029 2330 4080 care,
2364 4015 2596 4084 accipiat
2620 4013 2789 4082 Spolia
2823 4009 3084 4068 Samaria:
3109 4020 3162 4066 et
3195 4009 3454 4068 virtutem
3511 4005 3787 4074 Damasci,

2188 4123 2308 4180 qua:
2335 4106 2544 4161 scilicet
2567 4117 2756 4160 contra
2789 4103 3120 4172 Jerusalem,
3139 4102 3350 4174 junctis
3373 4100 3602 4167 viribus,
3630 4099 3794 4155 dimi-

2190 4196 2617 4270 cabant(lbid.).
2649 4197 2755 4254 Pro
2776 4197 2929 4270 plaga
2955 4196 3134 4258 lectuli
3169 4206 3223 4251 ct
3262 4193 3513 4249 Damasci
3537 4193 3788 4264 grabato,

2189 4292 2534 4363 Septuaginta
2568 4291 2962 4346 tranStulerunt
2992 4300 3174 4345 contra
3203 4291 3391 4342 tribum
3415 4297 3460 4341 et
3491 4288 3544 4342 in
3589 4285 3792 4340 Dama-

2189 4401 2278 4439 sco
2308 4400 2326 4442 :
2351 4393 2407 4438 ut
2431 4382 2582 4454 juxta
2635 4381 2994 4454 tropologiam
3032 4379 3333 4436 referamus
3367 4379 3563 4440 tribum
3593 4378 3656 4432 ad
3688 4377 3790 4432 Ju-

2190 4479 2338 4546 dam,
2371 4489 2423 4534 et
2451 4478 2772 4534 Damascum
2798 4476 2864 4530 ad
2888 4476 3228 4532 vocationem
3257 4473 3497 4545 gentium
3532 4490 3546 4528 :
3576 4473 3642 4529 de
3671 4473 3794 4542 qui-

493 4564 685 4633 tribus,
721 4580 752 4618 ο
785 4565 1055 4634 quondam
1093 4568 1321 4644 populus
1351 4584 1524 4636 meus,
1560 4571 1812 4642 fortitudo
1847 4581 1983 4628 tua:
2035 4580 2090 4627 et
2116 4568 2170 4634 D
2194 4574 2295 4630 bus
2317 4590 2455 4630 unus
2501 4587 2632 4642 grex
2661 4571 2833 4627 lactus
2861 4581 2943 4625 est
2989 4569 3200 4626 Domini
3235 4587 3246 4624 :
3279 4568 3432 4641 cujus
3482 4584 3628 4638 Sfl‘pe
3659 4583 3790 4622 oves

445 4673 452 4676 ·
489 4657 822 4728 'diripieutur
847 4658 900 4714 in
927 4660 1138 4716 aedibus
1179 4663 1309 4730 tuis,
1340 4678 1461 4736 quae
1504 4680 1602 4734 per
1643 4665 1972 4722 calumniam
2023 4681 2092 4722 ex

497 4752 822 4806 miserorum
861 4754 1118 4827 lacrymis
1171 4759 1534 4828 Cougregasti.
1587 4758 1838 4820 l-lieretici
1876 4777 2092 4834 quoque

497 4859 588 4902 aut
639 4848 1050 4903 tribulahuntur
1088 4852 1138 4904 in
1195 4850 1283 4906 die
1321 4851 1536 4922 judicii,
1591 4863 1644 4908 et
1688 4855 1864 4912 omnis
1903 4869 2088 4912 eorum

497 4938 759 4994 fortitudo
787 4941 1178 5009 atteuuabitur,
1208 4954 1260 4997 et
1285 4943 1610 5015 diripieutur
1635 4960 1756 5016 quae
1788 4946 2092 5004 habuerant

499 5034 568 5088 de
596 5035 820 5104 rapinis,
853 5045 908 5089 ut
960 5036 1258 5094 liberentur
1307 5040 1490 5108 pepuli
1538 5055 1676 5116 quos
1722 5039 2089 5112 deceperaut;

501 5135 591 5180 attt
623 5137 773 5183 certe
798 5129 1044 5198 quotidie
1090 5146 1187 5200 per
1218 5131 1362 5186 viros
1410 5133 1811 5192 ecclesiasticos
1865 5134 2092 5190 tribula-

499 5219 722 5290 bttutut‘,
773 5231 828 5276 et
876 5223 1355 5279 circumdabuutur
1403 5226 1729 5282 testimoniis
1758 5225 2097 5302 ;Scriptura-

498 5333 641 5382 ram,
676 5326 732 5373 et
759 5318 1080 5373 detrahetur
1110 5335 1175 5376 ex
1195 5321 1275 5375 eis
1314 5321 1575 5376 fortitudo
1616 5323 2054 5394 syIIOgismorum
2077 5362 2092 5387 ,

501 5420 558 5467 et
579 5413 866 5469 verborum
908 5417 1134 5486 argutiae
1159 5417 1358 5488 quibus
1386 5431 1544 5472 suum
1596 5417 1794 5488 dogma
1843 5417 2095 5474 ﬁrmave-

584 5669 608 5695 ιι
653 5659 1108 5718 Amovimusliinc
1131 5674 1317 5715 vocem
1351 5669 1522 5726 terrw,
1551 5676 1710 5732 quam
1744 5663 1950 5732 pridem
1976 5662 2100 5720 Vic-

511 5732 1045 5804 totiuit-apunxcrat
1103 5734 1166 5785 ad
1217 5742 1424 5804 septem
1474 5731 1912 5788 Florentitiorutu
1955 5735 2104 5792 Codi-

531 5815 656 5858 cum
681 5800 866 5872 ﬁdem,
894 5802 1090 5874 quibus
1119 5812 1174 5863 et
1195 5800 1369 5868 nostri
1394 5819 1584 5881 omnes
1611 5807 1943 5879 concinnat;
1986 5808 2103 5866 vix-

2198 4669 2410 4728 Ieonum
2445 4668 2631 4723 feritas
2659 4666 2864 4728 laniat:
2895 4665 2962 4720 de
2987 4679 3218 4736 quorum
3262 4664 3506 4720 faucibus
3546 4663 3635 4718 vis
3686 4662 3797 4718 duo

2197 4777 2352 4816 crura
2385 4772 2472 4815 aut
2505 4771 2809 4818 extremum
2841 4759 3084 4814 aufertur
3110 4760 3387 4814 auriculae.
3414 4757 3473 4814 In
3506 4773 3664 4812 crure
3708 4758 3796 4811 via

2198 4855 2498 4909 ostenditur
2535 4854 2928 4918 doctrinarum,
2971 4853 3021 4903 in
3057 4867 3188 4906 aure
3233 4859 3575 4906 sacramenta
3617 4849 3798 4904 dicto-

2199 4964 2338 5003 rum.
2375 4946 2525 5002 llnde
2556 4956 2611 5004 et
2649 4945 2878 5016 apostoli
2904 4945 3110 5014 absque
3165 4945 3543 5022 e:ilciametttis
3586 4953 3639 4997 et
3688 4943 3797 4997 ulla

2201 5040 2399 5094 umrtui
2450 5041 2706 5100 animalis
2744 5038 2996 5109 pellicula
3047 5037 3204 5092 nudis
3243 5021 3490 5109 “pedibus
3541 5035 3801 5104 jubentur

2201 5134 2308 5208 [ΑΙ.
2337 5134 2690 5207 jubebantur]
2721 5132 2973 5192 incedere
3001 5129 3216 5204 (Matth.
3252 5131 3328 5200 χ).
3367 5128 3430 5184 Ει
3467 5129 3530 5184 ad
3566 5127 3799 5184 creden-

2201 5237 2280 5289 tes
2306 5227 2694 5301 ἀὶεἱιιιυίριιὶ
2740 5227 2886 5282 habet
2931 5240 3085 5279 aures
3135 5222 3383 5277 audiendi
3424 5221 3602 5274 audiat
3639 5219 3797 5292 (Luc.

2200 5339 2312 5388 vttt,
2349 5322 2425 5393 8).
2455 5323 2508 5376 In
2539 5320 2870 5392 Apocalypsi
2897 5334 3111 5390 quoque
3133 5317 3358 5372 Joannis
3387 5316 3617 5385 legimus
3649 5332 3661 5367 :
3698 5312 3804 5377 Qui

2197 5415 2348 5472 habet
2371 5433 2525 5472 aures
2555 5416 2753 5481 audiat,
2787 5413 2909 5485 quid
2936 5412 3151 5481 spiritus
3176 5409 3314 5463 dicat
3342 5407 3588 5461 Ecclesiis
3607 5408 3798 5476 (Apoc.

2205 5681 2312 5738 que
2356 5664 2552 5743 adduci
2600 5677 2818 5743 possum
2867 5673 2922 5715 ut
2969 5659 3188 5743 credam
3213 5705 3226 5725 ,
3253 5673 3281 5712 a
3317 5655 3665 5738 Martinam,
3698 5652 3804 5725 {qui

2209 5737 2325 5795 eam
2360 5737 2604 5804 retinuit,
2633 5737 2687 5791 in
2718 5748 2846 5790 mss.
2880 5737 3119 5803 potuisse
3151 5737 3401 5787 inveniri.
