4120 6342
341 287 470 346 1021

1163 277 1815 336 COMMENTARIOBUM
1853 277 1922 336 IN
1961 277 2152 340 AMOS
2189 279 2318 336 LIB.
2365 281 2631 353 11.1GAP.
2679 282 2766 338 111.

3493 278 3636 338 1022

337 417 398 466 ιι,
431 401 511 470 7).
547 397 614 456 Et
655 395 1000 454 manifestius
1029 409 1124 466 per
1169 394 1534 468 prophetam:
1591 391 1804 462 Ponite,
1853 393 1934 448 in.
1961 399 2016 464 Α
2041 397 2255 468 inquit,
2307 397 2518 452 domum
2570 397 2860 470 hyemalem
2905 413 3024 452 cum
3069 395 3224 452 domo
3263 394 3462 462 cestiva,
3489 397 3636 464 quod

335 493 472 566 quit,
499 506 758 546 sermones
802 497 995 544 vestros
1027 489 1080 542 in
1127 489 1338 542 auribus
1377 487 1548 542 cordis
1599 489 1772 542 vestri.
1817 487 1933 544 Iloc

335 585 442 642 iter
489 595 594 638 tam
633 579 877 637 haeretici
919 595 1078 652 quam
1127 579 1376 652 magistri
1423 595 1610 634 eorum
1653 579 1932 634 dzrmones

337 677 606 748 impedire
655 675 938 738 festinant,
972 683 1026 728 et
1075 673 1320 728 intexere
1365 671 1598 750 retibus,
1653 681 1712 724 ut
1763 671 1816 726 in
1847 671 1932 726 via

335 785 460 842 quae
487 769 738 824 Christus
759 775 863 834 est,
893 779 1238 822 corruamus.
1269 763 1374 820 Sed
1405 767 1450 819 si
1484 763 1696 818 venerit
1725 765 1808 818 vir
1841 777 1932 818 ec-

335 861 676 918 clesiasticus
698 867 754 912 et
785 859 946 912 homo
977 857 1098 924 Dei,
1123 865 1178 910 et
1201 854 1450 920 Samson,
1483 857 1572 924 qui
1605 857 1934 926 interpreta-

337 965 424 1010 tur
445 953 546 1020 sol,
579 953 792 1008 leonem
825 951 1082 1006 interficit
1109 969 1122 1005 :
1164 949 1616 1022 descendensque
1637 950 1692 1004 iu
1731 949 1932 1004 inferni

332 1045 530 1112 lacum,
565 1045 654 1116 qui
679 1059 844 1116 aquas
874 1043 1178 1112 refrigerat,
1215 1053 1456 1111 tempore
1485 1043 1644 1110 nivis,
1691 1051 1928 1114 tempes-

305 1139 486 1204 tatis,
533 1147 586 1193 et
623 1137 852 1209 hyemis,
909 1135 1136 1190 sutl‘ncat
1187 1135 1400 1189 leonem
1435 1153 1446 1188 :
1479 1145 1532 1190 ut
1575 1151 1768 1190 securo
1795 1137 1934 1206 pede

337 1241 392 1286 et
444 1231 572 1286 tutis
619 1229 838 1284 auribus
869 1227 1160 1282 Dominum
1201 1225 1352 1298 sequi
1399 1235 1456 1282 et
1483 1229 1642 1282 verba
1689 1227 1808 1298 ejus
1839 1241 1932 1282 au-

339 1323 460 1380 dire
487 1323 778 1378 valeamus.

406 1417 588 1490 (Vera.
625 1417 713 1482 M,
748 1413 862 1490 15.)
895 1415 1088 1470 Audite
1113 1425 1160 1470 et
1181 1417 1546 1472 contestamini
1575 1418 1628 1470 in
1655 1417 1808 1470 domo
1829 1413 1930 1468 Ja-

333 1511 446 1582 cob,
479 1511 602 1566 dicit
631 1507 886 1564 Dominus
921 1509 1060 1564 Deus
1085 1515 1425 1574 exercituum,
1459 1513 1580 1580 quia
1603 1511 1655 1564 in
1689 1509 1775 1564 die
1817 1525 1933 1562 cum

331 1605 538 1660 visitare
559 1621 757 1678 erepere
787 1605 1232 1674 prcevaricationcs
1261 1603 1430 1662 Israel
1451 1623 1606 1678 super
1633 1621 1772 1672 eum,
1805 1606 1932 1660 visi-

333 1699 452 1754 tabo
471 1707 516 1752 et
545 1713 700 1768 super
727 1697 920 1752 altaria
943 1697 1127 1752 Bethel
1157 1715 1174 1752 :
1205 1709 1252 1752 et
1296 1701 1709 1768 amputabuntur
1737 1713 1932 1752 cornua

332 1791 540 1858 altaris,
588 1800 636 1844 et
677 1789 864 1844 cadent
901 1791 956 1844 in
1001 1801 1190 1844 terram
1230 1806 1247 1843 :

331 1887 624 1960 hyemalem
655 1903 770 1940 cum
805 1887 958 1940 domo
981 1887 1182 1952 wstiva,
1212 1895 1260 1940 et
1289 1887 1526 1960 peribunt
1569 1887 1752 1940 domus
1781 1887 1932 1940 ebur-

333 1995 442 2036 nea:
457 1997 475 2034 :
489 1989 534 2035 et
553 1979 1095 2050 dissipabunturtedes
1113 1981 1312 2046 multat,
1330 1979 1454 2032 dicit
1470 1979 1928 2035 DominusLXX:

334 2071 667 2138 Sacerdotes,
701 2071 910 2126 audite:
935 2073 1302 2126 contestamini
1341 2073 1553 2126 domum
1581 2071 1770 2140 Iacob,
1803 2073 1932 2126 dicit

337 2163 588 2218 Dominus
635 2163 776 2218 Deus
813 2165 1135 2236 omnipotens
1165 2180 1181 2218 :
1213 2165 1336 2236 quia
1365 2165 1420 2218 in
1461 2165 1544 2220 die
1573 2181 1674 2236 qua
1711 2165 1932 2218 ulciscar

335 2255 632 2328 iniquitates
647 2253 822 2310 Israel
843 2273 998 2328 super
1031 2272 1166 2324 eum,
1218 2257 1442 2312 ulciscar
1475 2267 1520 2310 et
1563 2273 1714 2330 super
1745 2255 1934 2312 altaria

335 2345 550 2403 Betltel:
579 2357 624 2402 et
646 2347 1000 2414 suffodientur
1037 2365 1232 2402 cornua
1258 2349 1462 2414 altaris,
1495 2359 1542 2402 et
1569 2351 1751 2403 cadent
1779 2365 1936 2418 super

334 2449 547 2495 terram.
581 2439 1098 2516 261Confundant
1126 2451 1174 2494 et
1197 2441 1484 2514 percutiant
1513 2441 1724 2494 domum
1747 2441 1936 2513 pinna-

335 2543 442 2586 tant
474 2549 626 2606 super
657 2533 866 2588 danaum
915 2533 1164 2600 wstivam,
1193 2542 1244 2588 et
1287 2533 1526 2602 peribunt
1558 2533 1744 2587 domus
1787 2533 1937 2588 ebur-

335 2647 466 2698 τίετε,
497 2639 544 2684 ει
567 2631 884 2702 adjiciantur
914 2629 1098 2682 domus
1125 2629 1244 2684 alite
1269 2629 1464 2696 multw,
1493 2629 1624 2684 dicit
1658 2629 1932 2686 Dominus.

337 2723 494 2790 Quod
525 2723 573 2778 in
601 2723 868 2794 principio
889 2721 1109 2792 capituli
1135 2721 1288 2794 juxta
1315 2725 1666 2793 Septuaginta
1701 2725 1933 2794 positum

337 2825 442 2884 cst,
495 2817 807 2886 sacerdotes,
845 2819 894 2870 in
931 2817 1198 2872 llebraico
1253 2833 1360 2870 non
1391 2817 1644 2882 habetur,
1707 2815 1806 2871 sed
1838 2831 1935 2886 pro

339 2911 442 2966 huc
473 2911 640 2966 verbo
661 2912 864 2982 legitur
885 2927 1020 2966 anes
1048 2909 1252 2983 (εγ-ν),
1282 2911 1424 2982 quod
1449 2911 1643 2982 Aquila
1669 2911 1936 2980 interpre-

340 3013 487 3058 tatus
509 3013 594 3060 est
619 3003 892 3076 grabatum
919 3025 938 3074 ;
971 3013 1024 3060 et
1067 3015 1194 3072 puto
1221 3005 1576 3076 Septuaginta
1606 3007 1782 3076 ipsum
1813 3021 1936 3061 ver-

341 3095 466 3150 bum
491 3099 740 3166 pnsuisse
781 3097 1132 3160 llebraicunt,
1167 3097 1308 3166 quod
1337 3097 1554 3168 quidam
1589 3115 1694 3152 non
1729 3099 1934 3152 intelli-

2033 487 2354 558 simpliciter
2395 487 2544 558 juxta
2579 489 2820 546 litteram
2869 489 3124 560 accipere
3155 501 3448 560 possumus
3477 504 3489 540 :
3523 496 3644 542 tan-

2033 591 2206 636 tarum
2235 595 2334 638 eos
2381 579 2552 636 fuisse
2595 595 2794 650 opum,
2853 591 2914 636 ut
2957 581 3202 650 duplices
3235 579 3504 636 haberent
3535 579 3637 634 do-

2035 691 2174 742 mos,
2201 675 2478 748 hyemales
2507 683 2562 730 et
2585 677 2820 740 aestivas,
2841 691 3068 746 quarum
3102 675 3226 730 aliae
3249 689 3426 730 versat
3457 683 3640 732 essent

2035 767 2099 822 ad
2133 769 2476 838 Aquilonem,
2531 767 2654 822 alite
2703 767 2768 822 ad
2803 769 3082 834 Austrum,
3115 775 3176 822 ut
3209 781 3310 836 pro
3369 767 3640 822 varietate

2033 869 2362 930 temporum,
2399 859 2616 930 frigoris
2660 869 2716 914 et
2745 859 2968 926 caloris,
2997 858 3234 928 coelique
3263 859 3630 930 temperiem,

2037 953 2412 1026 providerent.
2440 955 2735 1008 Possumus
2765 951 2985 1008 domum
3011 951 3320 1022 hyemalem
3353 954 3636 1024 appellare

2037 1064 2262 1118 regnum
2285 1047 2472 1112 Israel,
2507 1047 2558 1100 in
2609 1063 2712 1116 qua
2755 1047 2927 1116 frigus
2979 1053 3100 1100 erat
3128 1043 3409 1116 religionis
3435 1053 3492 1100 et
3519 1045 3638 1102 cul-

2037 1153 2120 1198 tus
2157 1143 2276 1207 Dei,
2309 1141 2555 1212 variique
2589 1147 2874 1196 ventorum
2923 1138 3197 1206 turbines,
3233 1147 3290 1194 et
3315 1152 3458 1194 saeva
3501 1147 3638 1196 tem-

2035 1243 2252 1306 pestas;
2277 1243 2330 1288 et
2359 1232 2578 1288 domum
2613 1231 2880 1294 aestivam,
2913 1229 3107 1286 Judam
3133 1237 3186 1284 et
3205 1228 3530 1294 Jerusalem,
3579 1231 3636 1286 in

2035 1335 2276 1396 quaerat
2304 1325 2588 1396 templum.
2615 1333 2669 1378 et
2713 1323 3084 1380 offerebantur
3119 1321 3442 1376 holocausta
3475 1335 3636 1378 mane

2037 1429 2092 1476 et
2113 1419 2347 1492 vesperi.
2375 1427 2430 1476 et
2451 1417 2666 1488 vigebat
2695 1415 2844 1472 calor
2865 1415 3026 1488 262
3055 1405 3357 1484 religionis.
3387 1409 3457 1466 Et
3489 1411 3625 1482 μανίη

2037 1513 2182 1578 (eunt,
2215 1513 2310 1580 ait,
2363 1513 2544 1566 domus
2585 1509 2822 1564 eburnea:
2845 1525 2864 1560 :
2891 1507 3036 1578 quod
3081 1514 3138 1562 et
3159 1505 3313 1576 juxta
3347 1503 3634 1560 historiam

2036 1617 2182 1662 stare
2213 1615 2410 1674 pulL‘St.
2439 1603 2690 1674 Legimus
2719 1603 2862 1656 enim
2889 1599 3078 1655 Achab
3099 1613 3284 1668 regem
3318 1595 3482 1650 Israel
3517 1605 3638 1648 Ian-

2041 1701 2107 1754 tis
2131 1699 2350 1754 ﬂuxi-~56
2380 1695 2612 1762 deliciis,
2655 1703 2714 1750 ut
2743 1693 2964 1748 domum
2989 1690 3094 1744 sibi
3126 1689 3424 1744 eburneam
3449 1685 3642 1742 fecerit

1290 1799 1338 1846 et
1381 1792 1668 1862 percutiam
1717 1791 1930 1844 domum
1961 1787 2007 1848 B
2035 1795 2124 1868 (lll
2161 1795 2288 1868 Reg.
2347 1793 2506 1864 χχιι).
2557 1791 2662 1848 Pro
2719 1789 2972 1854 eburneis,
3011 1787 3206 1844 domos
3245 1785 3433 1848 dentis,
3465 1783 3518 1838 id
3549 1797 3636 1858 est

2035 1887 2391 1960 elrpltanlt'nas
2423 1885 2476 1940 in
2527 1883 2756 1938 Hebraeo
2781 1880 3114 1936 invenimus.
3151 1879 3230 1934 De
3280 1877 3478 1948 quibus
3499 1883 3554 1930 et
3583 1875 3636 1932 in

2035 1979 2455 2052 quadragesimo
2477 1987 2672 2048 quarto
2699 1975 2912 2044 psalmo
2940 1975 3202 2042 scriptum
3233 1983 3318 2026 est
3351 1987 3363 2022 :
3395 1969 3440 2024 A
3470 1968 3640 2022 domi.

2038 2076 2130 2128 bus
2169 2073 2406 2128 eburneis
2433 2089 2450 2128 :
2494 2087 2558 2126 ea:
2585 2071 2770 2142 quibus
2799 2070 3180 2124 delectaverunt
3213 2075 3260 2122 te
3284 2065 3410 2136 ﬁlice
3457 2079 3638 2138 regum

2037 2167 2090 2220 in
2139 2167 2334 2220 honore
2381 2173 2491 2219 tuo.
2528 2163 2758 2230 Quando
2807 2161 3031 2216 visitare
3089 2159 3322 2230 coeperit
3379 2157 3644 2212 Dominus

2039 2259 2514 2330 prmvaricationes
2539 2255 2728 2324 Israel,
2752 2255 2846 2326 qui
2875 2255 3028 2326 prius
3051 2253 3218 2308 Deum
3243 2259 3426 2306 mente
3451 2263 3646 2306 cerne-

2041 2355 2150 2420 hat,
2181 2353 2426 2408 visitabit
2469 2361 2522 2406 et
2561 2365 2726 2420 super
2755 2349 2944 2404 altaria
2977 2347 3168 2402 Bethel
3195 2363 3206 2400 :
3235 2361 3343 2400 non
3363 2349 3538 2398 unum
3565 2343 3646 2396 al-

2040 2456 2178 2514 tare,
2206 2445 2350 2516 quod
2379 2445 2540 2500 habet
2577 2441 2845 2506 Ecclesia,
2885 2439 2981 2494 sed
3019 2437 3214 2492 altaria
3253 2437 3644 2498 haereticorum

2039 2539 2290 2610 plurima.
2325 2537 2430 2592 Tol.
2481 2536 2626 2591 enim
2662 2535 2868 2590 habent
2896 2533 3116 2596 altaria,
3149 2537 3286 2600 quot
3317 2529 3642 2584 schismata.

2039 2633 2354 2702 iunputabit
2383 2639 2437 2686 et
2465 2645 2670 2684 cornua
2713 2627 2933 2690 altaris,
2987 2623 3128 2696 quod
3177 2639 3275 2694 per
3329 2620 3644 2690 superbiam

2039 2743 2204 2784 unum
2237 2742 2296 2780 se
2327 2725 2528 2780 habere
2549 2725 2782 2788 iactant.
2837 2719 3156 2790 Cadentque
3183 2731 3372 2772 eorum
3415 2729 3643 2780 cornua,

2036 2821 2218 2884 idest,
2268 2815 2582 2886 arrogantia
2633 2813 2686 2868 in
2719 2823 2964 2878 terram;
3013 2821 3064 2864 et
3097 2809 3366 2878 percutiet
3421 2807 3646 2860 domum

2041 2914 2368 2986 liycntalem,
2395 2925 2488 2966 eos
2511 2907 2800 2962 limreticos
2833 2905 2924 2972 qui
2955 2900 3560 2956 laborantcontinentia
3586 2905 3648 2952 et

2033 3007 2278 3080 jt-juniis,
2309 3003 2678 3076 xerophagiis,
2699 2999 3063 3064 chameuniis,
3098 3013 3127 3052 e
3157 2996 3352 3066 quibus
3381 2993 3648 3048 Tatianus

2039 3111 2124 3156 est
2145 3113 2198 3156 et
2219 3099 2574 3154 Manichzeus.
2614 3095 2678 3148 Et
2711 3095 2932 3150 domum
2965 3091 3238 3154 a'stivam,
3271 3095 3330 3142 υι
3351 3085 3651 3142 Niciilaitas

337 3199 524 3258 gentes
549 3191 1048 3260 proaaeslegcrunt
1067 3191 1238 3268 ἱερεῖς,
1265 3189 1312 3244 id
1337 3189 1936 3257 est,sncerdotes.Pra:-
1961 3167 2008 3228 (ἶ
2043 3207 2094 3248 et
2123 3193 2514 3254 Eunutnianus,
2541 3197 2590 3244 el
2625 3187 2831 3242 veteris
2881 3185 3155 3238 haereseos
3205 3193 3378 3234 novos
3407 3185 3650 3232 sectato-

339 3281 472 3350 cipit
502 3293 680 3337 autem
709 3299 892 3338 sermo
921 3285 1272 3354 propheticus
1323 3293 1381 3338 ut
1427 3287 1660 3354 primum
1691 3285 1934 3352 audiant,

339 3375 539 3432 deinde
577 3387 962 3432 COHIeSlel‘tllll‘
993 3379 1046 3432 in
1076 3377 1241 3434 domo
1285 3379 1481 3446 Jacob,
1515 3379 1560 3432 id
1609 3393 1712 3448 est,
1761 3381 1813 3432 in
1844 3379 1940 3436 dc-

339 3485 456 3526 ccm
493 3471 742 3528 tribubus
789 3489 910 3540 quae
955 3473 1210 3530 Dominus
1252 3473 1472 3528 dixerit.
1515 3475 1647 3528 Cum
1695 3489 1936 3544 coepero,

342 3565 538 3634 inquit,
569 3565 794 3621 visitare
851 3567 1346 3636 praevaricationes,
1377 3567 1460 3622 vel
1509 3567 1940 3636 itt‘tpietatesdu-

343 3675 460 3712 nnis
491 3659 680 3728 Israel,
715 3669 770 3716 et
799 3661 848 3716 ei
875 3661 1110 3717 reddere
1139 3677 1260 3732 qua:
1283 3671 1549 3720 tueretur.
1575 3673 1626 3716 et
1657 3661 1940 3730 captivita-

345 3751 416 3806 tis
461 3759 672 3822 tempus
719 3753 1038 3808 advenerit:
1071 3761 1202 3809 tune
1228 3753 1578 3809 destruentur
1617 3753 1809 3808 altaria
1835 3755 1938 3808 lie-

346 3845 475 3910 thel,
525 3843 620 3900 ubi
653 3857 812 3900 erant
857 3845 1011 3900 aurei
1057 3847 1231 3912 vituli,
1259 3857 1314 3902 et
1368 3845 1794 3918 amputabuntur
1820 3861 1942 3900 cor-

344 3951 452 3990 nua
481 3935 688 4002 altaris,
718 3937 888 4008 quod,
919 3939 1207 3994 Jeroboam
1237 3953 1456 4010 quoque
1499 3953 1716 3992 manum
1748 3949 1943 3994 exten-

343 4029 508 4084 dente
536 4071 550 4096 ,
605 4031 884 4102 diruptum
929 4041 1012 4086 est
1045 4029 1148 4104 (111
1199 4031 1326 4104 Reg.
1377 4029 1494 4102 xui)
1530 4049 1542 4096 ;
1588 4041 1644 4086 et
1687 4042 1846 4087 ruent
1889 4033 1940 4086 in

347 4131 566 4190 terram,
599 4123 832 4198 Assyrio
865 4135 1146 4194 vastante,
1177 4125 1484 4182 confracta.
1519 4123 1588 4178 Et
1616 4127 1940 4198 percutiam,

2047 3304 2156 3354 res,
2183 3287 2268 3354 qui
2299 3293 2518 3356 pr0pter
2543 3281 2752 3337 ventris
2775 3279 3094 3350 ingluviem,
3119 3289 3342 3329 onmem
3375 3271 3653 3340 recipiunt

2047 3383 2398 3452 voluptatem.
2437 3377 2506 3432 Et
2535 3375 2790 3446 peribunt
2821 3373 3019 3426 donius
3063 3369 3342 3434 eburnum,
3363 3382 3484 3436 qua:
3511 3363 3650 3418 arti-

2049 3473 2132 3528 fici
2167 3473 2333 3526 dente
2371 3481 2420 3524 et
2461 3467 2722 3524 rhetorici
2758 3465 2958 3520 nitoris
2995 3461 3288 3534 splendore
3331 3459 3650 3526 composita:

2045 3575 2192 3620 sunt.
2255 3565 2316 3617 Et
2375 3561 2792 3632 dissipabuntur
2838 3557 2985 3610 mdes
3043 3553 3251 3616 multm,
3285 3569 3406 3622 quae
3447 3553 3500 3604 in
3535 3559 3652 3605 toto

2045 3659 2176 3712 urbe
2223 3655 2486 3726 dispersae
2537 3659 2683 3706 sunt.
2731 3651 2846 3706 Una
2903 3647 3048 3702 enim
3079 3647 3316 3700 veritate
3365 3655 3649 3712 surgente,

2047 3754 2216 3808 multa
2272 3749 2552 3807 mendacia
2609 3749 2982 3803 destruantur.
3027 3743 3136 3798 Pro
3169 3741 3334 3796 domo
3387 3736 3648 3814 hyemali,

2047 3843 2180 3902 οἷκον
2229 3847 2318 3900 τὸν
2373 3843 2682 3922 περίπτερον
2715 3881 2730 3904 ,
2777 3835 3134 3910 Septuaginta
3201 3831 3648 3888 transtulerunt:

2046 3939 2190 4012 quod
2221 3953 2322 3994 nos
2371 3919 2718 4006 interpretati
2771 3945 2982 3994 sumus,
3045 3929 3336 4002 pinnatam,
3393 3938 3460 3979 eo
3501 3919 3650 3992 quod

2047 4031 2242 4088 ostiola
2277 4029 2474 4084 habeat
2501 4043 2595 4098 per
2623 4025 2914 4090 fenestras,
2948 4031 3004 4078 et
3029 4021 3186 4092 quasi
3207 4017 3403 4090 pinnas
3434 4015 3501 4070 ad
3525 4029 3640 4070 ma-

2047 4123 2388 4196 gnitudinem
2421 4121 2636 4194 frigoris
2663 4113 3059 4190 repellendam.

941 4249 3614 4280 _____________________________________________._._.____.

1267 4377 1756 4488 LIBER
1832 4375 2014 4490 SE
2029 4373 2452 4482 CU'ND
2477 4372 2680 4484 US.

412 4683 772 4760 263-264
799 4683 926 4755 Legi
955 4683 1008 4738 in
1050 4683 1284 4754 quadam
1318 4677 1690 4736 controversia
1719 4696 1734 4735 :
1761 4679 1940 4734 lmhe-
1969 4685 2025 4746 Ῑ)
2051 4675 2202 4747 ponit
2252 4673 2503 4742 modum,
2543 4671 2786 4729 libidinis
2823 4671 3024 4742 frangit
3079 4673 3336 4744 impetus,
3359 4683 3518 4746 auget
3561 4689 3648 4728 sa-

341 4778 540 4833 cillitas
571 4777 816 4846 corporis
863 4773 1030 4830 animi
1085 4789 1298 4845 quoque
1337 4773 1481 4828 vires
1533 4787 1715 4827 secum
1751 4769 1934 4826 trahit.

343 4869 718 4926 Econtrarioal
741 4869 938 4924 Paulus
961 4867 1276 4938 apostolus:
1311 4865 1532 4934 Quando
1563 4865 1824 4934 inﬁrmor,
1857 4863 1940 4918 in-

341 4963 476 5032 quit.
506 4973 626 5016 tunc
643 4963 828 5032 fortior
851 4977 964 5016 sum
985 4959 1056 5034 (ll
1077 4959 1198 5015 Cor.
1225 4955 1442 5028 xu,lO);
1469 4969 1554 5014 et:
1580 4955 1754 5010 Virtus
1775 4957 1828 5010 in
1855 4955 1937 5008 in-

341 5055 584 5126 ﬁrmitate
601 5049 867 5128 perﬁcitur
893 5051 1170 5128 (lbid.,9).
1189 5053 1422 5122 Spiritus
1444 5051 1588 5108 enim
1603 5061 1792 5106 centra
1809 5065 1934 5104 car-

342 5157 702 5216 nem,etcaro
729 5157 918 5204 contra
942 5147 1192 5219 Spiritum
1223 5145 1484 5220 (Galat.v)
1514 5165 1528 5212 ;
1563 5147 1680 5200 haec
1704 5147 1936 5200 invicem

341 5243 444 5298 sibi
458 5245 834 5312 adversantur,
855 5262 920 5300 ne
945 5259 1064 5316 qua:
1079 5243 1355 5310 volumus,
1375 5243 1460 5296 illa
1477 5241 1760 5298 faciamus.
1779 5233 1942 5298 Unde

341 5349 394 5390 et
425 5337 478 5392 in
511 5336 808 5408 Evangelio
835 5337 1076 5394 dicitur:
1120 5335 1352 5406 Spiritus
1383 5343 1652 5406 promptus
1697 5343 1794 5400 est,
1815 5349 1936 5386 caro

341 5439 514 5484 autem
537 5431 746 5500 inﬁrma
777 5431 992 5500 (Matth.
1021 5447 1170 5496 XXVI,
1191 5427 1308 5500 41).
1339 5429 1608 5486 Senectus
1641 5429 1810 5484 multa
1841 5442 1932 5484 se-

339 5537 460 5576 cum
492 5531 544 5576 ct
575 5523 716 5578 bona
739 5523 898 5579 affert
927 5533 982 5579 et
1022 5523 1184 5578 mala.
1231 5523 1400 5590 Bona,
1423 5523 1550 5594 quia
1601 5535 1702 5576 nos
1733 5521 1802 5576 ab
1833 5523 1936 5574 im-

343 5617 746 5686 pttdcntissitnis
769 5617 1004 5674 dominis
1029 5619 1224 5676 liberat
1256 5617 1646 5688 voluptatibus,
1669 5615 1810 5686 gula:
1833 5615 1936 5668 int-

345 5801 384 5855 ι.
415 5737 442 5766 ε
475 5729 602 5855 lMss.
629 5729 736 5786 duo
765 5729 964 5786 Paulus
995 5741 1200 5800 tacent,
1229 5747 1466 5804 moxque
1509 5731 1660 5800 fortis
1687 5743 1790 5800 pro
1819 5729 1926 5800 for-

365 5817 446 5854 tor
495 5811 682 5855 eitum.

365 5817 446 5854 tor
475 5815 682 5872 tegunt.

2043 4769 2350 4840 pientiam,
2401 4767 2496 4824 dat
2547 4765 2844 4824 maturiora
2903 4767 3258 4832 consilia;et
3315 4769 3648 4840 frigescente

2043 4877 2298 4932 corpore,
2343 4857 2544 4916 dormit
2591 4875 2715 4916 cum
2747 4867 3010 4932 perpetua
3053 4861 3264 4931 virgine
3321 4861 3644 4920 Sunamite:

2043 4957 2422 5024 luxuriamque
2474 4965 2832 5010 contemnens
2881 4971 3006 5010 cum
3063 4955 3328 5011 Berzellai
3358 4997 3372 5020 ,
3425 4955 3646 5026 delegat

2047 5065 2166 5106 eam
2197 5049 2308 5104 ﬁlio
2335 5049 2674 5105 adolescenti
2699 5047 2994 5106 Cbamaam
3029 5049 3138 5122 [AL
3172 5049 3442 5122 Maacha].
3467 5061 3647 5106 etnon

2045 5143 2160 5198 vult
2187 5145 2424 5198 transire
2463 5141 2776 5200 Jurdanetn.
2828 5155 2990 5214 atque
3037 5143 3090 5198 in
3133 5141 3348 5196 alienos
3393 5143 3528 5196 fines
3577 5141 3648 5202 de

2043 5237 2070 5276 ι)
2103 5235 2216 5293 suis
2245 5235 2464 5306 finibus,
2491 5235 2544 5292 id
2584 5245 2690 5304 est,
2710 5237 3029 5308 regionibus
3057 5237 3216 5292 exire
3248 5235 3312 5310 (ll
3345 5237 3474 5310 Reg.
3501 5235 3644 5310 χιι).

2041 5333 2172 5400 Quae
2219 5339 2402 5386 autem
2455 5339 2718 5402 putantur
2757 5330 3060 5388 senectutis
3107 5329 3271 5398 mala,
3327 5333 3430 5384 ista
3475 5336 3641 5384 sunt:

2041 5425 2248 5480 crebra:
2295 5423 2666 5490 infirmitates,
2723 5423 2918 5492 pituita
2989 5422 3378 5478 molestissima
3415 5465 3430 5488 ,
3483 5437 3644 5492 quam

2041 5519 2351 5574 Griecurum
2397 5515 2484 5570 alii
2514 5515 2734 5592 κόρυζαν
2755 5557 2768 5582 ,
2805 5513 2898 5570 alii
2927 5515 3116 5590 φλέγμα
3145 5523 3485 5584 nuncupant,
3517 5513 3646 5570 cali-

2037 5619 2244 5684 gantes
2263 5609 2426 5677 oculi,
2455 5615 2767 5664 acescentes
2797 5608 2930 5672 cibi,
2965 5617 3204 5664 tremens
3229 5607 3500 5664 interdum
3527 5623 3646 5664 ma-

2113 5725 2516 5780 1'Cislerciens.
2561 5721 2778 5792 duoque
2807 5722 3034 5778 Palatini
3083 5721 3282 5792 codd.,
3327 5725 3380 5778 in
3435 5723 3638 5780 alienos

2049 5799 2178 5868 ﬁnes
2205 5793 2270 5851 de
2289 5795 2396 5852 suis
2417 5794 2558 5850 exire
2583 5794 2894 5864 regionibus.
