4100 6336
485 297 625 359 ίοξδ

1795 298 1853 351 S.
1899 295 2163 354 EUSEBII
2201 295 2586 353 HIERONYMI

3643 294 3781 352 1024

481 434 609 487 nus,
661 419 791 475 nudi
837 418 1071 491 gingivis
1122 418 1338 485 dentes,
1371 424 1427 472 et
1458 416 1602 471 inter
1622 414 1777 471 cibos
1802 413 2082 470 cadentes.
2114 418 2170 479 Α
2193 429 2440 487 quosque
2475 416 2662 471 decem
2706 414 2965 478 tribuum,
2998 414 3093 486 qui
3120 414 3333 472 deliciis
3360 430 3425 473 ac
3454 414 3661 487 rapinis
3691 430 3783 469 va-

481 510 566 567 Ad
595 510 714 567 haec
738 511 1069 567 torminibus
1096 518 1151 566 et
1177 509 1382 565 aculeis
1404 506 1695 575 stomachi,
1720 507 2087 578 podagrmque

480 615 534 659 et
566 605 830 675 chiragrae
858 604 1142 660 doloribus
1164 618 1310 673 szepe
1340 610 1623 672 torquetur
1648 618 1659 654 :
1692 602 1769 656 ita
1794 611 1849 655 ut
1880 615 1947 656 ne
1975 609 2086 671 sty-

480 696 591 753 lum
617 698 838 769 quidem
870 708 965 753 aut
1016 697 1290 753 calamum
1333 705 1522 751 tenere
1551 704 1718 765 queat
1746 713 1759 761 ;
1790 703 1846 748 ut
1868 694 1978 765 (Al.
2008 692 2085 766 et]

478 790 594 845 suis
644 790 877 861 pedibus
919 805 1030 846 non
1074 791 1248 861 possit
1287 788 1546 844 incedere
1580 803 1883 859 magnaque
1934 794 2087 857 parte

475 881 606 937 vitae
635 882 884 937 videatur
914 897 1037 938 esse
1066 890 1414 950 truncata,et
1440 880 1629 935 multis
1655 879 1919 935 membris
1948 894 2088 949 prac-

480 984 716 1031 mortua.
745 974 877 1029 Cum
897 973 1014 1029 haec
1048 974 1116 1028 ita
1147 989 1206 1029 se
1238 973 1535 1041 habeant,ﬂ
1554 972 1609 1027 in
1638 972 1907 1027 malorum
1938 986 2088 1027 com-

483 1066 773 1137 paratione
826 1066 1162 1121 tolerabilius
1192 1066 1477 1121 sustinebo
1522 1065 1763 1133 morbos,
1788 1064 2087 1121 dummodo

483 1174 590 1213 una
623 1166 679 1214 et
711 1158 1035 1229 gravissima
1065 1158 1289 1213 domina
1329 1157 1555 1213 libidine
1587 1171 1826 1211 caream.
1879 1157 2089 1211 Patitur

480 1250 701 1323 quidem
754 1259 810 1307 et
855 1261 1112 1306 senectus
1144 1264 1552 1321 nonnumquam
1608 1249 1883 1304 incentiva
1928 1249 2090 1303 vitio-

482 1359 645 1400 rum:
679 1344 966 1414 nullusque
1008 1343 1167 1413 juxta
1216 1352 1463 1398 sanctum
1518 1351 1815 1413 martyrem
1863 1341 2088 1413 Cypria-

484 1451 638 1500 num,
668 1434 759 1489 diu
787 1443 933 1490 tutus
956 1442 1042 1489 est
1089 1434 1331 1506 periculo
1363 1434 1667 1505 proximus.
1700 1433 1808 1489 Sed
1830 1434 1977 1488 aliud
2004 1442 2090 1489 est

485 1530 723 1595 titillari,
757 1529 910 1585 aliud
961 1529 1122 1585 obrui
1151 1528 1550 1601 voluptatibus.
1584 1529 1807 1584 lbicum
1839 1530 2087 1598 apostolo

486 1624 854 1680 adolescentia
888 1624 1154 1695 loquitur,
1193 1640 1314 1696 quae
1365 1626 1517 1680 novit
1565 1625 1792 1679 virentis
1841 1626 2088 1697 corporis

484 1718 841 1774 necessitates
893 1732 907 1770 :
946 1716 1070 1772 Non
1119 1718 1255 1771 enim
1286 1717 1424 1787 quod
1472 1718 1586 1773 volo
1615 1718 1924 1773 bonum/ioc
1964 1735 2084 1789 ago,

2189 509 2407 575 cabant,
2451 518 2509 563 ut
2539 507 2763 564 audiant
2792 522 3110 563 sermonem
3143 508 3262 575 Dei,
3291 518 3346 564 et
3387 524 3493 565 non
3537 517 3782 563 aratores

2190 600 2383 669 boves,
2411 601 2508 657 sed
2534 616 2733 657 vaccas
2765 601 2996 672 pingues
3027 601 3095 657 de
3117 609 3367 657 armento
3388 615 3448 656 se
3474 615 3600 656 esse
3621 615 3785 656 nove-

2188 696 2316 761 rint,
2369 696 2486 750 sive
2526 712 2648 766 quzc
2696 696 3009 750 nutriantur
3053 696 3107 750 in
3149 695 3370 765 pascuis
3412 694 3621 763 Basan,
3664 708 3782 765 quae

2188 799 2316 843 sunt
2344 789 2465 843 loca
2499 789 2791 845 herbarum
2824 788 3160 845 fertilissima
3202 806 3218 845 :
3261 803 3323 843 ac
3350 804 3451 858 per
3480 788 3585 842 hoc
3614 787 3782 857 signi-

2191 881 2315 937 ficat
2346 896 2464 952 eos,
2508 898 2614 937 non
2647 882 3025 953 agricultura,
3057 881 3153 937 sed
3184 881 3547 938 immolationi
3578 888 3635 934 et
3669 879 3783 935 esui

2190 987 2547 1049 prmparatos.
2582 978 2691 1032 Vos
2726 991 2910 1033 vaccae
2942 977 3172 1047 pingues
3218 976 3351 1032 estis
3379 976 3435 1030 in
3467 982 3653 1029 monte
3684 972 3783 1029 Sa-

2191 1072 2401 1139 marim,
2438 1082 2491 1126 et
2536 1070 2773 1126 humiles
2817 1085 3064 1141 quosque
3110 1068 3476 1140 confringitis,
3517 1076 3573 1123 et
3608 1066 3786 1122 dicitis

2189 1165 2426 1222 dominis
2452 1164 2675 1226 vestris,
2706 1164 2759 1218 id
2793 1174 2901 1229 est,
2944 1164 3286 1234 pastoribus,
3325 1177 3421 1233 per
3457 1175 3595 1232 quos
3633 1171 3785 1229 reges

2191 1259 2565 1329 intelligimus,
2603 1255 2736 1310 Date
2772 1256 2938 1324 nobis,
2975 1265 3023 1310 et
3054 1255 3301 1321 bibemus,
3353 1253 3406 1308 id
3452 1261 3557 1321 est,
3599 1251 3784 1321 jubete

2190 1361 2418 1417 tantum,
2470 1361 2525 1407 et
2569 1366 2669 1405 nos
2713 1360 2910 1406 cuncta
2954 1349 3311 1405 vastabimus.
3360 1347 3442 1401 Ex
3493 1359 3560 1401 eo
3607 1353 3781 1399 autem

2190 1445 2333 1516 quod
2384 1444 2588 1514 posuit,
2628 1443 2747 1497 date
2788 1442 2958 1508 nobis,
2995 1450 3041 1495 et
3087 1441 3313 1495 bibemus
3345 1455 3363 1493 :
3391 1447 3445 1494 et
3479 1453 3588 1494 non
3626 1436 3781 1506 dixit,

2190 1541 2309 1594 date
2350 1548 2398 1593 et
2446 1537 2795 1603 comedentus,
2841 1535 3170 1591 ebrietatem
3207 1548 3395 1589 earum
3432 1531 3705 1602 significat
3732 1529 3785 1585 in

2192 1634 2322 1699 vino
2373 1641 2536 1703 atque
2585 1631 2832 1696 luxuria,
2876 1645 2996 1699 quae
3028 1636 3226 1682 statum
3274 1625 3473 1681 mentis
3514 1632 3785 1679 evertunt.

2192 1725 2401 1781 Juravit
2432 1725 2619 1795 itaque
2651 1722 2917 1777 Dominus
2961 1720 3107 1776 Deus
3151 1720 3205 1775 in
3249 1726 3439 1773 sancto
3469 1731 3590 1783 suo,
3624 1716 3707 1771 vel
3735 1715 3788 1770 in

482 1813 573 1865 sed
599 1811 737 1881 quod
766 1810 886 1864 nolo
928 1810 1123 1864 malum
1152 1808 1284 1864 illud
1320 1810 1456 1881 facio
1500 1809 1681 1884 (Rom.
1709 1826 1803 1877 vn,
1836 1810 1927 1880 15)
1954 1825 1968 1875 ;
1995 1817 2089 1866 et:
2122 1824 2170 1884 Β
2198 1819 2516 1888 semetipso,
2549 1817 2632 1873 vel
2666 1817 2717 1871 in
2753 1815 2910 1885 Filio,
2943 1814 3025 1869 vel
3070 1814 3121 1867 in
3164 1813 3413 1883 Templo,
3442 1811 3529 1867 vel
3561 1811 3613 1865 in
3644 1811 3789 1866 omni

486 1902 650 1958 Miser
677 1919 770 1975 ego
796 1902 971 1971 homo,
1012 1904 1129 1975 quis
1161 1919 1238 1959 me
1292 1903 1528 1958 liberabit
1555 1903 1619 1959 de
1664 1919 1878 1973 corpore
1910 1904 2090 1956 mortis

482 1995 639 2069 hujus
676 1996 866 2068 (Ibid.,
901 1996 995 2065 24)
1026 1997 1048 2051 ll
1076 1996 1174 2053 Hic
1230 2005 1412 2053 autem
1474 2013 1603 2053 raro
1646 1997 1789 2053 inter
1811 2004 2091 2052 emortuos

482 2093 699 2149 cineres
712 2092 948 2147 scintilla
965 2092 1264 2149 sublucens
1278 2093 1609 2149 reviviscere
1622 2092 2089 2160 nititur,ettamen

486 2185 741 2241 incendia
810 2200 919 2241 non
981 2195 1160 2257 potest
1216 2186 1507 2242 suscitare.
1562 2186 1736 2254 Quam
1791 2185 1862 2240 ob
1930 2199 2087 2251 rem,

491 2277 833 2346 Pammachi,
871 2294 1009 2335 cano
1048 2280 1162 2349 jam
1202 2294 1414 2334 mecum
1468 2280 1665 2349 capite,
1697 2281 1928 2350 impetra
1959 2278 2091 2334 mihi

487 2386 517 2426 a
569 2372 831 2437 Domino,
885 2382 942 2427 ut
982 2374 1244 2428 comitem
1290 2371 1471 2428 bmihi
1516 2388 1735 2429 merear
1775 2374 1980 2430 habere
2005 2388 2093 2428 sa-

492 2464 791 2535 pientiam,
849 2463 920 2520 de
977 2480 1083 2536 qua
1134 2466 1400 2536 scriptum
1456 2474 1540 2521 est
1580 2485 1592 2521 :
1632 2467 1765 2521 Ama
1810 2468 2094 2539 illam,tet

495 2557 722 2611 servabit
768 2567 816 2611 te
864 2574 883 2613 :
910 2559 1112 2613 honora
1141 2559 1311 2628 illam,
1342 2569 1388 2614 et
1415 2559 1802 2632 amplexabitur
1831 2570 1878 2616 te
1905 2560 2093 2633 (Prov.

496 2666 569 2717 ιν,
605 2650 700 2721 8):
734 2660 820 2717 ut,
873 2652 988 2723 ipsa
1041 2652 1338 2723 adjuvante
1394 2662 1450 2710 et
1505 2654 1681 2719 socia,
1743 2663 1980 2725 emptum
2040 2654 2093 2708 in

495 2745 663 2800 Amos
695 2761 832 2816 opus
859 2747 1133 2817 expleam,
1159 2748 1544 2821 secundusque
1595 2748 1738 2804 liber
1768 2748 2097 2818 principium

498 2850 677 2895 sumat
724 2856 752 2894 a
814 2842 992 2898 vaccis
1035 2840 1209 2896 Basan
1254 2852 1362 2897 :ut
1392 2844 1483 2914 qui
1539 2842 1593 2897 in
1644 2843 1788 2898 Osee
1830 2842 2095 2912 propheta

499 2934 568 2990 dc
588 2935 771 2990 vaccis
796 2935 914 2991 sive
942 2936 1129 2991 vitulis
1144 2936 1428 2991 Betbaven
1446 2936 1606 3008 pleno
1621 2950 1876 2991 sermone
1901 2943 2099 2991 tracta-

499 3026 554 3080 vi
582 3044 595 3080 :
626 3042 997 3098 nuucquoque
1018 3027 1087 3083 de
1107 3030 1287 3084 vaccis
1308 3039 1328 3067 ο
1356 3027 1728 3100 pinguissimis
1745 3026 1953 3099 possim
1980 3027 2095 3083 dis-

505 3134 712 3175 serere.

2194 1914 2286 1985 qui
2315 1924 2535 1969 sanctus
2555 1922 2638 1967 est
2663 1920 2717 1968 et
2747 1910 3050 1981 appellatur
3072 1907 3331 1978 templum
3362 1906 3480 1973 Dei,
3513 1905 3661 1976 quod
3690 1905 3789 1958 ad-

2194 2016 2427 2063 ventura
2457 2008 2528 2063 sit
2555 2006 2675 2061 dies
2699 2020 2807 2060 non
2831 2005 2992 2073 longe
3015 2011 3072 2057 et
3096 2009 3218 2071 post
3248 1999 3414 2055 multa
3447 1998 3668 2064 srecula,
3697 1997 3791 2053 sed

2189 2100 2303 2172 jam
2336 2100 2648 2166 imminens,
2675 2098 2792 2154 dies
2832 2095 3164 2167 captivitatis
3193 2101 3246 2149 et
3274 2091 3570 2163 angustias,
3602 2091 3655 2145 in
3686 2106 3793 2161 quo

2196 2209 2378 2249 vaccae
2408 2195 2652 2250 leventur
2684 2192 2737 2247 in
2767 2190 2967 2257 contis,
2999 2198 3055 2244 et
3087 2186 3336 2255 reliquias
3369 2198 3558 2240 earum
3590 2184 3644 2238 in
3675 2183 3794 2238 ollis

2198 2287 2563 2354 ferventibus,
2600 2300 2700 2356 pro
2728 2299 2837 2355 quo
2886 2292 2941 2338 et
2990 2283 3043 2336 in
3090 2277 3360 2334 llebraico
3384 2276 3549 2348 266
3572 2282 3627 2330 et
3652 2274 3794 2345 apud

2197 2381 2452 2452 Aquilam
2486 2379 2755 2447 scriptum
2789 2387 2871 2432 est
2904 2376 2958 2428 in
2989 2371 3236 2427 lebetibus
3266 2367 3661 2443 pisciculorum.
3691 2366 3795 2422 Pro

2197 2476 2377 2531 contis
2398 2487 2618 2543 quoque
2634 2471 2724 2542 qui
2745 2468 3017 2525 Hebraice
3047 2467 3306 2521 dicuntur
3322 2458 3570 2519 Sautvorn
3593 2460 3789 2532 (1123'),

2198 2569 2394 2639 Aquila
2450 2568 2838 2635 interpretatus
2888 2571 2975 2617 est
3008 2562 3214 2632 clypeos
3266 2578 3285 2616 :
3336 2555 3691 2629 Symmachus
3740 2564 3792 2610 et

2202 2660 2365 2728 LXX,
2399 2674 2577 2722 arma;
2607 2658 2759 2712 solus
2791 2654 3099 2711 Theodotio
3135 2652 3349 2729 δόρατα,
3386 2661 3550 2719 quem
3583 2662 3679 2702 nos
3708 2661 3791 2702 se-

2199 2754 2334 2821 cuti,
2361 2763 2536 2808 contos
2574 2752 2657 2806 vel
2698 2750 2873 2804 Itastas
2928 2746 3268 2817 interpretati
3307 2760 3516 2800 sumus.
3557 2741 3670 2797 Hoc
3696 2755 3791 2793 au-

2203 2857 2310 2904 tem
2333 2846 2626 2917 significat,
2659 2842 2802 2914 quod
2845 2841 3132 2911 capiantur
3164 2839 3215 2893 in
3250 2837 3463 2909 praelio,
3496 2846 3550 2891 et
3572 2842 3788 2905 porten~

2204 2949 2290 2994 tur
2318 2950 2478 3010 atque
2508 2936 2832 2991 auferantur
2854 2935 2977 3004 jure
3019 2931 3266 2987 victoriae
3300 2948 3312 2985 :
3353 2943 3581 2986 servans
3615 2935 3788 2981 tamen

2202 3045 2434 3104 emptam
2458 3046 2745 3087 vaccarum
2774 3028 3173 3098 metaphoram,
3192 3034 3252 3079 ut
3273 3039 3409 3094 quas
3427 3036 3552 3078 esse
3572 3020 3789 3091 pingues

2202 3129 2412 3185 dixerat
2450 3140 2665 3190 vaccas,
2708 3139 2895 3179 earum
2927 3135 3122 3177 carnes
3164 3130 3345 3175 narret
3394 3118 3445 3172 in
3489 3116 3669 3172 contis
3709 3113 3790 3169 vel

571 3211 746 3285 (Cap.
779 3212 870 3269 IV.
904 3244 974 3253 —
1015 3214 1171 3270 Vers.
1203 3216 1227 3270 1
1264 3232 1381 3286 seq.
1410 3215 1425 3288 )
1456 3216 1617 3289 265
1656 3216 1841 3270 Audite
1881 3217 2091 3271 verbum

2200 3224 2371 3279 scutis
2399 3236 2521 3278 esse
2554 3218 2870 3291 portandas.
2902 3218 2969 3272 Et
2997 3217 3137 3272 sicut
3165 3216 3317 3270 lebes
3356 3212 3789 3268 ferventissimus

428 3334 435 3337 -
464 3356 471 3361 _
503 3309 620 3374 hoc,
650 3324 819 3362 vacca:
840 3308 1078 3380 pingues,
1104 3326 1217 3379 qua:
1236 3311 1357 3365 estis
1382 3311 1433 3363 in
1465 3321 1638 3365 monte
1663 3310 1920 3365 Samaria:
1945 3325 1961 3361 :
1984 3326 2097 3379 qua:

498 3400 813 3455 calumniam
837 3402 1012 3473 facitis
1040 3405 1237 3476 egenis,
1264 3413 1313 3457 et
1337 3405 1664 3477 confringitis
1686 3420 1939 3474 pauperes
1956 3420 2099 3474 :qua:

502 3491 676 3545 dicitis
706 3492 933 3547 dominis
960 3495 1161 3560 vestris,
1186 3493 1383 3561 A/Terte
1404 3503 1449 3549 et
1482 3495 1729 3550 bibemus.
1751 3494 1959 3549 Juravit
1991 3494 2099 3547 Do-

505 3586 674 3639 minus
707 3585 846 3640 Deus
868 3588 921 3640 in
949 3596 1130 3641 sancto
1151 3604 1245 3641 suo
1269 3604 1287 3642 .'
1312 3589 1435 3659 quia
1455 3605 1570 3643 ecce
1591 3590 1699 3644 dies
1726 3589 1924 3644 venient
1946 3604 2102 3658 super

504 3695 615 3745 vos,
656 3691 701 3733 et
740 3680 981 3734 levabant
1022 3696 1110 3735 vos
1155 3681 1205 3733 in
1249 3683 1437 3749 contis,
1471 3693 1515 3737 et
1551 3681 1797 3753 reliquias
1824 3692 2017 3736 vestras
2048 3682 2101 3735 in

506 3769 624 3824 ollis
653 3772 961 3842 ferventibus
984 3788 1003 3825 :
1030 3782 1077 3825 el
1101 3789 1189 3837 per
1218 3785 1490 3843 aperturas
1510 3773 1712 3827 exibitis
1735 3775 1899 3827 altera
1919 3783 2100 3827 contra

504 3864 751 3929 alterum,
800 3875 846 3917 et
889 3865 1236 3934 projiciemini
1270 3866 1321 3917 in
1372 3871 1599 3932 Annon,
1646 3865 1771 3918 dicit
1820 3865 2098 3919 Dominus.

508 3956 654 4011 LXX
681 3976 695 4017 :
720 3957 909 4011 Audite
929 3958 1131 4011 verbum
1159 3959 1321 4029 istud,
1343 3975 1507 4013 vacca:
1520 3958 1841 4014 Basanitidis
1864 3959 1973 4031 [AL
1998 3957 2103 4012 Ba-

506 4050 801 4124 sanitides],
832 4069 945 4122 qua:
972 4053 1090 4107 estis
1115 4054 1167 4106 in
1201 4063 1372 4107 monte
1398 4053 1676 4120 Samariw,
1710 4071 1827 4122 qua:
1855 4054 2102 4125 opprimi-

509 4146 573 4199 tis
599 4161 873 4215 pauperes,
898 4155 943 4199 et
969 4148 1288 4201 conculcatis
1315 4165 1519 4218 egenos,
1545 4164 1659 4218 quia
1685 4150 1854 4202 dicitis
1881 4150 2103 4203 dominis

508 4240 692 4293 vestris
724 4255 743 4293 .'
770 4238 905 4294 Date
953 4239 1098 4293 nobis
1147 4250 1197 4293 ut
1248 4240 1501 4295 bibamus.
1524 4240 1680 4297 Iurat
1712 4242 1966 4296 Dominus
2015 4261 2104 4313 per

509 4343 712 4387 sanctos
750 4348 896 4399 suos,
936 4333 1182 4403 quoniam
1212 4350 1325 4388 ecce
1355 4334 1463 4388 dies
1487 4336 1686 4389 venient
1722 4352 1878 4402 super
1913 4353 2021 4403 vos,
2056 4347 2105 4391 et

507 4424 685 4480 tollent
708 4443 796 4480 vos
824 4428 877 4481 in
903 4428 1083 4494 armis,
1118 4438 1165 4481 et
1194 4446 1280 4483 eos
1316 4428 1405 4495 qui
1443 4429 1707 4483 vobiscum
1736 4439 1855 4483 sunt
1884 4431 1936 4483 in
1960 4430 2100 4498 ollis,

511 4525 855 4593 negotiatores
884 4525 1205 4595 pestilentes,
1239 4536 1284 4578 et
1314 4525 1602 4596 ejiciemini
1630 4526 1785 4580 nuda:
1814 4536 1996 4580 contra
2024 4528 2103 4579 in-

2203 3318 2445 3372 minutos
2468 3315 2643 3385 pisces
2677 3312 2881 3382 pariter
2921 3309 3148 3365 involvit
3182 3327 3194 3362 :
3228 3310 3299 3361 ita
3324 3317 3376 3360 et
3398 3320 3593 3360 vaccas
3624 3304 3788 3358 Basan

2202 3410 2406 3480 absque
2454 3408 2568 3461 ullo
2612 3405 2803 3462 ordine
2851 3401 3192 3473 captivitatis
3223 3398 3461 3453 miseriis
3488 3396 3792 3466 opprimen-

2203 3507 2322 3563 das.
2352 3503 2617 3573 Quodque
2643 3499 2893 3570 sequitur
2919 3514 2932 3552 :
2967 3496 3035 3550 Et
3067 3513 3157 3566 per
3190 3500 3463 3564 aperturas
3492 3489 3694 3546 eribitis
3718 3490 3793 3541 al-

2206 3608 2315 3652 tera
2362 3606 2539 3650 contra
2582 3595 2820 3658 alteram,
2868 3593 2949 3645 sic
2999 3586 3283 3659 explanari
3314 3594 3490 3656 potest
3536 3602 3549 3638 :
3596 3582 3792 3653 Aperta

2206 3689 2365 3745 vobis
2397 3696 2482 3743 est
2509 3686 2849 3756 captivitatis
2879 3684 2990 3751 via,
3018 3691 3072 3737 et
3098 3696 3222 3736 cum
3249 3679 3460 3734 lebetes
3489 3677 3660 3732 vestri
3684 3677 3794 3730 fue-

2206 3783 2314 3837 rint
2343 3780 2544 3846 exusti,
2569 3778 2789 3835 exibitis
2815 3777 2984 3832 altera
3006 3785 3195 3830 contra
3226 3773 3480 3841 alteram,
3498 3769 3791 3826 secundum

2207 3876 2559 3930 llebrieorum
2596 3873 2819 3934 idioma,
2862 3871 2951 3940 qui
2995 3884 3096 3940 pro
3127 3883 3192 3923 eo
3224 3867 3365 3937 quod
3414 3880 3512 3920 nos
3550 3874 3573 3901 ο
3611 3873 3793 3919 mutuo

2208 3968 2293 4023 vel
2324 3966 2587 4031 vicissim,
2622 3964 2906 4018 mulierem
2948 3970 3003 4017 et
3044 3960 3355 4023 mulierem,
3387 3958 3490 4012 hoc
3530 3966 3636 4023 est,
3668 3956 3796 4010 alte-

2209 4078 2323 4117 ram
2351 4071 2543 4115 contra
2574 4060 2798 4113 alteram
2833 4066 3049 4111 vocant.
3085 4055 3152 4107 Et
3194 4053 3568 4126 projiciemini,
3606 4052 3791 4120 inquit,

2206 4154 2259 4207 in
2300 4154 2425 4206 locis
2469 4151 2755 4218 Armeniis,
2804 4165 2923 4219 qua:
2963 4159 3226 4203 vocantur
3256 4147 3485 4198 Armona
3522 4138 3791 4212 (mn-in).

2210 4245 2451 4314 Denique
2482 4242 2842 4317 Symmachus
2891 4242 2965 4296 ita
3007 4242 3398 4309 interpretatus
3426 4244 3551 4291 est:
3587 4233 3653 4288 Et
3682 4250 3795 4305 pro-

2199 4339 2456 4413 jiciemini
2486 4338 2537 4391 in
2571 4336 2835 4400 Armenia,
2865 4349 2969 4403 pro
3008 4332 3204 4402 quibus
3241 4328 3623 4399 Septuaginta,
3655 4340 3796 4379 mon-

2210 4442 2308 4490 tem
2344 4431 2619 4497 Remman,
2661 4428 2859 4499 Aquila
2894 4426 2913 4465 ί
2948 4436 3169 4480 montem
3209 4425 3458 4489 Annona,
3503 4421 3796 4478 Theodotio

2209 4540 2433 4583 montem
2462 4526 2657 4580 Mona:
2683 4525 2869 4596 quinta
2901 4531 3083 4577 autem
3121 4519 3312 4587 editio,
3352 4517 3616 4573 excelsum
3650 4532 3793 4569 mon-

511 4614 687 4681 vicem,
736 4626 781 4669 et
825 4616 1174 4687 projiciemini
1212 4633 1365 4685 super
1400 4627 1620 4671 montem
1649 4616 1950 4685 Rennuam,
1983 4619 2103 4673 dicit
2137 4631 2331 4691 Dtem,
2389 4619 2808 4675 transtulerunt.
2861 4615 3104 4670 Verbum
3153 4619 3338 4667 autem
3389 4609 3605 4664 Domini
3659 4606 3794 4678 quod

513 4707 770 4761 Dominus
796 4706 843 4761 ιι.
891 4710 996 4763 Pro
1041 4712 1220 4765 vaccis
1261 4712 1576 4782 pinguibus,
1621 4711 1973 4783 Septuaginta
2005 4728 2103 4782 po-

512 4810 740 4855 suerunt
789 4798 1113 4855 Basanitidis
1170 4818 1187 4854 :
1238 4805 1425 4874 Aquila
1473 4816 1527 4861 et
1570 4805 1875 4861 Theodotio
1925 4805 2100 4876 ipsum

509 4896 736 4951 verbum
770 4897 1094 4952 llebraicum
1124 4913 1290 4953 BASAN
1326 4898 1514 4988 (rem);
1544 4915 1645 4953 nos
1676 4898 1986 4969 Symmachi
2018 4898 2103 4953 in-

507 4991 959 5060 terpretationem
1002 4995 1193 5056 secuti,
1237 4994 1327 5062 qui
1372 4993 1473 5060 ait,
1510 4995 1560 5048 αἱ
1594 4994 1716 5065 βόες
1756 4990 2009 5071 εὔτροφοι,
2053 4993 2103 5048 id

504 5096 585 5139 est
598 5126 611 5149 ,
629 5085 772 5137 boves
786 5085 1059 5155 saginala',
1086 5100 1277 5140 vaec-us
1293 5086 1517 5156 pingues
1532 5086 1878 5155 interpretati
1893 5102 2099 5141 sumus.

505 5176 772 5250 Loquitur
818 5188 1003 5234 autem
1053 5180 1118 5234 ad
1170 5181 1447 5251 principes
1496 5179 1664 5237 Israel
1712 5189 1766 5235 et
1815 5180 2105 5250 optimates

577 5351 603 5379 ιι
634 5341 783 5397 Unus
814 5342 1045 5397 Palatia.
1083 5360 1095 5395 :
1128 5342 1255 5396 Cum
1313 5343 1421 5397 ltwc
1468 5343 1543 5396 ita
1580 5358 1634 5395 se
1684 5338 1928 5405 habeant,
1972 5337 2100 5391 utile

503 5413 629 5467 mihi
658 5414 712 5466 in
762 5415 1018 5469 malorum
1070 5416 1457 5486 comparatione
1503 5411 1821 5468 tolerabilius
1848 5411 2103 5464 sustinere

504 5485 731 5538 morbos.

577 5553 604 5592 ι)
630 5556 878 5628 Alterum
916 5557 1017 5612 hoc
1044 5560 1170 5613 mihi
1201 5559 1371 5612 nostri
1395 5559 1648 5628 ignorant
1679 5568 1809 5609 mss.

580 5638 601 5663 υ
629 5626 857 5681 Palatin.
882 5630 944 5683 de
976 5632 1138 5684 vaccis
1171 5630 1343 5684 Basan
1369 5626 1603 5683 tractem.

574 5692 601 5733 ἀ
635 5697 800 5773 Addit
828 5697 1028 5756 Cister.
1053 5701 1217 5767 Deus,
1244 5702 1705 5773 quemadmodum
1732 5715 1785 5758 et
1806 5701 1995 5773 Graeca
2025 5699 2103 5756 fe-

505 5778 633 5851 runt
660 5768 867 5836 aliquOt
896 5768 1473 5851 exeniplaria,'xziptoc
1512 5781 1539 5851 ῤ
1577 5776 1721 5836 Θεὸς.
1749 5775 1860 5851 Pro
1883 5772 2103 5851 Basani-

508 5838 619 5899 dis,
669 5852 834 5905 quam
884 5838 1082 5896 vocem
1116 5859 1181 5898 ex
1226 5838 1374 5901 mss.'
1410 5857 1462 5901 et
1503 5845 1691 5901 Graeco
1734 5845 2099 5913 restituimus,

2210 4730 2391 4771 vacem
2440 4715 2611 4767 Basan
2651 4712 2912 4782 jubeutur
2965 4708 3187 4769 audire,
3240 4706 3539 4761 secundum
3569 4712 3791 4774 emptam

2213 4808 2597 4877 tropologiam,
2634 4804 2904 4858 haereticis
2937 4801 3205 4872 praeripit,
3236 4800 3329 4870 qui
3374 4798 3552 4855 ventri
3583 4808 3636 4853 et
3663 4796 3794 4868 gula:

2208 4900 2532 4964 servientes,
2582 4907 2732 4952 recte
2779 4894 3121 4966 appellantur
3174 4907 3352 4947 vacca:
3406 4891 3791 4962 pinguissima},

2209 4995 2325 5049 sive
2358 5009 2534 5048 vaccae
2585 4991 2963 5061 ignominiosa:
3011 5008 3024 5043 :
3076 4989 3179 5044 hoc
3227 4987 3791 5055 enim-interpretatur

2208 5085 2405 5153 Basan,
2438 5086 2489 5139 id
2518 5094 2620 5148 est,
2655 5086 2910 5156 αἰσχύνη,
2941 5098 3102 5154 quam
3138 5083 3182 5136 si
3213 5080 3591 5135 confusionem
3619 5080 3790 5135 dicere

2210 5182 2570 5247 voluerimus,
2610 5179 2945 5251 Babylonem
2989 5176 3159 5248 magis
3203 5189 3368 5247 quam
3412 5175 3595 5230 Basan
3636 5174 3792 5230 inter-

2208 5341 2469 5396 continuo
2496 5348 2618 5395 erat
2646 5353 2812 5406 supra
2843 5346 3005 5405 atque
3037 5335 3176 5389 infra
3200 5331 3553 5406 Basanilides_.

2285 5423 2308 5449 ε
2338 5412 2564 5482 Supplet
2588 5402 2885 5475 Victorius,
2909 5402 3241 5474 dicimushex
3270 5415 3480 5474 septem
3511 5402 3792 5458 Florentia:

2212 5484 2559 5610 Loglﬁitiilﬁro
2584 5563 2767 5609 tamen
2791 5552 2859 5606 de
2886 5551 3046 5606 Locis
3074 5549 3138 5603 ad
3163 5563 3347 5602 vocem
3372 5546 3615 5611 Remma,
3646 5545 3792 5601 aliter

2211 5628 2404 5699 Aquila
2435 5628 2632 5699 dicitur
2664 5627 3051 5699 interpretatus
3078 5639 3089 5675 :
3121 5631 3174 5675 et
3207 5620 3499 5699 u_t_quidem
3532 5619 3791 5673 Eusebius

2211 5691 2384 5827 ilign'tat,
2432 5698 2547 5778 ὅρος
2588 5700 2636 5754 ἐν
2675 5691 2954 5771 Ῥεμμὶωᾷ,
2988 5704 3047 5751 ut
3085 5707 3215 5750 vero
3240 5691 3623 5763 Hieronymus,
3655 5704 3790 5743 mons

2264 5790 2488 5827 mmoua.

2264 5790 2488 5829 mmoua.
