4100 6336
332 311 469 371 1οΞ5

1173 312 1827 376 COMMENTARIORUM
1865 312 1931 370 IN
1973 310 2161 371 AMOS
2202 314 2332 371 LIB.
2378 314 2442 373 ll.
2486 316 2639 373 CAP.
2683 314 2773 373 ιν.

3490 319 3632 387 1026

324 428 675 498 pretabimur.
730 428 822 485 lim
872 445 1052 488 vaccae
1095 433 1344 507 pingues,
1384 437 1499 493 sive
1538 435 1915 508 ignominiosae
1942 432 1999 494 Α
2024 438 2124 499 tes,
2157 438 2215 486 nt
2241 440 2544 487 exurantnr
2593 442 2647 487 et
2692 437 3072 503 excoquuntur
3101 431 3192 503 qui
3226 431 3446 489 fuerunt
3476 435 3628 504 prius

321 530 375 576 et
403 523 593 590 arid;c,
627 538 750 579 nam
794 525 966 580 Basan
1011 535 1068 582 et
1115 527 1218 584 hoc
1264 529 1606 602 intelligitur,
1648 529 1700 583 in
1735 537 1920 584 monte

319 614 580 672 Samaria
605 626 754 683 sunt,
786 621 871 674 cui
900 632 956 676 et
982 620 1038 675 in
1065 620 1206 678 Osee
1231 622 1433 679 dicitur
1462 641 1476 678 :
1511 623 1673 696 Aufer
1700 624 1919 678 vitulum

319 718 489 775 tuum,
519 708 785 765 Samaria.
816 712 882 767 Et
921 729 1138 770 rursum
1168 716 1221 770 in
1252 717 1465 785 eodem,
1504 717 1639 785 Quia
1668 719 1919 773 seducens

317 814 430 860 erat
468 806 659 860 vitulus
689 816 830 873 tuus,
863 806 1109 864 Samaria
1143 808 1289 881 (Ose.
1329 827 1445 880 vm,
1484 809 1649 883 5,6):
1687 822 1740 867 et
1794 812 1917 867 ideo

318 900 373 956 in
406 909 593 956 monte
619 900 902 968 Samariae,
936 904 1061 974 quia
1088 920 1305 975 semper
1333 906 1619 977 eriguntur
1642 907 1693 960 in
1727 920 1919 976 super-

316 991 464 1048 biam
483 1036 498 1062 ,
515 1002 572 1050 et
594 994 697 1050 sibi
723 994 982 1050 sublimia
1001 998 1416 1068 repromittunt.
1433 997 1677 1054 Samaria
1702 1012 1917 1067 quoque

318 1086 555 1141 custodia
585 1086 804 1155 dicitur,
852 1103 958 1143 non
1000 1103 1109 1160 quo
1148 1090 1458 1145 custodiant
1491 1104 1775 1146 sermones
1803 1089 1915 1145 Do-

316 1177 452 1232 mini
490 1197 501 1233 :
536 1178 634 1235 sed
664 1179 792 1249 quia
823 1181 1082 1236 custodes
1114 1190 1516 1253 prteceptorum
1554 1183 1671 1253 ejus
1703 1197 1827 1237 esse
1856 1197 1916 1238 se

310 1269 543 1341 jactent.
576 1271 710 1339 Quae
739 1273 1066 1329 calumniam
1109 1274 1316 1331 faciunt
1346 1277 1555 1347 egenis,
1588 1286 1643 1331 et
1668 1276 1913 1331 confrin-

316 1374 453 1435 gnnt
484 1380 771 1436 pauperes.
813 1366 1058 1437 Egenum
1089 1378 1142 1423 et
1172 1384 1463 1439 pauperem
1487 1369 1646 1442 267
1674 1370 1915 1439 intelligo

318 1457 753 1513 ecclesiasticum
780 1459 979 1529 virum,
1016 1460 1107 1530 qui
1139 1462 1385 1517 veritatis
1408 1461 1761 1533 simplicitate
1784 1476 1916 1518 con-

316 1557 525 1619 tentus,
576 1551 961 1608 haereticorum
1016 1554 1436 1625 supellectilem,
1484 1563 1540 1611 et
1587 1558 1914 1628 eloquentia:

314 1639 611 1713 fulgorem,
650 1655 1206 1717 argumentorumque
1245 1647 1464 1702 divitias
1507 1664 1618 1704 non
1665 1650 1911 1720 requirit.

316 1734 413 1790 Hae
445 1752 623 1793 vaccae
652 1736 841 1795 dicunt
876 1740 1112 1795 dominis
1152 1742 1262 1798 suis
1297 1759 1309 1796 :
1341 1742 1556 1811 A/ferle,
1585 1753 1634 1798 et
1663 1744 1912 1801 bibemus.

2025 522 2393 594 negotiatores
2421 524 2745 594 pestilentes
2776 540 2790 591 ;
2816 524 2883 579 ad
2909 525 3012 580 hoc
3034 528 3176 579 enim
3206 526 3628 596 negotiabantur

2024 612 2134 687 [Αι.
2163 616 2638 689 negotiabuntur],
2686 626 2744 671 ut
2781 617 2945 671 morti
2982 616 3265 673 traderent
3292 632 3430 687 quos
3456 617 3623 673 dece-

2022 721 2237 781 perant.
2272 711 2364 767 Isti
2410 721 2540 767 sunt
2572 712 2642 767 de
2680 711 2877 783 quibus
2910 711 3113 768 dicitur
3138 729 3152 767 :
3179 709 3315 767 Filii
3343 711 3492 781 Heli,
3525 712 3627 783 ﬁlii

2021 805 2329 875 pestilentia:
2374 806 2419 877 (l
2459 805 2591 877 Reg.
2643 803 2726 876 ιι),
2756 807 2847 876 qui
2885 805 2941 863 in
2986 806 3246 863 cathedra
3288 807 3623 878 pestilentiae

2021 897 2129 970 [ΑΙ.
2156 898 2554 972 pestilentium]
2592 898 2875 955 sederunt.
2905 898 3153 971 Cumque
3178 902 3389 957 excocti
3422 900 3629 958 fuerint

2020 1000 2075 1048 et
2118 995 2319 1059 exusti,
2356 993 2711 1063 egredientur
2742 993 2897 1062 nudi,
2932 993 3069 1050 nihil
3097 1008 3286 1049 eorum
3332 994 3625 1063 habentes,

2019 1101 2139 1154 quae
2167 1085 2271 1140 sibi
2312 1094 2475 1140 antea
2513 1085 2938 1155 praesumebant.
2970 1085 3040 1141 Et
3082 1084 3350 1142 videbunt
3395 1086 3626 1159 ignomi-

2020 1180 2166 1234 niam
2196 1195 2373 1246 suam,
2402 1189 2458 1235 et
2488 1179 2850 1249 projieientnr
2877 1194 3047 1250 super
3070 1187 3314 1234 montem
3345 1179 3621 1249 Remman,

2019 1272 2113 1343 qui
2143 1274 2535 1343 interpretatur
2559 1273 2875 1340 sublimitas,
2914 1274 3053 1329 utin
3084 1273 3344 1343 superbia
3378 1288 3472 1328 sua
3495 1290 3628 1329 cun-

2020 1373 2292 1421 terantur.
2317 1366 2546 1433 Quidam
2572 1366 2863 1436 Remman,
2888 1367 3135 1421 visionem
3159 1365 3411 1433 alicujus,
3440 1365 3491 1421 id
3516 1374 3624 1445 est,

2018 1458 2200 1537 ὅρασίν
2229 1482 2393 1530 τινος,
2430 1459 2884 1529 interpretantur.
2914 1458 3033 1513 Non
3059 1459 3205 1515 enim
3227 1458 3408 1513 omnia
3438 1457 3629 1514 videre

2020 1563 2307 1623 poterant;
2342 1554 2437 1610 sed
2462 1555 2565 1609 sibi
2596 1554 2765 1624 partis
2809 1553 3038 1625 alicujus
3080 1554 3364 1609 scientiam
3391 1553 3623 1623 promit-

2019 1647 2230 1714 tebant,
2262 1655 2321 1701 ut
2349 1648 2731 1718 projiciantnr,
2768 1662 2833 1703 eo
2874 1646 2983 1720 [ΑΙ.
3017 1647 3070 1701 in
3103 1646 3194 1718 eo]
3228 1646 3375 1717 quod
3398 1660 3457 1701 se
3481 1646 3628 1703 scire

2020 1741 2338 1797 credebant.
2374 1741 2669 1796 Possumus
2708 1740 2864 1811 juxta
2897 1740 3159 1806 litteram,
3193 1740 3413 1810 quando
3453 1754 3625 1794 vene-

318 1828 581 1885 Dominos
613 1846 803 1886 earum
837 1833 923 1888 vel
955 1834 1229 1905 principes
1269 1850 1653 1906 perversorum
1693 1838 1917 1910 dogma-
1944 1831 1997 1894 B
2024 1835 2133 1891 rint
2160 1835 2277 1889 dies
2306 1833 2636 1904 captivitatis
2682 1849 2850 1904 super
2876 1848 3072 1889 vaccas
3104 1833 3388 1898 Samarite,
3422 1832 3625 1888 intelli-

318 1933 431 1980 tum
480 1940 772 1995 possumus
822 1929 1133 1999 appellare,
1187 1929 1557 1996 Valentinum,
1597 1942 1651 1988 et
1692 1932 1920 1989 Marcio-

320 2033 467 2084 nem,
490 2028 545 2074 et
573 2017 788 2089 Arium,
814 2030 869 2076 et
894 2021 1223 2077 Eunomium
1257 2041 1269 2077 :
1300 2032 1395 2079 aut
1425 2040 1519 2080 eos
1542 2028 1630 2094 qui
1660 2041 1759 2095 per
1782 2027 1923 2081 mul-

321 2112 536 2184 tiplices
559 2114 730 2171 libros
752 2116 819 2170 ab
841 2114 963 2170 aliis
993 2118 1134 2173 male
1155 2116 1378 2174 inventa
1400 2120 1752 2176 corroborant
1769 2160 1780 2174 .
1796 2120 1921 2177 Istis

318 2204 509 2261 dicunt
551 2222 731 2263 vacca:
760 2207 1088 2264 Basanitidis
1120 2228 1132 2263 :
1164 2210 1359 2279 A/ferte
1387 2213 1553 2278 nobis,
1587 2222 1632 2266 et
1674 2214 1916 2268 bibemus.

320 2299 437 2355 Nisi
468 2300 612 2356 enim
644 2302 725 2357 illi
753 2301 1026 2367 dederint,
1077 2303 1169 2359 isti
1193 2306 1337 2375 quod
1384 2305 1647 2362 devorent
1681 2324 1787 2361 non
1828 2308 1923 2363 ha-

321 2392 480 2460 bent,
510 2393 678 2449 immo
716 2396 856 2465 quod
896 2396 1085 2452 bibant
1132 2406 1192 2452 ut
1237 2397 1603 2455 inebrientur.
1636 2400 1705 2455 Ut
1741 2409 1920 2456 autem

324 2485 566 2542 sciamus
609 2502 779 2558 aquas
804 2496 860 2544 et
886 2489 1076 2559 pocula
1108 2490 1421 2559 significare
1448 2493 1777 2559 doctrinam,
1816 2494 1925 2548 Do-

325 2581 505 2636 minus
533 2580 772 2652 loquitur
800 2583 867 2636 ad
894 2581 1297 2639 Samaritanam
1343 2605 1354 2639 :
1394 2586 1576 2641 Omnis
1611 2588 1701 2658 qui
1746 2587 1922 2641 biberit

327 2671 441 2746 [ΑΙ.
475 2673 621 2747 bibit]
644 2692 707 2730 ex
726 2693 860 2746 aqua
886 2676 1001 2743 hac,
1031 2678 1165 2732 sitiet
1188 2679 1371 2733 iterum
1396 2696 1413 2734 :
1436 2681 1525 2750 qui
1546 2690 1715 2735 autem
1746 2680 1926 2735 biberit

326 2785 390 2823 ex
406 2786 541 2839 aqua
559 2786 714 2839 quant
738 2784 831 2843 ego
852 2770 982 2825 dabo
1005 2772 1073 2839 ei,
1098 2789 1200 2826 non
1226 2774 1363 2827 sitiet
1392 2774 1445 2827 in
1467 2782 1721 2829 (eternunt
1741 2774 1922 2845 (Joan.

328 2879 402 2929 tv,
442 2863 555 2935 15).
598 2863 741 2935 Ergo
772 2866 861 2935 qui
896 2865 966 2922 de
992 2864 1370 2932 Samaritanus,
1406 2867 1460 2922 id
1489 2879 1595 2934 est,
1637 2868 1930 2925 haeretico-

329 2973 450 3013 rum
484 2957 638 3029 aquis
671 2958 933 3025 biberint,
962 2974 1178 3029 semper
1218 2962 1403 3016 sitient
1431 2970 1486 3016 et
1524 2962 1781 3017 ardorem
1816 2962 1928 3017 fau-

330 3052 474 3107 cium
520 3052 789 3107 siccarutn
839 3052 1166 3124 refrigerare
1211 3068 1318 3110 non
1366 3063 1647 3124 poterunt,
1679 3055 1815 3109 Isaia
1858 3056 1926 3111 de

331 3144 439 3201 hoc
482 3145 673 3202 eodem
730 3146 838 3218 [ΑΙ.
888 3148 990 3203 hac
1033 3148 1249 3221 eadem]
1303 3150 1682 3205 conclamante
1721 3168 1734 3203 :
1779 3151 1928 3205 Sicut

2022 1947 2151 2002 gere
2180 1930 2325 2001 quod
2357 1938 2623 2001 superent
2652 1944 2745 1985 eas
2777 1932 2829 1984 in
2861 1929 3077 2000 praelio,
3111 1938 3166 1985 et
3194 1928 3507 1999 Opprimant
3535 1943 3628 1981 ar-

2026 2026 2127 2081 mis
2151 2027 2296 2091 suis,
2322 2026 2441 2080 etin
2470 2024 2868 2095 congressione
2888 2032 3177 2093 superatas
3191 2020 3529 2091 compellant
3561 2018 3630 2074 ad

2026 2119 2191 2174 urbes
2217 2119 2472 2182 munitas,
2508 2132 2628 2188 quae
2670 2126 3056 2187 comparentur
3083 2114 3206 2170 ollis
3235 2112 3580 2169 ferventibus
3612 2128 3627 2167 :

2027 2219 2085 2264 ut
2114 2209 2390 2280 quomodo
2430 2208 2739 2264 Jerusalem
2787 2208 2993 2263 habens
3034 2206 3253 2263 clausos
3299 2206 3532 2277 populos
3578 2215 3632 2261 ct

2026 2303 2304 2369 obsessos,
2356 2301 2695 2359 assimilatur
2745 2301 2869 2356 olla:
2914 2300 3144 2356 ferventi
3191 2311 3245 2355 et
3295 2299 3471 2371 plena:
3515 2313 3635 2354 car-

2028 2400 2212 2461 nium;
2255 2398 2335 2453 sic
2362 2406 2417 2452 et
2444 2397 2611 2452 urbes
2652 2398 2919 2452 Samaria:
2949 2394 3076 2450 ollis
3118 2393 3454 2450 ferventibus
3483 2407 3636 2447 com-

2028 2499 2312 2560 parentur,
2364 2504 2488 2560 qua:
2524 2487 2667 2543 fame
2695 2498 2751 2543 et
2782 2486 3097 2559 pestilentia
3139 2487 3356 2540 clausos
3403 2483 3636 2555 populos

2029 2583 2183 2639 exire
2210 2583 2563 2654 compellant,
2592 2591 2646 2637 et
2673 2581 2753 2636 ire
2779 2581 2832 2635 in
2855 2580 3227 2651 captivitatem
3255 2586 3444 2633 mutuo
3470 2592 3531 2633 se
3552 2577 3636 2631 vi-

2030 2680 2247 2745 dentes,
2273 2688 2328 2733 et
2350 2677 2636 2734 transferri
2665 2676 2717 2730 in
2741 2674 2950 2731 Armon
2984 2682 3201 2732 montes
3224 2673 3519 2741 Armeniae,
3543 2672 3637 2743 qui

2032 2775 2205 2831 Medis
2234 2774 2527 2844 Persisque
2551 2770 2801 2828 confines
2823 2782 2971 2827 sunt.

2103 2868 2287 2940 (Vers.
2319 2869 2351 2922 4
2380 2872 2527 2939 seq.)
2564 2864 2745 2920 Venite
2775 2866 2844 2919 ad
2872 2862 3081 2931 Bethel,
3113 2873 3162 2917 et
3194 2862 3351 2935 impie
3370 2861 3505 2934 agite
3528 2874 3546 2915 .'
3569 2860 3636 2914 ad

2032 2961 2332 3034 Galgalum,
2362 2971 2409 3015 et
2439 2960 2777 3032 multiplicate
2809 2956 3303 3029 prazraricationem,
3333 2965 3381 3009 et
3407 2965 3430 2992 α
3462 2954 3644 3022 afferte

2033 3071 2181 3109 mane
2216 3054 2445 3108 victimas
2477 3063 2695 3119 vestras,
2736 3050 2901 3103 tribus
2942 3050 3122 3104 diebus
3160 3048 3386 3102 decimas
3420 3056 3633 3101 vestras.

2034 3149 2101 3204 Et
2123 3149 2416 3219 sacriﬁcate
2448 3149 2511 3201 de
2536 3150 2789 3217 fermento
2820 3144 3005 3217 [ναις.
3048 3139 3378 3215 fermentata]
3408 3139 3641 3208 laudent,

332 3244 556 3297 somniat
572 3244 661 3312 qui
689 3244 796 3298 sitit
832 3244 979 3311 quasi
1018 3244 1178 3311 bibat,
1209 3255 1394 3299 etcum
1419 3246 1718 3312 surrexerit,
1756 3245 1931 3300 adhuc
1959 3222 2008 3291 α
2038 3253 2085 3298 et
2112 3252 2283 3297 vocate
2304 3242 2623 3297 voluntarias
2644 3240 2949 3307 oblationes,
2974 3246 3020 3291 et
3042 3237 3366 3291 annuntiate.
3388 3235 3481 3290 Sic
3502 3235 3639 3288 enim

331 3335 465 3401 sitit,
518 3336 693 3392 anima
743 3345 914 3391 autem
958 3339 1071 3404 eius
1118 3340 1319 3408 frustra
1364 3340 1586 3410 speravit
1621 3357 1638 3393 :
1677 3341 1748 3393 sic
1784 3353 1934 3396 erunt

334 3446 511 3485 omnes
555 3440 729 3502 gentes
781 3447 896 3502 qua:
940 3441 1171 3503 pugnant
1215 3442 1394 3487 contra
1426 3431 1716 3486 Jerusalem
1768 3433 1931 3503 (lsai.

335 3537 487 3590 χχιχ,
518 3521 594 3595 8).
624 3522 764 3579 Vere
790 3524 934 3578 enim
958 3523 1051 3595 qui
1080 3524 1148 3580 de
1182 3522 1570 3580 hmrelicorum
1602 3526 1758 3596 aquis
1784 3526 1936 3582 bibe-

334 3615 429 3680 rit,
462 3622 517 3669 et
544 3616 870 3685 pugnaverit
903 3624 1099 3671 contra
1143 3616 1447 3672 Jerusalem
1479 3615 1785 3672 Ecelesiam
1814 3616 1935 3683 Dei,

337 3705 393 3761 in
453 3709 661 3763 somnis
704 3707 873 3775 bibit,
921 3716 976 3762 et
1012 3709 1191 3763 anima
1239 3710 1361 3780 ejus
1400 3711 1559 3765 vanis
1612 3710 1938 3780 imaginibus

341 3800 614 3856 illuditur.
642 3800 887 3872 Cumque
920 3803 1273 3858 mstimaverit
1310 3819 1369 3859 se
1400 3806 1683 3871 satiatum,
1712 3814 1840 3861 tunc
1868 3806 1941 3861 si-

338 3895 509 3951 tiendi
549 3896 773 3951 habebit
814 3897 1163 3967 principium.
1194 3898 1349 3955 Unde
1376 3908 1430 3954 et
1454 3900 1520 3955 ad
1556 3900 1731 3955 virum
1765 3902 1941 3958 eccle-

337 3989 626 4045 siasticum
655 3988 893 4046 dicitur:
920 3989 1045 4045 Bibe
1072 4008 1233 4063 aquas
1266 3992 1328 4047 de
1361 3994 1496 4049 vasis
1525 3995 1647 4063 tuis,
1675 4005 1723 4048 et
1750 3995 1814 4048 de
1845 4013 1940 4067 pu-

337 4093 542 4139 teorum
571 4083 800 4153 fontibus
829 4100 993 4151 aquas
1034 4094 1172 4152 tuas,
1204 4095 1251 4140 et
1288 4088 1392 4142 sint
1431 4088 1519 4141 tibi
1548 4087 1645 4143 soli
1673 4087 1853 4159 (Prov.
1883 4105 1935 4159 v,

339 4174 456 4246 15).
477 4174 712 4247 Etjurat
736 4176 998 4234 Dominus
1012 4179 1155 4236 Deus
1187 4188 1308 4236 tuus
1331 4182 1383 4236 in
1408 4190 1597 4239 sancto
1622 4197 1723 4239 suo
1748 4193 1939 4239 contra

340 4286 537 4327 vaccas
564 4272 768 4343 saginae
811 4282 867 4330 et
908 4274 1142 4345 dapibus
1168 4277 1497 4344 servientes,
1540 4278 1657 4333 sive
1701 4278 1848 4348 iurat
1887 4280 1940 4334 in

342 4368 548 4422 sanctis
577 4368 711 4434 suis,
744 4368 889 4439 quod
920 4370 1143 4426 venient
1168 4369 1286 4426 dies
1314 4385 1477 4441 super
1509 4386 1623 4438 eas,
1653 4372 1773 4429 dies
1799 4372 1944 4442 judi-

343 4459 414 4515 cii
445 4469 607 4531 atque
636 4477 944 4533 ptenarum,
978 4472 1037 4517 ut
1069 4470 1289 4533 portent
1313 4477 1405 4519 eas
1434 4463 1489 4519 in
1520 4466 1689 4520 armis
1721 4466 1856 4533 suis,
1888 4475 1945 4521 et

342 4567 441 4610 eos
468 4556 560 4625 qui
590 4570 709 4609 cum
737 4554 874 4625 ipsis
902 4563 1051 4623 sunt,
1091 4556 1308 4611 mittant
1332 4556 1387 4612 in
1412 4556 1646 4623 lebetes,
1677 4558 1792 4614 sive
1819 4574 1945 4629 por-

2040 3337 2301 3403 volnistis,
2335 3336 2435 3405 lilii
2462 3334 2488 3388 1
2498 3333 2653 3399 srael,
2679 3332 2802 3386 dicit
2826 3330 3079 3385 Dominus
3106 3328 3263 3384 Deus.
3299 3326 3449 3383 Unde
3472 3336 3519 3381 et
3546 3342 3641 3397 ego

2041 3432 2161 3485 dedi
2188 3430 2326 3485 vobis
2348 3441 2607 3500 stuporem
2638 3427 2871 3481 dentium
2899 3427 2952 3480 in
2979 3425 3178 3479 cunctis
3202 3420 3416 3477 urbibus
3438 3418 3637 3489 vestris,

2041 3536 2088 3581 et
2118 3524 2455 3597 indigentiam
2487 3538 2678 3595 panum
2709 3521 2763 3573 in
2792 3518 3029 3574 omnibus
3056 3517 3184 3572 locis
3212 3515 3393 3570 vestris
3418 3528 3434 3566 :
3458 3523 3506 3567 et
3536 3528 3639 3567 non

2043 3622 2164 3675 estis
2191 3620 2379 3674 reversi
2409 3619 2477 3672 ad
2508 3634 2609 3685 me,
2634 3616 2757 3670 dicit
2779 3614 3060 3670 Dominus.
3085 3610 3230 3667 LXX
3258 3627 3271 3664 :
3299 3607 3565 3662 lntroistis
3588 3608 3641 3661 in

2042 3714 2244 3781 Betltel,
2277 3723 2323 3768 et
2349 3713 2523 3783 inique
2552 3711 2751 3783 egistis,
2781 3710 2837 3763 in
2866 3707 3091 3779 Calgala
3126 3702 3519 3773 multiplicastis
3540 3701 3644 3755 im-

2044 3809 2128 3881 pie
2168 3825 2320 3883 agere
2362 3824 2380 3861 :
2422 3816 2470 3861 et
2512 3805 2762 3860 intulistis
2800 3818 2950 3857 mane
2981 3800 3177 3855 hostias
3210 3806 3426 3865 vestras,
3468 3795 3523 3849 in
3563 3795 3647 3850 die

2046 3903 2197 3957 tertio
2252 3902 2478 3956 decimas
2546 3908 2756 3954 vestras.
2820 3896 2890 3952 Et
2956 3897 3185 3970 legerunt
3249 3896 3377 3967 foris
3442 3892 3641 3965 legem,

2046 4006 2095 4050 et
2148 3997 2512 4050 invocaverunt
2572 3991 2942 4063 confessiones.
2998 3988 3319 4043 Annuntiate
3365 3987 3488 4058 quia
3538 3985 3646 4040 hate

2046 4088 2341 4145 dilexerunt
2386 4088 2485 4158 ﬁlii
2529 4084 2734 4153 Israel,
2780 4086 2907 4140 dicit
2945 4083 3204 4139 Dominus
3256 4081 3420 4136 Deus.
3459 4079 3522 4134 Et
3553 4097 3645 4151 ego

2047 4181 2209 4254 269
2254 4182 2386 4235 dabo
2431 4180 2569 4235 vobis
2595 4188 2859 4249 stuporem
2892 4176 3128 4232 dentium
3150 4176 3203 4229 in
3226 4175 3422 4229 cunctis
3440 4172 3650 4228 urbibus

2047 4276 2250 4343 vestris,
2284 4283 2329 4327 et
2358 4273 2700 4344 indigentiam
2727 4286 2919 4343 panum
2941 4271 2993 4323 in
3022 4267 3261 4323 omnibus
3292 4267 3417 4321 locis
3442 4266 3647 4334 vestris,

2047 4379 2224 4425 etnon
2271 4370 2390 4423 estis
2423 4367 2611 4422 reversi
2654 4365 2721 4420 ad
2751 4381 2829 4419 me
2854 4408 2868 4433 ,
2918 4364 3043 4417 dicit
3083 4360 3362 4417 Dominus.
3404 4358 3648 4415 Primum

2049 4462 2292 4519 historia:
2322 4460 2674 4516 fundamenta
2698 4459 2964 4527 jaciamus
2992 4473 3005 4510 :
3033 4454 3079 4509 0
3107 4454 3270 4509 Israel
3292 4453 3650 4521 miserabilis,

2047 4556 2158 4626 jam
2193 4555 2289 4611 tibi
2311 4555 2488 4610 vicina
2518 4551 2825 4623 captivitas,
2866 4549 2978 4619 jam
3006 4548 3265 4619 Assyrius
3294 4546 3461 4602 instat
3490 4562 3654 4603 exer-

345 4654 463 4702 tent
498 4665 508 4701 ;
542 4655 597 4702 et
627 4648 714 4702 vel
751 4647 883 4718 ipsa:
916 4664 1099 4705 vaccae
1130 4651 1242 4705 sint
1280 4651 1652 4723 negotiatores
1684 4653 1947 4722 pestilen-
1973 4629 2028 4690 Ῑ)
2053 4648 2224 4701 citus:
2269 4645 2352 4701 fac
2378 4644 2522 4717 quod
2554 4644 2718 4710 libet,
2752 4657 2855 4712 age
2888 4640 3086 4711 impie:
3130 4655 3251 4695 cum
3283 4639 3444 4695 idolis
3477 4638 3648 4697 libere

348 4746 453 4806 tes,
486 4738 569 4794 vel
599 4738 703 4809 ipsi
729 4740 824 4809 qui
848 4742 1074 4796 veniunt
1102 4750 1160 4797 ut
1184 4751 1405 4812 portent
1426 4758 1540 4812 eas,
1566 4754 1621 4799 et
1653 4744 1943 4814 ejiciantnr

348 4832 509 4888 nudae
540 4832 778 4888 invicem
820 4848 880 4889 se
920 4834 1171 4891 videntes
1219 4853 1231 4893 :
1270 4836 1740 4909 projicianturque
1780 4854 1946 4909 super

348 4935 594 4980 montem
648 4924 941 4993 Remman,
988 4925 1126 4982 dicit
1168 4928 1428 4985 Dominus
1462 4929 1627 4985 Deus.
1662 4930 1945 4987 Debemus

351 5019 496 5075 enim
525 5029 580 5075 et
613 5023 764 5089 juxta
804 5019 952 5076 LXX
995 5020 1202 5090 dicere,
1253 5040 1321 5080 ne
1360 5023 1561 5081 frustra
1607 5040 1703 5081 eos
1742 5043 1939 5098 propo-

352 5112 529 5167 suisse
560 5111 863 5167 videamur.
895 5113 1127 5181 Quando
1166 5116 1382 5171 venerit
1425 5126 1616 5173 contra
1656 5118 1944 5177 haereticos

352 5204 471 5261 dies
506 5204 698 5275 judicii
732 5214 893 5278 atque
934 5207 1212 5278 vindictae,
1245 5218 1373 5266 tunc
1400 5211 1722 5268 auferantur
1766 5214 1820 5268 in
1862 5230 1948 5269 ar-

354 5300 477 5368 mis,
507 5298 611 5354 hoc
635 5308 739 5371 est,
764 5315 887 5355 eum
912 5302 1076 5374 268
1099 5304 1269 5358 armis
1296 5309 1429 5370 suis,
1458 5307 1656 5377 quibus
1688 5308 1949 5365 adversus

355 5393 658 5451 Ecclesiam
689 5394 1087 5453 dimicaverant
1116 5415 1127 5452 :
1164 5398 1252 5453 vel
1282 5399 1409 5454 victi
1443 5410 1718 5457 armatura
1744 5402 1864 5470 Dei,
1897 5413 1951 5460 et

354 5487 423 5543 ab
459 5488 608 5545 illius
643 5490 1039 5562 pugnatoribus
1081 5491 1347 5563 superati,
1382 5494 1669 5550 mittentur
1707 5495 1759 5550 in
1802 5494 1952 5552 lebe-

429 5634 456 5664 α
480 5624 755 5682 Victorius
774 5627 848 5682 ait
878 5646 888 5681 :
920 5627 1039 5683 Vox
1057 5628 1290 5704 Hebraea
1317 5637 1537 5704 suum,
1570 5632 1758 5699 a/I‘erre
1783 5634 1953 5704 signi-

359 5698 505 5766 ﬁcat,
530 5713 690 5771 quem
724 5713 943 5755 sensum
977 5700 1265 5757 reddidere
1312 5704 1474 5757 etiam
1518 5698 1680 5771 LXX,
1712 5698 1950 5762 dum'in-

359 5770 643 5839 terpretati
691 5781 817 5847 sunt
861 5774 1445 5847 ἡνὲγκατσηαιῑιιιὶεῑὶδ.
1509 5774 1734 5847 Vulgata
1782 5778 1952 5834 editio

360 5852 676 5900 constanter
713 5844 770 5898 in
798 5844 1009 5900 cunctis
1037 5845 1317 5902 codicibus
1348 5858 1457 5902 tam
1495 5844 1635 5905 mss:
1659 5865 1819 5921 quam
1851 5851 1951 5906 im-

2054 4742 2331 4798 fornicare
2356 4783 2371 4809 ,
2417 4749 2480 4796 ut
2507 4746 2711 4811 quanto
2757 4747 2814 4793 tu
2842 4736 3008 4792 fueris
3054 4735 3426 4805 impudentior
3451 4777 3465 4804 ,
3500 4745 3649 4791 tanto

2055 4851 2176 4892 mea
2218 4850 2385 4906 super
2418 4831 2705 4889 tormentis
2752 4831 2858 4886 tuis
2899 4830 3098 4901 justior
3138 4829 3392 4886 videatur
3428 4839 3651 4885 senten-

2058 4930 2153 4984 tia.
2208 4928 2413 4993 Venite,
2447 4926 2647 4998 inquit,
2677 4925 2732 4979 in
2756 4922 2961 4989 Bethel,
2990 4923 3043 4978 in
3071 4938 3180 4994 qua
3210 4938 3437 4978 aureum
3470 4922 3655 4993 posui-

2056 5023 2154 5077 stis
2182 5020 2435 5086 vitulum,
2465 5026 2520 5075 et
2543 5017 2707 5088 impie
2735 5017 2877 5087 agite
2908 5015 2962 5071 in
2992 5014 3182 5072 Deum.
3212 5015 3407 5070 Venite
3436 5013 3503 5068 ad
3528 5012 3656 5069 Gal-

2054 5116 2227 5188 galam
2279 5114 2455 5170 locum
2507 5110 2828 5168 idololatriae
2852 5154 2868 5178 ,
2914 5109 2983 5166 de
3010 5125 3113 5180 qua
3141 5123 3240 5178 per
3265 5106 3404 5163 Osee
3436 5107 3653 5161 locutus

2051 5222 2172 5263 sum
2202 5225 2214 5262 :
2252 5205 2433 5261 Omnis
2462 5203 2665 5259 malitia
2696 5219 2872 5259 eorum
2901 5203 2959 5256 in
2994 5198 3233 5272 Galgulis
3260 5196 3404 5270 (Uss.
3429 5213 3505 5265 ix,
3531 5198 3645 5269 15).

2054 5302 2122 5357 Et
2164 5314 2383 5357 rursum
2426 5299 2480 5354 in
2521 5298 2755 5354 eodem;
2796 5295 3022 5352 Frustra
3050 5305 3194 5349 erant
3222 5295 3276 5347 in
3312 5290 3538 5363 Galgala
3563 5292 3652 5347 bo-

2054 5395 2146 5451 bus
2172 5396 2499 5450 immolantes
2532 5392 2723 5469 (Ibid.,
2752 5407 2852 5459 xu,
2878 5387 2992 5461 M).
3025 5386 3269 5457 Cumque
3292 5386 3553 5442 veneritis
3580 5388 3649 5445 ad

2053 5489 2371 5563 Galgalam:
2418 5489 2767 5561 multiplicate
2816 5482 3321 5558 prwraricationem.
3368 5479 3648 5552 Quidquid

2060 5632 2272 5707 pressis
2318 5631 2473 5702 legit,
2508 5623 2716 5707 offerte:
2747 5627 3110 5707 Hieronymus
3149 5625 3203 5707 in
3249 5619 3653 5701 Commentario

2060 5699 2345 5775 utramque
2374 5699 2970 5777 agnoscitﬂlectionem.
3017 5699 3198 5754 Libuit
3236 5699 3651 5777 praemonuisse,

2059 5765 2277 5850 quando
2324 5790 2356 5850 a
2404 5765 2561 5830 nobis
2588 5772 2724 5828 nihil
2758 5780 2841 5830 est
2874 5765 3248 5828 immutatum;
3280 5766 3487 5825 Sensus
3509 5765 3653 5823 idem

2060 5848 2289 5921 utraque
2322 5848 2375 5902 in
2411 5861 2564 5902 voce.
