4100 6336
479 339 624 402 1027

1717 333 1776 391 S.
1819 327 2092 392 EUSEBII
2131 325 2518 390 HIERONYMI

3641 337 3774 399 ιοεε

483 461 630 516 enim
685 457 760 514 ibi
807 457 1030 530 egeritis
1059 499 1072 524 ,
1127 455 1507 528 prtevaricatio
1555 461 1744 512 contra
1775 453 1947 509 Deum
1976 461 2079 518 est,
2111 445 2166 508 Α
2189 465 2308 504 rum
2339 453 2752 512 beatitudinem.
2809 453 2918 510 Vos
2961 461 3140 514 autem
3172 457 3400 528 primam
3427 501 3441 526 ,
3473 459 3692 532 inquit,
3725 473 3778 518 rt

481 553 570 610 cui
615 551 758 608 idola
807 550 1140 622 praetulistis.
1191 549 1256 604 Et
1299 547 1492 604 all'erte
1523 563 1684 602 mane
1719 545 1964 600 victimas
1993 557 2082 598 ve-

479 657 625 706 stras
657 689 670 714 ,
720 663 786 702 ne
835 647 888 702 in
918 647 1132 702 scelere
1160 645 1234 700 sit
1261 645 1368 700 ulla
1401 643 1612 700 dilatio.
1660 641 1860 698 Tribus
1889 639 2082 694 diebus

479 741 722 798 decimas
751 749 962 794 vestras
989 757 1002 794 :
1036 739 1170 804 sive,
1203 751 1266 794 ut
1295 739 1684 808 interpretatus
1711 749 1794 794 e5t
1821 733 2080 810 Symma-

480 835 638 900 chus,
667 835 820 888 tertia
843 833 926 887 die
953 831 1178 888 decimas
1205 841 1424 888 vestras.
1455 831 1624 900 Cujus
1649 829 1752 886 loci
1783 828 1899 884 haec
1925 827 2082 884 nobis

477 925 694 982 videtur
723 925 1082 998 explanatio:
1117 925 1172 980 in
1205 923 1456 982 Levitico
1489 925 1606 996 lege
1633 933 1968 994 praeceptum
1999 929 2086 976 est

477 1019 668 1096 (Leuit.
705 1023 830 1094 vn),
873 1037 946 1078 ne
973 1021 1222 1094 qurcdam
1267 1019 1460 1076 ltOStim
1491 1019 1544 1072 in
1568 1017 1799 1072 alterum
1825 1015 1970 1072 diem
2001 1029 2086 1070 re-

478 1127 770 1190 serventur
793 1157 810 1184 ,
859 1127 914 1172 et
953 1133 1025 1172 ne
1061 1116 1181 1170 alia:
1215 1117 1266 1170 in
1295 1115 1440 1170 diem
1471 1111 1692 1168 tertium
1725 1121 2082 1168 remaneant:

479 1209 624 1280 quod
655 1209 700 1264 si
736 1207 1122 1274 remanserint,
1157 1206 1454 1262 immuudze
1482 1207 1610 1260 sint.
1647 1203 1744 1260 Est
1779 1203 1942 1274 igitur
1963 1217 2086 1256 sen-

477 1317 572 1360 sus
609 1321 622 1356 :
657 1301 970 1356 lmmundas
1005 1301 1250 1372 quotidie
1275 1299 1532 1356 victimas
1573 1295 1788 1362 caedite,
1821 1305 1874 1350 et
1897 1303 2086 1350 conla-

481 1393 688 1448 minata
739 1393 932 1448 otl'erte
981 1391 1278 1460 sacriﬁcia,
1335 1401 1382 1444 et
1417 1387 1712 1458 sacriﬁcate
1743 1389 1806 1440 de
1837 1387 2086 1455 fermento

478 1485 710 1552 laudem,
739 1485 880 1558 quod
909 1487 1062 1556 juxta
1091 1493 1360 1554 praecepta
1385 1483 1558 1554 Moysi
1589 1482 1702 1538 Deo
1727 1481 1946 1552 penitus
1977 1495 2082 1532 non

479 1577 734 1636 offertur.
787 1579 894 1634 Pro
925 1577 1086 1634 laude
1115 1579 1496 1654 εὐχαριστίαν,
1551 1575 1604 1630 id
1634 1584 1718 1630 est
1743 1616 1758 1640 ,
1797 1573 2084 1646 gratiarum

482 1673 738 1726 actionem
779 1673 1174 1740 interpretatus
1199 1685 1282 1726 eSt
1314 1670 1532 1740 Aquila,
1561 1683 1684 1740 quae
1715 1665 1982 1722 llebraice
2003 1665 2086 1718 di-

481 1763 626 1820 citur
655 1779 832 1820 THODA
863 1765 1068 1836 (nm).
1115 1763 1182 1818 Et
1209 1775 1399 1817 vocate
1425 1803 1438 1828 ,
1481 1761 1700 1832 inquit,
1747 1759 2088 1814 voluntarias

2187 543 2485 598 secundam
2550 555 2966 604 contemnentes
3019 547 3160 604 diem
3195 589 3210 616 ,
3273 551 3578 620 spiritualia
3627 553 3778 610 vobis

2185 639 2434 708 quaedam
2479 637 2733 710 tlgtnenta
2767 641 3094 712 componitis
3134 641 3254 698 sine
3295 643 3684 712 fundamento,
3723 657 3780 704 et

2185 731 2482 800 parietibus
2507 741 2712 788 tectum
2742 733 2980 804 desuper
3001 735 3364 806 imponentes.
3393 737 3506 792 Nec
3527 737 3632 794 hoc
3653 749 3780 796 sunt

2187 823 2428 878 lueretici
2455 867 2470 890 ,
2515 825 2584 880 de
2613 825 2842 896 quibus,
2875 835 2930 882 et
2958 827 3024 882 ad
3057 843 3191 898 quos
3217 827 3412 884 dicitur
3435 871 3451 898 ,
3485 829 3780 902 impietatis

2189 917 2294 974 line
2339 919 2620 974 contenti:
2665 921 2764 977 sed
2795 921 3048 992 legerunt
3079 923 3212 979 toris
3255 923 3428 995 legem
3455 923 3554 980 Dei
3581 924 3650 982 de
3679 925 3782 980 Ec-

2186 1009 2356 1064 clesia
2387 1011 2730 1076 recedentes,
2765 1023 2818 1070 et
2849 1013 3076 1084 singulis
3105 1015 3454 1084 dogmatibus
3483 1017 3598 1072 suis
3617 1058 3630 1080 ,
3657 1031 3778 1086 qua:

2187 1115 2448 1171 perverso
2473 1105 2638 1158 corde
2669 1105 3016 1173 simularunt,
3047 1105 3422 1162 confessiones
3451 1117 3504 1164 et
3537 1111 3778 1164 testimo-

2189 1197 2276 1250 nia
2305 1197 2516 1252 sociare
2547 1201 2726 1254 conati
2757 1210 2886 1254 sunt
2913 1217 2926 1253 :
2957 1199 3076 1256 sive
3103 1199 3548 1258 sacriﬁcaverunt
3573 1201 3640 1256 de
3671 1203 3780 1256 fer-

2187 1299 2394 1358 mento,
2427 1307 2590 1364 super
2619 1309 2726 1364 quo
2755 1293 2806 1348 in
2837 1293 3132 1364 Evangelia
3157 1291 3382 1350 dicitur:
3427 1291 3613 1348 Cavete
3645 1295 3776 1348 vobis

2187 1397 2220 1436 a
2265 1385 2514 1454 fermento
2540 1427 2556 1452 ,
2601 1385 2652 1440 id
2685 1395 2768 1440 est
2793 1429 2808 1454 ,
2859 1387 3094 1440 doctrina
3123 1383 3516 1442 Pharisteorum
3557 1387 3772 1460 (Matth.

2187 1489 2298 1538 ενι,
2331 1475 2409 1542 ti).
2469 1475 2538 1530 Et
2564 1477 2680 1532 hinc
2709 1475 2962 1534 fecerunt
3003 1493 3108 1533 non
3142 1493 3364 1544 errore,
3409 1479 3508 1534 sed
3557 1477 3774 1534 studio:

2187 1581 2296 1623 non
2323 1567 2544 1624 fortuita
2569 1571 2870 1636 voluntate,
2903 1575 2998 1626 sed
3023 1573 3288 1642 majorum
3323 1579 3348 1608 ⁸
3370 1571 3638 1628 charitate
3669 1573 3778 1642 plc-

2189 1661 2432 1714 nissima.
2483 1661 2636 1718 Unde
2679 1663 2942 1720 ultionem
2977 1679 3140 1734 super
3169 1665 3254 1720 bis
3282 1665 3646 1722 comminatur
3673 1667 3778 1722 llo-

2191 1753 2400 1808 minus:
2423 1757 2580 1828 271
2609 1755 2774 1824 Dabo,
2799 1757 3066 1826 inquiens,
3089 1757 3230 1812 vobis
3247 1767 3508 1830 stuporem
3525 1757 3776 1826 dentium,

483 1857 812 1922 oblationes,
843 1833 1214 1928 quasllebrmi
1239 1855 1520 1926 appellant
1547 1865 1832 1908 unusnon:
1853 1849 2082 1924 (run-1:).
2118 1833 2166 1896 Β
2194 1843 2286 1916 qui
2321 1845 2514 1902 erce
2551 1851 2876 1920 γομφιασμὸς
2905 1847 3120 1904 dicitur.
3175 1849 3230 1907 Si
3259 1849 3380 1920 quis
3411 1849 3558 1906 enim
3589 1863 3780 1906 secun-

483 1951 538 2010 id
563 1959 668 2018 est,
699 1961 1028 2024 spontaneos.
1067 1949 1388 2005 Ultroneum
1413 1945 1523 2020 (At.
1549 1943 1878 2015 ultroneum]
1908 1953 2088 1998 autem

487 2043 816 2100 sacriﬁcium
857 2043 926 2098 ad
979 2043 1220 2098 laetitiam
1251 2043 1528 2112 pertinet:
1571 2039 1716 2110 quod
1743 2039 1934 2094 Latine
1957 2055 2088 2110 epu-

493 2137 602 2192 lum
635 2151 922 2204 possumus
955 2135 1258 2206 appellare.
1293 2133 1536 2204 Cumque
1567 2133 1668 2188 hoc
1701 2131 1960 2196 feceritis,
1995 2133 2092 2184 im-

495 2227 756 2298 pietatem
785 2239 1024 2282 vestratn
1071 2227 1324 2281 omnibus
1355 2225 1637 2280 nuntiate:
1687 2233 1748 2278 ut
1785 2237 1890 2277 neu
1915 2223 2090 2276 solum

483 2317 710 2386 fecisse,
743 2318 838 2372 sed
869 2327 924 2372 et
955 2319 1091 2374 alios
1121 2317 1374 2372 docuisse
1401 2317 1718 2372 videamini.
1761 2315 1888 2370 lliue
1911 2325 2090 2368 autem

497 2409 784 2479 przecipio,
816 2419 872 2466 et
897 2409 1224 2479 imperativo
1255 2409 1418 2464 modo
1445 2409 1664 2480 loquor,
1701 2417 1760 2462 ut
1789 2419 1985 2462 vestra:
2009 2421 2096 2462 sa-

489 2503 766 2558 tisfaciam
795 2505 1082 2570 voluntati,
1117 2505 1240 2574 quia
1277 2505 1356 2560 sic
1388 2501 1578 2574 egistis
1625 2509 1679 2558 et
1707 2503 1790 2558 sic
1819 2501 2088 2570 voluistis,

487 2595 586 2650 ﬁlii
617 2595 788 2652 Israel
813 2637 830 2664 ,
865 2597 996 2652 dicit
1029 2597 1297 2652 Dominus
1333 2596 1500 2652 Deus.
1535 2595 1882 2666 Quapropter
1909 2607 1964 2652 et
1993 2611 2093 2666 ego

485 2687 614 2744 dedi
639 2689 794 2744 vobis
816 2699 1096 2760 stuporem
1121 2689 1392 2754 dentium,
1421 2703 1480 2744 ut
1504 2687 1650 2744 LXX
1674 2689 2088 2756 transtulerunt,

485 2795 624 2850 quos
653 2781 708 2836 in
745 2779 852 2838 huc
879 2781 1000 2836 loco
1035 2791 1255 2852 propter
1295 2779 1704 2852 simplicitatem
1736 2781 1892 2837 verbi
1917 2782 2091 2838 secuti

487 2889 680 2930 sumus
705 2892 718 2928 :
746 2875 860 2930 sive
889 2875 1200 2930 munditiam
1227 2875 1478 2940 dentium,
1515 2885 1574 2930 ut
1601 2877 1936 2945 interpretati
1967 2885 2092 2930 sunt

491 2967 654 3039 270
681 2969 876 3038 Aquila
903 2977 958 3022 et
986 2967 1374 3040 Symmachus,
1409 2979 1466 3024 ut
1493 2983 1592 3040 per
1617 2969 1848 3022 mundos
1873 2967 2086 3036 dentes,

487 3061 648 3117 {atriis
691 3061 1114 3134 magnitudinem
1164 3064 1634 3120 demonstrarent.
1691 3065 1756 3118 Et
1797 3063 1900 3118 feci
1947 3063 2086 3116 imii-

487 3155 728 3226 gentiam
761 3173 958 3226 panum
983 3203 996 3220 ,
1043 3175 1152 3212 non
1203 3161 1256 3212 in
1285 3175 1392 3214 una
1425 3161 1592 3226 urbe,
1627 3159 1720 3214 sed
1755 3159 1806 3212 in
1834 3157 2089 3214 omnibus

493 3249 720 3304 urbibus
767 3253 1004 3318 veStris;
1061 3267 1160 3306 nec
1193 3251 1245 3307 in
1275 3267 1383 3308 uno
1413 3253 1533 3308 loco
1557 3291 1572 3316 ,
1621 3253 1718 3308 sed
1751 3255 1803 3308 in
1837 3253 2090 3308 omnibus

485 3341 624 3399 locis
665 3345 883 3402 vestris.
947 3343 1194 3420 Cumque
1239 3349 1340 3402 hoc
1387 3347 1634 3418 fecerim,
1681 3365 1788 3404 non
1837 3351 2090 3418 puniens,

486 3437 582 3492 sed
605 3439 948 3494 occasionem
973 3441 1214 3498 tribuens
1237 3443 1572 3512 ptenitentiae
1598 3461 1610 3496 :
1635 3459 1740 3498 nec
1769 3443 1848 3500 sic
1875 3445 2090 3516 quidem

487 3533 696 3586 reversi
727 3535 862 3588 estis
889 3535 958 3590 ad
991 3551 1078 3592 tne
1099 3581 1112 3604 ,
1159 3535 1296 3592 dicit
1325 3535 1606 3592 Dominus.
1661 3537 1786 3592 lla‘c
1811 3539 1960 3608 juxta
1988 3539 2092 3594 He-

487 3623 742 3679 brait-nm
769 3625 1046 3682 diximus:
1111 3639 1452 3686 transeamus
1475 3629 1542 3686 ad
1569 3629 1716 3686 LXX
1743 3633 2092 3702 interpretes,

489 3725 542 3772 et
583 3717 712 3788 quid
747 3717 905 3774 nobis
945 3719 1104 3790 juxta
1147 3737 1424 3794 anagogen
1459 3721 1713 3778 videatur
1741 3723 1792 3776 in
1835 3724 2088 3794 singulis,

487 3807 738 3866 breviter
775 3811 1112 3870 disseramus
1139 3831 1153 3880 ;
1193 3829 1368 3886 neque
1399 3813 1544 3870 enim
1575 3815 1620 3870 si
1647 3815 1700 3868 in
1723 3825 1954 3886 utraque
1979 3815 2094 3870 edi-

489 3901 638 3960 tione
669 3915 962 3976 utrutnque
989 3905 1176 3962 dicere
1209 3907 1564 3976 voluerimus,
1599 3909 1858 3964 librorum
1891 3909 2092 3978 patitur

489 3997 828 4068 magnitudo.
885 3999 1118 4070 ingressi
1151 4001 1286 4056 estis
1315 3999 1372 4056 in
1417 4001 1634 4066 Bcthel,
1671 4001 1720 4056 id
1749 4011 1872 4066 est,
1911 4003 1966 4056 in
1999 4005 2092 4058 do—

489 4109 632 4146 mum
663 4091 798 4158 Dei,
849 4095 992 4164 quod
1025 4095 1258 4150 sentitur
1287 4095 1530 4150 Ecclesia
1557 4113 1570 4148 :
1613 4105 1668 4152 et
1707 4097 1874 4164 impie
1904 4097 2092 4168 egistis

491 4183 546 4238 in
577 4183 868 4240 DOIIIillum
897 4225 914 4252 ,
959 4185 1105 4242 illius
1133 4195 1404 4258 praecepta
1433 4187 1730 4242 calcantes.
1777 4187 1834 4244 In
1865 4187 2092 4260 Galgala

489 4285 694 4344 autem,
722 4279 866 4348 quod
895 4279 1291 4350 interpretatur
1313 4281 1579 4348 revelatio,
1605 4279 1720 4336 sive
1741 4281 2088 4348 volutabrum,

487 4367 800 4438 impietates
829 4371 1268 4442 niultiplicaStis,
1309 4385 1618 4428 sanctarum
1663 4373 1817 4430 vobis
1849 4373 2092 4446 Scriptu-

483 4477 670 4516 rarum
721 4465 1004 4520 scientiam
1041 4467 1418 4522 vindicantes:
1463 4477 1516 4522 et
1559 4467 1688 4522 dum
1719 4469 1988 4542 erigimini
2035 4471 2086 4524 in

483 4555 836 4626 superbiam,
869 4561 1005 4614 estis
1037 4559 1090 4614 in
1114 4559 1256 4615 C(Blli
1294 4559 1480 4614 ultima
1519 4559 1782 4616 devoluti.
1827 4561 2088 4618 Intnlistis

483 4665 700 4720 quoque
733 4667 890 4707 mane
920 4651 1129 4708 hostias
1153 4663 1388 4720 vestras,
1415 4651 1504 4708 die
1535 4653 1692 4710 tertia
1719 4655 1962 4710 decimas
1991 4671 2087 4711 ve-

483 4753 628 4799 stras
653 4787 666 4811 ,
707 4745 1076 4814 transiigurati
1123 4745 1178 4800 in
1221 4745 1475 4816 angelum
1505 4745 1682 4801 lucis:
1729 4757 1784 4802 et
1817 4747 2086 4816 triplicem

481 4837 902 4910 intelligentiam
952 4839 1362 4908 Scripturarum
1418 4839 1508 4912 (de
1549 4855 1654 4910 qua
1683 4841 1841 4896 nobis
1875 4855 2088 4910 praece-

479 4941 632 5004 ptum
661 4943 766 4998 est,
799 4943 854 4988 ut
879 4933 1258 4990 describamus
1275 4949 1398 4991 Cum
1425 4933 1716 5006 tripliciter
1747 4935 1798 4990 in
1829 4935 2086 4994 cordibus

483 5025 706 5098 nostris)
737 5025 791 5080 in
823 5027 983 5082 unius
1011 5027 1121 5082 diei
1153 5029 1480 5083 sententiam
1511 5037 1874 5084 coarctantes.
1909 5029 2082 5086 Debe-

481 5135 603 5174 mus
633 5121 776 5176 enim
807 5119 1152 5192 Scripturam
1186 5131 1430 5176 sanctam
1457 5163 1472 5188 ,
1517 5123 1751 5192 primum
1783 5125 2086 5180 secundum

485 5211 722 5282 litteram
749 5213 1090 5284 intelligere,
1133 5213 1395 5270 facientes
1425 5215 1480 5270 in
1510 5215 1684 5271 etltica
1731 5233 2090 5292 quaecumque

482 5317 758 5379 praecepta
799 5319 944 5364 sunt.
1013 5307 1270 5366 Secundo
1307 5309 1462 5388 juxta
1499 5309 1818 5382 allegoriam
1845 5352 1862 5380 ,
1901 5311 1954 5368 id
1983 5323 2088 5382 ρει,

477 5397 898 5474 intelligentiam
927 5401 1294 5474 Spiritualem.
1325 5401 1510 5458 Tertio
1538 5403 1846 5460 secundum
1877 5405 2092 5460 futuro-

552 5595 583 5658 “,
611 5587 798 5644 Denuo
833 5587 1136 5644 Victorius:
1167 5585 1340 5654 Novo,
1379 5585 1590 5658 inquit,
1615 5584 1844 5658 dicendi
1879 5599 2082 5656 genere

483 5657 750 5714 malorum
779 5660 1102 5728 charitatem
1131 5659 1357 5722 vocavit,
1391 5673 1488 5728 pro
1519 5657 1790 5714 malorum
1811 5671 2078 5722 amorem,

485 5729 592 5786 hoc
629 5739 760 5794 est,
803 5727 1052 5784 atiecntm
1098 5729 1164 5786 ad
1219 5727 1399 5786 mala.
1447 5729 1560 5784 Hoc
1603 5735 1788 5784 autem
1815 5729 1976 5794 fecit,
2021 5737 2082 5784 ut

481 5797 628 5870 LXX
649 5801 908 5870 versioni,
937 5801 1208 5870 quambic
1229 5801 1471 5870 exponit,
1507 5801 1576 5855 ad
1601 5799 1841 5870 verbum
1858 5815 2086 5870 respou-

473 5869 668 5924 deret:
723 5868 820 5922 Est
869 5867 1052 5924 autem
1101 5869 1230 5922 illa:
1265 5867 1424 5936 Haec,
1461 5871 1754 5944 ἠγάπησαν,
1789 5867 2088 5928 dilexerunt

2191 1941 2322 1996 dum
2367 1941 2618 1998 Ezechiel
2647 1941 2864 2012 (li'zeclt.
2899 1943 3052 2014 xvnt)
3077 1983 3092 2009 ,
3133 1959 3290 1998 uvam
3323 1943 3576 1998 acerbam
3605 1957 3782 1998 come-

2191 2033 2334 2090 derit
2361 2075 2376 2100 ,
2422 2035 2714 2104 stupebant
2741 2037 2930 2092 dentes
2959 2037 3114 2104 ejus:
3149 2043 3208 2090 ut
3237 2051 3346 2092 non
3375 2037 3514 2092 bene
3543 2035 3782 2106 Scriptu-

2192 2143 2376 2184 rarum
2419 2141 2728 2186 sanctarum
2781 2131 3104 2186 testimoniis
3133 2131 3458 2196 abutentes,
3495 2129 3784 2186 comeden-

2193 2231 2385 2294 tesque
2419 2239 2482 2278 ea
2513 2223 2799 2278 immatura
2829 2235 2882 2280 et
2923 2223 3130 2294 absque
3171 2237 3268 2278 sua
3307 2223 3632 2286 dulcedine,
3669 2239 3780 2292 per-

2195 2317 2326 2372 dant
2369 2301 2544 2372 robur
2591 2319 2874 2374 dentium:
2910 2333 2979 2374 ne
3007 2319 3222 2389 possint
3261 2319 3392 2374 dura
3419 2317 3778 2382 commolerc,

2195 2421 2250 2466 et
2301 2412 2354 2464 in
2407 2413 2586 2466 alvum
2647 2423 2758 2466 toto
2815 2415 3028 2482 corpori
3073 2413 3354 2484 profutura
3395 2413 3776 2468 transmittere.

2195 2501 2350 2558 llunc
2375 2513 2654 2572 stuporem
2682 2503 2924 2558 dentium
2955 2503 3310 2575 ciborumque
3343 2503 3626 2578 penuriam
3649 2503 3780 2558 dabo

2195 2605 2248 2650 et
2281 2595 2332 2650 in
2355 2598 2568 2650 cunctis
2591 2595 2836 2664 urbibus,
2867 2607 3028 2666 atque
3053 2597 3104 2650 in
3131 2596 3384 2651 omnibus
3411 2597 3550 2652 locis
3569 2595 3778 2662 vestris,

2195 2697 2255 2742 ut
2287 2689 2564 2758 patiamini
2597 2691 2792 2746 famem
2822 2691 3090 2744 severtnonis
3121 2691 3245 2756 Dei,
3291 2697 3346 2745 et
3373 2689 3489 2760 ejus
3521 2689 3674 2760 panis
3695 2687 3780 2760 qtti

2193 2781 2260 2836 de
2291 2781 2434 2836 coelo
2481 2783 2760 2838 descendit
2803 2783 2982 2856 (Joan.
3015 2781 3094 2854 vr)
3115 2826 3128 2850 ,
3159 2791 3212 2838 et
3243 2783 3312 2838 de
3339 2797 3446 2853 quo
3475 2783 3526 2836 in
3559 2783 3780 2838 Psalmis

2193 2875 2458 2944 scriptum
2499 2885 2624 2930 est:
2687 2875 2882 2930 Panem
2931 2875 3234 2948 angelorum
3269 2875 3600 2930 manducavit
3635 2875 3780 2928 homo

2195 2967 2312 3040 (Ps.
2345 2981 2556 3032 LXxvn,
2591 2968 2706 3040 lii).
2759 2969 2892 3034 Qua:
2937 2971 3189 3024 universa
3239 2969 3338 3025 feci
3367 3011 3382 3034 ,
3427 2983 3536 3022 non
3567 2967 3636 3022 ob
3665 2983 3782 3022 cru-

2193 3063 2468 3120 delitatem
2525 3077 2580 3120 et
2631 3066 2896 3120 srevitiam
2925 3111 2938 3134 ,
2971 3075 3032 3122 ut
3081 3065 3320 3124 hceretiei
3365 3067 3776 3134 calumniantur,

2197 3157 2484 3214 truculenti
2515 3167 2568 3214 et
2595 3159 2763 3215 tristis
2793 3159 2820 3198 ι’
2843 3159 3036 3230 jndicii
3060 3203 3074 3227 ,
3117 3159 3214 3216 sed
3243 3169 3302 3214 ut
3331 3159 3780 3217 converteremini

2117 3217 2166 3282 δ
2197 3251 2262 3304 ad
2317 3265 2444 3316 nte,
2489 3249 2644 3322 juxta
2691 3217 3020 3322 illud-quod
3061 3217 3334 3322 scriptum
3391 3263 3508 3308 est:
3565 3251 3778 3306 Frustra

2197 3343 2430 3414 percussi
2457 3343 2596 3413 ﬁlios
2619 3353 2832 3412 vestros,
2862 3345 3190 3416 disciplinam
3221 3359 3325 3398 non
3351 3345 3618 3416 recepistis
3649 3341 3776 3414 (εἶεν.

2195 3451 2254 3500 ll,
2285 3434 2398 3504 30).

2271 3527 2452 3600 (Vers.
2481 3529 2510 3580 7
2537 3527 2680 3600 seq.)
2707 3527 2818 3600 Ego
2837 3527 3304 3602 quoque'proltibui
3327 3547 3358 3584 α
3377 3530 3518 3584 vobis
3545 3530 3780 3584 imbrem:

2197 3637 2312 3674 cum
2341 3621 2514 3676 adhuc
2545 3631 2646 3676 tres
2677 3639 2872 3676 menses
2903 3631 3230 3694 superessent
3259 3639 3422 3696 usque
3449 3623 3518 3678 ad
3547 3639 3778 3679 messem.

2195 3715 2266 3770 Et
2313 3717 2422 3788 ptui
2451 3733 2606 3789 super
2633 3717 2888 3796 civitatem
2915 3733 3070 3772 unam
3094 3735 3112 3772 :
3159 3727 3204 3772 et
3241 3733 3394 3788 super
3421 3717 3682 3772 civitatem
3707 3717 3782 3772 al-

2197 3817 2358 3864 teram
2391 3827 2492 3864 non
2521 3807 2652 3880 plui.
2697 3809 2834 3864 Pars
2863 3827 2964 3865 una
2991 3811 3252 3880 compluta
3277 3823 3350 3866 est
3376 3829 3394 3866 :
3439 3821 3488 3867 et
3509 3829 3630 3884 pars
3659 3829 3778 3878 uno,

2195 3919 2351 3972 super
2379 3919 2536 3972 qnam
2563 3919 2662 3958 non
2695 3903 2828 3974 plni,
2865 3907 3022 3958 aruit.
3069 3903 3140 3959 Et
3167 3917 3414 3962 uenerunt
3441 3907 3560 3962 dum
3597 3917 3644 3962 et
3685 3917 3780 3960 tres

2195 3997 2422 4050 civitates
2453 3997 2520 4050 ad
2551 3999 2802 4053 civitate»:
2835 4015 3010 4064 unam,
3045 4009 3100 4053 ut
3123 4001 3348 4054 biberent
3381 4019 3587 4071 nquam,
3619 4011 3782 4056 etnon

2195 4101 2314 4146 sunt
2353 4093 2554 4146 satione
2579 4109 2594 4145 :
2641 4103 2689 4146 et
2721 4111 2824 4146 non
2853 4095 3060 4148 redistis
3089 4095 3158 4148 ad
3189 4111 3302 4162 me,
3353 4095 3482 4148 dicit
3513 4097 3779 4150 Dominus.

2195 4183 2340 4238 LXX
2365 4203 2376 4238 :
2427 4179 2494 4240 Et
2519 4201 2610 4258 ego
2641 4187 2860 4258 repressi
2891 4205 2920 4239 a
2951 4187 3088 4242 vobis
3113 4185 3342 4258 pluviam
3369 4197 3486 4242 ante
3515 4197 3618 4244 tres
3647 4205 3784 4244 men-

2193 4295 2274 4332 ses
2297 4277 2597 4332 ttintlemite:
2627 4287 2676 4332 et
2703 4279 2880 4348 plnum
2905 4293 3062 4352 super
3083 4279 3340 4334 civitatem
3363 4297 3541 4344 unam,
3567 4289 3616 4336 et
3635 4295 3783 4354 super

2194 4371 2448 4425 civitatem
2477 4389 2632 4426 unam
2665 4381 2766 4426 nan
2791 4373 2992 4442 pinam.
3045 4371 3180 4430 Pars
3215 4391 3320 4428 una
3355 4373 3700 4448 irrigabitur;
3737 4385 3784 4430 et

2195 4483 2317 4536 pars
2345 4483 2502 4536 super
2527 4483 2682 4536 quant
2711 4481 2810 4520 non
2835 4467 3034 4536 pluero,
3070 4467 3273 4538 areﬁet.
3307 4465 3376 4521 Et
3400 4469 3784 4540 congregaban-

2197 4573 2280 4616 tur
2313 4563 2432 4618 dna:
2467 4571 2514 4618 et
2553 4573 2652 4618 tres
2679 4563 2910 4618 civitates
2939 4563 2994 4618 in
3017 4565 3273 4618 civitatem
3303 4581 3488 4624 unam,
3533 4575 3588 4618 ut
3617 4565 3782 4619 bibant

2192 4671 2402 4726 aquam,
2433 4663 2480 4708 et
2505 4671 2606 4710 non
2636 4655 2959 4708 satiabuntur
2983 4671 3000 4709 :
3032 4665 3082 4710 et
3109 4671 3214 4710 non
3237 4661 3360 4710 estis
3383 4657 3574 4710 reversi
3595 4657 3664 4710 ad
3685 4671 3777 4724 me,

2192 4747 2318 4802 dicit
2367 4745 2642 4802 Dominus.
2707 4747 2823 4804 Non
2867 4749 3042 4804 solum
3075 4759 3354 4820 stuporem
3385 4749 3514 4806 dedi
3541 4751 3778 4806 dentium

2195 4839 2248 4896 in
2277 4843 2488 4898 cunctis
2515 4841 2742 4896 urbibus
2767 4843 2992 4906 vestris,
3025 4851 3082 4898 et
3111 4843 3462 4914 indigentiam
3503 4859 3696 4916 panum
3727 4843 3778 4899 in

2193 4935 2444 4990 omnibus
2471 4935 2604 4992 locis
2635 4935 2832 4992 vestris
2855 4951 2870 5000 ;
2893 4935 2988 4991 sed
3011 4935 3266 5005 prohibui
3293 4951 3322 4992 a
3349 4937 3504 4994 vobis
3533 4937 3778 5002 imbrem,

2192 5045 2313 5084 cum
2341 5027 2522 5084 adhuc
2551 5037 2902 5098 superessent
2934 5037 3046 5084 tres
3073 5043 3292 5084 menses
3344 5045 3516 5100 usque
3543 5029 3610 5084 ad
3641 5045 3778 5084 mes-

2193 5137 2334 5188 sem,
2361 5137 2484 5193 quas
2509 5123 2815 5194 appellatur
2845 5122 3022 5193 pluvia
3049 5123 3292 5178 serotina
3311 5164 3327 5189 ,
3357 5131 3410 5177 et
3439 5121 3586 5194 agris
3613 5121 3778 5176 Palas-

2193 5221 2350 5274 stinte
2371 5219 2622 5288 arvisque
2646 5203 2955 5274 sitientibus
2979 5219 3064 5274 vel
3089 5217 3322 5274 maxime
3347 5217 3652 5274 necessaria
3671 5223 3776 5272 est:

2191 5321 2249 5366 ιη
2297 5311 2520 5383 quando
2562 5311 2730 5368 herba
2779 5319 3024 5384 turgeret
3072 5309 3132 5367 in
3175 5325 3414 5368 messem
3457 5319 3516 5368 et
3545 5311 3778 5366 triticum

2195 5408 2528 5478 parturiret,
2579 5409 2744 5462 nimia
2791 5405 3041 5464 siccitate
3091 5417 3112 5448 ο
3147 5417 3444 5464 aresceret.
3509 5403 3778 5480 Signiﬁcat

2189 5585 2290 5658 ﬁlii
2323 5585 2522 5656 Israel,
2569 5597 2662 5642 aut
2689 5589 2742 5642 in
2775 5587 2998 5658 Vulgata
3029 5605 3042 5642 :
3091 5589 3182 5644 Sic
3205 5589 3344 5646 enim
3369 5588 3602 5646 uoluistis
3625 5629 3642 5658 ,
3685 5585 3776 5656 ﬁlii

2191 5657 2382 5730 Israel.
2429 5661 2644 5730 Alioqui
2673 5657 2912 5716 etiaritas
2943 5677 3052 5716 non
3079 5671 3165 5716 est
3195 5662 3298 5718 nisi
3331 5659 3396 5716 ad
3431 5661 3654 5718 bottom.

2261 5729 2290 5804 ιξ
2319 5729 2672 5788 Cisterciens.
2707 5731 2922 5804 duoque
2951 5731 3186 5788 Palatini
3217 5747 3354 5788 mss.
3373 5773 3390 5800 ,
3435 5743 3486 5788 et-
3513 5733 3672 5788 tristis
3687 5733 3780 5804 ju-

2191 5801 2472 5872 dicis,sed
2501 5815 2558 5858 ut
2599 5801 2944 5860 converterem
2975 5819 3064 5860 vos
3089 5805 3160 5858 art
3187 5821 3284 5872 me,
3317 5811 3422 5861 etc.

2275 5883 2294 5912 ο
2331 5871 2467 5930 Tres
2497 5873 2658 5930 iidem
2693 5889 2850 5944 mss.,
2887 5885 3236 5932 marcescerct.
