4120 6342
323 358 460 416 1οἳ9

1157 347 1819 416 COMMENTARIORUM
1859 355 1928 413 ΙΝ
1968 355 2156 414 AMOS
2195 353 2325 414 LIB.
2367 353 2434 415 ll.
2479 359 2636 418 CAP.
2678 353 2769 417 iV.

3476 363 3502 419 Ι
3512 351 3616 420 030

318 485 504 530 autem
534 486 760 529 vernum
810 479 1022 542 tempus
1053 476 1288 530 extremi
1335 479 1538 532 mensis
1586 478 1788 547 Aprilis
1816 521 1830 544 ,
1885 492 1914 530 a
1943 483 1995 546 Α
2023 494 2148 533 num
2179 521 2194 544 ,
2240 479 2342 534 ista
2383 479 2496 551 jugi
2543 482 2794 538 ariditate
2840 483 3115 539 siccatur:
3176 492 3233 538 ιιι
3273 485 3364 556 qui
3396 483 3608 549 siliuut,

317 581 426 631 quo
456 579 626 634 usque
654 564 722 620 ad
750 580 986 620 messem
1017 565 1270 621 frumenti
1295 608 1310 632 ,
1342 577 1453 622 tres
1485 583 1700 623 menses
1727 583 1918 628 super-

318 667 465 713 sunt.
521 657 710 722 Maius.
744 657 957 724 Junius,
992 658 1188 715 Julius.
1243 661 1346 715 Pro
1372 677 1548 722 messe,
1599 661 1774 726 LXX,
1814 675 1917 716 suo

318 768 492 820 more,
523 753 834 807 vindemiam
867 758 1284 822 transtulerunt,
1334 756 1475 826 quod
1509 757 1670 828 272
1706 756 1749 810 si
1781 756 1916 810 reci—

317 847 522 916 pimus,
553 847 777 902 omnino
803 845 954 918 juxta
979 847 1224 904 Orientis
1255 864 1448 904 omnes
1474 851 1725 919 regione:
1760 861 1812 904 et
1847 851 1920 904 iit-

317 937 540 993 solitum
585 945 639 992 et
667 938 1010 1007 impossibile
1037 949 1139 995 est.
1184 940 1488 1011 Numquam
1521 941 1667 997 enim
1714 943 1765 996 in
1813 943 1919 997 fine

316 1032 523 1090 mensis
548 1029 720 1096 Junii,
752 1032 869 1087 sive
902 1033 955 1087 in
981 1048 1168 1088 mense
1190 1034 1353 1095 Jttlio,
1399 1035 1450 1088 in
1488 1035 1570 1089 his
1597 1036 1915 1105 provinciis,

318 1121 670 1194 maximeque
717 1125 768 1178 in
813 1123 1022 1192 Judaaa,
1066 1125 1278 1195 pluvias
1308 1127 1562 1182 vidimus.
1597 1128 1838 1198 Denique
1869 1133 1920 1182 ln

317 1216 528 1288 Regum
561 1217 716 1274 libris
744 1234 844 1287 pro
869 1220 1024 1290 signo
1041 1234 1238 1290 magno
1264 1232 1425 1292 atque
1447 1231 1701 1291 portento
1728 1221 1920 1280 diebus

318 1311 527 1370 aestatis
564 1323 618 1370 et
658 1315 877 1381 messis,
913 1324 1106 1370 orante
1135 1315 1413 1383 Samuelis,
1447 1317 1641 1385 pluvia:
1673 1320 1918 1372 concita-

319 1415 390 1462 ιω
413 1417 541 1464 sunt
569 1407 613 1479 (ι
634 1407 760 1478 Reg.
792 1410 910 1472 xu).
939 1408 1005 1463 Et
1036 1407 1368 1478 superﬂuum
1389 1417 1508 1466 erat
1529 1423 1674 1466 nunc
1695 1411 1919 1465 commi-

327 1500 447 1554 nari
478 1499 682 1558 Iliensis
720 1499 848 1558 Julii
878 1500 1184 1556 siccitatem
1205 1541 1220 1566 ,
1264 1501 1319 1556 in
1341 1517 1449 1571 quo
1481 1518 1773 1573 numquam
1809 1503 1924 1572 plu-

319 1595 438 1649 vias
466 1593 715 1650 dederat.
766 1593 1053 1650 Prohibuit
1085 1604 1266 1649 autem
1300 1595 1531 1651 imbrem
1553 1637 1567 1658 ,
1611 1605 1667 1650 ut
1697 1612 1806 1652 non
1834 1610 1924 1652 so-

320 1687 433 1742 lum
466 1685 820 1756 indigentiam
847 1701 1070 1755 panum,
1110 1686 1205 1740 sed
1236 1697 1292 1742 et
1324 1687 1446 1741 sitis
1475 1687 1728 1742 ardorem
1760 1695 1816 1742 et
1843 1688 1924 1743 bi-

319 1779 482 1836 bendi
527 1778 808 1850 penuriam
859 1781 1220 1836 sustinerent.
1273 1779 1328 1835 In
1373 1781 1458 1835 his
1493 1782 1640 1836 enim
1693 1783 1824 1837 locis
1867 1784 1918 1837 in

2019 571 2193 627 coacti
2225 571 2445 639 penuria
2471 615 2485 638 ,
2539 576 2757 629 veniant
2800 576 2868 630 ad
2926 575 3142 630 Domini
3183 578 3454 630 civitatem
3485 620 3499 641 ,
3548 579 3616 633 de

2019 680 2121 733 qua
2152 665 2428 734 egreditur
2453 663 2574 721 fons
2602 666 2953 736 largissimus,
2981 669 3072 738 qui
3094 669 3283 739 irrigat
3311 678 3612 724 torrentem

2020 759 2321 828 Spinarum.
2377 758 2486 813 iste
2530 769 2710 815 autem
2751 768 2836 816 est
2879 760 3002 815 fons
3039 762 3129 832 qui
3174 761 3305 817 dicit
3341 778 3439 833 per
3465 762 3616 817 Jere-

2019 854 2180 907 Iuiam
2209 869 2224 908 :
2268 851 2354 906 Me
2382 853 2766 925 dereliquerunt
2797 854 2989 923 [autem
3019 870 3168 926 aqua:
3195 857 3342 921 vivae,
3376 866 3423 908 et
3461 855 3609 926 fode-

2019 954 2145 1000 runt
2170 945 2268 999 sibi
2297 945 2440 1000 lacus
2472 947 2738 1013 contritas,
2771 946 2862 1018 qui
2892 963 3054 1016 aquas
3078 948 3340 1000 continere
3364 965 3462 1001 non
3493 965 3614 1018 pos-

2020 1047 2142 1089 sunt
2172 1034 2390 1107 (Jerem.
2420 1052 2479 1104 ιι,
2507 1039 2622 1108 15).
2679 1039 2780 1094 llic
2823 1038 2943 1093 fons
2989 1038 3056 1093 de
3103 1055 3211 1092 uno
3248 1039 3396 1094 fonte
3427 1056 3618 1112 proce-

2021 1127 2192 1192 dens,
2243 1128 2443 1200 triplici
2493 1131 2691 1186 unione
2723 1131 2961 1187 decurrit
2997 1150 3008 1186 :
3056 1147 3193 1202 quos
3233 1131 3412 1188 fontes
3441 1133 3618 1190 Patris

2021 1230 2077 1276 et
2121 1221 2242 1276 Filii
2282 1231 2338 1277 et
2373 1223 2608 1291 Spiritus
2651 1224 2821 1279 sancti
2870 1223 2923 1278 in
2954 1223 3098 1279 cervi
3127 1225 3362 1280 sitientis
3397 1226 3614 1282 modum

2022 1313 2311 1370 Psalmista
2355 1319 2626 1387 suspirat,
2669 1318 2897 1374 dicens:
2959 1319 3107 1374 Sicut
3147 1335 3322 1374 cerrus
3361 1320 3619 1374 desiderat

2022 1408 2091 1460 ad
2131 1409 2295 1479 fontes
2333 1425 2624 1480 aquarum:
2665 1412 2736 1464 ita
2780 1411 3041 1466 desiderat
3091 1413 3265 1465 anima
3311 1428 3424 1465 mea
3453 1413 3518 1465 ad
3551 1421 3618 1478 te,

2024 1501 2163 1557 Deus
2207 1501 2326 1575 (Ps.
2357 1519 2476 1570 xu,
2516 1506 2594 1572 l).
2653 1503 2901 1575 Cumque
2947 1506 3069 1560 dua:
3112 1513 3167 1559 et
3218 1512 3332 1560 tres
3369 1505 3622 1560 civitates

2023 1596 2091 1650 ad
2137 1611 2303 1651 unam
2343 1598 2689 1666 porrexerint
2729 1599 3036 1663 civitatem,
3090 1599 3141 1652 in
3170 1614 3274 1669 qua
3308 1615 3462 1670 aqua:
3494 1611 3624 1654 sunt

2023 1689 2387 1756 abundantes,
2423 1690 2559 1760 spei,
2587 1690 2735 1758 fidei,
2771 1691 3076 1758 charitatis,
3111 1707 3218 1747 non
3248 1694 3618 1756 satiabuntur,

2024 1781 2150 1852 quia
2184 1782 2249 1838 ad
2279 1783 2525 1837 divinam
2572 1786 2796 1855 gratiam
2831 1787 3250 1856 requirendam,
3286 1803 3394 1842 non
3426 1789 3622 1843 volun-

320 1872 520 1944 quibus
552 1889 694 1930 nunc
724 1872 990 1943 desimus,
1027 1880 1226 1942 praeter
1269 1888 1466 1942 parvos
1495 1874 1695 1942 fontes,
1730 1889 1921 1929 omnes
1953 1871 1996 1930 Β
2027 1882 2158 1940 tate,
2204 1875 2299 1931 sed
2330 1877 2658 1934 necessitate
2689 1889 2981 1935 venerunt.

323 1971 697 2026 cisteruarum
728 1983 882 2037 aqua:
912 1981 1059 2034 sunt,
1087 1977 1146 2022 et
1170 1968 1216 2022 si
1251 1968 1453 2022 imbres
1484 1968 1664 2022 divina
1699 1969 1776 2022 ira
1801 1982 1922 2023 sus-

329 2061 600 2130 penderit,
627 2060 804 2130 majus
818 2059 940 2114 sitis
957 2076 1117 2130 quam
1143 2059 1301 2114 famis
1327 2061 1626 2129 periculum
1641 2070 1751 2116 est:
1778 2060 1922 2130 quod

327 2165 380 2209 et
411 2155 462 2207 in
485 2153 679 2210 diebus
712 2151 842 2208 Elia:
871 2151 1154 2222 propheta)
1189 2153 1361 2207 tribus
1393 2153 1552 2206 annis
1576 2161 1630 2207 et
1657 2167 1751 2207 seu
1771 2167 1924 2208 men-

327 2247 478 2302 sibus
513 2246 708 2302 factum
747 2245 1025 2316 Scriptura
1061 2254 1459 2302 commemorat
1483 2245 1575 2316 (ΙΙΙ
1607 2247 1738 2318 Reg.
1766 2246 1921 2319 xvu).

328 2339 398 2396 Et
443 2356 509 2394 ne
557 2339 787 2394 forsitan
826 2345 1076 2408 putarent
1109 2340 1208 2393 ltoc
1243 2341 1361 2410 lege
1392 2347 1631 2407 naturae,
1659 2349 1715 2395 et
1746 2349 1925 2396 astro-

329 2449 449 2490 rum
482 2447 667 2501 cursu,
697 2448 761 2490 ac
791 2434 1053 2490 varietate
1086 2442 1390 2503 temporum
1421 2435 1651 2490 urbibus
1677 2443 1734 2489 et
1759 2450 1928 2504 popu-

330 2528 396 2583 lis
419 2528 681 2584 accidisse
701 2574 716 2597 ,
749 2544 912 2598 super
931 2545 1092 2584 unam
1117 2530 1307 2587 urbem
1329 2538 1384 2584 et
1410 2546 1570 2601 agros
1592 2531 1713 2599 ejus
1739 2531 1926 2600 pluere

329 2639 391 2680 se
421 2623 582 2689 dicit,
629 2630 686 2679 et
727 2622 795 2678 ab
834 2625 1007 2679 altera
1041 2625 1272 2681 imbrem
1307 2626 1677 2695 suspendere:
1721 2635 1779 2680 tit
1804 2627 1926 2681 dua:

331 2729 384 2773 et
429 2727 539 2774 tres
576 2717 826 2774 civitates
857 2729 1084 2789 pergant
1115 2719 1178 2772 ad
1213 2719 1372 2774 aliam
1421 2721 1731 2788 civitatem,
1764 2731 1818 2777 et
1850 2730 1926 2775 ta-

331 2827 456 2867 men
508 2826 615 2867 non
656 2814 924 2868 satientur
968 2828 1230 2884 aquarum
1265 2815 1504 2884 potibus.
1540 2814 1785 2886 Cumque
1814 2815 1928 2870 haec

332 2904 546 2970 fecerit,
571 2920 679 2960 non
704 2906 756 2960 in
782 2920 1016 2976 pmnam,
1040 2908 1136 2962 sed
1163 2909 1216 2961 in
1237 2907 1585 2974 medicinam,
1609 2909 1852 2980 increpat
1875 2908 1926 2963 iu

332 3001 547 3056 scelere
594 3009 975 3068 permanentes
1000 3018 1012 3055 :
1057 3011 1111 3056 et
1139 3018 1239 3056 nec
1263 3002 1344 3056 sic
1385 3003 1602 3072 quidem
1632 3003 1698 3057 ad
1727 3019 1815 3060 me
1844 3021 1931 3059 re-

333 3091 514 3159 dis1is,
545 3092 675 3148 dicit
702 3094 976 3152 Dominus.
1015 3094 1271 3150 Prohibet
1299 3111 1516 3166 quoque
1538 3098 1655 3152 sive
1681 3099 1931 3167 reprimit

333 3184 404 3240 ab
435 3183 704 3240 hmreticis
735 3186 994 3242 Dominus
1018 3187 1230 3256 pluvias
1258 3190 1594 3256 spirituales,
1626 3200 1680 3244 et
1709 3206 1927 3246 omnem

2104 1968 2122 2038 (
2153 1968 2304 2024 Vers.
2340 1970 2420 2042 9.)
2466 1970 2708 2026 Percussi
2746 1990 2832 2026 ros
2863 1974 2915 2026 in
2945 1981 3095 2028 vento
3127 1983 3307 2028 urente
3327 2017 3339 2038 ,
3373 1983 3421 2028 et
3451 1975 3502 2028 in
3535 1993 3622 2029 au-

2027 2060 2235 2133 rugine.
2280 2060 2679 2116 Multitudine":
2721 2064 2989 2117 hortorum
3022 2071 3336 2131 vestrorum,
3370 2073 3417 2118 et
3446 2067 3621 2119 vinea-

2028 2169 2145 2208 rum
2176 2163 2459 2208 uestrarum
2478 2199 2491 2222 ,
2526 2155 2713 2210 oliveta
2745 2170 2912 2211 vestra
2941 2167 2990 2212 et
3021 2159 3172 2225 ﬁceta
3203 2168 3372 2212 vestra
3400 2159 3624 2212 comedit

2029 2263 2205 2319 eruca,
2237 2259 2288 2306 et
2319 2267 2421 2304 non
2446 2251 2653 2305 redistis
2689 2251 2759 2303 ad
2796 2267 2876 2306 me
2900 2294 2913 2317 ,
2945 2253 3070 2305 dicit
3109 2251 3389 2306 Dominus.
3440 2251 3581 2308 LXX
3610 2270 3622 2304 :

2033 2345 2278 2401 Percussi
2318 2361 2405 2399 ros
2435 2347 2486 2398 in
2531 2345 2723 2399 ardore
2765 2357 2813 2399 et
2839 2347 2892 2400 in
2918 2346 3192 2417 auruginc.
3229 2347 3627 2418 Multiplirastis

2032 2437 2211 2493 hortos
2229 2448 2442 2504 vestros,
2477 2438 2653 2492 cineas
2691 2447 2889 2492 vestras
2912 2481 2925 2501 ,
2959 2449 3006 2491 et
3029 2439 3159 2508 ﬁcus
3187 2450 3380 2493 vestras
3400 2484 3413 2503 ,
3447 2451 3494 2494 et
3522 2442 3623 2494 oli-

2033 2543 2146 2586 veta
2175 2541 2343 2586 vestra
2374 2533 2596 2586 comedit
2649 2548 2822 2596 eruca,
2869 2545 2920 2587 et
2963 2549 3024 2586 ne
3066 2536 3140 2586 sic
3166 2534 3370 2604 quidem
3395 2535 3626 2588 conversi

2033 2628 2155 2681 estis
2179 2625 2249 2679 ad
2275 2642 2375 2692 me,
2402 2627 2525 2679 dicit
2556 2625 2828 2680 Dominus.
2872 2625 2988 2679 Non
3019 2627 3195 2679 solum
3226 2635 3248 2662 ε·
3286 2627 3466 2694 priora
3503 2626 3626 2690 feci,

2034 2729 2095 2775 ut
2126 2735 2223 2773 vos
2250 2720 2618 2789 corrigerem;
2652 2719 2748 2772 sed
2778 2719 3042 2789 quidquid
3067 2717 3336 2786 superfuit
3370 2718 3626 2784 siccitati,

2035 2823 2201 2868 vento
2233 2821 2429 2867 urente
2453 2812 2696 2882 percussi
2727 2819 2776 2866 et
2803 2812 3089 2881 aurugine.
3124 2811 3230 2866 Pro
3251 2820 3402 2865 vento
3427 2819 3628 2875 urente,

2037 2906 2402 2982 ἀνεμοφθορίαν
2445 2904 2642 2974 Aquila
2693 2913 2748 2959 et
2801 2905 3160 2975 Symmachus
3212 2914 3268 2958 et
3325 2902 3630 2959 Theodolio

2037 2999 2383 3068 interpretati
2423 3008 2577 3054 sunt:
2614 2999 2966 3068 Septuaginta
3006 3002 3278 3075 πύρωσιν,
3322 3013 3485 3068 quam
3529 3013 3630 3052 nos

2037 3095 2448 3148 combustionem
2490 3107 2781 3163 possumus
2820 3093 3032 3148 dicere.
3086 3094 3406 3167 Auruginem
3445 3105 3628 3151 autem

2038 3199 2234 3240 omnes
2263 3183 2462 3261 ἴκτερον
2491 3184 2751 3239 similiter
2781 3185 3202 3244 transtulerunt.
3226 3185 3433 3255 absque
3455 3184 3633 3238 Theo-

335 3291 516 3332 rorem
539 3275 738 3332 divinm
764 3279 1077 3347 sapientiae:
1109 3288 1167 3335 et
1193 3281 1412 3336 mandat
1439 3281 1673 3337 nubilms
1701 3283 1838 3346 suis,
1868 3299 1934 3339 ne
1961 3259 2006 3324 (ἶ
2041 3280 2284 3344 dotione,
2305 3259 2395 3350 qui
2424 3279 2576 3334 solus
2598 3282 2881 3354 ὠχρίασιν,
2913 3295 3032 3347 quae
3056 3278 3308 3348 pallorem
3340 3276 3630 3347 significat,

335 3370 522 3439 pluant
569 3385 735 3438 super
771 3385 868 3426 eos
907 3370 1136 3429 imbrem
1169 3382 1292 3429 ante
1325 3382 1433 3428 tres
1467 3391 1683 3430 menses
1713 3377 1928 3444 messis,

336 3463 452 3518 sive
482 3463 794 3534 vindemiae,
828 3474 888 3523 ut
913 3467 978 3522 ad
1008 3465 1215 3523 fructus
1242 3469 1484 3539 mysterii
1510 3468 1792 3526 Trinitatis
1816 3488 1935 3540 pur—

337 3558 524 3614 venire
548 3574 652 3612 nnn
690 3559 924 3627 possint.
968 3562 1033 3616 Et
1063 3562 1338 3632 quomodo
1364 3562 1443 3616 sol
1473 3563 1594 3626 iste,
1633 3580 1791 3633 quem
1815 3581 1937 3620 cer-

337 3649 538 3712 nimus,
567 3666 808 3706 annuum
835 3666 1074 3722 cursum,
1116 3653 1291 3708 donec
1315 3653 1383 3709 ad
1415 3654 1698 3723 pristinam
1733 3666 1932 3712 metam

338 3740 560 3810 redeat,
604 3741 890 3799 duodecim
922 3745 1107 3814 explet
1137 3745 1418 3801 mensibus
1440 3788 1454 3810 ,
1487 3749 1576 3817 qui
1609 3749 1804 3820 singuli
1836 3750 1934 3804 tri-

337 3834 492 3889 cenis
521 3836 814 3891 volvuntur
844 3837 1037 3892 diebus
1061 3879 1076 3902 ,
1125 3848 1179 3894 et
1207 3838 1330 3892 luna
1360 3855 1480 3909 qum
1514 3839 1775 3897 ilebraice
1804 3859 1935 3898 una

339 3926 516 3998 (mi),
559 3927 750 3984 Graece
781 3935 910 4001 μήνη
936 3929 1156 3995 dicitur,
1193 3930 1347 4000 juxta
1379 3940 1662 4004 utramque
1693 3935 1934 4005 linguam

337 4034 406 4074 ex
437 4035 536 4074 suo
567 4022 788 4077 nomine
823 4023 1105 4080 mensibus
1145 4039 1342 4080 nomen
1371 4023 1542 4090 dedit,
1573 4036 1628 4080 et
1654 4026 1787 4081 Solis
1811 4027 1938 4082 illu-

338 4120 546 4167 stratur
572 4114 738 4168 radiis
782 4115 850 4171 ab
878 4131 939 4170 ea
973 4127 1126 4186 parte
1154 4133 1258 4188 qua
1290 4119 1338 4174 ei
1371 4117 1543 4173 vicina
1567 4128 1670 4185 est,
1698 4120 1783 4174 vel
1817 4120 1937 4190 plus

339 4205 423 4259 vel
472 4204 649 4261 minus
677 4223 775 4276 pro
806 4210 1064 4266 varietate
1088 4219 1392 4281 temporqu
1423 4214 1598 4268 lumen
1621 4213 1894 4284 accipiens
1922 4232 1935 4268 :

340 4295 420 4352 sic
448 4308 501 4352 et
528 4298 771 4356 Ecclesia
793 4341 808 4367 ,
841 4303 956 4356 veri
988 4303 1132 4360 Solis
1167 4305 1460 4374 splendore
1489 4305 1770 4374 decorata,
1807 4309 1941 4362 duo-

341 4389 517 4446 decim
550 4393 738 4462 implet
762 4396 1132 4466 aposmlorum
1163 4414 1470 4456 numerum.
1541 4399 1694 4458 Unde
1722 4411 1778 4456 et
1803 4401 1939 4456 duo-

341 4485 522 4542 decim
550 4488 599 4540 in
628 4486 792 4543 lsracl
817 4491 1371 4560 appellanturtribus,
1403 4503 1457 4548 et
1479 4497 1531 4548 in
1565 4495 1938 4550 testimonium

342 4588 567 4634 internae
600 4583 876 4637 memorire
899 4624 913 4647 ,
958 4584 1028 4639 de
1069 4584 1322 4642 Jordanis
1349 4587 1507 4658 273
1548 4588 1710 4644 alveo
1735 4588 1941 4644 duode-

2038 3376 2434 3444 interpretatus
2471 3384 2573 3428 est.
2627 3375 2876 3443 Cumque
2913 3372 3204 3427 adversum
3249 3373 3385 3425 iram
3420 3370 3636 3424 Domini

2039 3467 2474 3536 multiplicarent
2515 3467 2708 3521 hortos
2745 3476 2798 3520 et
2827 3466 3024 3520 vineas
3051 3474 3105 3520 et
3136 3465 3292 3519 ficeta
3327 3472 3383 3518 et
3406 3463 3632 3531 oliveta,

2037 3561 2220 3615 omnia
2247 3575 2413 3615 eruca
2438 3559 2802 3629 consumpsit,
2837 3559 2904 3614 de
2931 3574 3036 3628 qua
3069 3560 3120 3612 in
3153 3557 3272 3613 Joel
3305 3557 3520 3626 plenius
3549 3556 3637 3610 di-

2037 3654 2181 3709 citur
2206 3651 2369 3726 (Joel.
2396 3653 2456 3722 ι).
2487 3651 2650 3724 2⁵14
2692 3653 2758 3706 Et
2803 3667 2872 3706 ne
2907 3651 3080 3722 plagis
3107 3649 3331 3720 quidem
3365 3665 3430 3703 ac
3461 3648 3636 3704 malo-

2039 3763 2164 3801 rum
2199 3746 2440 3814 pondere
2463 3747 2531 3800 ad
2565 3747 2731 3800 Deum
2758 3745 2946 3801 venire
2975 3744 3290 3799 voluerunt.
3319 3743 3440 3810 Quo
3471 3741 3637 3807 dicto,

2039 3837 2454 3893 confundantur
2491 3837 2739 3891 haeretici
2765 3878 2779 3902 ,
2831 3838 2924 3905 qui
2962 3837 3310 3905 disciplinam
3339 3833 3644 3899 Creatoris,

2040 3939 2120 3996 et,
2148 3940 2206 3986 ut
2232 3930 2304 3984 its
2337 3929 2540 3995 dicam,
2566 3930 2918 3994 medicinam,
2953 3929 3338 3986 crudelitatem
3373 3928 3642 3998 interpre-

2042 4033 2247 4080 tantur.
2290 4023 2542 4078 Percutit
2569 4031 2751 4078 autem
2802 4023 3167 4093 spiritualiter
3204 4021 3495 4076 literelicos
3539 4023 3642 4076 Do-

2041 4117 2227 4172 minus
2249 4118 2538 4172 exustione
2555 4133 2618 4172 ea
2635 4116 2705 4171 de
2729 4132 2834 4185 qua
2861 4115 3065 4170 Paulos
3093 4117 3416 4183 apostolus:
3445 4114 3642 4168 Metius

2042 4220 2138 4278 est,
2173 4209 2376 4281 inquit,
2404 4209 2617 4275 nubere,
2652 4225 2808 4279 quam
2835 4210 2917 4262 uri
2951 4207 2996 4278 (l
3013 4205 3136 4262 Cor.
3165 4223 3264 4272 ut,
3289 4208 3366 4277 9).
3401 4207 3467 4262 Et
3497 4208 3646 4277 prin-

2042 4315 2174 4372 ceps
2203 4302 2616 4372 apostolorum:
2675 4298 2984 4355 Charissimi
3005 4341 3020 4365 ,
3055 4300 3217 4354 nolite
3247 4300 3568 4372 peregrinari
3590 4300 3644 4352 in

2043 4397 2265 4463 ardore,
2295 4396 2386 4466 qui
2415 4397 2485 4449 ad
2527 4396 2862 4450 tentationem
2905 4393 3047 4448 vobis
3085 4393 3274 4446 accidit
3323 4392 3342 4464 (
3363 4392 3384 4446 l
3411 4391 3530 4448 Pet.
3565 4409 3640 4460 tv,

2045 4491 2196 4560 12):
2227 4498 2284 4545 et
2312 4489 2579 4557 aurugine
2607 4503 2754 4557 quae,
2791 4487 2920 4543 felle
2963 4485 3178 4553 diffuso,
3229 4484 3485 4540 ruborem
3518 4501 3646 4541 san-

2045 4583 2224 4654 guinis
2256 4583 2310 4636 in
2346 4581 2613 4651 pallorem
2646 4579 2754 4652 [Αί.
2787 4577 3022 4650 pallore]
3066 4588 3399 4648 commutat,
3423 4588 3481 4635 et
3510 4579 3647 4635 nihil

343 4673 450 4728 cini
477 4672 682 4742 lapides
703 4675 1049 4745 auferuntur,
1081 4687 1140 4733 ut
1163 4689 1436 4748 ponantur
1461 4683 1512 4736 in
1539 4681 1663 4736 loco
1689 4683 1942 4737 secunda:
1974 4662 2028 4724 Β
2056 4679 2110 4732 in
2161 4690 2396 4745 corpore
2442 4677 2562 4730 sani
2603 4688 2725 4728 esse
2757 4673 3057 4743 permittit,
3089 4672 3359 4728 intentum
3393 4681 3454 4728 ut
3479 4674 3645 4730 etiam

345 4766 778 4822 circumcisionis
806 4767 944 4836 (Ias.
975 4775 1070 4840 tv).
1115 4770 1258 4826 Pluit
1281 4780 1466 4828 autem
1490 4773 1752 4830 Dominus
1780 4788 1946 4843 super

347 4875 510 4915 unam
541 4860 818 4915 civitatem
850 4877 991 4916 vera:
1018 4864 1378 4920 confessionis
1411 4862 1738 4931 Ecclesium,
1771 4873 1826 4920 et
1853 4879 1946 4920 su-

349 4969 446 5025 per
489 4953 716 5009 alteram
762 4971 870 5009 non
900 4955 1069 5028 pluit,
1119 4972 1242 5026 quae
1273 4955 1328 5014 in
1357 4956 1738 5014 haereticorum
1761 4955 1945 5014 conci-

2057 4769 2218 4824 mella
2266 4767 2582 4823 dulcissima
2627 4781 2813 4820 amara
2857 4765 3169 4820 videantur.
3219 4765 3287 4820 Et
3323 4768 3415 4835 qui
3444 4767 3648 4823 dudum

2049 4860 2348 4917 audiebant
2398 4859 2452 4914 in
2504 4859 2786 4914 Ecclesia:
2844 4856 3065 4912 Gustata
3107 4865 3156 4912 et
3197 4857 3365 4912 uidete
3402 4860 3650 4929 quoniam

2049 4959 2226 5010 suavis
2257 4964 2330 5008 est
2353 4953 2609 5008 Dominus
2632 4967 2652 5007 :
2685 4953 2898 5023 ipsique
2927 4952 3189 5008 dicebant
3214 4969 3227 5006 :
3273 4953 3444 5018 Quam
3473 4953 3651 5009 dulcia

350 5048 567 5104 liabulis
595 5059 698 5105 εει.
741 5047 989 5120 Cumque
1011 5049 1108 5108 illa
1139 5050 1370 5108 imbrem
1401 5049 1631 5122 recipiat
1659 5052 1951 5122 sempiter-
2051 5050 2250 5123 gutturi
2270 5065 2384 5104 meo
2402 5048 2608 5120 eloquia
2634 5057 2724 5103 tua
2747 5065 2905 5120 super
2929 5049 3032 5104 mei
3050 5049 3130 5103 ori
3152 5065 3266 5103 meo
3289 5047 3408 5121 (Ps.
3435 5048 3648 5122 cxvru)!

427 5241 450 5266 τι
493 5231 725 5304 Palatini
757 5231 912 5287 codd.
950 5233 1139 5304 prior:
1188 5245 1218 5284 e
1263 5229 1482 5304 quibus,
1517 5227 1945 5304 junctoACister-

353 5302 523 5357 ciensi
556 5319 618 5357 ac
645 5313 851 5374 septem
879 5301 1042 5373 penes
1084 5303 1378 5374 Victoriam
1416 5301 1780 5374 Florentinis,
1815 5317 1942 5356 cor-

352 5375 599 5429 reximus
633 5373 1216 5447 paulopost,quidquid
1239 5373 1497 5447 superfuit
1521 5374 1761 5447 siccitati,
1791 5383 1945 5447 rente

352 5455 532 5500 urente
559 5447 806 5514 percussi.
858 5445 988 5502 Erat
1024 5447 1170 5500 enim
1199 5445 1253 5498 iu
1287 5445 1580 5499 Martianaai
1603 5445 1758 5514 justa
1787 5445 1948 5500 Eras-

352 5517 806 5590 mum_editionc,
849 5517 1095 5590 quidquid
1126 5516 1410 5590 superfuit,
1453 5517 1684 5590 siccitate
1705 5559 1718 5579 ,
1753 5525 1938 5590 Asculo,

352 5596 460 5643 etc.
511 5587 826 5658 Repositam
863 5587 1026 5646 nobis
1055 5587 1342 5643 lectioiieut
1374 5589 1488 5658 ipse
1519 5587 1716 5658 probat
1746 5587 1802 5645 S.
1839 5587 1944 5642 Do-

351 5659 522 5715 ctoris
567 5657 860 5714 contextus
888 5706 901 5728 ,
947 5676 1111 5732 quem
1149 5660 1213 5712 ad
1241 5657 1638 5732 hunc'modum
1665 5657 1944 5714 Victorius

351 5732 626 5800 exposuit.
658 5732 947 5799 Loquitur,
967 5730 1074 5796 fait,
1107 5745 1269 5801 supra
1297 5730 1440 5801 quod
1473 5732 1720 5785 siccitate
1750 5741 1945 5785 cuncta

349 5802 499 5860 Deus
533 5803 900 5871 percusserit,
945 5804 1141 5873 pluens
1169 5817 1334 5871 super
1361 5817 1522 5857 uuam
1549 5803 1858 5873 civita_tem,
1891 5813 1946 5858 et

352 5886 519 5946 super
549 5875 774 5930 alteram
807 5890 912 5930 non
938 5871 1161 5947 pluens:
1210 5889 1334 5930 mox
1373 5873 1645 5931 subdidit:
1699 5871 1947 5931 Percussi

2045 5243 2134 5284 nos
2161 5228 2216 5282 in
2243 5236 2392 5304 uento
2419 5237 2618 5294 urente,
2635 5238 2685 5304 et
2695 5227 2748 5281 in
2765 5228 3040 5304 amugine.
3064 5226 3404 5304 Auruginem
3423 5227 3650 5304 ἴκτερον,

2047 5315 2237 5356 omnes
2265 5301 2610 5370 interpretati
2637 5301 2724 5355 hic
2755 5315 2912 5366 sunt;
2948 5303 3036 5370 qui
3073 5302 3301 5358 morbus
3333 5302 3470 5358 nihil
3494 5301 3646 5358 aliud

2050 5382 2135 5428 est
2166 5371 2266 5425 nisi
2301 5371 2440 5446 fellis
2473 5388 2566 5441 per
2596 5387 2794 5442 corpus
2835 5370 3098 5446 suffusio,
3154 5375 3334 5446 regius
3367 5373 3437 5427 ab
3475 5389 3647 5445 appa-

2052 5455 2175 5500 ratu
2207 5443 2375 5514 regio,
2416 5459 2522 5514 quo
2554 5453 2806 5508 curatur,
2835 5444 2998 5498 Celso
3025 5443 3235 5510 dictus,
3267 5453 3322 5499 et
3354 5443 3648 5500 icterttsah

2052 5531 2153 5571 ave
2182 5514 2428 5585 ejusdem
2455 5517 2678 5575 coloris.
2714 5531 2876 5585 quam
2903 5515 3116 5568 raulum
3150 5525 3424 5572 nostrates
3453 5517 3648 5572 reatiui

2049 5594 2278 5662 vocant:
2313 5586 2619 5644 Theodotio
2649 5590 2913 5662 ὠχρίᾳισιν
2938 5589 3131 5653 vertit,
3152 5587 3208 5662 id
3235 5597 3341 5662 est,
3359 5588 3647 5662 pallorem.

2050 5659 2258 5713 Dicitur
2287 5669 2467 5713 autem
2501 5658 2829 5728 aurugo,'ah
2854 5672 2989 5712 auro
3021 5658 3162 5728 quod
3197 5661 3314 5728 ejus
3346 5660 3550 5715 coloris
3581 5661 3653 5716 sit

2051 5730 2313 5784 morbus:
2359 5729 2687 5802 diversaque
2720 5745 2823 5784 vox
2855 5740 2944 5786 est
2972 5729 3041 5785 ab
3087 5745 3309 5801 a-rugo,
3358 5745 3481 5802 qua:
3522 5732 3656 5788 aeris

2049 5802 2460 5872 corruptionem
2493 5799 2786 5874 signiﬁcat.
