4120 6342
509 329 641 386 1051

1727 323 1786 381 S.
1830 321 2107 382 EUSEBII
2148 319 2537 379 HIERONYMI

3667 326 3691 381 1
3701 327 3803 385 032

510 452 774 501 vocentur
801 447 1316 521 παραπικραὶνοντες,
1347 449 1404 499 et
1431 456 1586 513 aqua:
1608 455 1801 497 eorum
1834 452 1887 497 et
1909 440 2105 511 pluvia:

2216 442 2325 497 Ilac
2356 450 2536 497 morte
2571 440 2845 497 viviﬁcare
2875 454 2977 497 nos
3006 440 3127 496 vult
3156 439 3451 509 Dominus,
3482 450 3542 497 ut
3566 445 3806 501 morien-

512 555 620 595 non
652 537 862 593 stillent
903 536 1251 592 dulcedinem
1280 552 1293 590 :
1326 550 1426 592 nec
1467 536 1580 590 sint
1608 535 1685 591 'de
1717 536 2104 606 repromissio-

513 633 597 687 nis
632 643 801 698 terra,
833 646 993 701 quam
1028 631 1264 701 legimus
1294 630 1438 687 lacte
1468 638 1526 686 et
1557 630 1723 684 melle
1751 638 2060 684 manantem
2088 645 2102 682 :

512 723 609 780 sed
637 722 989 794 appellentur
1015 722 1192 789 Mara,
1228 722 1284 777 id
1311 732 1396 778 cst
1417 766 1432 790 ,
1464 720 1787 776 amaritudo.
1852 720 1942 774 Isti
1970 720 2107 774 ntul-

514 819 905 889 tiplicaverunt
931 816 1039 873 sibi
1066 819 1289 884 hortos,
1320 819 1372 873 in
1410 832 1548 888 quos
1575 832 1642 872 ne
1665 831 1763 871 sua
1796 815 1954 871 vinea
1988 829 2108 868 mu-

513 922 747 980 taretur,
796 912 1011 969 Naboth
1053 912 1174 985 [Αι.
1228 912 1513 985 Nabutha]
1559 911 1889 968 occumbere
1937 907 2109 965 voluit

513 1004 602 1077 (lIl
628 1006 760 1078 Reg.
791 1005 928 1070 χχι).
970 1005 1078 1075 Qui
1101 1006 1251 1062 enim
1284 1007 1533 1062 infirmus
1562 1015 1668 1074 est,
1700 1006 1853 1062 olera
1882 1004 2109 1059 manduo

511 1108 600 1157 cet
648 1100 829 1174 (Rom.
852 1098 988 1173 xtv).
1051 1101 1119 1155 Et
1148 1100 1274 1171 quia
1298 1115 1520 1171 semper
1552 1100 1795 1155 lucretici
1835 1105 2109 1152 tumentes

512 1194 768 1264 superbia
796 1234 811 1259 ,
860 1202 915 1247 et
959 1192 1268 1248 incidentes
1301 1193 1353 1247 in
1384 1190 1653 1263 judicium
1687 1191 1891 1247 diaboli
1916 1204 2109 1259 magna

513 1284 619 1339 sibi
641 1285 991 1355 promittunt,
1038 1292 1095 1339 et
1135 1284 1408 1339 bonorum
1455 1285 1670 1355 ﬁngunt
1712 1281 2011 1353 imagines,
2057 1288 2115 1334 ut

518 1378 671 1433 melli
699 1392 906 1433 venena
936 1377 1362 1433 commisceant:
1417 1375 1583 1432 etiam
1609 1376 1801 1431 vineas
1829 1384 1882 1430 et
1913 1375 2111 1429 oliveta

513 1484 571 1529 ct
613 1472 767 1528 ficeta
802 1473 1003 1527 habere
1047 1487 1107 1527 se
1132 1471 1377 1541 jactant;
1413 1471 1509 1525 sed
1534 1471 1699 1525 vinea
1732 1484 1919 1523 eorum
1952 1468 2111 1522 vinea

519 1566 887 1623 Sodomorum
917 1574 1043 1631 est;
1091 1564 1294 1618 oliveta
1322 1578 1516 1617 eorum
1550 1576 1658 1616 non
1703 1569 1831 1615 sunt
1854 1559 1922 1613 de
1953 1559 2112 1613 bonis

518 1659 679 1715 olivis
700 1699 716 1725 ,
757 1658 853 1714 sed
879 1657 1167 1722 oleastris,
1209 1670 1347 1726 quos
1379 1654 1677 1725 Apostolus
1710 1652 1989 1707 radicibus
2017 1651 2114 1706 bo-

519 1768 716 1810 narum
770 1753 1039 1808 olivarum
1088 1751 1343 1821 praecipit
1392 1747 1720 1805 inserendas
1771 1746 1953 1818 (Rom.
2006 1744 2107 1818 χι).

2209 545 2289 593 tes
2320 545 2565 608 peccato,
2598 535 2841 591 vivamus
2872 535 3005 592 Deo.
3038 535 3304 592 Morimur
3343 547 3525 593 autem
3556 549 3803 608 peccato,

2208 629 2425 701 quando
2461 631 2856 686 mortificamus
2885 630 3134 686 membra
3171 640 3359 686 nostra
3387 646 3553 703 super
3580 641 3805 699 terram,

2210 722 2627 778 fornicationem
2648 762 2663 790 ,
2712 722 3118 778 immunditiam
3142 764 3158 790 ,
3212 722 3485 779 luxuriam
3506 764 3525 792 ,
3569 724 3809 780 idolola-

2216 815 2380 869 triam
2413 825 2467 869 et
2511 816 2739 886 reliqua.
2784 815 3041 887 Legimus
3072 816 3125 871 in
3149 815 3313 885 Isaia,
3345 816 3628 873 dumtaxat
3649 819 3809 886 juxta

2213 906 2567 978 Septuaginta
2597 907 2965 979 interpretes:
2998 909 3243 980 alioquin
3270 910 3323 964 in
3349 910 3618 966 Hebraico
3649 911 3810 966 aliter

2211 1002 2550 1057 continetur:
2573 1001 2701 1056 Misi
2724 1012 2936 1057 mortem
2961 1003 3013 1056 in
3030 1003 3219 1070 Jacob,
3235 1014 3281 1058 et
3308 1007 3441 1059 venit
3461 1021 3615 1077 super
3640 1002 3812 1059 Israel
3908 998 3911 1005 ’

2213 1093 2371 1166 (Isai.
2397 1095 2495 1165 ιχ).
2521 1094 2716 1163 Iacob,
2747 1096 3072 1152 voeabulum
3105 1107 3191 1153 est
3221 1099 3499 1153 nascentis
3526 1097 3806 1170 corporis}

2213 1185 2415 1252 Israel,
2447 1203 2643 1243 nomen
2676 1188 3101 1245 benedictionis.
3147 1190 3282 1257 Quia
3316 1190 3460 1246 enim
3498 1201 3609 1246 tota
3650 1201 3811 1248 nocte

2216 1278 2443 1335 luctavit
2489 1291 2545 1336 et
2593 1281 2721 1336 vicit
2772 1282 2824 1336 in
2876 1283 3179 1338 certamine
3227 1281 3442 1353 (Genes.
3475 1284 3687 1350 χχχιι),
3757 1295 3811 1340 et

2215 1375 2426 1431 oriente
2462 1376 2692 1432 lucifero
2719 1378 2883 1450 276
2911 1378 3097 1434 dicere
3130 1379 3308 1449 potuit
3347 1395 3469 1434 cum
3507 1379 3807 1449 Apostolo:

2217 1470 2343 1525 Nox
2372 1473 2633 1542 prwcessit
2657 1515 2672 1540 ,
2721 1473 2831 1526 dies
2860 1475 3301 1545 appropinquavit
3331 1472 3508 1545 (Rom.
3542 1489 3660 1540 χιιι,
3693 1474 3806 1545 12),

2215 1574 2505 1634 pr0ptcrea
2524 1565 2718 1632 Israel,
2740 1566 2978 1623 videntis
2994 1568 3191 1634 Deum,
3224 1570 3452 1624 sortitus
3472 1580 3557 1625 est
3585 1584 3807 1625 nomen.
3846 1636 3851 1639 1

2214 1654 2444 1711 Mittitur
2473 1673 2607 1728 ergo
2646 1659 2882 1727 primum
2917 1675 3067 1715 mors
3098 1660 3151 1715 in
3180 1661 3386 1729 Jacob,
3420 1670 3479 1716 ut
3508 1662 3810 1717 mortifice-

2217 1765 2339 1805 mus
2384 1750 2632 1807 membra
2679 1761 2865 1807 nostra
2904 1768 3070 1825 super
3111 1763 3341 1823 terram,
3374 1762 3431 1811 et
3458 1771 3554 1826 per
3580 1756 3813 1810 mortifi-

518 1848 707 1904 Ficeta
735 1862 954 1918 quoque
983 1844 1109 1900 talia
1140 1846 1363 1911 habent,
1396 1861 1514 1915 quae
1537 1843 1810 1900 calathum
1840 1840 2113 1912 pessima-
2144 1828 2189 1888 Β
2218 1844 2492 1899 cationem
2534 1846 2909 1901 membrorum
2961 1848 3356 1919 corporalium,
3412 1850 3703 1905 veniamus
3748 1850 3813 1905 ad

517 1957 638 1997 rum
667 1940 935 2011 impleant
961 1939 1212 2007 ficorum,
1247 1954 1382 2011 quas
1410 1938 1679 1994 Jeremias
1710 1952 1824 2008 pra:
1854 1936 2112 1991 amaritu-

518 2036 646 2092 dine
686 2036 902 2092 comedi
946 2050 1053 2091 non
1087 2051 1250 2106 posse
1289 2044 1520 2091 testatur
1561 2033 1775 2107 (Jerem.
1806 2033 1978 2105 χχιχ).
2028 2032 2113 2089 Ad

516 2148 639 2204 qua:
664 2148 787 2189 cum
816 2131 1081 2187 Dominus
1112 2130 1344 2195 venerit,
1377 2141 1581 2186 mterna
1611 2130 1690 2185 eis
1717 2129 1976 2184 ariditate
2001 2143 2116 2183 ma-

517 2226 708 2283 ledicit
737 2224 930 2299 (Marc.
956 2228 1053 2296 xt),
1090 2235 1149 2280 ut
1179 2240 1472 2297 numquam
1506 2225 1742 2280 fructum
1770 2222 2018 2289 afferant,
2044 2239 2113 2280 ne

519 2321 701 2376 virore
725 2319 981 2376 foliorum
1015 2318 1297 2389 decipiant
1335 2328 1705 2374 transeuntes.
1765 2317 1834 2372 Et
1865 2326 1921 2371 ut
1946 2315 2112 2371 intel-

517 2412 752 2485 ligamus
783 2410 976 2467 hortos
1016 2411 1396 2465 hzereticorum
1443 2419 1500 2464 et
1531 2409 1719 2463 vineas
1750 2418 1805 2462 et
1835 2407 2037 2463 oliveta
2061 2415 2116 2461 et

519 2504 678 2562 ficeta
717 2504 785 2561 ad
823 2504 1022 2559 malam
1055 2513 1265 2573 partem
1299 2501 1529 2566 referri,
1569 2500 1802 2572 singulis
1841 2499 2112 2556 sermoni-

517 2601 620 2657 bus
660 2600 875 2656 addidit
900 2640 916 2667 ,
973 2608 1173 2655 vestra:
1206 2607 1264 2653 ut
1293 2613 1401 2653 non
1434 2597 1565 2663 Dei,
1600 2597 1697 2652 sed
1729 2596 2114 2651 [hereticorum

519 2708 582 2749 ea
608 2707 733 2749 esse
762 2700 1127 2747 monstraret:
1170 2691 1347 2745 hortos
1380 2689 1541 2761 275
1570 2698 1796 2753 vestros,
1830 2688 2002 2741 vineas
2028 2703 2113 2741 ve-

519 2796 675 2855 stras,
700 2786 886 2841 oliveta
910 2793 1099 2851 vestra,
1131 2792 1180 2839 et
1203 2785 1358 2853 ﬁceta
1386 2794 1594 2838 vestra:
1624 2797 1746 2853 qua:
1778 2782 1963 2836 omnia
1985 2796 2111 2837 eru-

517 2897 580 2939 ca
609 2883 861 2954 populata
893 2890 1002 2948 est,
1030 2889 1340 2936 extremum
1371 2893 1656 2949 poenarum
1687 2877 1967 2932 omnium:
1993 2890 2113 2946 qua:

519 2994 627 3037 non
674 2978 855 3034 avolat
906 2987 967 3032 ut
1016 2977 1257 3041 locusta,
1291 2984 1347 3031 et
1375 2975 1481 3030 huc
1506 2974 1638 3028 illuc
1670 2972 1989 3028 discurrens
2026 2985 2117 3025 se-

516 3090 665 3132 mesa
705 3071 966 3137 dimittit;
1011 3070 1104 3127 sed
1143 3077 1432 3141 permanet
1468 3068 1725 3138 perituris
1756 3064 2025 3136 frugibus,
2062 3071 2116 3118 et

516 3168 672 3224 tardo
702 3165 857 3238 lapsu
898 3163 1181 3236 pigrisque
1218 3162 1492 3218 morsibus
1520 3161 1782 3216 universa
1816 3157 2109 3215 consumit.

516 3260 766 3332 Cumque
794 3261 914 3314 haac
944 3258 1096 3330 passi
1124 3265 1283 3324 sunt,
1327 3270 1427 3311 nec
1458 3254 1541 3310 sic
1572 3252 1792 3325 quidem
1823 3252 1890 3308 ad
1923 3252 2111 3307 Domi-

519 3371 648 3412 num
680 3352 863 3410 redire
892 3352 1211 3407 voluerunt.

591 3448 775 3523 (νει-ε.
810 3444 929 3518 10.)
964 3444 1091 3499 Misi
1114 3445 1169 3498 in
1189 3461 1276 3500 vos
1299 3453 1509 3498 mortem
1532 3443 1586 3497 in
1614 3441 1695 3496 via
1719 3438 1964 3514 zEggpti,
1996 3455 2115 3508 per-

520 3543 657 3598 cussi
696 3541 751 3594 in
790 3538 970 3611 gladio
1004 3542 1222 3611 juvenes
1252 3546 1448 3593 vestros
1483 3552 1641 3607 usque
1669 3534 1736 3588 ad
1768 3531 2113 3604 captivitatem

519 3650 768 3707 equorum
788 3640 1096 3687 vestrorum.
1146 3629 1215 3683 Et
1245 3630 1524 3685 ascendere
1554 3629 1651 3700 feci
1671 3627 2002 3695 putredinem
2027 3642 2116 3680 ca-

518 3737 746 3784 strorum
772 3734 1061 3781 vestrorum
1084 3723 1140 3778 in
1165 3741 1317 3778 nares
1346 3733 1559 3788 vestras,
1596 3732 1645 3777 et
1674 3737 1775 3776 non
1801 3719 2010 3775 redistis
2044 3720 2113 3772 ad

521 3840 640 3890 me,
685 3822 814 3876 dicit
851 3818 1130 3874 Dominus.
1181 3817 1353 3874 LXX:
1406 3816 1576 3872 Emisi
1621 3815 1730 3887 [ΑΙ.
1765 3813 1908 3887 Misi]
1948 3815 2001 3868 in
2028 3831 2113 3869 vos

523 3926 740 3971 mortem
768 3916 823 3969 in
846 3914 930 3969 via
954 3911 1196 3985 Egypti,
1227 3921 1279 3966 et
1312 3911 1482 3965 occidi
1508 3911 1561 3963 in
1593 3909 1769 3981 gladio
1797 3912 2004 3978 juvenes
2031 3925 2116 3963 ve-

521 4020 652 4064 stros
676 4023 796 4063 cum
824 4006 1126 4079 captivitate
1151 4019 1402 4077 equorum
1426 4010 1731 4057 vestrorum.
1774 3998 1844 4054 Et
1870 4000 2030 4053 eduxi
2060 4001 2115 4053 in

523 4103 643 4173 igne
665 4111 834 4156 castra
862 4110 1031 4154 vestra
1052 4099 1106 4152 in
1138 4099 1219 4152 ira
1248 4113 1391 4163 mea,
1427 4105 1476 4149 et
1504 4112 1567 4149 ne
1596 4095 1671 4149 sic
1695 4092 1903 4163 quidem
1923 4091 2116 4147 reversi

522 4196 645 4251 estis
689 4196 758 4249 ad
785 4210 898 4262 me,
949 4192 1080 4247 dicit
1117 4190 1397 4246 Dominus.
1460 4189 1566 4245 Per
1596 4189 1774 4244 omnia
1815 4186 2031 4259 ﬂagella
2060 4195 2115 4243 et

523 4299 799 4348 tormenta
841 4287 1089 4346 eruditur
1121 4285 1324 4342 Israel:
1356 4283 1502 4340 unde
1541 4294 1598 4339 et
1636 4299 1704 4339 eo
1735 4292 1983 4354 tempore
2007 4297 2115 4353 quo

523 4385 594 4440 ab
631 4382 905 4457 Egyptiis
945 4381 1150 4438 auxilia
1195 4379 1589 4451 postulabant,
1641 4377 1877 4433 mittitur
1918 4378 1972 4432 in
2019 4392 2112 4433 eos

522 4493 711 4547 mors,
743 4485 800 4533 et
827 4474 1213 4548 percutiuntur
1240 4472 1293 4528 in
1327 4471 1512 4543 gladio
1538 4471 1770 4541 juvenes
1799 4485 2016 4538 eorum,
2058 4477 2114 4526 et

520 4586 693 4643 equos
733 4583 872 4641 quos
918 4568 1019 4624 sibi
1050 4575 1242 4622 contra
1285 4564 1385 4620 Dei
1417 4573 1753 4636 praeceptum
1778 4563 2112 4633 multiplica-

522 4671 760 4728 verant,
809 4660 1098 4732 captivitas
1125 4673 1271 4714 smva
1316 4656 1637 4723 concludit,
1670 4666 1732 4711 ut
1768 4654 1998 4727 putredo
2023 4671 2115 4710 ca-

516 4764 759 4812 strorum
806 4763 861 4809 et
908 4751 1074 4808 fmtor
1124 4749 1416 4806 morientis
1456 4747 1768 4814 exercitus,
1818 4748 2112 4804 viventium

517 4865 679 4908 nares
709 4847 959 4919 impleat.
1002 4846 1246 4916 Cumque
1287 4856 1341 4901 et
1378 4844 1498 4900 hinc
1526 4843 1752 4912 fecerit,
1784 4851 1845 4897 ut
1871 4841 2112 4911 corripe-

515 4954 603 5003 ret
649 4944 1064 5015 delinquentes,
1110 4950 1166 4996 et
1210 4940 1534 4996 emendaret
1580 4949 1858 5007 errantes,
1907 4954 2007 4993 nec
2032 4939 2112 4994 sic

514 5039 738 5113 quidem
765 5037 1059 5094 redierunt
1087 5035 1159 5089 ad
1187 5049 1338 5103 eum,
1369 5032 1503 5089 dicit
1533 5032 1820 5088 Dominus.
1868 5032 1971 5099 Qui
2001 5046 2108 5086 non

514 5134 691 5189 solum
728 5131 821 5186 illo
851 5137 1101 5198 tempore
1127 5172 1142 5195 ,
1188 5125 1285 5182 sed
1307 5125 1555 5196 quotidie
1581 5126 1749 5179 mittit
1787 5136 2018 5180 mortem
2048 5124 2104 5179 in

515 5226 601 5281 via
630 5223 880 5297 Egypti,
909 5231 968 5278 ut
998 5221 1088 5292 qui
1120 5219 1434 5292 Egyptiam
1465 5219 1679 5274 triverit
1710 5220 1984 5283 semitam,
2012 5235 2108 5275 au-

516 5320 631 5377 diat
651 5319 892 5375 moriens
908 5318 1197 5373 docentem
1216 5313 1540 5386 Apostolum
1564 5334 1574 5368 :
1607 5314 1761 5381 Quod
1786 5316 1934 5370 enim
1962 5331 2108 5371 mor-

516 5427 644 5471 tuus
671 5430 814 5482 sum,
844 5422 1093 5467 mortuus
1114 5427 1235 5465 sum
1276 5418 1535 5481 peccato;
1580 5410 1723 5480 quod
1755 5418 1936 5466 autem
1959 5411 2104 5476 vivo,

518 5507 644 5564 vivo
666 5507 781 5563 Deo
807 5504 1005 5578 (Galat.
1032 5502 1117 5577 ιι).
1142 5503 1211 5559 Et
1235 5503 1288 5558 in
1306 5502 1416 5559 alio
1441 5503 1593 5558 loco:
1628 5502 1689 5558 Si
1711 5504 1901 5557 mortui
1930 5520 2107 5558 sumus

517 5618 635 5656 cum
654 5600 882 5668 Christo,
901 5598 1059 5654 simul
1080 5598 1233 5651 etiam
1254 5599 1477 5652 vivemus
1497 5611 1614 5649 cum
1641 5612 1698 5649 eo
1715 5595 1892 5667 (Rom.
1926 5610 1999 5661 vr,
2027 5596 2103 5665 8).

519 5693 591 5750 Et
617 5695 849 5749 iterum:
905 5693 1120 5765 Semper
1164 5690 1619 5760 mortiﬁcationem
1661 5688 1788 5743 Jesu
1824 5689 1875 5742 in
1897 5705 2110 5761 corpore

522 5808 635 5846 meo
682 5800 828 5862 porto
870 5789 937 5860 (ll
962 5789 1082 5844 Cor.
1111 5803 1186 5854 tv,
1214 5787 1326 5859 10).
1382 5786 1451 5841 Et
1484 5800 1740 5842 rursum:
1783 5785 1907 5840 Vivo
1937 5794 2106 5840 autem

516 5888 636 5958 jam
654 5901 758 5940 non
802 5899 893 5955 ego
914 5922 930 5949 ,
969 5882 1058 5936 sed
1089 5880 1210 5936 vivit
1247 5882 1301 5936 in
1332 5896 1413 5935 me
1438 5879 1675 5936 Christus
1700 5877 1845 5950 (Gal.
1879 5894 1948 5947 ιι,
1987 5878 2102 5949 20).

2215 1944 2451 1992 mortem
2483 1937 2722 2002 lsraelis,
2758 1947 2817 1994 ut
2847 1942 3027 1994 omnia
3062 1942 3535 2012 perturbationum
3570 1945 3623 1998 in
3655 1944 3814 1999 nobis

2216 2028 2487 2084 incentiva
2520 2030 2847 2087 moriantur.
2882 2032 3128 2088 Percutit
3155 2034 3303 2091 Deus
3353 2035 3616 2106 quidquid
3646 2036 3815 2091 robu-

2215 2132 2357 2178 stum
2386 2123 2440 2177 in
2471 2123 2630 2178 malis
2662 2134 2767 2191 est,
2816 2133 2871 2180 et
2895 2141 3154 2195 perversa
3185 2128 3417 2198 erigitur
3452 2128 3677 2199 juventa
3702 2172 3717 2196 ,
3746 2147 3815 2187 ne

2215 2214 2283 2269 ad
2332 2223 2672 2272 senectutem
2718 2233 2891 2288 usque
2944 2221 3268 2289 perveniat,
3324 2237 3601 2293 equosque
3649 2224 3816 2279 tradit

2216 2309 2548 2379 captivitati,
2604 2325 2673 2367 ne
2711 2325 2811 2382 per
2852 2313 3162 2384 praecipitia
3195 2314 3453 2370 labantur
3482 2314 3685 2371 inferni
3718 2334 3731 2369 :
3765 2326 3819 2372 et

2217 2404 2519 2460 ascendere
2558 2405 2688 2461 facit
2723 2408 3073 2476 putredinem
3107 2416 3417 2487 castrorum
3444 2411 3498 2465 in
3540 2426 3699 2466 nares
3728 2427 3821 2466 eo-

2218 2514 2360 2562 rum,
2393 2507 2451 2552 ut
2478 2513 2575 2553 sua
2609 2510 2837 2569 peccata
2859 2512 3219 2573 cognoscant,
3248 2514 3303 2559 et
3334 2513 3528 2575 putere
3554 2505 3818 2569 sentiant,

2216 2591 2513 2663 dicantque
2558 2609 2681 2649 cum
2733 2595 2935 2650 David:
2982 2595 3306 2653 Patr-uerunt
3335 2610 3383 2653 et
3415 2608 3678 2669 corrupta:
3703 2610 3821 2653 sunt

2215 2688 2483 2742 cicatrices
2511 2704 2685 2744 meam
2706 2690 2841 2759 [acie
2867 2691 3182 2760 insipientia:
3204 2708 3331 2748 mea:
3346 2692 3469 2767 (Ps.
3498 2710 3709 2762 xxxv",
3736 2694 3813 2764 6).

2216 2778 2461 2852 Cumque
2492 2783 2610 2838 hmc
2641 2784 2892 2839 sanantis
2913 2794 3047 2840 voto
3076 2784 3309 2855 fecerit,
3342 2803 3443 2844 nec
3485 2790 3565 2845 sic
3594 2789 3815 2860 quidem

2216 2875 2423 2930 reversi
2456 2885 2584 2930 sunt
2611 2876 2677 2931 ad
2701 2891 2848 2944 eum,
2881 2877 3012 2933 dicit
3044 2879 3336 2936 Dominus.

2290 2968 2472 3041 (Vers.
2506 2969 2621 3040 11.)
2654 2969 2893 3026 Subverti
2920 2988 3008 3026 vos
3042 2973 3172 3027 sicut
3198 2974 3443 3029 subvertit
3473 2974 3609 3030 Deus
3641 2976 3816 3032 Sodo-

2218 3082 2355 3119 mam
2386 3076 2434 3119 et
2458 3064 2824 3137 Gomorrham,
2876 3079 2925 3123 et
2963 3070 3094 3138 [acti
3133 3072 3258 3127 estis
3298 3072 3431 3128 sicut
3462 3075 3619 3128 torris
3643 3087 3815 3147 raptus

2218 3160 2280 3214 de.
2297 3159 2560 3226 incendio,
2575 3169 2623 3215 et
2646 3177 2750 3215 non
2764 3162 2971 3217 redistis
2987 3164 3056 3217 ad
3073 3181 3174 3232 me,
3190 3164 3317 3220 dicit
3340 3164 3621 3221 Dominus.
3644 3167 3813 3223 LXX:

2223 3254 2464 3309 Subverti
2494 3271 2582 3308 vos
2607 3255 2739 3310 sicut
2765 3256 3009 3312 subvertit
3039 3256 3183 3314 Deus
3209 3259 3495 3316 Sodomam
3519 3272 3569 3316 et
3591 3261 3814 3317 Gomor-

2219 3347 2389 3415 rham,
2415 3358 2461 3401 et
2482 3349 2608 3418 facti
2633 3349 2753 3404 estis
2781 3350 2913 3403 sicut
2940 3352 3093 3405 torris
3127 3362 3305 3408 erutus
3325 3353 3390 3407 de
3416 3354 3557 3425 igne,
3583 3364 3630 3408 et
3656 3371 3717 3409 ne
3747 3357 3815 3410 sic

2217 3443 2423 3513 quidem
2452 3443 2685 3497 conversi
2708 3445 2831 3498 estis
2858 3445 2929 3498 ad
2954 3461 3056 3513 me,
3085 3446 3213 3501 dicit
3236 3445 3521 3503 Dominus.
3558 3448 3814 3505 Extrema

2217 3534 2490 3590 medicina
2523 3546 2640 3602 est,
2693 3544 2748 3592 et
2785 3535 2975 3593 decem
3006 3538 3278 3607 tribuum,
3324 3550 3379 3597 et
3410 3541 3814 3609 haereticorum,

2216 3637 2269 3685 et
2300 3629 2543 3684 omnium
2570 3639 2916 3699 peccatorum
2941 3673 2955 3699 ,
2989 3642 3048 3687 ut
3080 3642 3365 3705 postquam
3395 3644 3628 3691 mortem
3657 3636 3817 3691 mise-

2218 3721 2289 3776 rit
2322 3722 2375 3777 in
2408 3723 2493 3777 via
2521 3722 2764 3795 Egypti,
2797 3734 2852 3779 et
2876 3727 3211 3794 percusserit
3224 3727 3455 3796 juvenes
3483 3742 3675 3783 eorum
3703 3729 3820 3799 gla-

2218 3815 2340 3884 dio,
2392 3832 2669 3888 equosque
2700 3818 3143 3890 consumpserit,
3197 3831 3252 3877 et
3285 3824 3589 3880 ascendere
3628 3824 3819 3880 fecerit

2218 3911 2561 3981 putredinem
2609 3922 2908 3969 castrorum
2964 3916 3016 3968 in
3053 3929 3219 3972 nares
3260 3931 3486 3986 eorum,
3535 3927 3589 3974 et
3616 3934 3715 3974 nec
3740 3921 3819 3974 sic

2218 4003 2440 4074 quidem
2469 4004 2536 4061 ad
2576 4021 2699 4061 eum
2725 4011 2932 4063 reversi
2963 4009 3192 4075 fuerint,
3227 4010 3508 4067 subvertat
3540 4026 3637 4068 eos
3675 4012 3818 4068 sicut

2219 4098 2487 4153 subvertit
2542 4099 2684 4154 Deus
2720 4100 3012 4158 Sodomam
3062 4114 3117 4159 et
3164 4104 3531 4162 Gomorrham
3560 4126 3574 4164 :
3607 4117 3664 4163 et
3694 4124 3817 4164 cum

2218 4189 2469 4247 subversi
2498 4190 2729 4261 fuerint,
2766 4197 2837 4251 ob
2880 4197 3287 4255 similitudinem
3323 4200 3612 4257 criminum
3640 4202 3817 4259 Sodo-

2220 4298 2321 4337 ma:
2341 4291 2398 4338 et
2417 4284 2762 4357 Gomorrhte,
2788 4290 3134 4361 pessimaque
3156 4293 3208 4346 in
3229 4293 3307 4349 eis
3341 4294 3571 4350 aediﬁcia
3601 4295 3818 4351 divinus

2216 4375 2358 4447 ignis
2397 4380 2704 4447 exusserit,
2753 4381 2857 4451 ipsi
2908 4382 3211 4441 liberentur
3239 4386 3395 4457 quasi
3430 4388 3597 4443 torris
3625 4400 3817 4459 raptus

2216 4473 2286 4529 de
2328 4474 2601 4531 incendio.
2674 4474 2740 4531 Et
2770 4478 3044 4547 quomodo
3081 4478 3214 4548 Lot,
3249 4480 3486 4537 Sodoma
3526 4493 3816 4552 pereunte,

2218 4576 2606 4647 servatus‘est,
2658 4570 2917 4625 amittens
2957 4574 3318 4629 substantiam
3360 4582 3417 4631 et
3446 4584 3659 4645 partem
3689 4591 3817 4631 cor-

2222 4663 2371 4734 poris
2413 4664 2532 4731 sui,
2577 4679 2738 4734 quam
2783 4665 3139 4737 intelligimus
3165 4685 3394 4726 uxorem
3424 4669 3637 4743 (Cenes.
3663 4670 3816 4741 xix):

2222 4756 2302 4810 sic
2333 4770 2527 4811 omnes
2556 4756 2645 4829 isti
2674 4756 3036 4814 Sodomorum
3077 4759 3298 4816 divitias
3334 4763 3655 4819 amittentes
3685 4780 3816 4819 eva-

2220 4849 2351 4904 dant
2394 4850 2566 4917 nudi,
2618 4853 2769 4921 juxta
2820 4854 2950 4908 illud
2982 4855 3127 4921 quod
3170 4855 3223 4911 in
3254 4858 3515 4927 Apostolo
3540 4858 3815 4931 legimus:

2223 4943 2285 4997 Si
2317 4946 2468 5013 cujus
2501 4960 2629 5015 Opus
2671 4948 2922 5000 manserit
2962 4949 3100 5017 quod
3119 4950 3593 5019 supermdiﬁcavit,
3627 4967 3819 5005 merce-

2219 5038 2335 5091 dem
2356 5038 2575 5111 accipiet
2603 5054 2622 5093 :
2649 5040 2694 5094 si
2727 5044 2880 5113 cujus
2910 5051 3079 5097 autem
3111 5059 3237 5114 opus
3269 5046 3495 5111 arserit,
3537 5044 3817 5098 detrimen-

2216 5142 2321 5185 tum
2356 5134 2582 5201 patietur
2605 5148 2624 5187 :
2654 5134 2765 5200 ipse
2793 5144 2961 5189 autem
2990 5136 3164 5190 salvus
3193 5138 3312 5202 erit,
3358 5137 3433 5190 sic
3466 5147 3635 5191 tamen
3668 5137 3815 5205 quasi

2214 5241 2306 5299 per
2336 5228 2505 5299 ignem
2531 5228 2551 5298 (
2568 5227 2589 5282 Ι
2612 5228 2734 5284 Cor.
2763 5244 2843 5296 ιιι,
2864 5228 2954 5296 il,
2989 5228 3111 5303 15).
3158 5229 3261 5298 Qui
3292 5244 3427 5301 ergo
3458 5230 3699 5285 salvatur
3719 5245 3813 5300 per

2216 5321 2422 5389 ignem,
2443 5320 2597 5390 quasi
2624 5322 2787 5377 torris
2804 5322 2872 5377 de
2894 5321 3149 5378 incendio
3180 5323 3412 5393 rapitur.
3442 5323 3507 5379 Et
3527 5324 3596 5379 ad
3627 5322 3813 5378 ἱειίιιεέ

2216 5413 2364 5469 modi
2396 5412 2681 5483 homines,
2713 5430 2853 5486 quos
2876 5415 2930 5471 in
2958 5415 3257 5487 Evangelio
3289 5415 3547 5473 Salvator
3579 5430 3812 5486 arguens

2219 5509 2585 5579 loquebatur:
2651 5509 2713 5565 Si
2754 5510 2852 5579 ﬁlii
2911 5511 3092 5564 essetis
3137 5509 3425 5577 Abraham,
3468 5526 3629 5582 cpera
3649 5510 3812 5564 Abra-

2218 5603 2339 5654 ham
2373 5603 2614 5673 faceretis
2644 5600 2828 5672 (loan.
2858 5617 2974 5666 vnt,
2999 5601 3113 5673 59),
3141 5601 3553 5674 277Joannes
3570 5602 3815 5671 Baptista

2215 5693 2383 5749 dicit:
2438 5693 2718 5767 Progenies
2748 5695 3044 5765 viperarum
3070 5738 3086 5764 ,
3119 5695 3233 5765 quis
3262 5696 3634 5751 demonstravit
3676 5697 3815 5750 vobis

2217 5788 2395 5859 fugere
2437 5805 2469 5841 a
2514 5798 2731 5842 ventura
2772 5789 2851 5843 ira
2891 5788 3072 5860 (Matt.
3104 5804 3183 5858 ιιι,
3212 5791 3263 5853 7,
3294 5789 3348 5857 8,
3383 5788 3476 5859 9)?
3507 5790 3665 5861 facile
3690 5805 3813 5859 ergo

2219 5885 2441 5953 fructum
2490 5882 2711 5956 dignum
2762 5881 2883 5954 [ΑΙ.
2930 5885 3131 5951 [ructus
3185 5880 3409 5957 dignas]
3446 5882 3807 5955 pa’niteutiw.

3730 6172 3833 6303 Ι
