4100 6336
309 310 448 371 1035

1174 319 1835 381 COMMENTARIORUM
1878 322 1943 380 IN
1986 323 2170 381 A5103
2210 325 2338 384 LIB.
2386 327 2450 382 ll.
2492 325 2648 385 CAP.
2692 329 2780 386 IV.

3470 332 3611 393 1054

304 438 352 484 et
375 446 437 485 ne
466 430 631 485 velitis
660 431 833 487 dicere
856 433 994 488 intra
1018 451 1127 501 ros,
1148 448 1345 507 patrem
1358 440 1600 495 habemus
1618 440 1901 495 Abraham.
1932 443 1984 503 Α
2011 456 2103 507 ne,
2143 442 2286 512 quod
2315 442 2515 499 dicitur
2543 462 2615 500 HA
2655 445 2792 518 (n73)
2811 489 2826 510 ,
2860 446 2965 503 hoc
2994 456 3099 516 est,
3131 450 3291 520 quod,
3337 449 3420 504 vel
3457 452 3604 521 quid.

302 519 439 577 Dico
464 526 597 579 enim
628 525 791 596 vobis,
821 529 1067 598 quoniant
1099 528 1211 602 [AL
1245 533 1525 605 quomodo]
1559 545 1725 605 potest
1766 535 1906 590 Deus

300 617 367 672 de
395 617 662 687 lapidibus
704 622 820 677 istis
862 624 1113 680 suscitare
1142 627 1281 696 filios
1318 629 1618 685 Abraham?
1656 631 1821 703 Igitur
1853 642 1908 688 et

298 708 467 766 Israel
498 722 553 767 et
592 715 776 770 cuncti
828 715 1075 773 haeretici
1096 762 1111 787 ,
1143 720 1267 791 quia
1299 721 1577 779 habebant
1605 740 1771 794 opera
1805 725 1906 782 So-

301 804 480 861 domae
521 815 576 863 et
615 808 975 879 Gomorrbte,
1022 814 1416 872 subvertuntur
1462 828 1519 873 ut
1566 818 1807 875 Sodoma
1851 829 1906 877 et

302 896 647 960 Gomorrha;
687 915 744 960 ut
779 908 935 978 quasi
970 909 1135 964 torris
1170 922 1360 982 raptus
1392 912 1462 969 de
1490 914 1745 971 incendio
1768 915 1903 971 libe-

300 1002 515 1050 rentur.
559 996 629 1052 Et
678 998 783 1055 hoc
822 1009 908 1057 est
937 1002 1081 1073 quod
1115 1005 1168 1058 in
1195 1006 1459 1076 propheta
1494 1007 1758 1079 legimus:
1800 1010 1904 1065 Re-

298 1089 541 1145 stituetur
564 1091 795 1148 Sodoma
822 1095 873 1148 in
897 1096 1166 1167 antiquum
1189 1098 1403 1169 (Ezech.
1443 1117 1555 1168 xvt,
1584 1101 1697 1172 55):
1728 1110 1787 1157 ut
1812 1102 1902 1173 qui

299 1197 402 1240 suo
449 1185 585 1240 vitio
631 1185 943 1245 Sodomites
991 1200 1095 1259 est,
1144 1201 1431 1264 postquam
1473 1196 1524 1249 in
1553 1209 1620 1250 eo
1648 1193 1902 1250 Sodoma:

300 1290 464 1349 opera
498 1280 758 1348 arserint,
786 1280 840 1336 in
874 1283 1160 1354 antiquum
1196 1286 1526 1342 rcsﬁtuatur
1549 1298 1771 1343 statum.

370 1369 555 1443 (Vers.
584 1373 673 1439 12,
701 1374 814 1446 13.)
844 1374 1300 1447 Quaproptcrhazc
1321 1379 1518 1449 faciant
1547 1379 1661 1447 tibi,
1683 1379 1856 1434 Israel
1882 1396 1900 1434 :

298 1473 572 1536 postquam
596 1477 769 1521 autem
790 1466 899 1523 ἠως
922 1469 1104 1541 [Vulg.
1133 1471 1251 1543 hoc]
1271 1474 1441 1541 fecero
1462 1474 1575 1543 tibi,
1601 1491 1902 1546 praeparare

295 1557 350 1613 in
386 1576 656 1616 occursum
685 1559 785 1617 Dei
811 1563 907 1631 tui,
944 1561 1137 1633 Israel,
1171 1567 1293 1637 quia
1321 1585 1438 1622 ecce
1474 1569 1711 1639 formans
1747 1587 1898 1624 mon-

299 1660 396 1719 tes,
431 1663 478 1707 ct
510 1670 696 1709 creans
726 1666 953 1723 rentum,
990 1669 1037 1711 et
1063 1661 1387 1715 annuntians
1416 1661 1614 1716 homini
1640 1663 1901 1734 eloquium

294 1761 468 1813 suum,
498 1749 700 1819 faciens
731 1750 1039 1805 matutinam
1072 1752 1343 1824 nebulam,
1379 1763 1427 1809 et
1466 1756 1710 1827 gradiens
1741 1773 1899 1829 super

2012 533 2216 589 Deinde
2257 550 2360 600 sm,
2398 549 2504 601 IOD,
2546 552 2713 604 uera,
2742 540 2888 609 quod
2935 540 3168 612 legimus
3209 558 3291 597 su
3319 543 3505 614 (nus),
3554 543 3605 598 id

2007 635 2113 693 est,
2154 625 2439 696 eloquium.
2484 629 2528 683 0
2558 639 2768 696 autem,
2811 633 2957 697 quod
2987 634 3249 689 scribitur
3288 650 3387 704 per
3432 635 3603 690 solam

2009 717 2246 775 litteram
2278 738 2401 786 VAU,
2421 723 2604 789 αὐτοῦ,
2634 722 2684 778 id
2714 732 2820 791 est,
2848 729 2982 798 ejus,
3007 726 3298 797 significat,
3333 729 3609 799 simulque

2006 814 2365 869 commixtum
2396 815 2597 886 legitur
2626 818 3095 891 IASIO(WW),
3129 837 3158 875 a
3185 823 3461 892 superiori
3485 839 3606 879 ver-

2007 905 2079 962 bo
2107 923 2176 963 ιιε
2209 909 2505 965 secundam
2538 911 2779 968 litteram
2811 913 2929 983 plus
2971 914 3199 971 habens.
3238 916 3314 972 De
3344 919 3609 974 varietate

2006 1002 2481 1074 interpretationis
2502 1004 2765 1073 diximus,
2792 1023 2913 1077 quae
2940 1007 3173 1064 molesta
3196 1010 3306 1064 erit
3327 1012 3611 1084 negligen-

2004 1094 2170 1164 tibus,
2202 1096 2467 1153 studiosis
2493 1110 2647 1169 grata
2675 1120 2689 1156 :
2724 1116 2869 1157 nunc
2890 1101 2955 1155 ad
2988 1116 3208 1157 sensum
3240 1118 3451 1171 eorum,
3486 1121 3609 1176 qua)

2005 1188 2208 1258 scripta
2249 1198 2398 1257 sunt,
2445 1200 2813 1248 transeamus.
2854 1192 2988 1250 Dedi
3030 1203 3311 1266 stuporem
3352 1197 3608 1252 dentibus

2005 1282 2229 1351 vestris,
2264 1292 2318 1339 et
2358 1300 2468 1339 non
2503 1286 2724 1342 redistis
2754 1288 2823 1342 ad
2854 1304 2962 1355 me,
2991 1288 3121 1345 dicit
3160 1290 3450 1345 Dominus.
3478 1292 3610 1347 Pro-

2004 1374 2156 1430 hibui
2186 1392 2213 1430 a
2241 1377 2671 1449 vobisimbrem,
2701 1389 2752 1435 et
2778 1381 2895 1452 plui
2922 1396 3089 1452 super
3111 1384 3385 1439 civitatem
3418 1401 3603 1451 unam,

2004 1478 2057 1526 et
2087 1486 2254 1540 super
2289 1472 2520 1528 alteram
2555 1491 2661 1529 non
2700 1476 2833 1546 plni,
2877 1488 2931 1532 et
2953 1486 3225 1533 venerunt
3252 1479 3375 1534 dua:
3406 1491 3463 1536 et
3494 1492 3605 1537 tres

2005 1562 2258 1619 civitates
2281 1565 2348 1620 ad
2374 1582 2538 1621 unam
2563 1576 2619 1621 ut
2650 1567 2906 1624 biberent
2935 1586 3124 1641 aquas,
3147 1581 3202 1627 et
3232 1588 3340 1628 non
3366 1583 3496 1630 sunt
3516 1590 3605 1630 sa-

2003 1655 2150 1712 tiatae
2180 1674 2191 1710 :
2218 1666 2273 1713 et
2304 1673 2406 1714 nec
2429 1660 2509 1716 sic
2529 1660 2754 1715 redistis
2781 1663 2844 1716 ad
2876 1679 2986 1731 me,
3013 1664 3146 1719 dicit
3168 1665 3451 1722 Dominus.
3478 1668 3607 1723 Per-

2004 1752 2148 1807 cussi
2170 1767 2266 1808 vos
2290 1754 2342 1808 in
2369 1763 2531 1810 vento
2555 1764 2769 1821 urente,
2803 1766 2858 1812 et
2889 1759 3151 1829 aurugine
3172 1758 3362 1817 hortos
3388 1771 3604 1818 vestros

294 1841 498 1897 excelsa
529 1851 682 1899 terra:
724 1844 976 1902 Dominus
1017 1845 1160 1901 Deus
1193 1849 1507 1903 exercituum
1538 1866 1729 1905 nomen
1759 1851 1893 1916 eius.
1928 1850 1974 1910 Β
2002 1854 2057 1901 et
2093 1847 2282 1904 vineas
2329 1859 2387 1904 et
2415 1850 2614 1907 oliveta
2644 1862 2809 1924 atque
2840 1854 3018 1922 liceta,
3051 1866 3104 1911 et
3139 1865 3243 1910 non
3288 1857 3506 1914 redistis
3536 1859 3603 1914 ad

292 1935 441 1995 LXX
473 1956 485 1992 ;
512 1937 801 2011 Propterea
823 1944 901 1996 sic
925 1942 1118 2013 faciam
1147 1943 1262 2009 tibi,
1297 1941 1469 1998 Israel
1500 1961 1516 1998 :
1547 1955 1897 2000 rerumtanten

290 2033 416 2103 quia
441 2033 515 2087 sic
539 2034 728 2104 faciant
755 2034 866 2101 tibi,
896 2052 1195 2107 prteparare
1224 2046 1276 2090 ut
1308 2038 1508 2094 invocas
1531 2038 1699 2095 Deum
1729 2050 1895 2107 tuum,

292 2123 487 2182 Israel.
520 2131 657 2197 Quia
696 2147 809 2186 cccc
838 2132 1053 2201 ﬁrmans
1091 2133 1398 2202 tonitruum,
1434 2144 1479 2188 et
1527 2151 1705 2189 creans
1734 2136 1895 2205 spiriv

293 2231 426 2291 tum,
460 2233 506 2278 et
530 2225 848 2280 annuntians
875 2226 929 2281 in
959 2227 1192 2282 homines
1212 2228 1477 2283 Christum
1508 2245 1678 2295 suum,
1703 2231 1897 2301 faciens

290 2336 461 2387 mane,
498 2330 545 2375 et
586 2320 849 2390 nebulam,
904 2330 950 2375 et
981 2321 1265 2377 ascendens
1292 2340 1448 2392 super
1475 2323 1680 2378 excelsa
1704 2333 1853 2379 terrae
1876 2339 1894 2377 .'

291 2411 549 2469 Dominus
578 2412 720 2469 Deus
750 2415 1073 2487 omnipotens
1106 2432 1289 2471 nomen
1335 2419 1470 2491 ejus.
1514 2416 1619 2471 Pro
1655 2431 1721 2472 eo
1752 2416 1895 2487 quod

289 2520 395 2563 nos
426 2506 776 2578 interpretati
794 2523 1005 2576 sumus,
1038 2518 1332 2581 postquam,
1361 2509 1415 2564 in
1436 2508 1702 2565 llebraico
1723 2509 1896 2579 scrip-

287 2608 407 2656 tum
452 2610 538 2657 est
579 2616 714 2658 sese
757 2601 961 2689 (app),
1021 2610 1076 2657 et
1116 2600 1319 2673 Aquila
1374 2603 1765 2673 interpretatus
1809 2612 1896 2659 est

286 2693 530 2771 ὕστερον,
577 2694 629 2750 id
660 2705 765 2764 est,
808 2705 1009 2765 postea,
1054 2705 1109 2752 et
1151 2695 1460 2753 Theodotio
1490 2696 1788 2765 novissime,
1838 2706 1895 2753 et

292 2785 652 2859 Septuaginta
683 2796 1075 2854 verumtamen;
1115 2788 1170 2843 in
1206 2788 1477 2845 llebraico
1513 2788 1592 2844 sic
1636 2788 1745 2860 legi
1793 2803 1892 2860 po-

288 2888 398 2937 test
430 2899 444 2935 :
490 2880 815 2954 Quapropter
854 2881 967 2936 haec
997 2882 1190 2952 faciam
1232 2880 1347 2947 tibi,
1374 2880 1564 2951 Israel,
1599 2891 1800 2953 postea,
1839 2882 1891 2937 id

291 2985 398 3046 est,
431 2976 604 3032 multo
635 2984 760 3047 post
793 2985 1057 3047 tempore,
1101 2985 1158 3032 et
1207 2976 1261 3031 in
1301 2975 1619 3032 novissimis
1649 2974 1888 3045 saeculis,

292 3079 351 3128 ut
380 3086 571 3126 rursus
603 3070 672 3125 ab
698 3069 805 3125 alio
829 3070 1102 3142 principio
1131 3084 1323 3126 versus
1358 3070 1589 3141 incipiat
1618 3088 1631 3125 :
1664 3070 1894 3140 Cumque

289 3164 385 3219 hoc
423 3167 658 3237 facturus
685 3166 784 3220 sim
813 3165 925 3235 tibi,
956 3182 1253 3238 praeparare
1276 3167 1333 3220 in
1356 3182 1633 3221 occursum
1661 3164 1761 3221 Dei
1793 3165 1890 3233 tui,

2004 1957 2113 2008 me,
2136 1942 2267 1999 dicit
2292 1944 2577 2001 Dominus.
2601 1946 2807 2009 Misiin
2835 1964 2932 2003 vos
2956 1958 3191 2005 mortem
3220 1951 3270 2006 in
3294 1952 3377 2006 via
3402 1952 3609 2022 Aigyp-

2006 2036 2063 2103 ti,
2096 2044 2149 2091 et
2178 2038 2424 2107 percussi
2459 2040 2511 2094 in
2557 2039 2738 2110 gladio
2765 2041 3001 2111 juvenes
3048 2054 3300 2111 vestros,
3334 2055 3389 2100 et
3418 2060 3612 2102 ascen-

2001 2126 2134 2183 dere
2165 2127 2267 2184 feci
2300 2130 2647 2199 putrediuem
2681 2140 2995 2189 castrorum
3016 2145 3327 2193 vestrorum
3361 2139 3413 2192 in
3443 2153 3609 2195 nares

2001 2228 2234 2289 vestras,
2264 2232 2321 2278 et
2347 2239 2455 2279 non
2488 2224 2712 2280 redistis
2744 2226 2812 2282 ad
2844 2234 2951 2292 me',
2984 2228 3117 2284 dicit
3142 2229 3430 2287 Dominus.
3464 2231 3603 2289 Sub-

2000 2314 2144 2369 verti
2186 2330 2283 2371 vos
2312 2316 2453 2372 sicut
2481 2317 2756 2374 subvertit
2789 2318 3059 2376 Dominus
3088 2322 3383 2378 Sodomam
3413 2333 3469 2381 et
3496 2325 3602 2381 Go-

1999 2409 2304 2475 morrham,
2344 2420 2401 2466 et
2441 2412 2569 2467 lacti
2603 2412 2737 2467 estis
2781 2415 2938 2484 quasi
2979 2418 3142 2471 torris
3188 2428 3376 2489 raptus
3413 2419 3482 2474 de
3523 2420 3604 2476 in-

1998 2501 2217 2567 cendio,
2241 2512 2295 2558 et
2323 2517 2431 2559 non
2460 2503 2686 2560 redistis
2715 2506 2783 2561 ad
2808 2522 2916 2575 me,
2952 2508 3089 2564 dicit
3115 2510 3400 2567 Dominus.
3436 2513 3605 2570 Idcir-

1997 2609 2063 2652 co
2094 2597 2211 2653 liaac
2240 2596 2436 2653 faciam
2484 2599 2603 2667 tibi,
2638 2615 2671 2653 ο
2710 2600 2899 2668 Israel,
2934 2607 3113 2675 utqui
3148 2608 3421 2676 praeterita
3469 2624 3602 2665 con-

1997 2688 2501 2759 tempsisti,saltem
2525 2690 2591 2747 ad
2616 2707 2680 2747 ea
2709 2708 2831 2763 qua!
2851 2695 3101 2752 illaturus
3115 2714 3259 2766 sum,
3281 2701 3596 2772 corrigaris.

1995 2780 2247 2854 Cumque
2276 2783 2502 2853 dixerit,
2546 2785 2656 2840 huic
2693 2789 2888 2858 faciam
2920 2790 3033 2857 tibi,
3077 2792 3207 2863 quid
3240 2792 3486 2850 facturus
3526 2798 3600 2851 sit

1997 2885 2166 2947 tacet,
2217 2891 2239 2919 ε
2276 2890 2335 2935 ut
2374 2881 2506 2937 dum
2553 2882 2621 2937 ad
2643 2882 2858 2954 singula
2892 2902 3176 2955 poenarum
3208 2905 3407 2959 genera
3438 2891 3600 2947 lsracl

1999 2973 2203 3044 pendet
2250 2974 2494 3031 incertus
2535 2976 2678 3047 (qua:
2710 2977 2871 3049 279
2910 2978 3033 3034 ideo
3068 2982 3405 3037 terribiliora
3452 2996 3599 3052 sunt,

1999 3069 2126 3141 quia
2146 3071 2332 3125 omnia
2362 3070 2758 3142 suspicantur),
2778 3081 2903 3144 agat
2931 3075 3309 3145 paenitentiam
3329 3094 3341 3129 :
3359 3093 3426 3133 nc
3460 3078 3605 3134 Deus

1996 3161 2195 3218 inierat
2234 3179 2355 3234 quae
2406 3165 2665 3220 minatur.
2710 3165 3005 3237 Postquam
3048 3178 3229 3224 autem
3272 3169 3461 3226 fecero
3506 3173 3599 3227 tibi

286 3256 482 3314 Israel.
514 3258 859 3329 Rursumque
885 3257 942 3314 in
966 3273 1035 3315 eo
1066 3258 1186 3314 loco
1210 3259 1299 3315 ubi
1329 3258 1686 3330 Septuaginta
1716 3268 1892 3313 trans—
1918 3254 1964 3318 C
1997 3270 2118 3326 qua:
2150 3271 2239 3311 me
2268 3255 2536 3313 iacturum
2570 3272 2692 3314 esse
2722 3269 3028 3329 contestor,
3068 3276 3382 3331 praeparare
3424 3263 3489 3317 ad
3522 3264 3606 3319 in-

288 3352 548 3422 tulerunt,
581 3370 880 3425 praeparare
908 3362 965 3407 ut
1013 3354 1216 3409 invocas
1259 3351 1431 3407 Deunt
1476 3363 1643 3419 tuum,
1687 3361 1742 3409 et
1790 3366 1891 3407 nos

286 3446 442 3517 juxm
469 3447 908 3504 Theodotionem
941 3447 1252 3517 posuimus,
1290 3462 1591 3519 pra'parare
1619 3449 1673 3500 in
1704 3461 1890 3501 occur-

292 3556 408 3595 sum
438 3539 534 3595 Dei
564 3542 660 3608 tui,
691 3541 1051 3613 Symmachus
1080 3549 1136 3595 et
1160 3540 1361 3607 Quinta
1387 3538 1571 3595 Editio
1597 3539 1893 3595 transtule-

288 3645 439 3703 runt,
462 3653 758 3709 praeparare
786 3647 842 3690 ut
864 3635 1155 3690 adrerseris
1173 3635 1286 3691 Deo
1314 3646 1399 3690 tuo
1420 3653 1439 3691 :
1459 3634 1600 3705 quqd
1625 3632 1893 3690 Hebraice

289 3729 511 3798 dicitur,
530 3746 726 3787 aecum
742 3740 767 3768 ⁸
782 3746 1064 3786 ιλοειιλτιι
1081 3745 1271 3787 ειοιελ
1291 3712 1486 3812 (19.158
1511 3712 1710 3818 nmpb
1727 3728 1864 3815 V3.1)
1876 3769 1889 3781 .

287 3820 399 3877 Pro
434 3824 713 3879 montibus
760 3837 980 3892 quoque
1030 3822 1122 3891 qui
1154 3821 1425 3877 ilebraice
1463 3820 1721 3876 dicuntur
1750 3822 1892 3875 Anni

287 3915 504 3989 (man),
540 3917 641 3971 soli
688 3914 1046 3987 Septuaginta
1088 3916 1323 3992 βροντὴν,
1359 3915 1412 3970 id
1456 3924 1561 3980 est,
1608 3915 1892 3968 tonitruum

287 4017 601 4064 verterunt.
631 4008 743 4065 Cur
771 4017 960 4065 autem
993 4009 1074 4064 illi
1102 4010 1367 4079 spiritum,
1392 4018 1445 4065 et
1472 4022 1572 4064 nos
1593 4008 1895 4065 dixerimus

285 4110 519 4169 ventum,
554 4101 647 4173 qui
680 4101 945 4157 llebraice
976 4111 1202 4158 vocatur
1232 4117 1334 4159 nus
1366 4103 1527 4173 (m1),
1570 4117 1739 4158 causa
1770 4117 1890 4157 ma-

288 4194 488 4250 nifesta
512 4202 618 4261 est,
642 4195 810 4268 278
838 4195 964 4266 quia
983 4193 1089 4251 hoc
1110 4196 1282 4251 verbo
1308 4204 1362 4251 et
1389 4204 1566 4250 ventus
1592 4204 1646 4250 et
1677 4194 1892 4266 spiritus

290 4289 623 4360 appellatur.
646 4290 916 4362 Quodque
936 4291 1199 4362 sequitur,
1224 4292 1546 4345 annuntians
1568 4290 1767 4345 homini
1784 4290 1893 4345 elo-

289 4385 467 4454 quium
485 4402 657 4449 suum,
674 4387 887 4442 cunctis
906 4387 977 4441 ita
1000 4396 1056 4441 ut
1079 4403 1179 4443 nos
1194 4388 1463 4443 vertimus
1483 4387 1894 4458 interpretanti-

290 4475 410 4542 bus,
435 4480 533 4533 soli
550 4479 1345 4551 Septuagintatranstulerunt,
1378 4482 1698 4536 annuntians
1726 4481 1780 4535 in
1800 4481 1894 4535 ho-

290 4572 451 4625 mines
469 4569 731 4626 Christum
747 4588 922 4629 suum:
935 4574 1085 4629 verbi
1102 4573 1460 4630 similitudine
1473 4574 1893 4644 etantbiguitate

1996 3348 2302 3404 vocandum
2337 3350 2628 3406 Dominum
2662 3351 2831 3406 Deum
2883 3362 3055 3408 tuum.
3100 3352 3292 3410 Omnis
3335 3355 3481 3411 enim
3512 3359 3603 3425 qui

1997 3439 2338 3497 invocaverit
2360 3456 2560 3498 nomen
2590 3442 2827 3511 Domini,
2859 3444 3043 3500 salvus
3064 3446 3175 3500 erit
3203 3443 3366 3517 (Jocl.
3402 3445 3484 3519 ιι).
3516 3448 3603 3505 Si-

1996 3551 2061 3591 ve
2083 3550 2396 3607 praeparare
2425 3538 2478 3592 in
2521 3552 2813 3593 occursum
2848 3538 2942 3594 Dei
2972 3540 3070 3609 tui,
3100 3548 3160 3594 ut
3194 3542 3507 3598 venientem
3533 3544 3601 3599 ad

1998 3638 2051 3684 te
2083 3628 2397 3698 Dominum,
2444 3640 2559 3686 tota
2609 3630 2873 3686 aviditate
2923 3631 3212 3702 suscipias.
3266 3633 3373 3689 lste
3401 3636 3601 3704 estqui

1997 3723 2178 3778 ﬁrmat
2202 3723 2524 3793 tonitruum,
2572 3723 2687 3779 sive
2714 3733 2929 3780 montes
2957 3724 2985 3760 εί
3007 3725 3319 3793 conﬁrmat,
3353 3725 3419 3781 ad
3447 3726 3601 3797 cujus

1995 3823 2187 3872 vocem
2215 3817 2482 3873 cmlorum
2506 3816 2763 3872 cardines
2801 3828 2855 3874 et
2897 3827 3058 3874 terra!
3089 3819 3444 3875 fundamenta
3469 3835 3598 3890 qua-

1995 3911 2207 3967 tiuntur
2233 3908 2402 3982 (Eccl.
2438 3909 2577 3982 xvi).
2610 3910 2717 3967 Iste
2745 3912 2836 3981 qui
2868 3921 3017 3967 creat
3041 3911 3320 3982 Spiritum,
3353 3927 3516 3983 quem
3546 3913 3598 3968 in

1996 4002 2100 4060 hoc
2121 4005 2242 4061 loco
2268 4019 2381 4059 non
2431 4002 2695 4075 Spiritum
2727 4014 3000 4073 sanctum,
3036 4015 3095 4061 ut
3146 4006 3391 4062 haeretici
3423 4008 3600 4078 suspi-

1995 4106 2215 4167 cantur;
2251 4099 2348 4154 sed
2376 4108 2597 4154 ventum
2632 4099 3019 4172 intelligimus,
3063 4101 3181 4157 sive
3210 4100 3464 4172 spiritum
3498 4102 3600 4157 ho-

1994 4192 2162 4248 minis
2196 4211 2207 4247 ε
2234 4193 2361 4264 quia
2388 4209 2550 4251 nemo
2576 4194 2680 4251 scit
2701 4211 2823 4267 quae
2846 4205 2974 4257 sunt
3004 4196 3055 4251 in
3082 4195 3330 4264 homine,
3360 4199 3463 4255 nisi
3494 4200 3604 4269 spi-

1994 4289 2139 4345 ritus
2164 4289 2257 4361 qui
2283 4300 2370 4346 est
2415 4290 2468 4346 in
2499 4305 2599 4357 eo;
2633 4300 2687 4346 et
2736 4291 2857 4362 ipse
2886 4291 3112 4361 spiritus
3153 4291 3469 4362 interpellat
3503 4309 3603 4360 pro

1997 4384 2158 4440 nobis
2195 4384 2493 4455 gemitibus
2522 4384 2892 4440 inell'abilibus
2924 4384 3103 4454 (Rom.
3135 4385 3276 4457 vui).
3322 4384 3422 4440 Vel
3453 4396 3604 4442 certe

1996 4476 2275 4547 spiritum,
2322 4477 2566 4531 animam
2622 4476 2894 4533 debemus
2945 4478 3194 4545 accipere
3224 4521 3238 4543 ,
3298 4479 3599 4534 secundum

1998 4571 2133 4625 illud
2162 4571 2308 4641 quod
2339 4570 2603 4641 scriptum
2633 4578 2716 4624 est
2747 4586 2761 4624 :
2796 4570 3014 4640 Auferes
3039 4570 3281 4641 spiritum
3315 4588 3511 4640 eorum,
3554 4584 3603 4628 et

290 4665 525 4736 decepti.
556 4667 613 4724 Si
638 4669 783 4723 enim
819 4668 1062 4739 legamus
1092 4668 1357 4724 Christum
1399 4687 1573 4735 suum,
1606 4670 1751 4739 quod
1790 4669 1894 4726 lle-

2004 4665 2263 4734 deficient,
2294 4672 2344 4717 et
2390 4664 2443 4716 in
2482 4662 2745 4733 pulverem
2791 4677 2942 4716 suum
2965 4672 3282 4717 revertentur
3314 4663 3431 4735 (Ps.
3462 4681 3555 4721 cm
3584 4707 3598 4731 ,

236 4786 239 4787 ν
288 4761 474 4817 braicc
492 4763 693 4817 dicitur
714 4763 1435 4835 MESSIo(Tum),scribitur
1450 4779 1546 4834 per
1564 4765 1660 4819 has
1684 4765 1895 4820 litteras

290 4870 426 4922 usu,
442 4870 544 4923 sm,
570 4871 674 4924 που,
694 4872 859 4922 mare,
879 4866 935 4912 et
952 4871 1076 4924 vsu,
1104 4857 1242 4926 quod
1259 4856 1401 4911 LXX
1427 4864 1773 4927 putaverunt.
1799 4857 1892 4911 Sin

291 4958 473 5004 autem
506 4960 565 5004 ut
593 4951 644 5005 in
680 4950 907 5006 Hebraeo
931 4959 1035 5014 est,
1057 4950 1211 5018 juxta
1246 4950 1494 5019 Aquilam
1528 4948 1554 4988 δ
1584 4956 1676 5010 τὴν
1697 4949 1894 5024 ὁμιλίαν

290 5043 444 5098 αὐτοῦ
477 5059 489 5094 :
527 5043 679 5111 juxta
722 5042 1111 5114 Symmachum
1156 5044 1214 5101 τὸ
1242 5046 1454 5118 φώνημα
1496 5045 1653 5100 αὐτοῦ
1686 5060 1700 5098 :
1740 5044 1893 5113 juxta

292 5134 746 5202 Theodotioncm,
790 5138 875 5193 τὸν
905 5133 1051 5210 λόγον
1080 5138 1237 5194 αὐτοῦ
1271 5156 1283 5193 :
1316 5137 1469 5209 juxta
1500 5139 1746 5207 quintam
1775 5137 1897 5193 edi-

294 5224 497 5281 tionem
525 5233 616 5288 τὴν
636 5227 957 5302 ἀδολεσχίαν
988 5232 1166 5296 αὐτοῦ,
1192 5245 1313 5300 qum
1331 5230 1514 5284 omnia
1532 5230 1902 5300 interpretan-

294 5326 401 5387 tur,
426 5321 573 5391 quod
598 5322 671 5377 sit
688 5322 953 5392 eloquium
967 5327 1100 5397 ejus,
1118 5323 1419 5379 hislitteris
1445 5324 1739 5394 scribetur,
1765 5341 1898 5393 usu,

304 5534 316 5545 ‘
353 5469 395 5587 (ἴ
423 5461 696 5518 llodierna
726 5462 993 5521 Hebraica
1021 5464 1359 5537 exemplaria
1382 5474 1502 5557 pan
1526 5478 1649 5520 cum
1678 5482 1777 5520 rau
1799 5480 1898 5537 pro

304 5549 348 5587 ιο
399 5572 411 5586 .

297 5549 411 5589 2οη.

365 5603 393 5643 δ
411 5605 1053 5684 insinuatCisterciensis
1070 5626 1179 5684 ms.
1192 5608 1354 5665 lectio
1378 5608 1590 5684 is_th_:ec,
1606 5611 1685 5673 τίς
1704 5607 1901 5684 ὁμιλίας

294 5678 480 5745 αὑτοῦ,
520 5679 857 5750 νειγὲαυτοῦ,
902 5689 965 5735 ut
1006 5683 1064 5736 in
1094 5682 1216 5737 aliis
1254 5691 1339 5736 est
1378 5680 1557 5750 libris,
1602 5678 1905 5738 rectissime

297 5764 465 5824 posse
496 5749 712 5824 Aquila;
739 5751 1243 5822 interpretationem
1271 5753 1347 5807 ita
1386 5751 1600 5809 restitui
1629 5755 1709 5816 τίς
1733 5756 1763 5814 ἠ
1791 5753 1905 5824 ὁμι-

296 5821 376 5883 λία
415 5823 597 5895 αὐτοῦ,
629 5822 718 5881 vel
763 5821 971 5889 εαυτὸῦ,
1001 5841 1115 5895 qua:
1142 5826 1464 5882 conversatio
1496 5827 1625 5882 tua?
1667 5826 1734 5884 Et
1776 5821 1907 5882 vero

758 5918 1035 5979 Prmon.
1084 5916 1291 5983 XXV.

2002 4759 2117 4829 i9).
2154 4759 2221 4813 Et
2256 4776 2269 4814 :
2304 4756 2487 4823 Pater,
2532 4757 2585 4810 in
2624 4773 2807 4813 manus
2854 4767 2969 4811 tuas
3014 4760 3318 4815 commendo
3358 4762 3601 4833 spiritum

2001 4868 2192 4920 meum,
2211 4860 2256 4905 et
2270 4850 2367 4905 hoc
2379 4851 2553 4905 dicens
2564 4851 2842 4923 exspiravit
2869 4850 3025 4923 (Luc.
3043 4866 3196 4918 χχιιι,
3216 4852 3329 4923 46).
3355 4851 3603 4923 Cumque

2000 4944 2275 5000 creaverit
2305 4942 2585 5013 spiritum,
2632 4945 2920 4999 annuntiat
2965 4945 3281 5001 hominibus
3325 4946 3598 5016 eloquium

2001 5054 2185 5107 suum,
2246 5039 2364 5093 sive
2413 5038 2705 5093 annuntiat
2749 5038 2957 5095 homini
2986 5041 3268 5110 eloquium
3326 5041 3469 5109 ejus,
3509 5041 3601 5111 qui

2000 5132 2393 5203 cogitationum
2437 5140 2648 5188 secreta
2690 5134 2993 5203 cognoscit,
3044 5133 3254 5204 etquid
3288 5134 3463 5188 latens
3486 5134 3605 5189 ani-

1999 5244 2120 5284 mus
2154 5228 2319 5284 tacito
2376 5242 2631 5283 sermone
2679 5235 2900 5295 tractet,
2933 5227 3211 5298 intelligit,
3265 5228 3422 5298 juxta
3469 5227 3603 5283 illud

1999 5322 2146 5395 quod
2196 5324 2251 5377 in
2295 5320 2534 5379 Ieremia
2586 5322 2890 5379 secundum
2946 5322 3279 5379 liebraicum
3332 5324 3610 5393 legimus:

2003 5463 2251 5520 Romana
2275 5471 2376 5549 τῶν
2416 5461 2559 5549 LXIX
2584 5464 2759 5549 editio
2780 5466 2860 5549 sic
2893 5466 3088 5549 melius
3121 5482 3284 5538 quam
3308 5468 3451 5539 apud
3477 5470 3607 5528 Hie-

2007 5551 2321 5608 ronymum,
2346 5536 2558 5607 Aquilae
2588 5537 2757 5595 verba
2781 5536 2899 5607 ipsa
2930 5536 3153 5594 recitat;
3343 5536 3361 5539 “

2084 5619 2106 5648 ο
2149 5609 2355 5665 Confer
2376 5609 2649 5681 eum,_gqui
2676 5607 2907 5665 Ruﬁnus
2938 5608 3108 5681 audit,
3141 5619 3194 5667 et
3226 5612 3284 5669 S.
3314 5612 3497 5672 Patris
3523 5629 3620 5673 ex-

2013 5681 2340 5751 positionem
2370 5679 2643 5751 suggillet.

2088 5750 2113 5790 ἀ
2155 5749 2492 5809 intersernnt
2519 5750 2607 5805 hic
2637 5749 2745 5807 duo
2777 5767 2910 5809 mss.
2942 5771 3121 5828 argue.

3178 5922 3255 5985 33
