4100 6336
522 254 661 315 1055

1772 253 1828 310 S.
1873 251 2145 311 EUSEBII
2188 251 2577 317 HIEBONYMI

3681 261 3824 323 1036

518 372 753 429 Parvum
780 384 857 428 est
883 385 971 429 cor
1004 368 1230 425 hominis
1264 366 1373 442 [AL
1406 368 1637 432 ninnium
1666 378 1720 425 et
1750 369 2040 442 hominum]
2069 379 2116 424 et
2145 376 2192 433 Α
2223 368 2379 443 (Cap.
2426 370 2485 423 ν.
2512 399 2583 408 --
2608 367 2741 425 Vers
2772 385 2820 437 ι,
2846 367 2926 441 2).
2958 370 3149 427 Audite
3202 374 3409 433 verbum
3455 370 3632 442 istud,
3682 378 3819 444 quod

514 465 869 533 inscrutabile,
898 465 1014 536 quis
1044 472 1317 537 cognoscet
1348 461 1520 517 illud?
1547 461 1660 535 Ego
1689 462 1943 517 Dominus
1974 480 2120 518 scru-

518 569 632 621 tans
656 576 766 625 cor,
799 566 845 613 et
879 557 1104 631 probans
1128 574 1273 611 renes
1305 554 1441 626 (Jer.
1480 573 1616 627 xvtt,
1646 556 1701 623 9,
1730 558 1840 628 10).
1876 556 2030 627 Quod
2064 566 2118 614 et

519 652 575 708 in
603 650 904 709 centesimo
929 650 1205 707 tricesimo
1232 658 1425 707 octavo
1453 650 1667 720 psalmo.
1696 650 1975 721 Scriptura
2010 659 2117 707 tes-

520 756 703 803 tatur:
738 744 1120 817 Imperfectum
1146 761 1319 800 meum
1346 744 1582 805 viderunt
1612 744 1749 799 oculi
1792 746 1891 800 tui.
1940 746 2003 800 Et
2032 756 2117 803 est

514 855 711 897 sensus
742 858 754 895 :
784 839 1093 910 Antequam
1120 838 1408 903 conderer,
1442 839 1757 910 priusquam
1780 838 2118 897 deformarer

513 934 570 1001 in
595 934 863 1000 membra,
896 932 1025 989 dum
1055 933 1235 995 adhuc
1267 934 1323 987 in
1356 933 1569 989 semine
1600 934 1935 998 continerer,
1970 933 2118 989 vide-

515 1040 645 1095 runt
675 1046 763 1086 me
806 1030 949 1087 oculi
995 1030 1092 1087 lui.
1143 1030 1206 1085 Et
1251 1028 1523 1086 Jeremias
1557 1030 1708 1093 audit
1754 1046 1787 1091 a
1840 1030 2115 1089 Domino:

515 1121 834 1193 Priusquam
860 1132 907 1179 te
936 1123 1220 1194 formarem
1260 1124 1311 1177 in
1337 1133 1500 1189 utero,
1526 1125 1643 1179 novi
1666 1134 1735 1189 te,
1765 1134 1808 1179 et
1839 1133 2118 1193 antequam

513 1220 682 1274 exires
714 1218 779 1271 de
808 1216 983 1280 vulva,
1008 1218 1331 1287 sanctiﬁcavi
1360 1227 1427 1283 te,
1458 1229 1501 1273 et
1533 1218 1836 1289 protr/telam
1876 1221 1929 1272 in
1954 1220 2117 1289 genti-

517 1314 611 1373 bus
639 1314 790 1385 posui
820 1322 867 1368 te
907 1311 1120 1385 (Jerem.
1160 1329 1199 1379 ι,
1238 1311 1315 1383 5).
1363 1312 1429 1369 Et
1477 1314 1811 1384 evangelista
1850 1330 1861 1368 :
1901 1312 2112 1381 Videas,

513 1405 613 1473 ait,
635 1405 889 1461 Dominus
913 1406 1250 1476 cogitationes
1272 1422 1450 1459 eorum
1476 1404 1629 1477 (Luc.
1662 1423 1737 1473 x1,
1764 1407 1872 1476 17).
1902 1405 1997 1462 Sin
2021 1422 2119 1461 au-

512 1507 620 1555 tem
669 1499 979 1569 legerimus,
1032 1497 1350 1553 annuntians
1397 1498 1595 1552 homini
1639 1499 1898 1567 eloquium
1940 1515 2113 1567 suum,

504 1593 659 1665 juxta
690 1595 943 1665 superius
969 1594 1173 1651 dictant
1199 1593 1605 1664 accipiendum,
1635 1593 1687 1649 in
1716 1608 1821 1663 quo
1849 1594 1925 1649 ait
1951 1614 1962 1649 ε
1992 1594 2118 1649 Non

512 1688 669 1757 faciet
703 1687 955 1745 Dominus
983 1687 1126 1743 Deus
1152 1688 1383 1754 verbum,
1414 1688 1515 1741 nisi
1542 1687 1839 1747 revelaverit
1866 1696 2115 1744 secretum

2222 458 2330 534 [AL
2360 464 2484 533 quo]
2512 478 2603 532 ego
2635 463 2745 516 levo
2776 479 2933 529 super
2963 482 3047 519 vos
3093 468 3379 537 planctum.
3416 467 3616 527 Domus
3647 468 3819 524 Israel

2220 554 2382 626 281
2420 555 2603 608 cecidit
2640 570 2788 610 :non
2825 558 3038 627 adjiciet
3073 568 3123 613 ut
3163 570 3420 634 resurgat.
3466 561 3626 632 Virgo
3651 559 3818 615 Isral

2220 650 2453 718 projecta
2483 657 2556 702 est
2584 649 2639 702 in
2669 660 2858 703 terram
2889 666 3056 718 suam,
3088 669 3191 708 non
3222 664 3296 707 cst
3326 654 3415 721 qui
3440 655 3654 709 suscitet
3682 670 3814 708 eam.

2220 739 2365 795 LXX
2396 758 2409 795 :
2441 742 2631 797 Audite
2661 744 2866 798 verbum
2897 744 3060 809 istud,
3082 748 3221 816 quod
3254 766 3343 819 ego
3371 764 3633 809 assumant
3661 766 3818 818 super

2219 849 2307 887 vos
2339 834 2623 904 planctum.
2664 833 2866 897 Domus
2899 835 3068 895 Israel
3092 841 3301 908 cecidit,
3329 858 3435 903 non,
3457 842 3673 912 adjiciet
3699 859 3815 895 am-

2222 927 2359 994 plius
2390 940 2443 981 ut
2472 939 2730 1000 resurgat.
2786 927 2941 1002 Virgo
2966 928 3137 987 Israel
3157 934 3387 1005 projecta
3408 943 3482 990 est
3517 951 3671 1005 sapor
3716 944 3819 989 ter-

2220 1036 2332 1073 ram
2358 1037 2527 1087 suam,
2563 1037 2663 1076 non
2695 1030 2769 1076 est
2793 1023 2882 1094 qui
2907 1026 3121 1080 suscitet
3148 1042 3281 1080 eam.
3316 1027 3591 1099 Quantum
3623 1028 3689 1082 ad
3724 1043 3815 1084 0r—

2219 1112 2401 1173 dinem
2422 1114 2617 1169 littera:
2637 1117 2875 1187 pertinet
2901 1125 3204 1189 etcoeptam
3234 1118 3482 1183 historiae
3508 1122 3817 1189 veritatem,

2221 1206 2406 1262 decem
2443 1210 2637 1275 tribus,
2664 1225 2787 1280 qua:
2809 1211 3155 1280 appellantur
3188 1213 3375 1277 Israel,
3404 1214 3582 1270 ducta)
3612 1215 3664 1269 in
3692 1231 3818 1284 cap-

2224 1300 2514 1367 tivitatem,
2553 1316 2895 1371 nequaquam
2934 1300 2987 1357 in
3023 1313 3229 1358 terram
3268 1319 3423 1359 suum
3468 1316 3655 1375 postea
3694 1316 3820 1361 sunt

2221 1407 2483 1447 reversae.
2520 1392 2687 1464 Virgo
2732 1402 2914 1449 autem
2946 1396 3255 1464 appellatur
3308 1398 3544 1477 populus
3596 1398 3763 1455 lsrael
3800 1416 3813 1454 :

2221 1499 2327 1539 non
2369 1484 2495 1555 quia
2546 1485 2597 1539 in
2636 1487 2964 1557 virginitatis
3011 1492 3381 1557 permanserit
3425 1492 3684 1561 puritate,
3724 1493 3817 1551 sed

2220 1577 2344 1646 quia
2376 1576 2651 1645 quondam
2684 1578 2853 1632 inStar
2898 1580 3125 1650 virginis
3151 1582 3223 1635 sit
3254 1582 3482 1637 Domino
3509 1583 3817 1653 copulatus.

2222 1668 2379 1725 Unde
2411 1680 2464 1726 et
2494 1672 2768 1740 planctum
2798 1686 2961 1745 snper
2988 1688 3109 1729 eum
3136 1676 3397 1745 propheta
3426 1678 3820 1745 jubeturassu-

511 1796 662 1839 suum
688 1782 846 1839 servis
878 1781 986 1834 suis
1017 1781 1284 1852 prophetis
1317 1779 1544 1852 (Supra,
1576 1796 1655 1846 Ill,
1693 1779 1769 1852 7).
1804 1780 1908 1846 Qui
1936 1792 2102 1836 auten~

2222 1779 2397 1831 mere,
2451 1764 2595 1835 (ιιιοά
2656 1782 3001 1838 nequaquam
3058 1768 3113 1823 in
3165 1770 3452 1845 antiquum
3504 1774 3820 1829 restituatur

510 1873 799 1935 annuntiat
841 1874 1205 1943 cogitetiones
1256 1872 1517 1937 hominis,
1567 1880 1622 1929 et
1665 1872 1941 1941 eloquium
1973 1874 2111 1941 ejus,

509 1965 627 2021 sive
655 1980 837 2031 suum,
872 1965 990 2035 ipse
1020 1974 1103 2020 est
1133 1965 1222 2039 qui
1248 1948 1385 2019 facit
1408 1980 1663 2019 auroram
1695 1973 1751 2020 et
1777 1966 1943 2041 280
1971 1965 2115 2020 dilu-

507 2057 715 2123 culum,
749 2065 804 2113 et
832 2059 1072 2128 complet
1101 2057 1333 2113 nubibus
1364 2057 1570 2123 omnia,
1606 2068 1661 2115 et
1688 2058 1933 2130 graditur
1954 2073 2117 2128 super

509 2151 727 2211 excelsa
752 2160 1039 2215 terrarum;
1066 2149 1220 2219 cujus
1236 2165 1434 2209 nomen
1451 2159 1537 2215 est
1551 2150 1812 2209 Dominus
1837 2152 1975 2206 Deus
1998 2166 2116 2206 om-

508 2244 782 2312 nipotens.
818 2244 925 2299 Pro
952 2244 1141 2313 quoin
1175 2252 1201 2279 α
1235 2243 1597 2313 Septuaginta
1625 2243 1823 2315 legitur
1859 2244 2115 2301 :Annun-

509 2338 646 2391 tinus
674 2337 726 2390 in
759 2337 993 2391 homines
1025 2335 1294 2392 Christum
1321 2354 1475 2397 suum
1508 2353 1524 2388 :
1559 2336 1662 2392 sub
1690 2353 1795 2407 qua
1826 2339 2117 2395 occasiOnc

512 2430 782 2497 haeretici,
828 2431 1099 2501 Spiritum
1140 2440 1389 2486 sanctum
1430 2438 1675 2489 creatum
1709 2432 1897 2487 volunt
1926 2431 2116 2495 ordine

505 2538 565 2579 se
591 2534 772 2591 Luente
805 2542 816 2578 :
849 2538 1043 2579 creans
1075 2524 1353 2594 spiritum.
1398 2533 1454 2579 et
1482 2523 1817 2589 annuntians
1850 2526 1907 2581 in
1931 2526 2113 2582 homi-

505 2629 607 2681 nes
633 2614 915 2669 Christum
946 2630 1106 2670 suum
1144 2632 1154 2667 :
1191 2626 1247 2669 ut
1280 2615 1372 2670 ille
1402 2626 1621 2675 creatus
1653 2615 1746 2681 sit,
1778 2616 1865 2677 hic
1894 2632 2111 2675 annun-

504 2707 673 2771 tietur
698 2708 753 2765 iu
785 2708 1020 2777 pOpulis.
1054 2708 1262 2774 Quibus
1292 2707 1765 2779 respondebimus
1790 2709 1951 2777 juxta
1981 2725 2111 2775 seu:

503 2816 626 2857 sum
652 2816 867 2869 eorum,
891 2810 949 2857 et
980 2801 1261 2872 \‘ttlgatatn
1290 2801 1587 2865 editionem
1623 2819 1633 2854 ε
1660 2800 1758 2869 Qui
1784 2812 1998 2858 creator
2028 2813 2112 2863 est

504 2895 773 2962 omnium,
822 2905 875 2952 et
926 2895 1109 2950 ﬁrmat
1142 2895 1475 2963 tonitruum,
1512 2896 1627 2950 sive
1674 2894 1827 2969 lingit
1869 2906 2106 2963 montes,

502 2996 918 3058 consequenter
965 2987 1149 3047 educit
1204 2998 1401 3045 ventos
1433 2988 1501 3045 de
1547 2990 1823 3045 thesauris
1873 2992 2006 3056 suis,
2057 3002 2111 3047 et

499 3083 659 3153 quasi
689 3082 1066 3145 universitatis
1099 3083 1375 3143 conditor.
1410 3084 1606 3138 Filium
1639 3100 1797 3139 suum
1829 3084 2107 3143 Christum

2222 1858 2470 1927 gradum.
2506 1862 2776 1927 Quantum
2826 1876 2956 1915 vero
2984 1860 3050 1914 ad
3094 1860 3511 1934 intelligentiam
3570 1867 3822 1936 spiritua~

2221 1949 2327 2004 lem
2385 1968 2397 2003 :
2456 1952 2733 2017 planctum
2783 1968 2950 2022 super
2996 1968 3213 2010 omnem
3263 1956 3459 2025 Israel,
3507 1960 3600 2027 qui
3654 1960 3821 2015 Deum

2223 2052 2401 2099 mente
2423 2046 2705 2107 cernebat.
2729 2055 2783 2100 et
2808 2056 2995 2117 postea
3028 2047 3078 2102 ei
3111 2050 3319 2105 servire
3337 2050 3561 2120 desivit,
3595 2057 3823 2109 assumit

2223 2139 2515 2209 propheta,
2540 2140 2843 2196 secundum
2868 2142 3001 2197 illud
3034 2143 3178 2214 quod
3202 2145 3476 2200 Ezccltieli
3506 2149 3821 2218 principum:

2222 2232 2437 2305 (Ezech.
2465 2234 2547 2304 tt),
2573 2244 2629 2287 ut
2653 2235 2877 2290 devoret
2902 2236 3125 2303 librttm,
3154 2239 3206 2292 in
3236 2255 3346 2309 quo
3374 2241 3591 2303 etiutus
3616 2256 3669 2297 et
3691 2244 3819 2299 furis

2219 2330 2482 2398 scriptum
2526 2338 2646 2383 erat
2686 2328 3032 2399 lamentatio,
3082 2342 3135 2386 et
3162 2346 3407 2400 carmen,
3440 2344 3494 2395 et
3541 2350 3642 2390 va).
3674 2336 3821 2393 Intus

2221 2423 2464 2494 intelligo
2497 2424 2813 2479 Salomonis
2843 2425 3111 2481 canticum
3143 2442 3402 2497 sequens,
3436 2429 3527 2497 qui
3577 2434 3651 2485 ait
3683 2450 3694 2484 :
3728 2430 3820 2485 In-

2220 2515 2452 2573 troduxit
2490 2534 2567 2570 me
2595 2535 2687 2571 rea:
2727 2520 2778 2572 in
2818 2519 3111 2573 cubiculum
3161 2538 3313 2585 suum
3350 2506 3530 2589 (Cant.
3580 2541 3618 2587 ι,
3649 2526 3725 2596 5).
3760 2528 3821 2583 Et

2216 2606 2695 2687 quadragesimum
2725 2624 2978 2693 quartum
3015 2616 3306 2683 psalmum,
3341 2618 3395 2670 in
3427 2633 3536 2687 quo
3559 2621 3817 2689 scriptum

2216 2715 2299 2760 est
2336 2723 2346 2757 ε
2382 2705 2564 2771 Omnis
2608 2708 2780 2780 gloria
2825 2708 2953 2778 ﬁliae
2992 2712 3127 2779 regis
3159 2710 3491 2766 intrinsecus.
3529 2713 3686 2768 Foris
3717 2730 3813 2771 au-

2218 2810 2326 2855 tem
2368 2810 2452 2856 est
2481 2801 2744 2871 quidquid
2795 2804 2847 2857 in
2892 2802 3079 2867 littera
3126 2803 3350 2876 legitur,
3403 2816 3459 2861 et
3509 2806 3724 2863 videtur
3763 2811 3815 2871 in

2214 2897 2439 2962 cortice,
2474 2906 2528 2952 et
2562 2898 2613 2951 in
2652 2896 2889 2953 medulla
2922 2897 3150 2968 spiritus
3202 2914 3308 2953 non
3357 2909 3593 2956 tenetur.
3630 2902 3812 2973 Itaque

2214 2993 2440 3061 etjuxta
2476 2994 2743 3061 litteram,
2780 3005 2841 3055 ct
2869 2997 3023 3063 juxta
3054 2997 3440 3066 tropologiam,
3470 2999 3524 3053 in
3558 3001 3813 3065 omnibus

2217 3087 2608 3156 prophetarum
2651 3088 2806 3151 libris
2836 3089 3074 3157 scriptus
3107 3101 3190 3153 est
3238 3092 3491 3159 planctus
3523 3108 3688 3163 super
3719 3109 3813 3151 eos

498 3174 814 3231 hominibus
859 3176 1214 3247 repromittit.
1270 3176 1564 3245 Postquam
1627 3185 1807 3233 autem
1858 3177 2106 3236 Christus
2136 3182 2185 3249 C
2213 3181 2301 3253 qui
2331 3188 2453 3248 post
2481 3192 2703 3250 peccata
2733 3190 2903 3252 agunt
2932 3185 3313 3252 paenitentiam
3343 3204 3354 3238 :
3386 3187 3621 3243 Carmen
3650 3204 3811 3259 suprr

498 3269 664 3337 luerit
690 3272 997 3339 nuntiatus,
1022 3279 1155 3325 tunc
1177 3270 1337 3335 nobis
1361 3271 1610 3327 veritatis
1630 3272 1813 3329 lumen
1837 3275 2101 3345 aperitur,

498 3382 607 3431 non
640 3365 707 3421 ad
740 3366 1075 3437 perkctum;
1115 3366 1242 3439 quia
1270 3382 1415 3423 nunc
1455 3383 1523 3422 ex
1558 3376 1715 3439 parte
1748 3368 2014 3436 videmus,
2048 3378 2104 3427 et

497 3476 565 3527 ex
597 3468 749 3530 parte
780 3460 1185 3529 cognoscimus,
1212 3469 1265 3515 et
1291 3474 1385 3528 per
1415 3461 1698 3528 Speculum
1727 3469 1781 3514 et
1811 3462 2101 3532 imaginem

494 3569 559 3610 ea
603 3570 724 3625 quae
773 3562 1007 3613 ventura
1038 3564 1190 3621 sunt,
1239 3553 1678 3625 contemplamur
1712 3553 1757 3616 (1,
1786 3551 1906 3608 Cor.
1942 3554 2097 3624 xm).

499 3646 654 3703 Unde
676 3648 925 3717 sequitur
948 3664 959 3700 :
984 3647 1183 3714 faciens
1208 3663 1358 3700 tuane
1386 3656 1433 3699 et
1456 3646 1721 3711 nebulam,
1748 3656 1797 3699 et
1818 3647 2101 3705 ascendens

492 3759 647 3811 super
676 3743 876 3797 excelsa
900 3753 1074 3797 terrte.
1096 3742 1362 3805 EXCelsus
1387 3742 1530 3797 enim
1557 3745 1610 3796 in
1635 3743 1867 3797 e\celsis
1887 3751 1971 3797 est
1999 3744 2099 3798 [)0-

492 3839 699 3903 minus,
725 3846 779 3895 et
803 3855 911 3893 non
933 3838 1140 3897 habitat
1172 3840 1227 3899 in
1252 3838 1579 3904 humilibus,
1606 3840 1696 3909 qui
1713 3840 1971 3895 excelsus
1992 3851 2093 3905 est;

492 3932 587 3991 sed
619 3942 840 3993 creator
871 3936 1139 3993 montium
1170 3933 1423 3993 ascendit
1454 3933 1505 3987 in
1536 3943 1776 4000 montes,
1808 3933 1867 3995 in,
1893 3933 1978 3991 his
2004 3934 2097 4004 qui

493 4024 889 4095 municipatum
918 4027 1119 4087 habent
1145 4027 1201 4089 in
1233 4026 1580 4092 coelestibus,
1610 4036 1666 4081 et
1695 4026 1746 4079 in
1778 4041 1945 4083 carne
1978 4044 2096 4091 am-

491 4122 750 4177 bulantes
789 4136 895 4177 non
928 4120 1117 4175 vivunt
1152 4120 1456 4201 sequndum
1490 4136 1730 4181 carnem,
1764 4121 1859 4175 sed
1890 4136 2094 4177 secun-

489 4215 617 4275 dum
649 4215 923 4287 spiritum.
954 4215 1110 4284 Quod
1143 4215 1193 4271 si
1234 4216 1387 4283 juxta
1422 4216 1809 4285 Symmachum
1844 4226 1900 4271 et
1927 4218 2097 4287 Aqui-

489 4309 598 4363 lam
640 4307 947 4378 legerimus,
985 4326 997 4361 :
1034 4309 1141 4363 Ita’c
1190 4308 1381 4377 facium
1430 4309 1541 4371 tibi,
1576 4306 1768 4374 Israel,
1814 4322 2012 4382 postea,
2046 4321 2095 4365 et

490 4419 605 4457 cum
647 4403 755 4458 lucc
785 4407 954 4471 fecero
983 4402 1101 4467 tibi,
1133 4402 1162 4442 ι)
1192 4419 1433 4474 praepara
1479 4414 1526 4457 te
1553 4403 1818 4458 adversari
1848 4403 1957 4459 Deo
1981 4416 2092 4472 tuo,

490 4498 569 4552 sic
601 4497 1019 4568 intelligendum
1059 4506 1144 4551 cst
1178 4515 1189 4550 :
1226 4495 1351 4552 Feci
1386 4505 1445 4551 ut
1478 4505 1529 4553 te
1562 4497 1919 4568 corrigerem,
1968 4515 2089 4569 qur.

2212 3272 2337 3326 illos
2372 3274 2462 3355 qui
2507 3275 2653 3329 nulla
2700 3287 3048 3346 peccatorum
3081 3280 3243 3333 sorde
3289 3281 3567 3345 maculati,
3597 3285 3811 3339 cantico

2206 3376 2260 3420 et
2294 3366 2458 3427 laude
2499 3378 2627 3421 sunt
2654 3368 2803 3439 digni
2841 3388 2853 3422 :
2892 3369 2980 3424 Vae
3012 3385 3177 3445 super
3209 3387 3305 3427 eos
3353 3375 3446 3443 qui
3481 3390 3589 3429 non
3648 3386 3811 3446 agunt

2206 3462 2614 3530 pmttilculiant;
2650 3463 2743 3517 sed
2773 3463 2924 3533 juxta
2946 3465 3201 3523 duritiam
3228 3467 3409 3531 cordis
3435 3469 3516 3522 sui
3546 3468 3809 3531 thesauri-

2204 3565 2329 3615 zant
2368 3556 2471 3613 sibi
2526 3557 2658 3610 iram
2709 3558 2759 3609 in
2793 3557 2882 3612 die
2933 3562 3049 3613 ira).
3085 3561 3140 3613 Si
3192 3572 3400 3625 autem,
3450 3570 3510 3616 ut
3548 3562 3803 3629 diximus,

2204 3648 2459 3717 planctus
2498 3658 2584 3711 est
2626 3667 2793 3718 super
2824 3667 2921 3705 eos
2953 3653 3041 3720 qui
3087 3664 3253 3725 agunt
3299 3656 3711 3729 paenitentiam;
3755 3670 3807 3713 et

2202 3743 2523 3823 poenitentia
2579 3744 2757 3809 reddit
2826 3745 3075 3801 vulneris
3125 3750 3416 3803 sanitatem
3470 3767 3484 3805 :
3535 3752 3807 3823 quomodo

2195 3833 2349 3903 juxta
2375 3836 2729 3909 Septuaginta
2760 3838 2985 3904 dicitur,
3021 3838 3222 3895 Domus
3250 3841 3418 3897 Israel
3450 3846 3671 3911 cecidit,
3699 3864 3805 3905 ant-

2202 3930 2342 3999 plius
2372 3948 2473 3986 non
2506 3942 2760 4004 resurget.
2797 3931 2959 4006 Virgo
3001 3933 3171 3990 Israel
3209 3939 3400 3999 erravit
3433 3939 3484 3992 in
3520 3950 3659 3997 terra
3685 3958 3800 4007 sua,

2199 4040 2301 4079 non
2338 4035 2410 4077 est
2453 4029 2543 4094 qui
2586 4025 2796 4081 suscitet
2846 4030 3003 4082 eam?
3049 4028 3203 4099 Quod
3238 4030 3317 4085 sic
3366 4032 3506 4086 solvi
3557 4044 3737 4101 potest
3786 4052 3797 4088 :

2199 4114 2496 4186 Postquam
2540 4114 2735 4173 domus
2790 4116 2958 4172 lsrael
3007 4135 3109 4174 sua.
3161 4121 3445 4185 thltlﬂmc
3500 4124 3799 4189 corruerit,

2197 4223 2537 4278 nequaquam
2564 4210 2844 4277 pristinam
2877 4211 3105 4289 recipiet
3133 4213 3486 4287 dignitatem:
3516 4226 3797 4289 postquam

2197 4304 2351 4374 virgo
2401 4304 2563 4358 Israel
2617 4304 2887 4359 erraverit
2928 4307 2976 4359 in
3034 4317 3177 4367 terra
3211 4323 3330 4373 sua,
3368 4311 3506 4363 ultra
3560 4311 3798 4367 invenire

2196 4410 2303 4449 non
2338 4397 2535 4465 poterit
2559 4398 2930 4453 suscitantem.
2958 4398 3023 4452 Et
3050 4399 3337 4455 considera
3363 4402 3654 4457 verborum
3681 4420 3797 4473 prc-

2197 4480 2481 4561 prietates.
2517 4491 2622 4559 Qui
2668 4492 2833 4571 282
2882 4492 3077 4545 domus
3130 4504 3234 4558 est,
3288 4502 3339 4549 et
3390 4506 3707 4551 numeratur
3744 4498 3792 4550 in

488 4590 797 4660 praeteritus
826 4605 1015 4647 ser-mo.
1042 4590 1363 4660 descripsit,
1391 4600 1447 4645 et
1473 4590 1601 4663 quia
1631 4590 1852 4649 noluisti
1884 4592 2082 4649 recerti
2115 4572 2165 4639 υ
2195 4584 2372 4649 turlta,
2409 4584 2605 4639 cadere
2653 4585 2869 4639 dcitur.
2906 4586 3007 4652 Qui
3040 4594 3217 4639 autem
3263 4587 3331 4642 de
3360 4603 3592 4644 numero
3633 4590 3791 4657 virui-

485 4682 557 4745 ad
587 4698 699 4751 me,
744 4680 939 4738 faciam
975 4682 1093 4748 tibi,
1135 4698 1255 4753 qua:
1302 4697 1422 4743 meo
1460 4682 1813 4739 continentur
1856 4698 2078 4737 arcano.

484 4774 748 4831 Occidisti
772 4790 981 4842 servos,
1018 4790 1155 4845 quos
1195 4773 1262 4828 ad
1301 4783 1352 4829 te
1387 4774 1643 4833 miseram
1679 4792 1691 4825 :
1724 4775 1943 4835 mittam,
1983 4790 2080 4831 uo-

484 4868 704 4931 vissime
736 4866 936 4922 Filium
972 4883 1150 4923 meum
1187 4887 1198 4921 :
1236 4875 1293 4922 tu
1324 4878 1507 4923 autem
1539 4867 1690 4937 juxta
1722 4869 2081 4931 consuetudi-

484 4976 605 5021 nem
647 4971 813 5025 tuam,
851 4976 954 5029 qua
992 4975 1210 5029 semper
1241 4960 1516 5014 voluntati
1555 4961 1772 5015 Domini
1807 4962 2078 5029 restitisti,

480 5069 730 5124 przrpara
782 5063 835 5109 te
866 5064 923 5109 ut
963 5054 1312 5115 contradicas
1356 5064 1409 5108 et
1440 5053 1753 5108 adverseris
1788 5054 1900 5109 Deo
1946 5064 2035 5110 tuo
2067 5074 2077 5108 :

477 5146 633 5218 juxta
667 5147 796 5201 illttd
829 5146 973 5217 quod
1018 5146 1283 5213 scriptum
1316 5154 1404 5207 est
1434 5163 1444 5197 :
1481 5144 1613 5199 Ecce
1658 5147 1739 5198 hic
1780 5149 1978 5217 positus
2009 5157 2080 5202 cst

478 5242 532 5293 in
556 5241 779 5307 ruinam,
808 5250 853 5293 et
876 5241 931 5295 in
951 5241 1381 5297 resurrectionem
1410 5239 1712 5303 multorum,
1740 5251 1783 5292 et
1802 5240 1853 5291 in
1872 5241 2078 5309 signum

475 5312 561 5387 cui
592 5335 974 5389 contradicetur
1005 5334 1154 5405 (Luc.
1189 5350 1247 5399 ll,
1276 5332 1389 5402 54).
1429 5333 1495 5386 Et
1525 5333 1627 5387 hoc
1650 5333 1802 5401 dicit,
1834 5350 1938 5387 non
1969 5350 2077 5404 quo

477 5428 763 5495 praecipiat
787 5426 921 5495 quid
938 5427 1120 5481 iacere
1143 5425 1373 5490 debeat;
1400 5424 1497 5479 sed
1519 5434 1651 5479 ante
1675 5425 1921 5494 praedicit
1948 5425 2075 5494 quid

475 5531 670 5589 sponte
713 5522 957 5585 tacturus
988 5522 1077 5587 sit,
1109 5520 1259 5590 quasi
1308 5518 1599 5587 increpans
1632 5527 1684 5572 et
1728 5533 1982 5589 arguens,
2018 5529 2076 5573 ιιι

473 5614 665 5668 saltem
701 5626 985 5685 correptus
1016 5631 1120 5668 non
1171 5614 1335 5669 faciat
1366 5615 1513 5685 quod
1542 5613 1865 5683 pra'tlictum
1895 5624 1998 5672 est.

502 5734 565 5809 ,ει
607 5725 713 5780 Pro
760 5727 814 5780 in
864 5725 1235 5797 Septuaginta,
1288 5730 1585 5797 praeierunt
1633 5742 1763 5784 mss.
1794 5727 1848 5782 in
1880 5726 2062 5785 Eccle-

469 5810 569 5849 ιω.

2189 4693 2343 4743 num,
2368 4679 2409 4732 si
2443 4678 2723 4743 erraverit,
2754 4678 2821 4732 ob
2843 4679 2963 4734 leve
2992 4694 3207 4749 quoque
3240 4676 3332 4752 [Ε.
3376 4680 3651 4754 quodque]
3676 4697 3792 4752 psc-

2186 4781 2363 4826 catum
2406 4788 2511 4825 non
2548 4772 2750 4843 poterit
2788 4772 3046 4828 suscitari
3106 4792 3117 4827 :
3163 4787 3272 4828 non
3330 4789 3438 4845 quo
3497 4792 3605 4830 non
3665 4794 3781 4830 sus~

2187 4863 2415 4933 citetur‘,
2469 4866 2564 4920 sed
2617 4882 2957 4937 nequaquam
3014 4868 3315 4923 suscitetur
3368 4870 3520 4941 virgo
3582 4871 3781 4933 lsrael,

2187 4967 2243 5014 et.
2300 4974 2638 5028 nequaquam
2702 4971 2945 5030 resurgat
2980 4960 3240 5016 Dominus
3292 4962 3480 5017 Israel.
3543 4964 3658 5019 Non
3712 4974 3787 5017 est

2190 5052 2331 5105 enim
2366 5052 2554 5106 eadem
2589 5053 2761 5123 gloria
2791 5053 2912 5124 ejus
2941 5055 3033 5125 qui
3064 5070 3283 5125 semper
3311 5067 3533 5110 secutus
3565 5065 3650 5112 est
3688 5056 3786 5111 Do-

2190 5149 2416 5214 minum,
2446 5158 2498 5203 et
2530 5150 2647 5217 cjm
2674 5151 2764 5220 qni
2810 5152 3147 5205 aberraverit
3180 5166 3209 5206 a
3262 5166 3448 5225 grege,
3500 5162 3555 5207 et
3606 5164 3781 5222 postea

2187 5242 2315 5298 1)οηί
2348 5245 2585 5313 pastoris
2614 5252 2925 5312 reportatus
2957 5254 3041 5297 est
3074 5245 3314 5299 humeris
3346 5244 3498 5317 (Luc.
3532 5245 3646 5315 xv).
3683 5245 3780 5301 Un-

2186 5336 2254 5391 de
2282 5346 2337 5391 et
2370 5352 2464 5405 per
2497 5338 2660 5390 alium
2697 5338 3013 5406 prophetam
3054 5337 3315 5391 Dominus
3344 5337 3419 5392 ait
3453 5356 3465 5391 :
3502 5338 3650 5391 Malo
3683 5355 3777 5405 pcr-

2186 5431 2457 5485 nitentiam
2486 5431 2792 5500 peccatoris,
2820 5448 2979 5499 quam
2997 5430 3455 5501 mortem(Ezeclt.
3484 5448 3637 5499 xvm,
3664 5432 3771 5499 '52).

2186 5522 2506 5578 Pmnitentia
2558 5537 2665 5576 non
2715 5522 2990 5576 sanctitati
3048 5523 3356 5591 purissima:
3409 5532 3464 5576 et
3516 5522 3772 5577 Ecclesia)

2184 5616 2383 5673 Christi
2419 5616 2565 5689 (quzc
2588 5632 2699 5671 non
2725 5616 2888 5670 habet
2916 5631 3104 5686 rugam
3138 5631 3325 5685 neque.
3346 5615 3659 5683 maculant),
3686 5614 3771 5677 sed

2246 5730 2275 5771 ιι
2305 5729 2695 5805 Cistercieus,
2743 5748 3038 5805 prtvparare
3081 5748 3098 5785 :
3156 5742 3273 5789 tum
3320 5732 3552 5788 Palatini
3598 5734 3771 5788 adrer-

2178 5803 2314 5857 δαηιὶ
2348 5817 2445 5872 pro
2475 5803 2760 5858 adversari.
