4100 6336
519 269 659 328 1059

1758 264 1821 324 S.
1866 263 2139 323 EUSEBII
2180 263 2557 323 IIIERONYMI

3680 270 3813 330 1050

518 386 690 442 fuerit
718 380 1111 451 comminatus,
1140 379 1208 437 ad
1259 381 1640 453 paenitentiam
1692 394 1789 437 eos
1832 395 1968 452 quos
2022 389 2134 436 ter-
2161 379 2398 455 Agalis,
2450 383 2540 451 qui
2587 388 2713 453 post
2759 376 3051 437 adventum
3095 379 3301 438 Christi
3348 397 3562 439 rursum
3594 386 3814 457 cupiunt

523 472 660 544 ruit,
696 484 973 548 provocat,
1019 476 1173 545 juxta
1201 474 1333 530 illud
1370 473 1515 544 quod
1557 474 1613 529 in
1667 473 1806 528 Isaia
1847 472 2114 543 legimus:

530 571 648 638 γαν,
677 589 798 645 gens
813 570 1093 641 peccatrix,
1120 571 1345 642 populus
1364 572 1544 641 plenus
1567 570 1790 638 delictis,
1806 586 1977 625 semen
2001 584 2119 639 pes-

515 668 730 732 simum,
764 666 863 735 ﬁlii
920 665 1083 737 iniqui
1114 664 1131 735 (
1168 663 1299 720 Isai.
1327 681 1367 732 ι,
1396 664 1492 737 4).
1548 662 1794 735 Cumque
1849 662 2117 728 dixisset,

514 771 656 815 terra
682 768 851 815 vestra
882 759 1111 824 deserta,
1142 758 1367 812 civitates
1390 768 1573 813 vestra:
1616 758 1736 828 igne
1780 764 2116 825 consumptw,

516 854 752 926 regiones
792 860 990 906 vestras
1020 866 1197 905 coram
1220 849 1362 906 vobis
1386 848 1511 923 [ΑΙ.
1543 850 1597 903 in
1629 858 1904 921 conspectu
1932 844 2119 920 vestro]

514 944 674 999 alieni
696 943 983 1010 comedent,
1010 942 1255 1013 loquitur
1286 941 1352 997 ad
1379 956 1475 997 eos
1506 941 1731 996 meliora
1751 939 2077 1010 promittens
2101 956 2114 991 :

516 1034 816 1100 Lavamini,
867 1033 1051 1088 mundi
1074 1042 1232 1087 estote
1258 1049 1277 1087 :
1323 1035 1524 1105 auferte
1552 1033 1785 1088 malitias
1813 1041 2005 1087 vestras
2055 1030 2118 1085 ab

512 1129 703 1184 animis
729 1129 933 1184 vestris.
969 1125 1166 1183 Discite
1192 1128 1488 1200 benefacere
1512 1126 1638 1201 [ΑΙ.
1662 1127 1853 1181 bonum
1878 1125 2071 1198 facere]
2102 1143 2116 1182 :

512 1223 735 1295 quaerite
755 1222 1048 1296 judicium,
1066 1222 1301 1292 iudicate
1318 1223 1543 1294 pupillo,
1562 1223 1853 1295 justificate
1874 1221 2077 1275 viduam
2099 1237 2118 1275 :

516 1327 567 1371 et
594 1316 784 1382 venite,
815 1317 1161 1388 disputemus,
1197 1316 1323 1369 dicit
1354 1315 1612 1371 Dominus
1635 1314 1813 1388 (Ibid.
1860 1330 1969 1377 XVI,
2002 1313 2115 1385 17).

513 1408 803 1479 Quomodo
825 1424 958 1481 ergo
987 1411 1043 1464 in
1081 1408 1244 1476 Isaia,
1272 1423 1409 1479 quos
1438 1423 1628 1464 severa
1663 1422 1798 1463 voce
1823 1416 2114 1472 terruerat,

511 1504 719 1561 blanda
750 1505 1000 1561 ora‘tione
1027 1513 1298 1560 sustentat
1343 1520 1355 1557 :
1400 1504 1472 1557 ita
1496 1511 1552 1557 et
1579 1503 1742 1574 285
1785 1502 1840 1556 in
1867 1502 1969 1556 hoc
2001 1515 2117 1571 pro-

505 1600 696 1672 pheta,
725 1601 926 1672 quibus
956 1600 1176 1655 dixerat
1194 1584 1215 1655 ε’
1233 1599 1429 1653 Domtts
1450 1598 1622 1654 Israel
1647 1598 1855 1664 cecidit,
1885 1614 1988 1652 non
2015 1599 2115 1651 ad-

499 1692 650 1761 iiciet
680 1699 734 1745 ut
761 1699 998 1763 resurgat
1030 1706 1048 1744 :
1078 1691 1222 1763 virgo
1278 1687 1450 1744 Israel
1504 1690 1691 1744 erravit
1736 1690 1790 1742 in
1821 1698 1979 1756 terra,
2014 1705 2117 1743 non

511 1796 594 1841 est
621 1786 711 1857 qui
741 1787 950 1841 suscitet
982 1802 1114 1839 eam.
1163 1784 1282 1840 Non
1314 1784 1557 1855 loquitur
1586 1784 1651 1839 ad
1686 1799 1803 1850 eos,
1855 1794 1909 1839 et
1942 1783 2071 1839 dicit
2098 1802 2111 1839 :
2146 1786 2193 1846 B
2220 1777 2481 1845 arbitror,
2514 1776 2624 1833 erit
2647 1776 2880 1844 inutilis,
2914 1776 2971 1833 id
2996 1788 3100 1870 est,
3135 1794 3277 1833 ttsz
3309 1780 3417 1870 (pst

516 1888 542 1916 ο
566 1876 772 1934 Domus
794 1877 986 1947 Israel,
1018 1878 1069 1933 id
1095 1886 1205 1942 est,
1236 1878 1428 1933 decem
1460 1877 1653 1943 tribus,
1686 1879 1901 1948 qutcrt'te
1943 1894 2022 1930 me
2068 1886 2116 1932 ct

514 1972 724 2027 vivetis:
758 1970 1022 2041 quoniam
1058 1970 1111 2025 in
1159 1985 1227 2026 eo
1252 1970 1397 2040 quod
1435 1985 1522 2025 me
1551 1983 1659 2024 non
1687 1968 1950 2040 quaeritis,
1982 1970 2117 2023 estis

506 2064 733 2120 mortui.
757 2062 1009 2134 Cumque
1035 2063 1388 2134 quaesieritis,
1423 2062 1717 2118 invenietis
1746 2079 1760 2117 :
1786 2072 1840 2117 et
1875 2078 1999 2117 cum
2031 2063 2108 2116 in-

506 2156 800 2225 veneritis,
831 2155 1055 2211 vivetis.
1085 2154 1159 2210 Et
1180 2156 1350 2211 nolite
1373 2171 1617 2227 qurerere
1660 2154 1875 2220 Bethel,
1920 2156 1973 2210 in
2009 2170 2113 2227 qua

509 2258 633 2308 erat
652 2250 864 2306 vitulus
895 2265 1120 2316 aureus,
1154 2257 1209 2305 et
1234 2248 1512 2320 Galgalam
1534 2249 1714 2305 locum
1748 2248 2112 2316 idololatriae,

507 2343 578 2400 de
606 2360 714 2416 quo
744 2353 795 2400 et
820 2359 997 2415 supra
1027 2343 1140 2398 dixi
1168 2360 1180 2396 :
1218 2342 1399 2397 Omnis
1431 2344 1637 2397 malitia
1691 2360 1871 2400 eorum
1897 2344 1950 2397 in
1983 2342 2113 2398 Gat-

508 2439 646 2510 galis
670 2438 828 2511 (Osee
850 2454 927 2507 ιι,
955 2437 1070 2511 15).
1105 2436 1173 2492 Et
1227 2437 1283 2492 in
1312 2437 1583 2495 Bersabee
1636 2453 1743 2494 non
1788 2439 2109 2495 transibitis.

508 2531 749 2587 Pulchre
773 2531 826 2587 in
861 2532 1159 2597 Bersabee,
1188 2531 1388 2601 inquit,
1415 2531 1519 2587 hoc
1564 2540 1646 2587 est
1673 2532 1739 2587 ad
1781 2542 2003 2602 puteum
2026 2533 2114 2603 ju-

506 2624 770 2695 ramenti,
816 2640 929 2681 non
980 2624 1334 2679 transibitis:
1385 2624 1479 2678 ubi
1528 2624 1574 2679 si
1619 2625 1839 2695 quando
1894 2624 2117 2680 errabat

510 2720 689 2775 tribus
752 2718 914 2786 Juda,
970 2717 1117 2773 idola
1156 2717 1388 2773 adorare
1434 2726 1816 2775 consueverat.
1843 2718 2114 2775 Intantum

509 2822 698 2871 autem
738 2814 1156 2869 simulacrorum
1186 2813 1337 2868 cultu
1366 2811 1580 2869 furebat
1603 2811 1799 2880 Israel,
1827 2822 1887 2868 ut
1908 2828 2115 2885 nequa-

509 2922 673 2978 quam
713 2912 1003 2962 coutentus
1060 2904 1225 2960 idolis
1289 2904 1428 2971 suis,
1477 2905 1544 2959 ad
1596 2904 1773 2959 aliena
1831 2904 2110 2960 transiret.

512 3000 755 3071 Denique
785 2997 1033 3072 Galgala,
1069 2996 1270 3068 inquit,
1302 2997 1505 3069 captiva
1561 2998 1802 3063 ducetur,
1840 3006 1887 3050 et
1930 2995 2112 3053 Bethel

508 3092 603 3146 erit
642 3091 867 3160 inutilis,
891 3092 1017 3149 sive
1044 3090 1266 3161 penitus
1307 3104 1416 3144 non
1459 3090 1785 3156 subsistens,
1812 3104 1936 3145 cum
1965 3089 2111 3145 idola

2222 473 2560 531 circumcidi.
2595 471 2649 528 In
2697 472 2936 545 Galgalis
2981 474 3125 529 enim
3176 476 3421 531 secundo
3450 477 3687 547 populus
3713 480 3815 533 cir-

2221 567 2495 622 cumcisus
2522 573 2624 621 est.
2660 563 2815 620 Unde
2839 573 2895 620 et
2925 565 3039 635 ipse
3061 566 3215 621 locus
3242 581 3442 623 nomen
3471 569 3724 639 accepit:
3753 585 3815 625 eo

2222 658 2368 729 quod
2396 657 2686 713 abstulerit
2714 658 2975 713 Dominus
2999 659 3354 731 Opprobrium
3386 658 3611 732 Egypti
3643 661 3711 715 ab
3740 663 3818 717 eis

2224 750 2378 823 (los.
2412 751 2491 821 v).
2523 749 2591 804 Et
2620 751 2673 805 in
2703 749 2974 819 Bersabee,
3011 752 3206 823 inquit,
3237 752 3353 808 sive
3395 755 3466 806 ad
3496 762 3707 823 puteum
3727 757 3821 826 ju-

2222 843 2447 897 ramenti
2480 858 2581 896 non
2613 843 2904 897 transibitis
2937 858 2956 896 :
3000 858 3068 899 ne
3124 844 3248 899 illos
3298 844 3501 914 putetis
3556 844 3821 903 terminos

2223 934 2448 1002 Iudaeae,
2474 948 2612 1006 quos
2642 935 2773 989 olim
2790 935 3090 991 secundum
3115 936 3352 992 litteram
3380 936 3665 1009 Scriptura
3696 954 3822 1008 pro-

2224 1028 2454 1084 miserat
2486 1043 2515 1082 a
2551 1028 2662 1083 Dan
2707 1044 2881 1098 usque
2930 1028 3240 1084 Bersabee:
3290 1044 3396 1085 nec
3441 1030 3637 1085 dicatis
3683 1032 3820 1086 ultra

2222 1135 2347 1176 cum
2381 1120 2690 1189 propheta:
2747 1119 2924 1176 Notus
2980 1121 3033 1174 in
3081 1119 3269 1175 Juda'a
3321 1120 3485 1190 Deus,
3540 1123 3598 1177 in
3653 1121 3823 1178 Israel

2224 1230 2469 1284 magnum
2519 1229 2706 1267 nomen
2754 1213 2866 1282 ejus
2894 1212 3087 1286 (Psal.
3140 1230 3306 1278 Lxxv,
3360 1215 3462 1284 1);
3506 1216 3604 1270 sed
3638 1216 3822 1272 audite

2221 1321 2346 1361 cum
2372 1306 2633 1376 apostolis
2656 1322 2670 1360 :
2705 1304 2775 1358 In
2805 1322 3007 1360 omnem
3034 1315 3226 1360 terram
3251 1307 3405 1360 exivit
3428 1323 3589 1362 sonus
3606 1325 3820 1362 eorum:

2221 1409 2267 1453 et
2296 1400 2347 1452 in
2378 1399 2508 1469 ﬁnes
2535 1399 2671 1453 orbis
2703 1408 2851 1453 terrea
2892 1399 3046 1453 verba
3081 1415 3258 1455 eorum
3289 1398 3475 1472 (Psal.
3512 1418 3671 1471 xvm,
3706 1402 3741 1455 4
3763 1401 3820 1474 ):

2221 1491 2353 1563 quia
2381 1490 2626 1562 Galgala,
2656 1491 2710 1546 id
2739 1501 2845 1560 est,
2871 1491 3052 1548 carnis
3072 1493 3449 1563 circumcisio,
3483 1496 3702 1566 captiva
3728 1496 3824 1551 du-

2222 1593 2380 1640 cetur
2408 1599 2436 1639 a
2465 1599 2595 1639 vera
2626 1583 3049 1641 circumcisione
3074 1585 3291 1643 cordis:
3327 1596 3384 1643 et
3412 1588 3629 1655 Bethel,
3664 1606 3822 1661 quam

2220 1678 2424 1750 putatis
2455 1678 2682 1734 domum
2706 1678 2825 1746 Dei,
2858 1694 2968 1734 non
2994 1678 3290 1750 subsistet,
3342 1680 3486 1749 sive,
3519 1691 3577 1737 ut
3627 1684 3824 1739 melius

3420 1777 3440 1851 )
3468 1797 3482 1835 :
3513 1790 3573 1835 ut
3612 1796 3821 1852 nequa-

2220 1885 2381 1941 quam
2438 1869 2749 1940 appelletur
2803 1870 2985 1924 domus
3036 1868 3157 1939 Dei,
3216 1868 3593 1929 sed'vocetur
3639 1874 3824 1928 domus

2218 1965 2444 2031 inutilis,
2474 1964 2592 2019 sive
2617 1962 2766 2018 idoli.
2794 1963 2968 2019 Aliter
2997 1981 3008 2017 :
3042 1963 3253 2032 Quaarit
3283 1963 3499 2033 Betbel,
3559 1971 3650 2037 qui
3704 1977 3822 2022 tan-

2222 2067 2337 2112 tum
2372 2057 2614 2113 litteram
2642 2058 2897 2127 sequitur
2927 2057 3295 2126 occidentem,
3330 2074 3431 2115 nec
3461 2074 3708 2126 sensum,
3736 2062 3822 2131 qui

2218 2149 2365 2205 Deus
2388 2159 2491 2215 est,
2517 2150 2717 2221 qttazrit
2744 2148 2801 2205 in
2833 2149 3019 2206 verbis
3046 2168 3059 2205 :
3083 2159 3138 2206 et
3168 2151 3340 2207 intrat
3367 2152 3420 2207 in
3444 2152 3697 2224 Galgala,
3729 2153 3822 2225 qui

2217 2244 2284 2299 ad
2315 2246 2553 2316 majores
2578 2243 2807 2300 enititur
2855 2244 3244 2313 revelationes,
3299 2260 3664 2317 supernorum
3717 2248 3819 2303 sibi

2217 2340 2504 2396 scientiam
2537 2342 2953 2410 repromittens,
2987 2342 3316 2413 transitque,
3339 2345 3455 2398 sive
3478 2345 3730 2400 ascendit
3755 2346 3820 2401 ad

2218 2444 2467 2506 puteum,
2494 2436 2562 2491 de
2592 2450 2700 2505 quo
2730 2434 3077 2492 Samaritana
3109 2438 3329 2495 haurire
3368 2440 3599 2510 cupiens
3627 2456 3816 2512 aquas,

2219 2545 2341 2600 qua:
2368 2528 2513 2584 sitim
2554 2529 2756 2584 satiare
2787 2545 2897 2585 non
2946 2540 3194 2600 possent,
3238 2530 3529 2602 ignorabat
3572 2550 3720 2603 eum,
3753 2536 3819 2592 de

2218 2622 2379 2691 cujus
2432 2632 2624 2677 ventre
2670 2623 2976 2693 procedunt
3012 2624 3234 2680 ﬂumina
3285 2624 3534 2684 salientis
3561 2642 3717 2699 aqua:
3763 2630 3817 2685 in

2214 2714 2381 2769 vitam
2408 2724 2671 2771 mternam
2696 2714 2932 2787 (Joann.
2967 2717 3074 2787 tv).

2288 2809 2450 2879 (Vers
2476 2810 2556 2882 6.)
2584 2810 2810 2878 Quam'te
2831 2811 3137 2881 Dominum,
3162 2824 3211 2870 et
3237 2816 3387 2871 vivite
3406 2832 3501 2871 :ne
3524 2820 3656 2890 forte
3676 2836 3817 2874 com-

2215 2902 2431 2958 buratur
2464 2914 2516 2959 ut
2561 2906 2695 2977 ignis
2725 2906 2909 2960 domus
2938 2905 3137 2979 Ioseph
3171 2924 3189 2962 :
3218 2918 3268 2963 et
3297 2911 3586 2979 devorabit,
3619 2924 3666 2968 et
3714 2930 3815 2969 non

2214 2996 2281 3050 sit
2303 2994 2484 3068 [ναις.
2514 2996 2634 3071 erit]
2663 3000 2751 3069 qui
2778 3000 3077 3071 exstinguat
3122 3000 3327 3058 Bethel.
3359 3003 3510 3060 LXX
3537 3022 3550 3058 :
3587 3006 3815 3075 Quterite

2219 3088 2523 3159 Dominum,
2558 3100 2605 3145 et
2636 3092 2787 3146 vivite
2814 3108 2831 3145 :
2860 3109 2923 3148 ne
2948 3097 3083 3165 forte
3108 3096 3455 3152 succendatur
3484 3107 3542 3152 ut
3570 3100 3708 3170 ignis
3722 3101 3815 3156 do-

507 3184 565 3239 in
588 3199 649 3240 ea
672 3184 938 3241 subversa
967 3182 1196 3240 fuerint.
1233 3183 1309 3238 De
1340 3182 1614 3238 Bersabee
1643 3182 1870 3239 omnino
1899 3183 2106 3250 tacuit;
2138 3185 2183 3250 C
2216 3202 2328 3240 mus
2348 3182 2546 3257 Ioseph
2572 3201 2589 3239 :
2621 3196 2668 3241 et
2691 3187 2896 3243 devoret
2924 3205 3058 3257 eam,
3089 3199 3138 3245 et
3168 3207 3274 3247 non
3312 3192 3379 3246 sit
3398 3193 3489 3264 qui
3518 3196 3813 3266 exstinguat

512 3280 644 3350 quia
688 3279 849 3335 victis
874 3278 1063 3335 decem
1092 3276 1364 3345 tribubus,
1398 3276 1529 3332 urbs
1561 3277 1783 3333 nomine
1810 3277 2105 3347 Bersabee,

515 3387 641 3442 qua:
686 3381 805 3427 erat
831 3371 886 3427 in
930 3371 1076 3426 tribu
1102 3369 1243 3426 Iuda
1267 3370 1360 3426 illo
1391 3378 1658 3441 tempore,
1685 3386 1786 3426 nec
1807 3379 1966 3443 capta
2014 3387 2117 3429 nec

515 3464 801 3521 destructa
856 3473 959 3520 est.
1019 3463 1305 3536 Simulque
1353 3466 1923 3535 animadvertendum,
1966 3469 2112 3539 quod

523 3556 883 3628 Septuaginta
956 3556 1285 3626 interpretes
1339 3556 1391 3610 in
1437 3556 1697 3627 praesenti
1747 3559 1871 3613 loco
1914 3574 2114 3616 nomen

516 3647 766 3705 Bersabee
783 3648 1123 3721 interpretati
1140 3648 1268 3715 sint,
1294 3648 1559 3716 dicentes,
1587 3660 1796 3719 puteum
1804 3654 2111 3722 juratnenti,

518 3753 575 3799 et
601 3742 658 3796 itt
691 3740 1096 3812 posterioribus
1121 3741 1300 3810 ipsum
1350 3756 1548 3796 nomen
1598 3751 1941 3809 posuerunt:
1980 3743 2116 3797 Vivit

512 3835 655 3891 Deus
683 3843 801 3888 tuus
854 3832 1017 3888 Dan:
1049 3842 1096 3887 et
1140 3834 1260 3888 vivit
1306 3834 1390 3887 via
1418 3832 1687 3888 Bersabee.
1734 3834 1887 3890 Viam
1932 3847 2114 3893 autem

510 3926 783 3983 Bersabee
837 3934 1155 3998 posuerunt,
1201 3925 1343 3997 quod
1372 3925 1442 3981 de
1494 3926 1663 3982 Israel
1702 3926 1867 3997 longo
1920 3928 2116 3987 itinere

516 4020 821 4092 pergebant
864 4019 931 4074 ad
964 4018 1183 4074 ultimos
1233 4020 1493 4075 terminos
1524 4018 1703 4087 Judze,
1734 4022 1826 4090 qui
1878 4031 2033 4078 erant
2060 4024 2114 4079 in

519 4109 762 4180 Geraris,
792 4117 848 4166 et
874 4108 1145 4181 Egyptite
1166 4109 1447 4166 solitudini
1471 4111 1861 4182 jungebantur,
1892 4122 1950 4169 ut
1972 4114 2115 4171 idola

515 4205 779 4262 colerent.
806 4204 904 4258 Est
924 4213 1107 4259 autem
1135 4204 1292 4259 locus
1322 4205 1373 4259 in
1398 4220 1507 4276 quo
1525 4205 1792 4263 habitavit
1809 4208 2111 4266 Abraham:

515 4305 573 4352 et
600 4312 668 4352 ex
697 4311 763 4352 eo
787 4296 931 4368 quod
964 4311 1089 4351 cum
1112 4296 1453 4367 Abimeleelt,
1486 4298 1632 4354 datis
1654 4308 1867 4371 septem
1897 4303 2112 4373 ovibus,

514 4391 571 4446 in
601 4390 777 4448 {tellus
806 4397 1054 4447 mutuum
1081 4390 1435 4460 juraverunt,
1462 4392 1764 4463 appellatus
1810 4404 1896 4450 est
1932 4406 2114 4467 puteus

507 4485 817 4556 juramenti,
868 4484 983 4538 sive
1035 4491 1219 4549 puteus
1275 4484 1501 4556 septimi,
1561 4497 1780 4557 pr0pter
1828 4504 2111 4545 numerum

2216 3277 2427 3333 domum
2468 3277 2662 3334 Israel.
2710 3280 3000 3347 Quomodo
3046 3297 3113 3338 ex
3149 3298 3385 3353 persona
3430 3286 3526 3343 Dei
3573 3288 3810 3344 dicitur:

2220 3373 2450 3443 Quwrite
2477 3391 2576 3441 me,
2603 3385 2650 3429 et
2670 3376 2867 3444 vivetis,
2888 3377 2959 3432 ita
2984 3376 3251 3448 prapheta
3273 3379 3342 3435 de
3374 3380 3608 3437 Domino
3635 3382 3808 3454 loqui-

2214 3472 2326 3534 tur,
2365 3475 2421 3519 ut
2467 3477 2717 3537 quaerant
2755 3482 2905 3535 cum,
2942 3477 2997 3524 et
3041 3471 3253 3525 vivant.
3285 3469 3344 3525 In
3393 3486 3459 3527 eo
3492 3473 3641 3528 enim
3670 3472 3809 3544 quod

2218 3568 2466 3629 quaerunt
2492 3559 2805 3628 Dominum,
2835 3562 3025 3617 vivere
3053 3561 3323 3633 incipiunt
3349 3580 3361 3616 :
3394 3565 3479 3619 sin
3501 3575 3685 3621 autem
3708 3580 3811 3621 nou

2217 3654 2536 3725 quaesierint
2561 3670 2709 3721 eum,
2742 3663 2797 3711 et
2820 3655 3028 3711 idcirco
3047 3670 3159 3711 non
3184 3656 3444 3724 vixerint,
3472 3660 3659 3715 statim
3690 3673 3810 3715 suc-

2215 3748 2477 3805 cendetur
2510 3757 2567 3805 ut
2607 3748 2748 3821 ignis
2773 3749 2971 3806 domus
2996 3749 3225 3822 Ioseph,
3260 3766 3422 3823 quam
3467 3762 3699 3825 propter
3726 3754 3809 3809 Je-

2217 3844 2465 3913 rohoam,
2490 3846 2581 3916 qui
2612 3843 2680 3901 de
2722 3844 2867 3900 tribu
2914 3846 3173 3914 Ephraim
3218 3855 3275 3901 et
3303 3847 3372 3902 de
3418 3847 3584 3903 domo
3611 3847 3807 3919 Ioseph

2219 3936 2339 4006 fuit,
2376 3937 2560 3995 decem
2606 3939 2778 3994 tribus
2822 3937 3032 3995 sentire
3080 3939 3367 4008 debemus,
3401 3956 3525 4011 quae
3573 3942 3809 4013 appella-

2225 4032 2427 4089 bantur
2458 4034 2646 4101 Israel,
2679 4042 2734 4090 et
2782 4050 2850 4089 ex
2899 4035 3111 4104 majore
3164 4035 3351 4106 populi
3412 4046 3567 4106 parte
3618 4018 3807 4092 nomen

2219 4128 2511 4198 pristinum
2540 4126 2912 4197 possidebant.
2949 4128 3077 4183 Dum
3099 4135 3281 4184 autem
3312 4129 3485 4185 tribus
3513 4145 3633 4201 quae
3661 4145 3807 4201 rege-

2219 4221 2424 4277 bantur
2454 4237 2485 4277 a
2517 4223 2687 4293 stirpe
2716 4221 2907 4289 David,
2937 4222 3026 4293 qui
3050 4222 3119 4277 de
3148 4222 3295 4278 tribu
3324 4222 3463 4279 .Iuda
3496 4225 3657 4297 287
3688 4223 3802 4291 fuit,

2218 4325 2420 4371 vocatae
2447 4325 2573 4371 sunt
2596 4315 2786 4386 Iudas,
2817 4325 2871 4371 et
2894 4315 3252 4387 possidebant
3271 4316 3600 4384 Jerusalem,
3633 4319 3687 4373 in
3708 4332 3804 4388 qua

2217 4417 2334 4463 erat
2367 4408 2627 4479 templum
2673 4409 2792 4465 Dei.
2825 4409 3071 4480 Cumque
3112 4424 3375 4467 succensa
3419 4412 3587 4467 fuerit
3614 4412 3798 4467 donius

2215 4500 2439 4572 Ioseph,
2466 4501 2752 4558 devorabit
2807 4510 2972 4572 atque
3029 4512 3314 4559 consumet
3344 4502 3559 4572 Bethel,
3593 4504 3662 4561 de
3705 4519 3801 4576 qua

520 4588 727 4648 septem
754 4578 933 4634 ovium
958 4576 1168 4647 (Cenes.
1204 4575 1333 4650 xxv)
1356 4595 1369 4631 :
1393 4592 1524 4634 sane
1546 4579 1717 4649 (aut?)
1740 4583 1883 4637 enim
1907 4593 2113 4640 utrum-

2218 4597 2469 4668 superius
2496 4596 2611 4652 dixi
2646 4613 2658 4649 :
2693 4596 2872 4652 Nolite
2899 4612 3128 4667 quwrere
3144 4595 3349 4664 Betltel,
3373 4608 3427 4654 et
3452 4612 3561 4653 non
3593 4599 3699 4653 erit
3719 4575 3803 4669 qui

518 4687 624 4743 que
652 4671 940 4743 signiﬁcat.
969 4670 1225 4742 Praecipit
1259 4681 1441 4727 autem
1473 4674 1773 4729 secundum
1808 4676 1956 4747 leges
1984 4677 2118 4735 alle-

524 4764 693 4836 goria:
725 4763 909 4820 domui
940 4762 1129 4831 Israel,
1158 4762 1212 4818 id
1235 4772 1339 4830 est,
1374 4762 1459 4818 his
1486 4766 1576 4834 qui
1607 4766 1712 4821 sibi
1744 4768 1989 4823 notitiam
2021 4770 2116 4826 Dei

524 4856 882 4927 pollicentur,
936 4864 995 4910 ut
1045 4869 1152 4911 non
1200 4867 1444 4925 quaerant
1501 4856 1718 4924 Betltel,
1769 4867 1823 4914 et
1863 4875 1969 4915 non
2024 4861 2111 4917 in-

522 4956 741 5005 troeant
770 4949 822 5004 in
852 4947 1145 5019 Galgalam,
1174 4957 1228 5004 et
1254 4964 1363 5004 non
1391 4958 1687 5016 transeant,
1714 4951 1797 5006 vel
1820 4953 2114 5010 ascendant

519 5044 584 5099 ad
612 5055 829 5115 puteum
856 5042 1189 5113 juramenti;
1239 5042 1331 5098 sed
1364 5043 1535 5114 magis
1563 5056 1805 5113 quaerant
1835 5047 2022 5116 Deum,
2054 5058 2114 5106 et

518 5135 702 5191 vivant
720 5136 770 5189 in
785 5150 869 5191 eo.
885 5135 1142 5203 Qumrunt
1155 5142 1335 5190 autem
1350 5132 1552 5204 Bethel,
1568 5138 1710 5207 quod
1728 5138 2109 5210 interpretatur

520 5232 702 5284 domus
726 5228 855 5298 Dei,
890 5229 979 5299 qui
1012 5228 1198 5283 dicunt
1227 5245 1239 5281 :
1264 5227 1544 5300 Templum
1578 5229 1815 5299 Domini,
1848 5236 2107 5305 templum

517 5321 732 5377 Domini
773 5339 787 5375 :
835 5330 891 5376 et
918 5321 1198 5376 conﬁdunt
1245 5321 1297 5376 in
1342 5320 1603 5387 adiﬁciis,
1650 5323 1718 5378 de
1760 5325 1952 5395 quibus
2002 5327 2109 5384 Do—

518 5415 700 5472 minus
725 5414 792 5471 ad
819 5414 1113 5486 discipulos
1140 5415 1495 5485 loquebatur:
1536 5416 1757 5471 Venient
1788 5420 1951 5491 286
1971 5422 2103 5489 dies,

509 5508 568 5561 in
600 5509 786 5579 quibus
817 5526 921 5564 non
946 5509 1265 5577 relinquetur
1286 5509 1421 5580 lapis
1450 5526 1607 5580 super
1635 5511 1861 5581 lapidem
1889 5514 1977 5583 qui
1999 5531 2099 5570 non

504 5602 983 5674 destruatur(Luc.
1032 5619 1149 5670 χχι,
1185 5601 1273 5675 6).
1326 5603 1396 5660 Ει
1439 5604 1820 5676 ingrediuntur
1874 5607 1927 5663 in
1974 5608 2101 5667 Gal—

574 5816 598 5843 τί
628 5808 760 5865 Tres
787 5824 915 5865 mss.
949 5808 1139 5863 Dontui
1169 5810 1361 5877 Israel,
1393 5812 1444 5866 id
1475 5821 1570 5879 est,
1598 5812 1773 5867 decem
1823 5813 2087 5874 tribubus.

2221 4690 2553 4760 exstinguat,
2586 4705 2708 4745 cum
2741 4705 2771 4745 a
2796 4688 3016 4760 regibus
3045 4691 3160 4746 suis
3201 4690 3368 4747 fuerit
3413 4691 3661 4747 incensa.
3703 4690 3802 4746 Pro

2218 4778 2398 4835 Bethel
2428 4780 2481 4835 in
2512 4780 2657 4837 LXX
2698 4782 2895 4852 legitur
2933 4782 3121 4837 domus
3152 4781 3344 4853 Israel,
3373 4797 3599 4840 sensum
3641 4785 3802 4857 magis

2218 4888 2376 4944 quam
2405 4875 2632 4929 verbum
2658 4874 3271 4946 interpretantibus,ut,
3309 4875 3642 4933 succedente
3686 4892 3805 4948 rege

2219 4962 2530 5035 Jeroboam,
2562 4976 2615 5022 et
2644 4967 2856 5023 cunctis
2881 4966 3140 5036 deinceps
3184 4968 3407 5038 regibus
3437 4968 3531 5039 qui
3557 4970 3608 5024 ei
3644 4970 3803 5039 impe-

2220 5057 2303 5113 rio
2331 5069 2733 5130 successerunt,
2759 5060 2990 5117 ardeant
3034 5060 3223 5117 decem
3251 5062 3446 5131 tribus,
3479 5077 3599 5133 quae
3627 5062 3803 5135 appel-

2220 5151 2401 5207 lantur
2429 5152 2614 5209 Israel.
2646 5154 2753 5209 Iste
2807 5164 2893 5210 est
2948 5154 3085 5225 ignis
3132 5155 3223 5225 qui
3274 5155 3650 5225 succenditur,
3695 5156 3800 5212 sive

2216 5246 2527 5314 resplendet
2566 5255 2622 5302 et
2663 5246 2964 5302 inﬂammat
3003 5247 3226 5302 domum
3256 5246 3481 5319 Ioseph,
3513 5258 3575 5305 ut
3603 5262 3796 5304 consu-

2223 5346 2405 5392 matur
2425 5338 2634 5407 Bethel,
2662 5340 2731 5395 de
2758 5355 2866 5410 quo
2894 5339 3023 5395 alibi
3062 5340 3299 5396 dicitur:
3335 5340 3609 5396 Ambulate
3648 5342 3700 5395 in
3727 5341 3797 5394 Iu-

2218 5432 2355 5485 mine
2375 5432 2513 5504 ignis
2542 5434 2712 5500 vestri,
2736 5444 2781 5488 et
2810 5435 2864 5489 in
2889 5437 3101 5506 ﬂamma
3126 5451 3278 5505 quam
3294 5431 3791 5506 succendistis(Isai.

2209 5538 2265 5593 ι,
2301 5526 2413 5597 11).
2446 5526 2514 5583 Ει
2557 5529 2684 5600 quia
2711 5528 2904 5585 crebro
2936 5529 3157 5584 domum
3201 5528 3405 5600 Ioseph
3436 5530 3680 5603 (propter
3707 5529 3792 5584 Je-

2206 5615 2463 5691 roboam,
2501 5620 2593 5691 qui
2622 5635 2651 5677 a
2684 5622 2852 5693 stirpe
2883 5620 3053 5677 David
3102 5621 3359 5694 populum
3385 5621 3485 5680 Dei
3513 5620 3790 5695 separavit,
