4100 6336
353 346 478 403 10H

343 570 448 607 non
473 563 547 609 est
568 570 689 625 pars
726 552 867 608 nobis
906 554 961 606 in
1014 551 1204 621 David,
1238 568 1399 622 neque
1427 552 1704 607 hwreditas
1745 552 1800 606 in
1830 553 1941 621 filio

341 644 493 702 Jesse
540 646 581 720 [Ι
620 646 753 718 Reg.
794 662 934 713 xm,
964 646 1081 718 56])
1124 646 1191 700 ad
1220 645 1940 715 personam'baereticorum

342 740 656 809 retulimus,
691 741 781 811 qui
834 754 1094 795 sermone
1148 739 1476 809 composito,
1528 736 1728 793 decora
1778 746 1943 807 atque

343 832 607 900 formosa,
632 841 774 889 etut
798 832 873 887 ita
904 832 1104 898 dicam,
1128 846 1294 886 aurea
1320 831 1613 886 simulacra
1642 831 1941 897 (iunxerunt,

344 933 401 981 et
432 925 668 981 adorant
696 940 866 995 Opera
914 939 1179 980 manuum
1224 939 1467 989 suarum,
1500 934 1553 979 et
1594 923 1943 994 agriculturae

342 1017 447 1073 sub
494 1033 782 1073 vaccarum
833 1016 1022 1089 specie
1051 1015 1159 1071 sibi
1192 1017 1480 1087 imaginem
1530 1018 1941 1087 repromittunt,

342 1110 546 1167 dicitur
575 1111 643 1167 ad
674 1127 769 1167 eos
798 1129 812 1164 :
842 1110 1070 1177 Quaerite
1094 1109 1398 1177 Dominum,
1427 1119 1475 1165 et
1501 1111 1670 1178 vivite,
1696 1125 1822 1166 eum
1854 1110 1946 1181 qui

343 1204 476 1260 dicit
507 1218 527 1259 ε
552 1203 668 1276 Ego
686 1220 803 1259 sum
827 1205 929 1273 via,
964 1204 1150 1258 veritas
1179 1212 1226 1256 et
1255 1203 1357 1256 vita
1385 1201 1569 1274 (loan.
1602 1218 1714 1269 xw,
1743 1203 1856 1272 16):
1888 1211 1948 1256 ut

344 1308 631 1370 postquam
660 1297 1059 1353 ambulaverint
1104 1296 1157 1351 in
1189 1311 1255 1352 eo
1302 1304 1357 1351 et
1403 1296 1715 1351 invenerint
1746 1295 1948 1351 verita-

345 1403 476 1461 tem,
512 1404 639 1448 tunc
689 1392 955 1463 incipiant
984 1391 1168 1446 vivere
1198 1390 1288 1458 qui
1335 1390 1485 1461 prius
1527 1390 1729 1445 mortui
1761 1398 1942 1445 erant.

342 1491 411 1545 Et
441 1488 547 1544 nisi
571 1488 675 1543 hoc
696 1487 952 1556 fecerint,
978 1486 1180 1541 diaboli
1205 1485 1599 1541 comburentur
1624 1484 1943 1540 ardoribus:

343 1580 635 1651 nullusque
666 1579 873 1649 poterit
900 1577 1136 1634 inveniri
1172 1578 1239 1632 de
1268 1577 1612 1648 principibus
1637 1591 1827 1632 eorum
1854 1578 1948 1647 qui

341 1683 396 1730 et
425 1673 528 1744 ipsi
558 1672 820 1729 bteretico
843 1672 956 1743 igni
984 1671 1235 1728 succensi
1263 1679 1413 1738 sunt,
1434 1670 1526 1742 qui
1553 1671 1723 1740 possit
1751 1684 1948 1725 voran-

344 1777 452 1823 tem
486 1775 682 1822 cuncta
723 1764 998 1820 ﬂammam
1043 1765 1410 1835 restinguere,
1439 1773 1493 1818 et
1534 1764 1813 1834 praecipue
1844 1764 1947 1820 Be-

347 1859 482 1925 thel,
513 1874 631 1930 qua:
664 1856 860 1914 falsum
891 1857 997 1913 sibi
1028 1857 1223 1913 domus
1256 1857 1353 1914 Dei
1385 1873 1583 1914 nomen
1616 1858 1869 1913 assumit.

415 1954 432 2022 (
445 1952 595 2007 Vers.
612 1950 911 2022 85cq.)Qui
925 1953 1223 2006 convertitis
1246 1953 1299 2005 in
1313 1951 1631 2005 absint/tium
1645 1951 1940 2022 judicium,

339 2054 386 2099 et
404 2045 667 2119 justitiam
690 2045 745 2098 in
778 2053 915 2098 terra
943 2044 1258 2115 relinquitis,
1296 2044 1570 2114 facientem
1592 2043 1867 2098 Arcturum
1899 2053 1945 2099 et

347 2138 616 2206 Orionem,
631 2147 1063 2193 etconvertentem
1088 2139 1141 2192 in
1162 2154 1311 2192 mane
1333 2138 1584 2207 tenebras,
1601 2148 1648 2192 et
1662 2138 1795 2192 diem
1818 2154 1943 2192 uoc-

344 2244 393 2289 te
423 2233 608 2306 [Vulg.
635 2231 856 2304 noctem]
884 2241 1188 2287 mutantem.
1225 2231 1326 2299 Qui
1348 2243 1493 2288 vocat
1512 2249 1671 2304 aquas
1694 2235 1871 2299 maris,
1898 2244 1943 2288 et

344 2326 566 2395 effundit
597 2343 683 2381 eas
713 2344 867 2399 super
900 2328 1083 2397 faciem
1108 2338 1261 2381 terra?
1285 2345 1301 2382 :
1322 2325 1579 2382 Dominus
1604 2343 1788 2381 nomen
1807 2329 1944 2399 ejus.

347 2419 450 2486 Qui
476 2420 708 2474 subridet
734 2421 1023 2475 vastitatem
1054 2436 1212 2492 super
1231 2420 1527 2486 robustum,
1562 2431 1607 2476 et
1655 2421 1947 2494 depopula-

345 2515 537 2569 tionem
566 2531 721 2586 super
750 2524 1010 2586 potentem
1047 2513 1218 2581 affert.
1254 2513 1396 2569 LXX
1428 2532 1442 2569 :
1469 2514 1571 2582 Qui
1606 2515 1730 2585 facit
1760 2515 1815 2569 in
1859 2532 1949 2569 ex—

346 2610 482 2665 celso
505 2610 767 2682 judicium
796 2621 842 2666 et
867 2610 1130 2681 justitiam
1160 2611 1217 2663 in
1244 2620 1379 2665 terra
1425 2611 1596 2682 posuit
1630 2626 1649 2664 :
1676 2610 1764 2681 qui
1820 2611 1949 2681 facit

347 2705 548 2769 omnia,
581 2713 629 2758 et
661 2705 1004 2775 transformat
1051 2712 1099 2757 et
1150 2705 1396 2757 convertit
1443 2705 1495 2756 in
1535 2719 1686 2757 mane
1713 2704 1948 2757 umbram

348 2798 548 2864 mortis,
581 2806 628 2852 et
666 2798 803 2851 diem
840 2808 987 2852 nocte
1017 2797 1344 2851 rontenebrat
1387 2794 1496 2869 [AL
1528 2796 1947 2870 contenebrans].

352 2891 457 2959 Qui
484 2900 631 2945 vocat
657 2907 848 2962 aquam
878 2891 1054 2957 maris,
1082 2892 1250 2964 288
1278 2901 1325 2946 et
1367 2890 1585 2958 effundit
1634 2907 1748 2944 eam
1794 2908 1951 2960 super

350 2986 539 3057 faciem
560 2995 709 3041 terra:
737 3002 750 3040 :
778 2984 1035 3041 Dominus
1052 2994 1077 3023 ⁸
1101 2985 1242 3040 Deus
1265 2987 1588 3058 omnipotens
1610 3001 1794 3039 nomen
1815 2989 1946 3057 ejus.

357 3079 458 3145 Qui
487 3078 668 3133 dividit
698 3079 1061 3133 contritiouem
1092 3096 1248 3149 super
1294 3079 1681 3149 fortitudinem,
1714 3086 1762 3132 et
1801 3079 1953 3133 mise-

351 3174 486 3228 riam
514 3190 671 3244 super
695 3173 1033 3227 munitionem
1059 3172 1297 3227 adducit.
1330 3173 1557 3228 Multum
1592 3173 1645 3227 in
1695 3172 1799 3228 hoc
1826 3171 1951 3228 loco

1199 345 1849 403 (EUMMENTARIORIIM
1893 345 1955 401 IN
1996 344 2183 403 ΑΜυὸ
2222 346 2354 402 LIB.
2402 349 2462 403 Il.
2495 347 2649 404 CAP.
2700 348 2760 403 ν.

344 469 398 516 et
428 474 622 518 vaccas
651 459 774 515 fecit
803 475 995 516 aureas
1029 461 1079 513 iu
1119 460 1229 515 Dan
1265 468 1321 515 et
1351 460 1405 514 in
1435 458 1620 515 Bothel
1644 500 1658 526 ,
1690 470 1744 516 et
1772 459 1938 527 dixit,
1970 459 2026 524 Α
2051 458 2305 514 Dominus
2331 458 2468 514 Deus
2498 462 2811 515 exercituum
2845 476 3028 516 nomen
3050 462 3184 532 ejus,
3227 459 3346 530 ipse
3373 466 3456 515 est
3482 457 3651 515 Crea-
3742 497 3746 500 -

3507 346 3649 403 104-2

2048 564 2134 608 tor
2163 552 2376 608 Arcturi
2404 552 2496 624 qui
2541 553 2805 610 Hebraice
2851 570 3014 610 CHIIA
3038 551 3232 627 (main)
3260 552 3481 621 dicitur,
3514 559 3571 606 et
3612 566 3647 607 a

2044 646 2371 720 Symmacho
2386 656 2441 703 et
2461 646 2856 717 Thendotione,
2880 652 2949 712 εἰς
2961 648 3178 707 aiataiat
3195 648 3452 715 vertitur,
3477 661 3642 718 quem

2045 743 2207 814 vulgo
2259 742 2469 797 Bootem
2522 751 2718 798 vocant
2754 761 2765 796 :
2797 743 3050 813 quodque
3098 743 3363 813 sequitur,
3413 740 3646 809 Oriona,

2045 834 2136 906 qui
2168 833 2429 890 llebraice
2468 835 2662 890 dicitur
2693 851 2880 891 cussu.
2910 818 3106 908 (5’03),
3148 834 3509 908 Symmachus
3548 835 3645 890 ab-

2046 932 2223 986 solute
2251 931 2426 986 stellas
2451 975 2465 997 ,
2494 930 2799 988 Theodotio
2820 931 3217 1003 interpretatus
3237 940 3323 988 est
3343 943 3645 1001 uesperum:

2049 1023 2304 1078 Hebraeus
2334 1031 2540 1090 autem,
2573 1024 2662 1092 qui
2696 1037 2792 1078 nos
2818 1024 2871 1078 in
2899 1022 3197 1092 Scripturis
3228 1021 3434 1078 sanctis
3458 1020 3650 1076 crudi-

2048 1116 2141 1184 vit,
2188 1131 2375 1172 cuttst
2402 1115 2748 1186 interpretari
2778 1125 2933 1187 putat
2976 1116 3324 1189 splendorem,
3350 1124 3405 1172 et
3435 1113 3650 1187 signiﬁ-

2046 1224 2170 1265 care
2209 1209 2537 1280 generaliter
2562 1218 2701 1263 astra
2725 1209 2993 1280 fulgentia.
3026 1207 3254 1276 Quando
3286 1216 3466 1263 autem
3491 1205 3647 1262 audi-

2047 1318 2168 1358 mus
2201 1304 2477 1357 Arcturum
2507 1311 2551 1358 et
2584 1302 2802 1370 Oriona,
2826 1317 2938 1358 non
2964 1301 3225 1358 debemus
3252 1302 3406 1373 sequi
3437 1299 3648 1356 fabulas

2049 1408 2350 1468 poetarum,
2373 1408 2426 1452 et
2447 1397 2674 1453 ridicula
2697 1414 2759 1453 ac
2780 1406 3098 1469 portentosa
3124 1397 3424 1465 mendacia,
3445 1395 3644 1465 quibus

2046 1491 2211 1546 etiam
2243 1490 2439 1546 coelum
2467 1491 2726 1547 infamare
2748 1501 3036 1556 conantur,
3060 1500 3115 1547 et
3137 1490 3445 1547 mercedem
3471 1489 3648 1560 stupri

2050 1586 2193 1642 inter
2221 1585 2399 1642 sidera
2426 1586 2717 1652 collocare,
2740 1586 2988 1641 dicentes
3008 1584 3251 1657 (/Eneid.
3281 1585 3372 1640 lib.
3404 1600 3423 1639 1
3448 1591 3495 1638 et
3519 1583 3602 1654 ut)
3628 1600 3645 1637 :

2141 1699 2401 1763 Arcturum
2413 1740 2425 1759 ,
2439 1698 2730 1763 pluviasque
2746 1699 2959 1762 Hyadas,
2972 1700 3297 1763 geminosque
3315 1697 3525 1749 Triones
3547 1709 3559 1744 :

2144 1761 2499 1826 Armatumque
2523 1761 2995 1825 auro’circu’mspicit
3017 1761 3200 1813 Ortona
3220 1761 3237 1810 ':

1971 1855 2020 1917 Β
2046 1870 2152 1927 Sed
2177 1869 2204 1909 δ
2236 1871 2377 1926 scire
2429 1871 2656 1927 Hebraea
2716 1871 2958 1936 nomina,
2990 1885 3113 1942 quae
3159 1869 3305 1940 apud
3347 1882 3444 1925 eos
3489 1867 3652 1924 aliter

2048 1962 2415 2032 appellantur,
2449 1963 2729 2018 vocabulis
2761 1962 3065 2017 fabularum
3090 1961 3254 2034 289
3280 1960 3567 2032 gentilium
3593 1960 3651 2016 in

2050 2054 2287 2125 linguam
2314 2063 2555 2110 nostram
2584 2070 2707 2110 esse
2748 2055 3031 2121 translata,
3067 2053 3159 2125 qui
3204 2068 3312 2109 non
3359 2066 3655 2124 possumus

2052 2147 2361 2216 intelligere
2389 2146 2534 2217 quod
2582 2146 2801 2211 dicitur,
2833 2145 2936 2201 nisi
2972 2161 3070 2217 per
3114 2160 3177 2200 ea
3229 2144 3494 2201 vocabula
3525 2158 3651 2213 qum

2052 2254 2151 2296 usu
2203 2241 2492 2296 didicimus
2531 2249 2587 2296 et
2629 2255 2818 2296 errore
2854 2240 3243 2296 combibimus.
3286 2237 3442 2295 Unde
3487 2245 3544 2293 et
3597 2237 3655 2293 in

2053 2328 2270 2404 Regum
2292 2334 2569 2390 volumine
2599 2349 2832 2390 “ANIMI!
2869 2333 3103 2406 (Dium)
3131 2332 3446 2400 Hebrmum,
3474 2329 3656 2387 αι·ωοί

2053 2428 2244 2481 titanas
2270 2426 2669 2482 transtulerunt
2700 2444 2713 2479 :
2742 2441 2863 2496 quae
2890 2426 3037 2496 apud
3066 2425 3316 2480 ethnicos
3356 2422 3655 2480 celeberri-

2052 2535 2139 2575 ma
2165 2518 2344 2575 fabula
2374 2527 2480 2586 est,
2510 2534 2574 2575 ex
2612 2533 2716 2590 qua
2746 2529 2768 2557 ο
2794 2519 2846 2573 in
2896 2518 3083 2572 laudes
3128 2517 3358 2573 deorum
3409 2514 3660 2571 scribunt

2051 2618 2493 2691 γιγαντομαχίας,
2522 2626 2577 2670 et
2607 2614 2713 2670 tela
2737 2613 3028 2686 Typhoea,
3052 2621 3106 2668 et
3130 2611 3445 2683 impositum
3477 2608 3656 2665 Ence~

2052 2711 2178 2767 lado
2209 2710 2429 2766 IEtnam
2458 2718 2719 2775 montem,
2742 2707 2812 2763 de
2842 2706 2997 2777 cujus
3020 2715 3170 2762 motu
3193 2704 3305 2779 [Αι.
3328 2703 3397 2760 ad
3422 2701 3655 2776 motum]

2052 2806 2333 2861 Trinacria
2381 2802 2796 2859 contremiscat.
2848 2801 2954 2857 Iste
3001 2811 3181 2856 autem
3236 2799 3378 2855 Deus
3436 2806 3656 2854 creator

2055 2902 2324 2964 omnium,
2346 2899 2439 2969 qui
2471 2898 2597 2952 facit
2629 2898 2924 2951 Arcturum
2956 2903 3011 2950 et
3038 2894 3325 2957 Orionem,
3354 2900 3571 2948 noctem
3597 2891 3658 2947 in

2054 2992 2199 3048 diem
2228 3000 2282 3048 et
2324 2991 2467 3047 diem
2507 2992 2562 3045 in
2614 2998 2831 3045 noctem
2864 2995 3185 3051 commutat,
3214 2994 3267 3042 et
3294 3000 3465 3057 aquas
3490 2983 3660 3040 maris

2056 3086 2428 3141 amarissimas
2476 3083 2720 3138 aethereo
2768 3082 2954 3138 calore
2998 3093 3294 3151 suspensas
3335 3077 3575 3146 excolat,
3602 3086 3659 3134 et

2056 3180 2263 3250 eliquat
2293 3178 2346 3232 in
2376 3178 2591 3232 dulcem
2624 3174 2937 3246 pluviarum
2967 3186 3244 3241 saporem,
3278 3171 3451 3226 instar
3484 3168 3662 3224 medi-

352 3267 422 3320 ab
450 3266 716 3322 Hebraica
737 3266 970 3323 veritate
1000 3264 1171 3321 editio
1212 3264 1445 3335 Vulgata
1473 3264 1777 3334 discordat,
1810 3265 1951 3319 sicut
1979 3260 2022 3321 C
2054 3272 2248 3328 cinalis
2278 3269 2740 3339 cucurbitm,quae
2762 3266 2945 3323 calore
2967 3264 3267 3336 superioris
3289 3262 3433 3335 gyri,
3461 3262 3661 3316 humo-

353 3359 563 3431 absque
590 3359 1024 3415 commonitione
1053 3367 1239 3414 nostra
1284 3373 1351 3413 ex
1383 3358 1468 3413 his
1498 3374 1619 3429 qua:
1664 3357 1949 3428 proposui-

354 3467 496 3518 mus,
522 3452 763 3521 prudens
786 3451 968 3508 statim
993 3451 1164 3506 lector
1182 3452 1461 3521 intelligit.
1494 3451 1679 3521 ltaque
1702 3465 1947 3521 expona-

353 3560 475 3601 mus
506 3547 742 3616 primum
782 3545 935 3616 juxta
983 3544 1262 3612 Hebrazos,
1294 3553 1349 3599 et
1396 3552 1582 3614 postea
1631 3544 1759 3614 quid
1794 3544 1952 3599 nobis

355 3640 605 3697 videatur
635 3640 688 3697 in
720 3638 1077 3696 translatione
1120 3636 1526 3704 LXX,Christo
1570 3637 1615 3692 si
1649 3638 1953 3692 meruimus

355 3736 650 3806 pandente,
699 3733 948 3789 dicamus
992 3731 1190 3786 domus
1234 3731 1463 3800 Joscph,
1494 3729 1546 3784 id
1599 3736 1703 3795 est,
1752 3730 1951 3785 domus

356 3829 644 3900 prraim,
676 3843 741 3883 ac
786 3842 884 3898 per
928 3828 1029 3881 hoc
1080 3825 1249 3896 regia,
1297 3834 1353 3880 et
1408 3823 1621 3889 Bethel,
1651 3823 1767 3878 sive
1812 3823 1953 3878 sicut

356 3922 502 3979 LXX
531 3922 949 3987 transtulerunt,
975 3923 1157 3973 domus
1194 3918 1386 3985 Israel,
1414 3918 1466 3972 id
1499 3928 1600 3984 est,
1627 3927 1681 3973 et
1710 3931 1871 3989 reges
1897 3925 1953 3972 et

358 4014 568 4086 populi,
603 4022 657 4069 et
702 4013 941 4068 cultores
989 4023 1044 4068 et
1092 4012 1235 4067 idola
1290 4014 1493 4082 pariter
1540 4010 1950 4078 subvertentur,

358 4107 448 4178 qui
479 4106 666 4177 iniquo
692 4105 896 4176 judicio
926 4106 1092 4161 Deum
1126 4105 1189 4159 ad
1232 4104 1566 4159 iracundiam
1616 4117 1955 4174 provocave-

359 4211 506 4257 runt.
539 4202 605 4255 Et
632 4210 1026 4256 converterunt
1065 4198 1413 4255 dulcedinem
1450 4199 1643 4270 judicii
1676 4201 1728 4253 in
1768 4199 1955 4254 absin-

359 4293 457 4349 thii
487 4292 928 4361 amaritudinem,
959 4294 1100 4364 quod
1126 4307 1297 4362 genus
1328 4302 1410 4347 est
1443 4292 1628 4347 herbae
1668 4294 1954 4347 amarissi-

359 4401 482 4452 mte,
511 4393 856 4440 assumeutes
888 4384 1251 4455 iniquitatem,
1277 4395 1331 4439 et
1352 4384 1619 4455 justitiam
1644 4385 1957 4456 relinquen-

360 4488 461 4533 tes.
493 4478 625 4546 Quae
672 4478 744 4532 sit
796 4485 977 4531 autem
1035 4478 1134 4531 ista
1180 4477 1420 4547 justitia,
1471 4493 1709 4548 sequens
1765 4493 1957 4534 versus

356 4574 597 4630 ostendit
622 4591 633 4627 :
664 4570 963 4626 Facientem
990 4572 1269 4625 Arcturum
1298 4582 1343 4627 et
1383 4571 1649 4637 Orionem,
1677 4581 1723 4625 et
1749 4588 1957 4627 conver-

2054 3379 2170 3420 rem
2199 3372 2255 3419 et
2285 3361 2607 3434 sanguinem
2636 3374 2849 3417 sursum
2892 3357 3066 3413 trahit
3096 3374 3107 3411 :
3140 3372 3207 3411 ex
3249 3369 3361 3425 quo
3390 3352 3658 3408 discimus

2055 3455 2200 3511 unde
2230 3456 2344 3511 sint
2393 3453 2613 3524 pluviae.
2645 3451 2915 3522 Quodque
2943 3449 3193 3520 sequitur
3226 3464 3241 3501 :
3275 3445 3379 3515 Qui
3426 3444 3662 3500 subridet

2056 3548 2348 3602 vastitatem
2402 3563 2557 3617 super
2600 3544 2890 3610 robustum,
2922 3541 2991 3597 ad
3042 3552 3282 3611 praesens
3323 3546 3538 3608 tempus
3570 3550 3659 3593 re-

2057 3642 2305 3706 vertitur,
2344 3650 2402 3696 et
2454 3650 2540 3696 est
2592 3638 2767 3694 ordo:
2801 3637 2906 3704 Qui
2963 3632 3195 3691 Creator
3252 3639 3339 3689 est
3385 3630 3660 3696 omnium,

2056 3735 2424 3790 comminatur
2454 3733 2618 3788 etiam
2652 3729 3024 3803 captivitatem
3051 3742 3218 3798 super
3244 3722 3577 3787 Samariam,
3605 3730 3664 3778 et

2057 3827 2539 3898 depopulationem
2595 3840 2762 3895 super
2812 3830 3095 3895 potentem
3150 3816 3659 3888 adfert:quoniam

2056 3921 2325 3979 convertit
2353 3920 2407 3975 in
2432 3917 2765 3974 absinthium
2804 3915 3094 3987 judicium,
3123 3908 3464 3982 etjustitiam
3489 3907 3661 3965 relin-

2056 4018 2177 4088 quit
2206 4017 2258 4070 iu
2295 4025 2463 4070 terra.
2488 4012 2590 4070 Ubi
2618 4026 2719 4067 nos
2759 4011 3023 4078 diximus,
3055 4008 3143 4077 qui
3180 4005 3430 4072 subridet,
3464 4002 3667 4075 Aquila

2057 4112 2452 4178 interpretatus
2480 4115 2585 4173 est,
2614 4106 2640 4161 ὁ
2663 4104 2891 4178 μειδιῶν.
2931 4102 3160 4173 Proprie
3188 4109 3372 4156 autem
3410 4095 3660 4171 μειδίαμα

2059 4202 2275 4269 dicitur,
2307 4200 2455 4272 quod
2503 4214 2604 4255 nos
2650 4198 2994 4254 subrisionem
3027 4205 3317 4266 possumus
3347 4188 3653 4260 appellare,

2061 4293 2280 4365 quando
2304 4292 2424 4363 quis
2446 4290 2724 4359 irascitur,
2740 4297 2796 4345 et
2814 4288 3017 4360 apertis
3042 4283 3326 4357 paululum
3356 4278 3662 4337 labiissub-

2060 4389 2243 4445 ridere
2274 4404 2333 4443 se
2362 4388 2615 4454 simulat,
2660 4394 2721 4441 ut
2758 4386 2856 4439 ira:
2898 4381 3154 4438 ostendat
3201 4375 3657 4449 magnitudinem.

2064 4482 2319 4537 Dicamus
2346 4480 2577 4551 etjuxta
2604 4476 2766 4535 LXX.
2805 4478 2949 4532 Deus
2996 4476 3051 4529 in
3095 4471 3324 4530 excelso
3355 4468 3485 4525 facit
3517 4465 3665 4538 judi-

2062 4578 2227 4642 cium,
2259 4574 2475 4646 quando
2510 4573 2721 4643 judicat
2766 4570 3083 4635 veritatem,
3115 4575 3173 4623 et
3210 4562 3392 4621 reddit
3442 4559 3663 4617 unicui-

359 4674 545 4721 teutem
580 4668 630 4720 in
660 4683 812 4719 mane
843 4666 1097 4729 tenebras,
1132 4676 1178 4718 et
1212 4666 1346 4719 diem
1371 4674 1515 4719 nocte
1541 4674 1842 4719 mutantem.
1876 4667 1953 4722 De
1985 4652 2034 4713 Ῑ)
2061 4685 2165 4740 que
2191 4668 2488 4724 secundum
2516 4680 2654 4736 opus
2684 4678 2844 4719 suum
2875 4680 2887 4715 :
2919 4669 2974 4718 et
3000 4660 3181 4715 omnis
3206 4657 3298 4729 qui
3331 4655 3577 4711 imitator
3606 4661 3665 4709 et

359 4775 467 4831 quo
494 4776 656 4830 supra
686 4760 936 4814 dixerat:
963 4756 1226 4813 Formans
1263 4768 1477 4822 montes,
1512 4766 1561 4812 et
1606 4775 1787 4813 creans
1826 4776 1950 4814 ven-

359 4863 488 4919 tum,
521 4865 568 4909 et
611 4854 928 4909 annuntians
985 4853 1182 4906 homini
1223 4852 1483 4923 eloquium
1530 4868 1704 4918 suum,
1756 4853 1953 4927 faciens

362 4950 669 5004 matutinum
701 4946 961 5016 nebulam,
981 4957 1029 5002 et
1057 4948 1299 5019 gradiens
1329 4963 1483 5016 super
1518 4947 1723 5001 excelsa
1755 4956 1905 5004 terra:
1935 4965 1954 5003 :

434 5164 459 5191 ει
493 5152 667 5209 Voces
699 5148 959 5204 Dominus
992 5146 1349 5217 omnipotens,
1382 5145 1436 5200 in
1473 5144 1822 5200 Cisterciensi
1854 5159 1958 5201 ms.

363 5243 469 5280 non
493 5235 638 5288 sunt,
675 5231 731 5277 et
758 5224 811 5276 in
839 5220 1048 5276 Graecis
1080 5234 1296 5288 quoque
1327 5217 1609 5271 nonnullis
1640 5218 1965 5286 exemplari-

361 5299 485 5361 bus,
516 5297 766 5350 Romano
814 5291 1142 5359 praesertim,
1177 5289 1584 5344 desiderantur.
1620 5288 1743 5342 Mox
1792 5288 1963 5361 verba

358 5360 926 5442 supbrfortitudinem,
963 5362 1173 5442 qute_in
1225 5363 1489 5442 hactenus
1538 5361 1773 5442 vulgatis
1807 5360 1962 5442 libris

361 5432 614 5495 omnibus
637 5439 887 5501 deerant,
914 5432 1202 5490 ex’eodem
1246 5432 1596 5487 Cisterciensi
1639 5446 1743 5485 ms.
1775 5441 1964 5502 utpote

359 5511 593 5583 genuina
623 5524 689 5564 ac
716 5509 1024 5583 necessaria
1067 5504 1412 5583 sullecimus:
1431 5505 1745 5583 sunt__enitn
1773 5514 1876 5583 _etg
1910 5507 1962 5558 in

361 5574 554 5641 Craeco
578 5589 750 5643 textu,
785 5580 931 5633 nullo
962 5577 1106 5648 quod
1133 5580 1324 5641 sciam,
1344 5576 1533 5631 codice
1554 5574 1917 5630 dissentiente
1942 5593 1955 5628 :

359 5656 417 5712 Ὀ
449 5654 663 5728 διαιρῶν
689 5653 1005 5728 σνντριμμὸν
1034 5652 1119 5706 ἐπὶ
1153 5652 1345 5722 ἰσχὺν,
1376 5651 1459 5705 καὶ
1501 5648 1848 5724 τοῶαιπωρίαν
1876 5648 1960 5703 ἐπὶ

442 5749 623 5779 υοωαα
647 5746 848 5779 επαονων
859 5763 869 5774 .

364 5749 623 5803 οχυρωμα
647 5748 869 5797 επαγων.

438 5801 463 5839 b
494 5800 622 5854 Post
668 5795 967 5851 Victorium
1027 5792 1341 5849 sull'ecimus
1380 5792 1467 5848 hic
1512 5790 1745 5848 verbum
1798 5790 1953 5859 scire,

365 5871 510 5944 quod
536 5870 614 5928 illi
643 5867 885 5923 Brixiani
922 5865 1140 5922 codices
1176 5866 1675 5927 subministrarunt,
1706 5872 1762 5919 et
1801 5862 1957 5933 cujus

2069 4763 2214 4817 ﬁlius
2260 4762 2377 4832 ejus
2424 4775 2547 4816 esse
2585 4756 2890 4821 desiderat,
2921 4763 2976 4810 et
3020 4767 3144 4810 esse
3186 4749 3485 4822 perlectus,
3518 4747 3664 4802 sicut

2064 4856 2227 4911 Pater
2257 4854 2375 4923 ejus
2406 4850 2681 4923 perfectus
2711 4860 2819 4912 est,
2843 4847 2936 4919 qui
2969 4853 3216 4903 moratur
3234 4843 3288 4899 in
3310 4842 3452 4899 caelo
3468 4836 3660 4912 (Matt.

2063 4948 2143 5021 v),
2178 4949 2310 5004 facit
2346 4948 2401 5004 in
2443 4946 2661 5003 excelso
2682 4942 2971 5015 judicium,
3013 4949 3069 4998 et
3098 4954 3207 4997 non
3253 4938 3496 4994 imitatur
3533 4946 3664 4990 eum

2068 5146 2282 5204 defectu
2307 5159 2531 5202 mancus
2558 5153 2677 5217 erat
2702 5152 2865 5217 atque
2888 5140 3239 5217 imperfectus
3260 5148 3497 5217 sensus."
3578 5205 3590 5216 θ

2144 5230 2164 5255 ο
2220 5218 2553 5275 Claudianus
2594 5216 2663 5272 de
2709 5205 3370 5287 Gigantomachia__ppu_s_
3401 5205 3615 5287 reliquit
3640 5247 3659 5273 ,

2068 5290 2214 5360 quod
2245 5291 2623 5360 imperfectum
2649 5287 2715 5342 ad
2742 5276 2840 5360 nos
2866 5285 3138 5360 pervenit.
3163 5276 3303 5360 Vide
3323 5276 3659 5360 Macrobium

2068 5349 2164 5417 lib.
2218 5379 2235 5417 ι
2284 5349 2562 5418 ΞΞιιιιτηειΙ.
2614 5375 2735 5431 cap.
2766 5349 3065 5431 20.'M.tn'r.
3094 5382 3184 5431 ,-
3232 5352 3366 5431 lloc_
3390 5349 3667 5431 inscripsit

2069 5435 2225 5490 titulo
2248 5450 2407 5490 suum
2434 5448 2625 5505 poema
2641 5420 2997 5505 Claudianus,
3020 5424 3177 5493 cujus
3200 5438 3327 5505 pars
3354 5424 3495 5505 bona
3516 5420 3661 5475 desi-

2068 5508 2314 5562 deratur.
2366 5500 2502 5561 Eum
2535 5504 2907 5573 Hieronymus
2938 5500 2989 5553 iu
3021 5500 3435 5573 commentariis
3456 5500 3656 5573 incap.

2067 5561 2223 5634 Isaia:
2251 5594 2395 5633 xxvu
2427 5578 2640 5631 laudat:
2690 5561 2922 5628 Pulchre
2955 5568 3170 5641 quidam
3200 5574 3349 5639 poeta
3374 5564 3431 5621 in
3459 5561 3663 5636 Gigan-

2066 5650 2325 5706 tomachia
2354 5650 2417 5704 de
2445 5644 2712 5702 Encelado
2738 5643 2861 5699 lusit
2888 5657 2908 5698 :

2191 5809 2297 5867 Quo
2319 5806 2466 5870 fugis,
2484 5802 2775 5870 Enceladef.’
2799 5810 3137 5866 quascumque
3156 5794 3430 5850 accesseris
3471 5805 3607 5858 oras,

2190 5866 2671 5937 Subdove'semper
2695 5866 2813 5916 eris.
