4100 6336
1665 303 1724 359 S.
1764 305 2042 369 EUSEBH
2080 310 2463 370 ΗΙΕΒΟΝΥΜΙ

410 406 674 478 judicem,
708 408 798 479 qui
829 408 999 465 Deum
1042 426 1149 466 non
1204 414 1449 485 timebat,
1477 427 1531 477 et
1577 419 1855 479 hominem
1908 440 2017 483 non
2044 426 2100 491 Δ
2124 443 2229 498 que
2253 430 2321 485 ad
2346 430 2621 490 Oceanum
2666 449 2944 508 curreret,
2987 442 3206 499 imitans
3234 444 3524 502 Dominum
3557 463 3718 506 suum

415 499 730 567 verebatur,
757 509 812 557 et
846 503 1210 572 perversitate
1244 506 1458 576 indicii,
1482 515 1814 570 sententiam
1863 532 2017 575 suam

417 607 526 647 non
560 594 776 649 levabat
820 592 885 650 ad
926 593 1149 665 caelum,
1176 600 1269 654 sed
1317 600 1383 656 ad
1426 604 1653 659 humilia
1696 606 2018 667 detrahebat

411 684 566 757 (Luc.
604 689 777 760 xvm).
806 690 1073 761 Quodque
1102 695 1354 765 sequitur
1391 713 1405 750 :
1432 699 1767 769 etjustitiam
1798 703 1850 756 in
1875 712 2018 758 terra

418 782 783 851 posuit,juxta
814 784 944 839 illud
996 786 1262 844 debemus
1308 791 1579 863 accipere,
1608 796 1751 864 quod
1802 796 2018 856 dederit

418 874 576 927 nobis
618 874 895 931 Christum
925 877 1192 947 justitiam
1241 896 1419 950 suam,
1452 893 1507 939 ct
1561 901 1668 942 non
1719 890 2017 961 projecerit

416 982 571 1024 eam:
598 970 693 1025 sed
740 970 1058 1042 ἁθρομυθιηὶι
1092 974 1144 1027 in
1180 985 1401 1041 terram,
1427 989 1504 1043 ut,
1539 982 1687 1036 omni
1729 984 2016 1056 iniquitate

417 1069 693 1130 superata,
725 1078 824 1117 nos
848 1062 917 1118 de
946 1066 1179 1121 terrenis
1213 1068 1465 1127 caelestes
1496 1070 1718 1128 faceret.
1744 1076 1857 1146 Ego
1887 1089 2016 1148 puto

414 1167 479 1207 ex
516 1152 617 1207 hoc
651 1154 771 1208 loco
800 1156 963 1210 etiam
1004 1158 1268 1227 gentilem
1302 1171 1520 1230 poetam
1571 1164 1809 1222 furatum
1854 1168 2018 1243 290

415 1245 607 1312 fuisse,
641 1249 733 1319 qui
759 1248 826 1304 de
854 1252 1184 1308 rusticorum
1212 1255 1565 1327 simplicitate
1598 1270 1652 1317 et
1678 1261 2014 1322 beatitudine

412 1345 745 1413 edisserens,
775 1348 979 1403 intulit:

1155 1422 1390 1474 Extrema
1415 1439 1505 1488 per
1527 1427 1638 1479 illos

602 1479 828 1542 iustitia,
868 1482 1122 1534 excedens
1152 1490 1327 1547 terris,
1360 1479 1569 1554 vestigia
1605 1493 1741 1544 fecit.

413 1561 572 1631 Quod
601 1575 780 1621 autem
803 1566 1016 1635 dicunt,
1041 1570 1242 1639 faciens
1253 1576 1427 1627 omnia
1444 1582 2013 1651 atquetransrormans,

417 1678 523 1714 uno
573 1663 741 1718 verbo
800 1666 1095 1721 Arcturum
1152 1676 1207 1722 et
1256 1665 1455 1724 Oriona
1510 1673 2011 1747 comprehendunt,

408 1755 753 1825 negligentes
776 1759 1167 1827 proprietatem
1185 1762 1464 1818 nominum
1491 1765 1545 1821 in
1560 1765 1807 1824 Graecum
1835 1780 2011 1826 trans.

409 1846 553 1902 ferre
599 1864 931 1906 sermonem.
984 1852 1369 1911 Transformat
1406 1867 1587 1914 autem
1617 1859 1762 1917 Deus
1802 1866 2008 1933 omnia,

409 1942 629 2010 quando
656 1943 787 1999 facit
808 1945 877 2001 de
900 1948 1139 2003 terrenis
1170 1951 1441 2017 cmleStia,
1474 1964 1529 2009 et
1552 1952 1804 2011 homines
1830 1961 2010 2029 Ange-

408 2038 586 2090 lorum
608 2039 776 2093 donat
793 2028 1187 2097 similitudine:
1212 2046 1433 2116 quando
1462 2048 1589 2104 luna
1631 2051 1767 2107 solis
1797 2052 2012 2125 fulgore

409 2129 685 2198 rutilabit,
728 2143 782 2186 ct
827 2134 908 2187 sol
940 2134 1162 2191 habebit
1194 2138 1373 2193 lumen
1414 2142 1759 2212 septuplum,
1792 2146 2011 2215 quando

408 2221 683 2287 animalis,
714 2233 771 2277 et
802 2224 1047 2280 inﬁrmus
1078 2236 1132 2281 et
1155 2229 1525 2300 corruptibilis
1549 2233 1714 2289 homo
1745 2236 2013 2294 transfor-

407 2323 591 2367 matnr
620 2316 673 2369 in
698 2316 1042 2385 spiritualem
1065 2330 1116 2374 et
1139 2322 1423 2378 robustum
1446 2325 1579 2379 etin
1606 2327 2007 2399 incorruptum,

409 2416 631 2462 mutans
660 2411 912 2479 gloriam,
943 2428 1051 2467 non
1089 2424 1373 2471 naturam:
1405 2420 2012 2493 quandointelligentes

410 2502 698 2571 lulgebuut
725 2503 869 2561 sicut
906 2507 1166 2576 splendor
1193 2508 1557 2581 ﬁrmamenti,
1599 2520 1655 2567 et
1686 2514 2012 2583 implebitur

404 2594 554 2661 quod
580 2598 846 2665 scriptum
878 2606 957 2651 est
983 2615 996 2652 :
1030 2599 1143 2653 Alia
1172 2600 1499 2671 gloriasolis,
1526 2605 1633 2658 alia
1646 2606 1817 2677 gloria
1840 2609 2003 2675 luna,

410 2689 515 2740 alia
569 2687 738 2759 gloria
780 2690 1070 2745 stellarum.
1135 2694 1303 2749 Stella
1331 2698 1467 2750 enim
1510 2714 1543 2751 a
1576 2699 1725 2753 stella
1748 2699 1926 2768 diﬁ'ert
1954 2703 2010 2757 in

412 2782 682 2836 claritate:
708 2785 784 2838 sic
812 2793 859 2837 et
880 2788 1187 2841 resurrectio
1208 2798 1528 2844 mortuorum
1557 2790 1599 2863 (Ι
1619 2789 1740 2846 Cor.
1768 2808 1863 2859 xv,
1890 2796 2007 2863 Η).

413 2875 647 2942 Quando
678 2879 858 2933 onmis
885 2890 1137 2935 creatura
1168 2882 1487 2939 liberabitur
1507 2885 1574 2940 de
1601 2887 1865 2944 servitute
1886 2903 2009 2945 cor-

407 2970 675 3038 ruptionis
724 2973 776 3024 in
839 2973 1151 3028 libertatem
1206 2976 1399 3045 gloriae
1453 2977 1688 3033 filiorum
1735 2979 1852 3035 Dei.
1902 2979 2008 3036 Iste

408 3058 557 3115 Deus
584 3062 675 3130 qui
706 3072 896 3118 cuncta
932 3066 1308 3132 transformat,
1348 3068 1514 3123 etiam
1544 3069 1791 3125 umbram
1816 3073 2007 3129 mortis

413 3161 587 3207 mutat
634 3155 686 3208 in
738 3156 913 3211 lucem
948 3157 1101 3225 (Luc.
1148 3160 1218 3229 l):
1259 3162 1478 3230 quando
1510 3164 1566 3217 hi
1609 3165 1702 3235 qui
1744 3165 2009 3222 sedebant

408 3246 461 3299 iu
508 3248 753 3303 tenebris
804 3257 862 3303 et
892 3250 1083 3307 umbra
1135 3255 1347 3321 mortis,
1382 3255 1632 3311 viderunt
1662 3257 1840 3314 lucem
1869 3274 2009 3331 mago

406 3355 554 3405 nam,
610 3350 665 3396 et
694 3344 783 3412 qui
842 3354 1001 3400 erant
1027 3346 1122 3400 lilii
1150 3349 1325 3402 noctis
1350 3359 1411 3403 et
1456 3351 1829 3416 tenebrarum,
1884 3353 2009 3411 facti

406 3446 533 3488 sunt
567 3433 660 3488 ﬁlii
691 3435 852 3498 lucis,
886 3448 939 3491 et
968 3436 1065 3492 ﬁlii
1107 3440 1235 3494 diei.
1282 3440 1393 3498 Iste
1419 3453 1506 3497 est
1536 3445 1677 3499 Deus
1709 3446 1803 3516 qui
1842 3446 2008 3503 etiam

407 3528 553 3583 diem
586 3532 747 3585 vertit
770 3531 823 3585 in
864 3532 1152 3588 tenebras:
1186 3549 1375 3589 eorum
1404 3536 1547 3590 diem
1579 3540 1671 3604 qui
1714 3540 2007 3595 dixerunt:

407 3623 692 3697 Cruci/ige,
721 3627 967 3698 cruci/iga
996 3644 1111 3682 eum
1145 3627 1325 3699 (Joan.
1349 3645 1461 3695 xxx,
1487 3634 1563 3701 ϐ),
1587 3632 1741 3687 aufer
1764 3632 1831 3688 de
1865 3641 2008 3690 terra

407 3718 612 3771 talem:
661 3720 878 3787 quando
925 3721 994 3775 ab
1043 3720 1180 3777 hora
1230 3733 1383 3778 sexta
1444 3724 1497 3777 in
1549 3732 1735 3797 typum
1764 3725 2009 3782 Iudaicae

407 3812 672 3867 CtCClialiS
700 3811 818 3867 dies
870 3814 921 3867 in
971 3823 1189 3870 noctem
1221 3832 1412 3873 versus
1439 3828 1542 3872 est.
1594 3820 1659 3873 Et
1688 3835 1794 3875 non
1827 3820 2006 3875 solum

406 3904 703 3957 secundum
739 3903 974 3961 litteram
999 3946 1016 3973 ,
1074 3908 1169 3963 sed
1196 3912 1358 3965 etiam
1406 3911 1705 3966 secundum
1753 3912 2005 3968 altiorem

404 3994 848 4065 intelligentiam,
902 3998 992 4052 lux
1030 4015 1150 4069 quae
1195 4002 1280 4056 eis
1333 4001 1610 4057 oriebatur
1659 4002 1713 4057 in
1771 4004 1915 4074 Lege
1953 4016 2009 4061 et

406 4089 714 4158 prophetis,
777 4106 930 4145 versa
1001 4102 1086 4147 est
1140 4094 1189 4147 in
1260 4095 1536 4159 tenebras,
1605 4096 2003 4165 ignorantibus,

403 4180 534 4250 quid
586 4180 785 4251 legant,
808 4182 935 4253 quid
958 4182 1203 4251 audiant,
1223 4192 1282 4239 ut
1304 4187 1593 4255 impleatur
1624 4187 1693 4242 tle
1720 4188 1831 4244 illis
1860 4189 2006 4259 quod

397 4273 662 4343 scriptum
706 4284 817 4329 est:
871 4273 1225 4331 Obscurentur
1263 4278 1402 4331 oculi
1452 4294 1631 4333 eorum
1661 4297 1724 4335 ne
1760 4282 2004 4337 videant:

401 4375 451 4418 et
494 4366 702 4421 dorsum
755 4384 933 4423 eorum
970 4386 1172 4440 semper
1211 4370 1624 4443 ineurra(Psal.
1669 4390 1853 4441 vam,
1882 4376 1999 4447 Ἡ).

396 4456 512 4511 iste
562 4458 702 4514 Deus
750 4470 908 4514 vocat
954 4461 1021 4515 ad
1076 4477 1134 4516 se
1187 4478 1383 4533 aquam
1440 4465 1627 4531 maris,
1671 4477 1727 4522 et
1775 4468 2006 4525 ell'undit

400 4566 523 4606 eam
579 4565 743 4622 super
788 4554 980 4608 faciem
1046 4563 1226 4622 terrm,
1273 4556 1341 4613 de
1387 4560 1762 4627 peccatoribus
1822 4561 2003 4631 justos

2120 530 2177 577 et
2231 524 2404 581 solem
2456 528 2802 597 justitim,de
2849 548 2955 602 quo
3008 535 3564 607 legimus:Asuurmo
3586 542 3718 599 uelo

2120 618 2343 686 egressio
2384 623 2522 694 ejus,
2557 631 2607 677 et
2632 640 2875 680 occursus
2897 630 3013 700 ejus
3038 645 3200 699 usque
3230 632 3298 685 ad
3317 649 3580 688 summum
3602 638 3716 707 ejus

2121 708 2238 780 (Ps.
2281 728 2437 779 xvnt,
2473 714 2553 783 7),
2607 725 2663 771 ιιι
2704 726 2836 775 ante
2868 734 2996 775 eum
3040 731 3184 779 terra
3234 724 3516 797 deﬁceret,
3554 743 3717 797 quam

2120 805 2359 861 studium
2391 808 2745 877 praedicandi.
2786 811 2897 869 lste
2922 813 3065 870 Deus
3088 823 3144 871 et
3166 817 3558 874 contritionem
3576 819 3719 876 divi.

2119 896 2199 952 dit
2239 912 2403 969 super
2428 900 2828 970 fortitudinem,
2854 913 2915 962 ut
2938 922 3035 964 eos
3061 908 3157 980 qui
3196 911 3340 968 male
3366 910 3541 969 fortes
3560 924 3715 981 sunt,

2117 994 2416 1052 imbecilles
2440 996 2628 1066 faciat,
2658 1012 2711 1056 et
2735 1002 2937 1059 imitari
2957 1008 3720 1079 possintApostolumdicen-

2122 1094 2229 1143 lem
2252 1107 2264 1142 :
2315 1088 2541 1158 Quando
2562 1095 2802 1161 inﬁrmus
2824 1114 2960 1165 sum,
2987 1107 3111 1153 tunc
3144 1104 3334 1173 {crtior
3358 1120 3473 1159 sum
3495 1106 3564 1176 (ll
3588 1104 3714 1163 Cor.

2118 1181 2239 1254 xu).
2292 1182 2422 1239 Nam
2476 1195 2529 1240 et
2576 1188 2672 1243 lilii
2719 1189 2882 1260 hujus
2925 1194 3114 1250 surculi
3163 1199 3555 1267 prudentiores
3586 1212 3722 1259 sunt

2120 1274 2247 1333 ﬁliis
2273 1278 2419 1335 lucis
2438 1280 2492 1335 in
2520 1285 2877 1353 generatione
2907 1301 3006 1343 sua
3032 1287 3188 1362 (Law.
3221 1292 3393 1363 xx").
3426 1292 3719 1353 Fertitudo

2120 1370 2389 1439 corporis,
2421 1371 2766 1431 imbecillitas
2797 1378 2997 1434 anima:
3030 1392 3149 1438 est:
3178 1393 3239 1439 et
3267 1400 3485 1441 rursum
3511 1390 3714 1446 animae

2117 1460 2399 1530 fortitudo,
2447 1466 2799 1526 imbecillitas
2839 1476 3087 1543 corporis
3122 1485 3223 1533 est.
3258 1477 3431 1551 Igitur
3453 1481 3721 1540 Dominus

2117 1554 2207 1623 qui
2255 1556 2441 1611 omnia
2497 1559 2710 1617 ratione
2753 1563 3056 1635 dispensat,
3088 1578 3146 1623 et
3168 1584 3297 1626 vero
3327 1572 3458 1629 facit
3514 1584 3718 1632 cuncta

2113 1645 2343 1717 judicio,
2377 1650 2573 1707 dividit
2616 1657 3002 1715 contritionem
3030 1676 3199 1733 super
3225 1665 3507 1722 robustum
3532 1668 3717 1726 inimi-

2119 1752 2261 1805 cum,
2298 1752 2356 1797 ut
2404 1742 2628 1802 inducat
2673 1748 2953 1807 miseriam
2990 1770 3156 1826 super
3188 1760 3569 1831 munitionem,
3600 1780 3721 1835 qua:

2044 1825 2088 1889 Β
2121 1846 2179 1887 se
2202 1833 2357 1904 erigit
2390 1847 2579 1893 contra
2607 1839 2893 1898 scientiam
2926 1845 3045 1902 Dei.
3065 1825 3158 1904 ille
3181 1867 3282 1920 qua
3310 1863 3368 1907 et
3394 1856 3445 1907 in
3473 1825 3711 1912 Prover-

2116 1922 2218 1980 biis
2240 1926 2496 1997 legimus:
2528 1928 2769 1988 Civitates
2800 1936 3031 1992 robustas
3080 1940 3341 2012 ingressus
3370 1954 3447 1999 est
3468 1949 3704 2018 sapiens,

2113 2030 2163 2075 et
2206 2022 2466 2078 destruxit
2523 2027 2883 2093 munitionem,
2949 2032 3004 2085 in
3057 2048 3160 2101 qua
3213 2036 3547 2105 conﬁdebant
3568 2043 3720 2113 impii

2115 2112 2304 2182 (Prov.
2336 2132 2451 2183 xxr,
2484 2117 2603 2188 εἰ).
2645 2119 2759 2176 Hoc
2794 2132 2850 2178 et
2877 2123 2946 2179 ad
2991 2142 3210 2182 omnem
3240 2131 3461 2199 quidem
3496 2112 3721 2191 fortitu-

2113 2205 2295 2261 dinem
2349 2209 2711 2278 smcularem;
2769 2215 2868 2273 sed
2924 2219 3145 2288 proprie
3200 2233 3393 2279 contra
3427 2226 3721 2287 hat-retices

2113 2298 2266 2367 facit,
2296 2302 2389 2373 qui
2415 2308 2763 2375 argumentis
2796 2318 2853 2366 et
2880 2312 3338 2385 sophismatibus,
3369 2330 3424 2375 et
3447 2333 3569 2377 arte
3594 2323 3721 2381 dia-

2110 2392 2331 2462 lectica,
2350 2394 2662 2464 dogmatum
2688 2398 2980 2458 falsitatem
3014 2406 3274 2464 roborare
3289 2423 3584 2470 conantur.
3612 2416 3721 2474 Sed

2113 2486 2348 2544 destruit
2374 2504 2497 2545 eam
2520 2492 2743 2562 sapiens
2764 2495 2867 2563 vir,
2892 2506 2951 2553 et
2974 2499 3067 2555 Dei
3098 2501 3313 2572 adjutus
3340 2509 3565 2575 auxilio,
3598 2525 3721 2566 om-

2113 2594 2237 2636 nem
2266 2583 2625 2639 munitionem
2650 2588 2886 2645 ostendit
2912 2606 3035 2647 esse
3061 2596 3438 2662 vanissimam,
3466 2610 3527 2654 ut
3557 2600 3719 2658 indu—

2112 2684 2199 2730 cat
2222 2692 2386 2745 super
2406 2692 2528 2734 eam
2546 2679 2845 2750 miseriam,
2863 2692 2940 2751 et,
2960 2686 3218 2744 inclinata
3241 2692 3517 2760 superbia,
3544 2696 3723 2762 possit

2111 2782 2234 2823 cum
2255 2766 2518 2839 Apostolo
2548 2771 2729 2828 dicere
2750 2791 2764 2827 :
2798 2774 2958 2832 Miser
2986 2795 3078 2849 ego
3103 2781 3275 2846 homo,
3292 2786 3407 2855 quis
3429 2802 3507 2841 me
3532 2788 3722 2845 libera-

2111 2861 2183 2915 bit
2211 2861 2276 2915 de
2304 2878 2519 2932 corpore
2549 2868 2727 2921 mortis
2755 2866 2914 2943 hujus
2936 2869 3116 2941 (Rom.
3155 2889 3248 2941 VII,
3287 2876 3382 2949 24)
3406 2878 3429 2932 ?

2186 2954 2371 3025 (Vers.
2402 2957 2516 3029 l0.)
2566 2958 2701 3015 Odia
2746 2960 3039 3019 habuerunt
3082 2968 3134 3021 in
3159 2979 3309 3038 porta
3332 2974 3715 3048 corripientenr,

2110 3056 2159 3102 et
2188 3046 2480 3120 loquentem
2507 3055 2731 3124 perfecte
2750 3056 3035 3114 abominati
3081 3073 3218 3117 sunt.
3246 3062 3423 3121 LXX:
3459 3066 3595 3123 Odia
3622 3046 3722 3126 Ita;-

2113 3142 2329 3198 buerunt
2353 3144 2404 3197 in
2428 3148 2590 3216 portis
2618 3159 2933 3220 arguentem,
2957 3165 3006 3209 et
3031 3157 3234 3211 verbum
3252 3170 3487 3216 sanctum
3511 3164 3718 3221 abomi-

2038 3213 2085 3276 C
2117 3236 2226 3290 nati
2245 3247 2381 3291 sunt.
2418 3213 2480 3292 lli
2504 3254 2671 3310 super
2699 3258 2838 3313 quos
2866 3245 3006 3302 Deus
3024 3250 3271 3307 subridet
3295 3258 3629 3324 vastitatem,
3659 3271 3717 3316 et

2116 3327 2271 3384 aﬁ‘ert
2299 3330 2354 3384 in
2383 3345 2479 3386 eos
2500 3335 2921 3406 populationem,
2951 3342 3042 3412 qui
3073 3342 3125 3398 in
3150 3346 3298 3401 malo
3324 3348 3530 3405 robusti
3563 3363 3713 3424 sunt,

2114 3420 2245 3474 etad
2260 3423 2671 3491 opprimendum
2696 3438 2966 3501 potentes,
2987 3435 3114 3490 odio
3129 3435 3437 3495 habuerunt
3460 3444 3512 3497 in
3532 3420 3713 3514 porta,

2115 3511 2166 3566 id
2215 3522 2322 3581 est,
2372 3516 2426 3570 in
2475 3518 2688 3588 judicio
2743 3525 3167 3595 corripientem:
3202 3531 3287 3586 vel
3332 3549 3442 3602 me,
3465 3511 3548 3591 vel
3577 3538 3715 3595 alios

2114 3608 2427 3678 prophetas,
2456 3612 2547 3682 qui
2574 3613 2641 3668 ad
2672 3629 2767 3671 eos
2795 3617 2943 3673 mlssi
2978 3631 3128 3689 sunt,
3161 3636 3210 3678 et
3248 3625 3560 3697 loquentem
3595 3648 3715 3699 per-

2112 3701 2262 3772 ferte,
2292 3704 2407 3759 sive
2434 3706 2641 3761 verbum
2672 3709 3091 3779 immaculatum,
3120 3725 3180 3771 ut
3205 3718 3599 3789 interpretatus
3623 3733 3712 3781 est

2111 3795 2274 3868 292
2304 3796 2684 3869 Symmachus,
2715 3812 2811 3859 aut
2830 3822 3121 3863 sermonem
3151 3822 3408 3881 sanctum,
3441 3825 3499 3870 ut
3527 3816 3708 3873 Theo-

2112 3891 2263 3947 dotio
2309 3900 2364 3948 et
2390 3892 2537 3949 LXX
2585 3898 3000 3957 transtulerunt.
3032 3902 3091 3958 ln
3125 3915 3277 3974 porta
3309 3919 3525 3976 autem,
3550 3910 3707 3981 juxta

2112 3995 2346 4040 veterem
2369 3984 2582 4043 Judaici
2607 4006 2835 4061 morem,
2855 3996 3037 4065 pepuli
3059 3996 3227 4054 fuisse
3239 4000 3463 4071 judicia,
3487 4014 3538 4059 et
3560 4020 3707 4075 stupe

2108 4074 2358 4148 legimus,
2411 4088 2467 4136 et
2494 4082 2690 4138 crebro
2720 4085 3059 4157 interpretati
3089 4105 3301 4160 sumus,
3346 4104 3405 4151 ut
3443 4112 3542 4153 nec
3563 4099 3708 4171 agri-

2110 4170 2227 4225 enla
2258 4171 2323 4225 ad
2363 4187 2581 4229 causam
2605 4178 2853 4243 veniens,
2885 4180 3190 4252 frequentia
3220 4187 3457 4243 civitatis
3485 4200 3539 4244 et
3565 4206 3707 4246 novo

2112 4274 2407 4322 terreretur
2435 4279 2680 4341 aspectu,
2703 4287 2803 4327 nec
2830 4274 2980 4329 urbis
3008 4275 3279 4333 habitator
3300 4280 3460 4352 longe
3474 4283 3542 4338 ab
3569 4286 3706 4342 urbe

2110 4372 2452 4430 properaret,
2483 4372 2540 4420 et
2568 4365 2981 4424 subvectinnem
3012 4384 3281 4440 quaereret
3300 4376 3699 4442 jumentorum.

2110 4454 2223 4510 Hoc
2246 4455 2399 4525 juxta
2423 4457 2661 4514 litteram
2688 4459 3012 4521 dixerimus.
3059 4466 3325 4523 Cancrum
3349 4472 3555 4540 grande
3574 4486 3703 4544 pec-

2107 4553 2286 4603 catum
2336 4557 2421 4604 est
2453 4550 2636 4607 odisse
2683 4554 3089 4625 corripientem,
3127 4561 3360 4617 maxime
3411 4563 3459 4618 si
3491 4575 3545 4619 te
3592 4580 3703 4622 non

400 4612 663 4698 faciens.-
707 4644 790 4699 Ad
859 4647 998 4717 quod
1069 4650 1471 4719 exponendum,
1551 4668 1711 4708 unum
1786 4664 1997 4711 tantum

2110 4636 2251 4706 odio,
2298 4641 2394 4697 sed
2442 4657 2631 4699 amore
2670 4645 2952 4717 corripiat,
2984 4650 3029 4704 si
3051 4652 3200 4706 solus
3226 4653 3294 4707 ad
3318 4655 3522 4723 solum,
3545 4658 3590 4713 si
3610 4672 3701 4714 as-

402 4736 586 4791 studio
637 4737 921 4793 brevitatis
966 4755 1233 4810 ponamus
1263 4745 1603 4814 exemplum.
1639 4745 1838 4801 Paulus
1868 4763 2002 4818 apo-

2104 4744 2321 4805 sumpto
2361 4735 2531 4793 fratre
2586 4740 2780 4806 altero,
2817 4742 2860 4797 si
2911 4753 3097 4813 postea
3131 4760 3401 4817 prmsente
3432 4752 3697 4821 Ecclesia,

399 4828 576 4883 stolus
620 4832 774 4897 quasi
826 4833 987 4888 turbo
1017 4834 1289 4891 violentus
1311 4844 1367 4891 et
1396 4852 1542 4893 saeve
1575 4847 1900 4909 tempestas,
1942 4849 1999 4898 et
2105 4835 2164 4883 υι
2202 4843 2308 4885 "0"
2355 4829 2536 4887 ειυάίο
2586 4830 2935 4903 detrahendi,
2985 4839 3084 4894 θεά
3139 4843 3536 4900 emendation“!
3592 4852 3699 4902 ιιιω

395 4922 663 4975 tumentis
686 4920 792 4994 [AL
823 4926 1116 4999 tumentes]
1140 4929 1304 4984 maris
1320 4944 1520 5001 gurges
1544 4935 1991 5003 persequebatur,
2103 4921 2348 4978 ι’ίάθθων
2376 4924 2585 4980 crime"
2632 4926 2881 4997 ingerere
2928 4928 3148 5003 ("Wh-
3182 4934 3363 5005 “llll-
3439 4937 3697 5008 θυβίίθε⁸

396 5024 451 5068 et
516 5016 827 5083 Opprimere
884 5018 1159 5075 nitebatur
1212 5021 1510 5078 Ecclesium
1554 5023 1671 5079 Dei.
1738 5024 1841 5091 Qui
1899 5040 1997 5081 vo-

2110 5025 2305 5084 portas,
2342 5018 2531 5073 mortis
2587 5030 2643 5076 et
2692 5022 2834 5089 vitae,
2871 5026 3127 5081 vitiorum
3188 5038 3352 5100 atque
3408 5034 3692 5102 virtutum,

397 5116 551 5160 catus
600 5124 626 5162 ε
682 5108 956 5177 Domino,
1013 5110 1218 5169 eti-usus
1262 5123 1346 5170 εει
1383 5130 1551 5187 ευμεν
1595 5117 1756 5189 291
1797 5117 1992 5177 faciem
2103 5124 2249 5179 saepe
2300 5110 2686 5181 inScripturis
2739 5114 2988 5186 legimus,
3041 5128 3101 5172 ut
3155 5120 3283 5175 illud
3340 5122 3399 5178 in
3432 5122 3691 5181 Psalmis:

392 5204 662 5258 universa,
714 5211 874 5261 terra,
909 5247 924 5274 .
988 5215 1049 5262 ιιι
1098 5209 1424 5279 pumicare;
1496 5209 1847 5283 Evangelia",
1922 5215 1992 5272 de
2101 5201 2205 5269 Qui
2250 5205 2449 5259 exultas
2486 5221 2568 5259 me
2593 5206 2657 5261 de
2681 5209 2846 5279 portis
2873 5211 3070 5277 mortis,
3114 5223 3169 5265 ut
3196 5216 3498 5269 annuntiem
3518 5232 3694 5273 omnes

390 5294 748 5370 Jerosolymis
807 5315 975 5371 usque
1020 5300 1086 5356 ad
1122 5301 1417 5373 Illyricum,
1447 5314 1502 5359 et
1555 5304 1852 5363 aedificaret
1876 5323 1985 5366 non

2110 5297 2419 5354 laudationes
2471 5308 2587 5356 tuas
2616 5302 2669 5356 in
2699 5304 2861 5374 portis
2895 5303 3023 5375 ﬁlia:
3054 5304 3183 5362 Sion
3235 5305 3394 5377 (Isai.
3429 5324 3507 5372 tx.
3561 5311 3688 5382 16);

386 5405 553 5461 super
592 5392 818 5448 aiming
859 5393 1287 5463 fundamentum.
1330 5396 1419 5452 ubi
1454 5397 1569 5468 jam
1621 5398 1799 5454 fuerat
1838 5415 1981 5470 pm.
2092 5390 2236 5449 haud
2282 5391 2503 5451 dubium
2548 5397 2678 5468 quin
2723 5395 3028 5453 Ecclesiam
3078 5399 3349 5470 signiﬁcet
3378 5404 3634 5461 excelsus
3662 5415 3688 5443 α

385 5482 623 5537 dicatum
673 5484 851 5556 (ηοω,
890 5486 1018 5558 xv);
1068 5487 1163 5543 sed
1208 5504 1382 5559 usque
1431 5489 1496 5545 ad
1528 5490 1815 5563 Hispanias
1864 5500 1982 5547 re"-
2090 5500 2250 5541 mons
2282 5485 2435 5555 Sion,
2488 5498 2544 5543 et
2589 5490 2863 5544 civitatem
2916 5490 3010 5545 Dei
3069 5491 3325 5564 viventis,
3377 5495 3687 5556 Jerusalem

383 5573 540 5630 dere,
573 5617 587 5641 ’
644 5586 699 5631 et
748 5594 775 5629 ι,
830 5580 964 5633 mari
1013 5580 1237 5650 Rubro,
1289 5582 1459 5638 immo
1512 5582 1579 5641 ab
1630 5584 1849 5640 Oceano
1898 5599 1982 5640 us.
2086 5577 2471 5647 coelestetn,et
2492 5581 2897 5639 multitudinem
2923 5585 3686 5657 angelorum:etEcclesiam

452 5748 476 5775 α
497 5738 579 5817 _lta
628 5738 696 5795 ad
734 5739 1019 5817 Brixianos
1046 5740 1270 5798 codices
1311 5743 1586 5802 Victorius
1620 5747 1882 5817 restituit,
1911 5762 2034 5804 cum
2063 5757 2243 5807 tamen
2274 5759 2328 5805 et
2352 5747 2527 5804 nostri
2571 5765 2705 5807 mss.
2753 5756 2809 5807 et
2841 5749 2967 5807 libri
2994 5751 3085 5809 alii
3117 5753 3172 5811 in
3206 5754 3499 5814 accusandi
3549 5772 3683 5815 casu

372 5806 671 5882 praeferant
698 5809 958 5864 excelsum
982 5823 1225 5868 montem.
