4120 6342
418 257 562 316 ius

1283 257 1937 322 COMMENTARIORUM
1976 261 2045 321 IN
2085 259 2269 322 AMOS
2305 258 2436 322 LIB.
2469 261 2534 322 ll.
2578 263 2732 323 CAP.
2777 266 2841 325 V.

3579 265 3722 325 10ιῦ

417 375 844 448 primitivorum,
877 375 967 447 qui
998 376 1188 444 scripti
1209 386 1338 432 euut
1371 377 1422 432 iu
1451 378 1628 434 caelis.
1666 377 1772 448 Qui
1801 379 1856 432 in
1887 389 2014 449 per—
2043 379 2095 442 Α
2121 394 2374 450 pauperes
2398 380 2452 434 in
2481 382 2641 452 portis
2671 381 2990 436 declinantes
3019 397 3036 435 :
3064 381 3182 436 ideo
3223 382 3314 452 qui
3351 382 3628 456 intelligit,
3665 385 3720 437 in

412 469 487 524 tis
510 470 643 525 Sion
694 468 861 524 fuerit
886 471 1176 533 exaltatus,
1225 479 1416 542 portas
1447 473 1641 528 mortis
1693 474 1884 529 timere
1907 489 2016 528 non

414 563 642 632 poterit,
673 561 742 618 de
763 562 960 632 quibus
989 563 1152 618 Petro
1178 564 1438 618 Dominus
1456 565 1814 635 loquebatur:
1848 565 2021 634 Super

407 655 558 710 hanc
595 665 800 727 petram
838 657 1110 726 mdiﬁcabo
1165 657 1459 712 Ecclesium
1512 675 1719 714 meam:
1765 669 1810 714 et
1854 670 2020 732 portat

419 759 448 786 δι
469 749 624 818 inferi
649 767 749 802 non
775 751 1123 821 praeualebunt
1151 752 1402 807 adversus
1423 769 1537 807 eam
1557 753 1740 823 (Matt.
1771 753 2016 825 “1.18).

408 843 614 898 λΡοι-ιεε
667 845 882 899 virtutis
922 844 1212 901 manifeste
1257 847 1309 900 in
1339 847 1448 901 alio
1475 847 1691 917 psalmo
1721 847 2014 903 discimus:

410 935 632 1004 Aperite
672 936 800 990 mihi
845 949 1021 1010 portas
1037 941 1296 1010 juslilite:
1326 941 1586 1011 ingressus
1609 942 1661 994 in
1685 958 1772 996 eas
1801 941 2020 1010 conﬁte-

416 1027 511 1082 bor
533 1027 778 1082 Domino.
813 1028 944 1084 Ηωε
963 1040 1114 1100 porta
1129 1033 1373 1085 Domini:
1394 1033 1528 1104 justi
1553 1031 1816 1085 intrabunt
1837 1032 1889 1086 in
1907 1041 2020 1086 eam

415 1120 534 1191 (Ps.
565 1137 700 1190 xvn,
733 1122 842 1191 l9).
907 1123 1149 1192 Denique
1176 1135 1232 1179 et
1263 1125 1545 1196 Sapientia
1578 1126 1629 1178 in
1665 1127 1835 1195 portis
1868 1126 2018 1181 civi-

419 1213 902 1270 tatisbconftdeus
947 1215 1115 1271 dixit:
1174 1217 1382 1281 Quanto
1437 1227 1667 1290 tempore
1720 1220 2019 1273 innocentes

417 1308 732 1362 obtinuerint
737 1311 1030 1380 justitiam,
1048 1326 1146 1364 non
1161 1315 1289 1382 conf
1287 1310 1699 1382 undentttr(Sapi
1708 1329 1788 1366 en.
1807 1329 1882 1380 vt,
1902 1311 2014 1384 ll).

417 1405 534 1473 Ego
571 1414 756 1469 portus
805 1405 1065 1470 civitatis,
1105 1405 1206 1459 hoc
1261 1415 1368 1467 est.
1409 1405 1603 1460 animae
1655 1407 1933 1461 credentis
1961 1406 2016 1462 in

402 1497 719 1563 Christum,
744 1507 873 1565 puto
909 1513 1031 1552 esse
1061 1499 1312 1563 virtutes,
1349 1514 1446 1570 per
1473 1514 1608 1569 quas
1633 1500 1697 1552 ad
1728 1499 2018 1555 credentes

403 1589 673 1645 .Christus
730 1591 1055 1660 ingreditur.
1125 1590 1196 1645 Et
1241 1593 1367 1661 quia
1407 1603 1515 1646 non
1547 1602 1629 1647 est
1661 1593 1926 1663 scriptum
1962 1593 2016 1647 in

411 1687 612 1758 quibus
643 1689 816 1758 portis
851 1687 1072 1741 oderint
1094 1687 1508 1757 corripientem,
1538 1697 1716 1743 utrum
1753 1690 1808 1741 in
1833 1688 2014 1752 malis,

2123 479 2348 543 tempore
2373 470 2467 526 illo
2491 471 2696 538 silebit,
2739 475 2865 545 quia
2883 484 3084 544 tentpus
3106 475 3302 529 malum
3331 483 3427 530 est.
3455 474 3533 530 Ne
3557 474 3723 531 forsi—

2125 573 2212 620 tan
2264 577 2477 636 putaret
2506 565 2674 621 lsrael
2711 567 2855 638 quod
2885 577 3109 638 propter
3148 569 3318 623 solam
3350 569 3716 626 idololatriam

2123 659 2372 715 hostibus
2426 659 2733 716 traderetur
2780 660 2850 714 ad
2889 675 3127 730 poenam,
3177 662 3354 732 jungit
3401 672 3459 717 et
3497 670 3720 732 caetera,

2121 769 2264 825 qum,
2297 754 2497 809 amissa
2549 754 2796 809 veritatis
2842 755 3139 824 religione,
3193 757 3552 813 commiserit.
3582 755 3726 812 Diri-

2125 847 2372 916 piebatis,
2424 846 2631 918 inquit,
2681 862 2979 918 pauperem
3012 857 3070 902 ut
3110 849 3179 903 ab
3209 864 3275 905 eo
3301 851 3593 920 tolleretis,
3627 850 3726 921 qui

2123 939 2234 1014 [AL
2267 940 2411 1014 quae]
2444 942 2612 997 victui
2639 943 2955 998 necessaria
2983 943 3073 998 vix
3096 943 3351 1010 habebat,
3379 954 3434 1001 et
3459 945 3719 1018 quidquid

2119 1034 2424 1102 pretiosum
2455 1033 2726 1089 videbatis
2756 1046 2809 1090 et
2842 1035 3155 1105 pulchrum,
3182 1038 3382 1093 vestris
3403 1037 3590 1094 usibus
3611 1047 3726 1093 tra-

2121 1127 2355 1183 debatis.
2390 1127 2543 1184 Unde
2573 1136 2629 1184 et
2655 1145 2722 1184 ex
2753 1133 2928 1199 pretio
2960 1145 3176 1197 eorum,
3198 1147 3318 1202 qua:
3347 1133 3650 1203 rapiebatis
3669 1143 3726 1189 et

2125 1222 2396 1277 tollebatis
2447 1237 2477 1276 a
2517 1236 2777 1292 paupere,
2822 1223 3019 1278 domos
3065 1223 3276 1292 quadro
3328 1224 3507 1294 lapide
3552 1225 3726 1280 aedifi-

2122 1318 2287 1372 castis
2310 1361 2323 1385 ,
2373 1325 2432 1370 ut
2475 1317 2779 1386 spoliantes
2809 1317 3061 1374 homines
3083 1359 3097 1383 ,
3128 1317 3293 1391 29!;
3319 1319 3556 1387 parietes
3585 1335 3727 1374 mar-

2123 1410 2370 1465 moribus
2397 1410 2696 1476 vestiretis,
2727 1425 2863 1482 quas
2893 1412 3018 1479 quia
3047 1411 3365 1466 mdilicastis
3391 1411 3462 1466 de
3496 1412 3726 1482 rapinis,

2120 1515 2174 1559 et
2209 1519 2314 1559 non
2343 1504 2519 1558 solum
2545 1503 2819 1558 mansioni
2841 1512 2896 1557 et
2923 1510 3091 1568 tecto,
3115 1503 3261 1574 quod
3287 1503 3458 1573 exigit
3489 1503 3728 1558 humana

2122 1595 2404 1666 fragilitas,
2440 1595 2534 1651 sed
2581 1595 2977 1665 pulchritudini
3021 1605 3075 1650 et
3104 1596 3318 1651 deliciis
3347 1597 3727 1668 praeparastis,

2120 1689 2411 1758 repentina
2443 1691 2788 1759 captivitate,
2822 1689 2908 1743 vel
2949 1699 3130 1744 morte
3160 1689 3452 1756 subtracti,
3487 1707 3596 1746 non
3630 1690 3730 1746 ha-

407 1795 477 1835 an
497 1782 550 1835 in
569 1782 747 1850 bouis,
776 1795 876 1835 nos
898 1780 964 1834 ad
991 1790 1286 1849 utrumque
1311 1781 1637 1836 referamus.
1674 1781 1730 1835 ln
1755 1782 2011 1836 vitiorum
2047 1779 2090 1839 Β
2121 1783 2367 1839 hitabitis
2397 1784 2451 1837 in
2483 1784 2584 1838 cis.
2613 1783 2814 1839 Vincas
2842 1795 3060 1853 quoque
3095 1782 3505 1838 amantissimas
3533 1782 3729 1839 futuris

409 1875 583 1942 portis
607 1881 818 1928 stantes
844 1882 1162 1942 peccatores
1189 1873 1369 1943 arguit
1401 1871 1688 1944 propheta,
1721 1881 1777 1927 et
1807 1872 2012 1927 ideirco

405 1967 765 2023 detestationi
795 1967 1028 2022 habetur
1050 1967 1120 2021 ab
1147 1967 1248 2022 eis.
1281 1965 1388 2021 Aul
1411 1975 1562 2022 certe
1605 1967 1721 2038 ipse
1745 1966 2010 2036 propheta

406 2069 516 2114 stat
540 2062 589 2113 in
621 2061 792 2129 portis
825 2060 1105 2130 iuitiisque
1143 2062 1426 2124 virtutum,
1453 2069 1508 2114 et
1533 2059 1661 2114 odio
1683 2059 1914 2115 habetur
1944 2059 2011 2114 ab

399 2155 512 2223 his,
551 2169 693 2223 quos
736 2154 994 2222 corripit,
1040 2169 1141 2208 nec
1181 2154 1385 2208 sulticit
1416 2154 1798 2222 peccatoribus
1825 2154 2011 2209 odisse

403 2249 458 2302 in
501 2248 680 2316 portis
719 2258 1062 2318 arguentem,
1112 2248 1226 2301 sive
1252 2247 1672 2316 corripienlem,
1707 2247 1871 2319 293
1904 2247 2007 2301 nisi

403 2340 632 2394 verbum
660 2350 908 2394 sanctum
939 2339 1327 2394 abomincntur
1351 2339 1496 2408 quod
1519 2339 1590 2394 de
1616 2339 1737 2409 ejus
1756 2355 1850 2394 ore
1882 2355 2008 2408 pro-

403 2429 596 2486 fertur.
630 2431 731 2500 Qui
765 2432 910 2488 enim
939 2449 1045 2486 non
1075 2433 1273 2500 recipit
1305 2431 1648 2501 prophetam,
1678 2449 1784 2485 non
1813 2433 2010 2501 recipit

398 2538 523 2578 cum
554 2524 646 2594 qui
695 2523 840 2578 misit
882 2525 1033 2578 illum
1084 2521 1270 2595 (Matt.
1320 2522 1398 2594 χ).
1430 2522 1528 2578 Sin
1565 2533 1748 2576 autem
1781 2523 2007 2578 verbum

399 2627 674 2685 sanctum,
729 2619 816 2672 vel
857 2620 950 2689 qui
1008 2621 1252 2688 perfecte
1301 2618 1649 2688 loquebatur,
1706 2616 2006 2672 abominati

400 2721 530 2780 sunt
564 2715 755 2782 (porro
777 2714 1007 2769 verbum
1034 2721 1284 2768 sanctum
1324 2713 1589 2767 Dominus
1620 2711 1902 2774 estJesus.
1938 2711 2006 2768 de

400 2820 509 2873 quo
539 2805 779 2864 dicitur:
816 2803 936 2858 Non
980 2804 1128 2859 dabis
1158 2813 1400 2860 sanctum
1435 2815 1579 2858 tuum
1614 2804 1788 2858 videre
1825 2819 2007 2857 corru-

400 2898 629 2966 ptionem
650 2895 769 2970 [Ps.
794 2913 882 2964 xv,
904 2895 1036 2968 10]),
1056 2896 1437 2953 omnesJudtci
1453 2896 1699 2952 dicentes
1712 2895 2005 2951 anathema

398 2991 552 3058 Je'su,
585 2992 811 3046 verbum
845 2992 940 3045 Dei
967 2993 1376 3056 abominantur,
1410 2991 1554 3061 quod
1604 3001 1658 3046 et
1702 2992 2003 3060 perfectum

399 3096 452 3140 et
484 3093 737 3140 sanctqu
780 3094 837 3139 et
866 3085 1278 3140 immaculatum
1312 3096 1417 3139 est.
1476 3084 1825 3140 Abominatio
1857 3086 2002 3138 enim

2115 1877 2339 1947 potibus
2369 1875 2730 1947 providentes
2762 1874 3076 1945 plantastis,
3105 1885 3162 1930 et
3195 1889 3302 1930 non
3333 1873 3533 1930 hibetis
3557 1890 3624 1931 ex
3647 1875 3730 1931 eis

2116 1969 2321 2036 vinum,
2360 1969 2488 2039 quia
2531 1984 2631 2038 ego
2663 1968 2925 2024 universa
2957 1969 3170 2023 scelera
3203 1975 3381 2022 vestra
3423 1977 3478 2022 et
3504 1976 3729 2038 peccata

2114 2061 2370 2130 cognovi,
2403 2069 2457 2115 ct
2487 2069 2708 2130 peccata
2754 2058 2944 2127 fortia,
2995 2075 3118 2131 quae
3157 2075 3335 2114 meam
3384 2060 3728 2116 iracundiam

2115 2163 2505 2223 provocarunt.
2556 2153 2657 2220 Qui
2704 2155 2838 2208 estis
2881 2152 3070 2208 hostes
3098 2152 3347 2222 justitiae,
3389 2153 3507 2210 sive
3546 2155 3728 2210 omnis

2109 2248 2265 2318 justi,
2311 2255 2367 2303 et
2419 2247 2669 2315 accipitis
2701 2262 2952 2314 munero,
3001 2256 3056 2303 et
3097 2261 3368 2319 pauperes
3415 2248 3471 2304 in
3521 2248 3729 2319 judicio

2112 2339 2608 2410 doprimitisslrleo
2652 2341 2742 2410 qui
2793 2357 2998 2410 pauper
3028 2351 3080 2395 et
3109 2341 3351 2411 prudens
3395 2349 3500 2409 est,
3546 2357 3671 2397 cum
3707 2351 3730 2379 ο

2112 2433 2456 2500 redemptum
2478 2431 2720 2501 judicem
2758 2430 2978 2496 viderit,
3016 2433 3216 2488 tacebit
3245 2435 3297 2488 in
3325 2440 3572 2502 tempore
3601 2435 3718 2504 illo,

2110 2527 2236 2596 quia
2284 2537 2502 2595 tempus
2551 2525 2754 2580 malum
2800 2535 2907 2580 est.
2971 2525 3061 2580 Vel
3111 2534 3263 2580 certe
3312 2526 3384 2579 ita
3417 2525 3730 2596 intelligen-

2109 2620 2236 2674 dum
2274 2637 2285 2672 :
2318 2619 2450 2690 quid
2485 2619 2712 2691 prodest
2751 2633 2897 2675 nunc
2941 2619 3120 2674 vicina
3165 2618 3484 2689 captivitate
3538 2627 3722 2672 vestra

2108 2727 2436 2766 enumerare
2466 2721 2710 2780 peccata,
2745 2726 2867 2767 cum
2896 2711 3008 2782 jam
3041 2710 3256 2766 nullum
3289 2711 3593 2766 remedium
3627 2711 3720 2776 sit,

2109 2813 2162 2860 et
2192 2818 2377 2858 muros
2425 2803 2642 2859 urbium
2695 2813 3009 2860 vestrarum
3043 2801 3262 2857 hostilis
3293 2804 3483 2872 cingat
3512 2802 3722 2857 exerci-

2111 2899 2228 2952 tus?
2263 2899 2560 2954 Possumus
2610 2897 2716 2953 hoc
2765 2897 2940 2966 ipsum
2991 2909 3042 2951 et
3097 2896 3164 2952 de
3208 2897 3481 2952 haereticis
3511 2897 3720 2961 dicere,

2107 2991 2201 3061 qui
2233 2991 2502 3059 diripiunt
2532 3006 2850 3061 pauperem,
2875 2990 2988 3045 sive
3010 2990 3200 3045 stricta
3223 3005 3384 3044 manu
3411 2991 3724 3060 percutiunt

2108 3091 2272 3152 caput
2294 3083 2434 3152 ejus,
2473 3083 2575 3137 hoc
2603 3083 2747 3138 enim
2773 3083 2963 3137 Grmce
2991 3083 3264 3152 significat
3286 3081 3719 3153 κατεκονδύλιζον,

397 3178 680 3246 peccatori
731 3186 817 3231 est
862 3179 1062 3247 pietas.
1122 3177 1391 3248 Quidquid
1449 3185 1634 3232 autem
1683 3177 1750 3232 de
1795 3177 2002 3232 Judaeis
2032 3181 2078 3245 ο
2106 3175 2258 3246 juxta
2293 3175 2422 3229 illud
2470 3175 2616 3246 quod
2666 3190 2830 3244 supra
2883 3175 3135 3246 legimus,
3170 3176 3511 3246 percutienles
3541 3177 3595 3230 in
3627 3193 3720 3230 ca--

398 3271 657 3336 diximus,
687 3282 792 3325 tam
823 3271 889 3326 ad
916 3272 1168 3328 ethnicos
1197 3287 1356 3342 quam
1385 3272 1453 3325 ad
1487 3273 1774 3327 haereticos
1804 3272 1999 3328 referri

400 3371 605 3433 potest,
648 3379 882 3434 quorum
911 3363 1003 3417 alii
1041 3379 1233 3418 omnes
1257 3363 1570 3432 Scripturas
1619 3375 1836 3419 Sanetas
1867 3365 2003 3419 abo-

399 3456 701 3520 minantur,
737 3457 790 3510 in
823 3457 1022 3527 quibus
1054 3457 1281 3511 verbum
1317 3457 1413 3512 Dei
1441 3467 1551 3512 est:
1587 3457 1680 3512 alii
1715 3458 1845 3512 dum
1877 3473 2004 3528 per-

399 3567 560 3606 verse
582 3550 1056 3622 intelliguntquod
1081 3551 1290 3622 legunt,
1307 3551 1772 3607 abominationem
1794 3563 2001 3621 ponunt

398 3643 453 3699 in
479 3643 652 3699 Domo
678 3643 797 3699 Dei.

469 3739 651 3809 (Vers.
700 3740 762 3794 ll
815 3739 993 3811 seqq.)
1034 3737 1244 3794 Idcirco
1281 3757 1375 3812 pro
1411 3758 1469 3794 eo
1508 3741 1649 3813 quod
1679 3742 2004 3812 diripiebalis

401 3848 700 3903 pauperem,
731 3841 779 3886 et
811 3837 1043 3901 praedam
1075 3831 1286 3887 electam
1323 3835 1577 3888 lollebalis
1605 3835 1668 3887 ab
1697 3851 1756 3888 eo
1784 3852 1801 3888 :
1825 3835 2004 3889 domos

398 3925 600 3994 quadra
643 3925 819 3995 lapide
861 3925 1209 3996 wdiﬁcabitis.
1260 3938 1304 3981 cl
1355 3944 1459 3981 non
1489 3927 1785 3982 habitabilis
1820 3929 1872 3981 in
1909 3928 2000 3982 eis.

408 4018 600 4073 Vincas
633 4021 1021 4074 amantissimas
1058 4021 1382 4091 planlabitis,
1421 4031 1466 4076 et
1487 4039 1589 4076 non
1621 4022 1798 4076 bibelis
1830 4023 2004 4076 vinum

401 4127 619 4180 earum;
657 4115 784 4183 quia
825 4115 1041 4186 cognovi
1077 4111 1239 4168 multa
1267 4113 1461 4170 scelera
1507 4125 1677 4170 vestra
1701 4157 1714 4180 ,
1761 4123 1807 4168 et
1847 4113 2006 4187 fortia

402 4215 610 4275 peccata
658 4216 854 4275 reslra,
889 4205 1060 4260 hostes
1082 4208 1239 4277 justi,
1274 4208 1588 4277 accipientes
1623 4217 1642 4247 ε
1675 4225 1890 4262 munera
1912 4249 1927 4273 ,
1959 4217 2007 4262 et

401 4313 659 4370 pauperes
699 4300 753 4352 in
781 4307 933 4370 parta
961 4300 1306 4370 deprimentes
1336 4317 1354 4354 :
1382 4303 1497 4356 ideo
1521 4302 1749 4373 prudens
1777 4303 1834 4356 in
1877 4312 2006 4357 tem-

401 4409 530 4463 νοις
553 4394 650 4446 illo
675 4395 881 4460 tacebit,
906 4395 1028 4465 quia
1061 4405 1263 4465 tempus
1309 4397 1500 4450 malum
1530 4405 1623 4450 est.
1657 4395 1797 4451 LXX
1833 4415 1843 4450 :
1872 4395 2008 4451 Pro-

399 4497 572 4558 pterea
596 4487 720 4557 quia
751 4483 777 4523 ἀ
805 4505 979 4558 pugno
1006 4487 1366 4560 percutiebalis
1389 4505 1668 4560 pauperes,
1699 4497 1744 4544 et
1788 4508 2004 4544 munera

2105 3271 2208 3342 pile
2254 3287 2550 3343 pauperem.
2605 3269 2721 3324 Non
2768 3269 2911 3324 enim
2971 3269 3286 3340 percutiunt
3328 3269 3572 3326 haeretici
3618 3271 3724 3327 nisi

2108 3379 2427 3434 pauperem,
2454 3363 2542 3433 qui
2567 3364 2843 3418 sustinere
2871 3378 2977 3419 non
3005 3372 3188 3434 petest
3203 3364 3721 3420 comminationem:

2108 3470 2210 3510 nec
2243 3456 2296 3509 in
2340 3453 2462 3508 aliis
2494 3454 2778 3522 membris,
2814 3455 2910 3510 sed
2944 3459 2997 3510 in
3047 3457 3338 3526 principali
3365 3457 3548 3512 cordis
3580 3467 3634 3512 et
3666 3457 3719 3512 in

2106 3548 2231 3604 ﬁdei
2277 3549 2528 3604 veritate.
2579 3549 2854 3617 Pauperes
2887 3564 3018 3604 reor
3059 3549 3150 3618 qui
3192 3548 3429 3618 simi-lici
3474 3548 3723 3610 contenti

2109 3643 2234 3708 ﬁde,
2288 3642 2672 3697 [hereticorum
2708 3641 2934 3696 maliti:e
2979 3656 3086 3697 non
3119 3642 3308 3696 valent
3351 3643 3717 3712 respondere.

2107 3737 2213 3792 Sed
2247 3748 2300 3790 et
2331 3735 2598 3806 quidquid
2629 3735 2757 3791 boni
2791 3734 3063 3805 operisin
3099 3733 3196 3789 Dei
3239 3749 3470 3790 munera
3504 3749 3717 3805 praepa-

2109 3839 2318 3899 raruut,
2351 3829 2453 3884 nisi
2482 3828 2813 3885 adversariis
2836 3827 3165 3893 restiterint,
3192 3827 3422 3896 perdent
3453 3826 3562 3898 [ΑΙ.
3591 3841 3719 3896 per-

2109 3923 2324 3997 dereut]
2365 3934 2612 3994 tempore
2645 3937 2839 3994 pugnat
2884 3932 3048 3994 atque
3093 3924 3454 3978 certaminis:
3489 3923 3580 3993 qui
3621 3923 3722 3980 ad-

2109 4016 2337 4070 versarii
2370 4015 2772 4086 compositione
2813 4023 3204 4084 structuraque
3250 4014 3552 4070 verborum
3585 4003 3721 4068 trdi-

2111 4111 2277 4166 ﬁcant
2308 4109 2410 4166 sibi
2459 4109 2675 4172 domos.
2730 4115 2789 4164 ut
2836 4111 2934 4165 tuti
2994 4120 3257 4166 maneant
3288 4119 3342 4166 et
3373 4111 3571 4167 seeuri.
3610 4111 3719 4167 Sed

2113 4221 2221 4260 non
2265 4203 2593 4260 habitabunt
2640 4204 2693 4258 in
2742 4205 2848 4271 eis,
2901 4219 3024 4260 cum
3056 4204 3126 4259 ab
3154 4205 3541 4260 ecclesiasticis
3589 4203 3723 4261 viris

2111 4299 2403 4354 destructa:
2446 4297 2653 4354 iuerint
2701 4307 2870 4368 atque
2909 4299 3221 4354 subversae.
3280 4299 3349 4352 Et
3400 4313 3507 4354 non
3540 4299 3718 4353 solum

2112 4393 2302 4447 domos
2335 4391 2624 4458 aedificant,
2671 4403 2859 4446 verum
2903 4393 3066 4446 etiam
3109 4390 3516 4445 amantissimas
3570 4401 3710 4459 quod

2114 4501 2220 4555 que
2290 4493 2345 4539 et
2403 4475 2801 4539 desiderabiles
2852 4483 3100 4552 plantant
3144 4481 3374 4548 vineas,
3418 4489 3476 4536 tit
3513 4479 3720 4536 Christi

399 4582 563 4634 electa
585 4581 917 4650 accipiebatis
943 4583 1007 4635 ob
1036 4585 1137 4649 eis,
1167 4584 1346 4639 domos
1375 4584 1564 4638 dolatis
1589 4584 1846 4656 lapidibus
1868 4585 1998 4638 redi.-
2027 4619 2078 4679 Ι)
2110 4580 2369 4650 mysteria
2401 4579 2767 4642 mentiantur;
2795 4576 2893 4630 Sed
2927 4591 3035 4630 non
3067 4575 3258 4629 bibent
3287 4590 3352 4630 ex
3385 4573 3470 4630 eis
3503 4574 3722 4640 vinum,

399 4675 616 4745 ﬁcastis,
650 4683 696 4730 et
729 4691 831 4730 non
861 4674 1157 4729 habitabilis
1195 4677 1249 4729 in
1283 4677 1373 4729 eis.
1414 4675 1603 4730 Vincas
1626 4676 1995 4730 desiderabiles

402 4768 700 4833 plantastis,
732 4775 779 4820 et
816 4783 920 4820 non
951 4765 1127 4822 bibetis
1159 4769 1333 4820 riuum
1374 4783 1589 4832 earum;
1638 4769 1756 4839 quia
1795 4785 1888 4840 ego
1915 4785 2002 4822 co-

403 4863 554 4933 gnovi
578 4862 774 4916 multas
791 4863 1079 4931 impietales
1103 4870 1292 4916 vestras
1307 4870 1376 4926 ,et
1390 4863 1545 4933 fortia
1567 4870 1778 4934 peccata
1801 4873 2002 4918 vestra:

401 4956 768 5010 conculcantet
805 4958 1044 5027 justum,
1094 4956 1402 5026 accipientes
1452 4957 1905 5024 commutationes,
1961 4963 2007 5010 et

473 5100 496 5128 α
522 5091 638 5146 Non
695 5090 1005 5160 spernenda
1036 5091 1395 5148 Cisterciens.
1445 5105 1550 5146 ms.
1591 5093 1756 5149 lectio
1798 5094 2002 5160 mortis,

403 5179 500 5232 pro
527 5164 682 5232 inferi
724 5179 899 5235 :nam
948 5173 1002 5217 et
1052 5163 1121 5218 de
1152 5166 1326 5232 portis
1371 5166 1564 5218 mortis
1615 5166 1870 5235 superior
1924 5173 2005 5220 est

401 5250 606 5301 sermo,
643 5245 712 5312 _et
739 5234 885 5312 quod
935 5236 1214 5312 iti_Gr:_eco
1245 5234 1870 5312 estédouvocabuluut,
1906 5252 2008 5306 pro

402 5317 577 5379 l‘nttt‘le
595 5327 618 5358 a
635 5305 842 5362 Graecis
863 5305 1525 5379 p‘lCii51lliqlliltltitlSllllli,
1546 5325 1649 5362 non
1672 5305 2005 5378 ignoramus.

476 5377 502 5451 1t
539 5379 820 5442 Martium,
843 5377 1157 5444 considens,
1174 5379 1581 5451 refragantibus
1602 5377 1731 5434 mss.
1749 5379 2011 5436 ctGrteeo

405 5450 693 5524 θαρῥρῇσα.

478 5520 512 5594 ς’
537 5521 742 5575 Victor.
798 5520 992 5576 minori
1037 5540 1284 5591 numero,
1332 5541 1556 5587 miluus,
1606 5523 1668 5577 ad
1728 5522 2014 5594 Vulgatam

402 5590 533 5716 fidit.
573 5595 865 5663 ipsumque
915 5594 1304 5668 Hieronymum
1359 5598 1450 5653 ubi
1507 5600 1616 5662 ait,
1675 5595 1788 5649 Nos
1830 5590 2017 5650 ntunus

447 5679 667 5716 ιπιιηηδ.

447 5679 570 5717 ta‘tm
585 5683 667 5719 ηδ.

475 5734 500 5860 ἵ
540 5736 639 5791 l-lic
695 5751 911 5807 quoque
963 5753 1145 5794 vocem
1193 5757 1366 5811 pugno
1401 5757 1504 5798 ms.
1539 5741 1896 5796 Cisterciens.
1939 5749 2022 5794 ta-

407 5821 520 5861 cet.

2117 4673 2220 4727 nisi
2253 4671 2397 4741 quod
2429 4681 2514 4726 est
2545 4671 2693 4726 furor
2713 4670 3012 4724 (iracunqu
3039 4669 3386 4724 insanabilis.
3414 4667 3716 4739 Exspecta-

2117 4767 2194 4823 vit
2219 4768 2362 4821 enim
2407 4767 2697 4830 Dominus,
2736 4773 2794 4820 ut
2827 4765 2942 4819 istae
2988 4765 3162 4820 vincte
3196 4761 3460 4820 all'errent
3485 4757 3716 4829 fructus,

2115 4869 2170 4916 et
2200 4877 2306 4914 non
2337 4859 2636 4915 attulerunt
2669 4875 2827 4914 uvam
2853 4901 2866 4925 ,
2898 4860 2994 4916 sed
3027 4860 3212 4931 Spinas
3241 4860 3326 4915 vel
3353 4861 3662 4916 labruscam
3701 4875 3714 4912 :

2120 4969 2222 5010 nec.
2271 4953 2558 5024 judicium,
2607 4954 2703 5009 sed
2760 4953 3082 5019 clamorem,
3141 4965 3251 5024 quo
3295 4963 3494 5008 contra
3547 4950 3720 5007 Deum

2189 5103 2211 5129 ε
2242 5090 2350 5145 Pro
2383 5097 2728 5158 redemptum,
2773 5091 2916 5160 quod
2957 5105 3024 5146 ex
3068 5105 3200 5144 mss.
3248 5088 3501 5144 Palatino
3532 5099 3595 5142 ac
3626 5085 3718 5141 Cin-

2114 5163 2405 5220 sterciensi
2451 5162 2830 5230 reposuimus,
2879 5161 3222 5217 Martianzeus
3269 5160 3494 5216 retinuit
3543 5163 3720 5231 furcae

2117 5247 2237 5290 tem.
2275 5234 2528 5290 Notatum
2573 5247 2708 5288 vero
2739 5234 2951 5301 pridem
2999 5233 3184 5287 fuerat
3217 5232 3483 5298 Victoria,
3517 5230 3720 5300 exponi

2115 5309 2206 5363 illa
2243 5308 2406 5362 verba
2438 5322 2450 5358 :
2485 5303 2681 5376 Hostes
2704 5305 2831 5369 justi
2854 5305 3164 5376 accipientes
3192 5317 3405 5376 munera
3437 5320 3456 5362 ;
3494 5302 3718 5376 Verum,

2121 5380 2329 5449 inquit,
2367 5378 2491 5447 quia
2521 5375 2686 5446 judes
2721 5389 2920 5449 munus
2966 5374 3238 5446 accipiens
3270 5375 3587 5449 redemptus
3641 5374 3723 5427 di-

2119 5446 2283 5514 citur,
2325 5446 2420 5520 pro
2467 5451 2744 5520 furentem,
2775 5447 3097 5515 redetnplltm
3137 5461 3236 5501 nos
3287 5446 3720 5509 eluenduvimus,

2127 5519 2338 5590 septem
2389 5519 2678 5576 Flerentin
2726 5520 2972 5574 codicum
3017 5534 3144 5588 cpe,
3177 5533 3338 5586 quam
3389 5519 3728 5590 etnehllatio-

2128 5589 2248 5649 nem
2285 5607 2597 5661 germanam
2649 5607 2771 5646 esse
2827 5599 3042 5644 constat
3083 5607 3153 5644 ex
3198 5589 3430 5659 ipsmuet
3460 5589 3727 5660 Hieronya

2131 5681 2252 5730 tuo,
2287 5668 2376 5734 qui
2409 5663 2636 5718 inferius
2681 5663 2752 5715 ita
2803 5661 2995 5734 scribit
3027 5680 3038 5734 ς
3073 5662 3344 5734 Pauperes
3371 5675 3588 5731 quoque
3633 5673 3734 5734 op-

2133 5731 2494 5809 presserunt,
2565 5745 2633 5809 ut
2688 5744 2880 5788 contra
2941 5733 3138 5803 judicii
3189 5731 3490 5790 veritatem
3550 5731 3730 5804 pretio

2136 5805 2466 5867 sententiam
2497 5805 2821 5862 venderent.
