4100 6336
416 254 545 312 1047

1650 251 1709 307 S.
1753 248 2022 310 EUSEBII
2064 248 2450 308 IIIERONYMI

3571 253 3710 315 1048

407 390 567 431 suum
599 374 792 430 insano
842 373 1004 447 295
1054 385 1149 429 ore
1193 371 1594 444 blasphemant.
1649 371 1776 428 Ideo
1823 381 2000 427 autem
2031 373 2082 434 A
2177 372 2341 445 296
2367 371 2548 444 (Vers.
2581 372 2666 439 li,
2717 371 2835 444 15.)
2869 371 3096 440 ρειαενὶισ
3129 371 3342 438 bonum,
3373 381 3422 428 et
3465 388 3569 429 non
3597 390 3708 428 ma-

412 485 521 525 uon
551 466 874 523 habitabuut
914 465 968 521 in
999 465 1252 521 domibus
1285 465 1425 534 suis,
1457 474 1511 522 et
1560 480 1668 520 non
1700 463 1889 522 bibent.
1918 465 2004 521 vi-

409 579 539 619 num
583 576 772 618 earum
805 575 940 632 quas
985 561 1390 630 plantaverant,
1421 560 1726 627 vinearum,
1760 561 1886 632 quia
1917 575 2007 617 co-

409 656 598 727 gnovit
630 654 893 710 Dominus
937 653 1136 709 multas
1177 653 1490 724 impietates
1519 668 1736 709 eorum.
1788 653 1888 710 Hic
1917 669 2012 710 co-

406 749 603 820 gnitio,
638 762 746 803 non
783 747 939 817 juxta
969 746 1124 814 illud
1155 747 1512 818 intelligenda
1561 758 1646 804 est
1696 748 1841 819 quod
1879 749 2008 805 alibi

406 843 639 914 legimus
683 861 694 896 :
745 842 994 914 Cognovit
1053 839 1310 895 Dominus
1359 857 1443 894 eos
1493 842 1582 911 qui
1625 845 1738 914 ejus
1769 852 1890 896 sunt
1922 841 2008 915 (ll

408 935 547 991 Tim.
582 953 640 1003 ιι,
673 936 786 1006 19),
819 935 914 990 sed
951 935 1104 1005 quod
1156 935 1292 989 nihil
1324 935 1492 990 Deum
1527 935 1716 1004 lateat,
1747 944 1802 991 et
1825 939 2010 994 omnia

409 1034 756 1105 peccantium
817 1042 1032 1087 secreta
1087 1044 1404 1103 cognoscat.
1471 1032 1739 1106 Cognovi,
1806 1033 2007 1105 inquit,

409 1128 601 1183 multas
630 1127 921 1198 impietates
954 1143 970 1179 :
1003 1142 1124 1196 quae
1173 1142 1282 1182 non
1334 1127 1511 1182 solum
1560 1127 1746 1182 multae
1767 1170 1780 1192 ,
1833 1127 1927 1184 sed
1958 1137 2014 1184 et.

408 1222 580 1278 fortes
607 1231 756 1288 sunt,
788 1231 845 1278 et
870 1223 1272 1292 opprimentes,
1307 1222 1424 1278 sive
1453 1222 1842 1278 conculcantes
1876 1231 1900 1260 α
1936 1224 2013 1295 ip-

407 1329 524 1369 sam
550 1314 856 1382 justitiam,
906 1315 992 1369 vel
1034 1330 1155 1370 eum
1185 1315 1276 1386 qui
1303 1316 1488 1384 justus
1515 1324 1620 1372 est.
1657 1316 1726 1371 Et
1751 1317 2007 1387 accipitis,

409 1407 610 1478 inquit,
661 1407 1112 1462 commutationem
1146 1424 1164 1460 :
1205 1405 1232 1444 ι)
1268 1423 1366 1477 pro
1397 1424 1500 1479 qua
1538 1423 1729 1463 omnes
1759 1409 2014 1466 similiter

408 1504 687 1575 ίξὶλασμα,
725 1501 779 1556 id
811 1511 922 1570 est,
954 1502 1372 1574 propitiationem
1416 1503 1816 1558 transtulerunt
1852 1520 1866 1558 :
1914 1519 2013 1560 nos

410 1616 594 1653 munus
619 1598 889 1663 diximus;
912 1609 934 1636 ε
957 1595 1192 1671 ἄλλαγμα
1222 1606 1403 1653 autem
1439 1598 1594 1668 juxta
1624 1598 1827 1653 idioma
1868 1597 2017 1654 Scri-

407 1701 691 1761 pturarnm
717 1691 937 1761 pretium
966 1690 1188 1758 dicitur,
1211 1691 1353 1760 quod
1388 1691 1441 1745 in
1473 1690 1767 1762 Evangelio
1793 1706 2011 1763 quoque

2111 467 2240 534 lum,
2271 477 2325 521 ut
2352 467 2555 534 vivatis,
2586 477 2634 522 et
2665 467 2764 521 erit
2797 467 3052 522 Dominus
3082 463 3224 522 Deus
3255 467 3577 523 exercituum
3616 483 3709 522 vo-

2110 561 2307 617 biscum
2333 563 2464 618 sicut
2491 562 2698 616 dixistis
2731 579 2749 618 :
2779 562 2934 618 Odite
2955 562 3173 631 malum,
3195 572 3244 616 et
3266 562 3466 636 diligite
3491 563 3706 631 bonum,

2109 664 2160 711 et
2205 658 2497 713 constituite
2543 658 2597 712 in
2643 657 2807 730 portis
2836 658 3123 732 judicium,
3156 659 3200 713 si
3229 659 3364 728 forte
3409 659 3714 714 misereatur

2111 749 2368 805 Dominus
2416 749 2558 805 Deus
2607 752 2922 806 exercituum
2968 752 3204 822 reliquiis
3250 750 3467 824 Ioseph.
3521 751 3710 808 LXX:

2114 841 2341 909 Qurcrite
2367 844 2577 909 bonum,
2609 853 2656 898 et
2699 861 2801 898 non
2844 844 3064 912 malum,
3098 853 3153 898 ut
3187 845 3369 899 vivatis
3389 885 3404 912 ,
3436 855 3482 898 et
3513 845 3611 900 erit
3637 846 3713 901 sic

2111 933 2366 989 Dominus
2404 935 2547 991 Deus
2593 937 2916 1007 omnipotens
2963 937 3242 1003 vobiscum,
3285 938 3418 992 sicut
3457 937 3664 992 dixistis
3690 952 3712 994 .‘

2117 1023 2251 1081 Odia
2278 1025 2556 1082 habuimus
2580 1026 2740 1094 mala,
2769 1037 2816 1082 et
2847 1027 3123 1081 dileximus
3151 1027 3304 1097 bona,
3337 1037 3384 1080 et
3430 1027 3630 1082 reddite
3656 1028 3715 1081 in

2115 1121 2276 1191 portis
2301 1121 2594 1192 judicium,
2626 1130 2678 1174 ut
2708 1121 3014 1175 misereatur
3045 1119 3294 1175 Dominus
3323 1119 3464 1198 Deus
3513 1121 3594 1175 his
3624 1119 3716 1193 qui

2114 1214 2298 1284 reliqui
2324 1224 2444 1269 sunt
2466 1216 2529 1269 de
2552 1213 2768 1286 Ioseph.
2801 1214 2997 1270 Dicitis
3031 1216 3200 1271 Deum
3239 1231 3366 1272 esse
3406 1215 3714 1286 vobiscum,

2113 1309 2238 1380 quia
2269 1309 2391 1364 sitis
2440 1309 2533 1364 lilii
2577 1310 2884 1376 Abraham;
2933 1311 3119 1366 audite
3149 1311 3294 1382 quod
3323 1311 3570 1382 sequitur
3609 1329 3622 1365 ε
3655 1310 3718 1367 Si

2115 1403 2214 1472 ﬁlii
2235 1404 2358 1458 estis
2379 1403 2622 1471 Abrahae,
2647 1421 2804 1477 Opera
2825 1407 2991 1477 patris
3014 1405 3172 1460 vestri
3197 1406 3354 1476 facite
3381 1402 3564 1473 (Joan.
3598 1419 3714 1470 vm,

2116 1495 2231 1565 59).
2265 1496 2396 1563 Quae
2427 1507 2556 1552 sunt
2581 1513 2750 1568 opera
2781 1497 2952 1569 patris
2985 1498 3150 1554 vestri
3191 1496 3470 1554 Abrahae?
3500 1496 3719 1570 Diligite

2114 1591 2329 1656 bonum,
2360 1600 2407 1645 et
2428 1609 2531 1646 non
2554 1592 2771 1647 malum.
2799 1592 3020 1649 Grande
3050 1602 3329 1664 peccatum
3352 1604 3459 1662 est,
3495 1609 3602 1648 non
3628 1607 3720 1649 so-

2116 1684 2227 1739 lum
2260 1684 2442 1740 facere
2482 1686 2707 1752 malum,
2756 1687 2851 1745 sed
2883 1695 2940 1742 et
2978 1685 3226 1758 diligere.
3272 1687 3425 1742 Multi
3467 1696 3717 1758 peccant,

403 1783 635 1854 legimus
668 1803 678 1838 :
713 1783 780 1838 At
828 1800 980 1854 quam
1038 1783 1176 1838 dabit
1223 1785 1371 1837 homo
1417 1785 1868 1840 commutationem
1915 1801 2008 1855 pro
2040 1769 2085 1830 Β
2112 1788 2166 1833 et
2189 1778 2407 1848 expleto
2438 1778 2731 1850 voluptatis
2771 1779 2990 1847 ardore,
3025 1780 3346 1836 mordentur
3372 1780 3717 1837 conscientia

405 1879 580 1932 anima
609 1895 703 1933 sua
737 1877 915 1949 (.lIatt.
952 1895 1062 1949 xvr,
1094 1878 1227 1949 26)?
1253 1877 1534 1948 Pauperes
1563 1893 1782 1948 quoque
1803 1878 1856 1933 in
1881 1893 2009 1949 por-

405 1972 476 2026 tis
502 1972 891 2026 declinaverunt
921 1988 938 2025 :
971 1973 1086 2028 sive
1114 1979 1176 2027 ut
1201 1972 1563 2045 Symmachus
1611 1974 2008 2044 interpretatus

411 2077 515 2133 est,
546 2075 939 2138 Oppresserunt,
971 2074 1030 2121 ut
1057 2074 1251 2122 contra
1274 2065 1467 2136 judicii
1500 2065 1788 2122 veritatem
1833 2068 2009 2137 pretio

406 2159 737 2215 sententiam
785 2158 1119 2225 venderent,
1172 2159 1520 2215 incurrentes
1578 2159 1634 2213 in
1684 2158 1814 2214 illud
1865 2159 2009 2228 quod

411 2254 676 2324 scriptum
705 2263 792 2309 est
823 2269 835 2307 :
871 2251 1094 2308 Munera
1131 2262 1391 2308 exerceant
1416 2252 1591 2307 oculos
1621 2253 1773 2306 etiam
1799 2253 2008 2325 sapien-

411 2347 536 2400 tium
576 2343 761 2418 (Deut.
813 2361 924 2413 xw,
960 2345 1074 2418 19).
1131 2345 1266 2414 Quae
1315 2345 1587 2416 accipiunt
1634 2345 1906 2415 haeretici,
1955 2355 2011 2402 ut

410 2440 788 2496 austeritatem
822 2439 1254 2512 Scripturarum,
1298 2454 1423 2510 quae
1469 2440 1852 2509 peccatoribus
1893 2448 2009 2495 toro

407 2546 594 2591 menta
623 2534 969 2603 denuntiant,
994 2542 1215 2590 vertant
1242 2534 1298 2589 in
1331 2533 1728 2590 beatitudinem
1763 2553 1774 2588 :
1807 2542 1863 2590 et
1886 2549 2009 2591 cum

407 2629 668 2686 divitibus
693 2643 950 2701 prospera
974 2644 1208 2700 quaeque
1237 2629 1584 2700 promittant,
1623 2637 1834 2684 tantum
1865 2629 2011 2699 apud

409 2736 680 2792 pauperes
728 2721 1025 2776 truculenti
1070 2730 1202 2776 sunt
1249 2730 1306 2776 et
1343 2720 1544 2776 severi.
1589 2721 1820 2788 Quando
1850 2721 2012 2792 igitur

407 2818 491 2872 vir
521 2816 934 2872 ecclesiasticus
964 2825 1018 2871 et
1063 2815 1307 2886 prudens
1337 2824 1500 2886 atque
1525 2815 1840 2886 intelligens
1869 2816 2011 2871 mul-

410 2918 492 2963 tas
523 2909 832 2976 impietates
857 2909 912 2964 in
943 2923 1029 2978 ea,
1062 2925 1184 2978 qua:
1216 2921 1445 2965 vocatur
1470 2909 1664 2964 domus
1713 2909 1842 2979 Dei,
1887 2925 2012 2967 esse

408 3003 754 3074 cognoverit,
800 3011 856 3058 et
886 3019 991 3058 non
1033 3005 1210 3059 solum
1261 3005 1489 3074 multas,
1523 3006 1620 3061 sed
1649 3018 1704 3062 et
1734 3007 1926 3074 fortes,
1955 3018 2011 3064 et

421 3113 540 3168 quae
569 3097 879 3167 opprimere
922 3097 1131 3166 possint
1156 3097 1424 3167 justitiam
1452 3145 1465 3169 ,
1501 3108 1557 3156 et
1596 3102 1866 3156 intantum
1910 3102 2010 3158 do-

2113 1885 2230 1936 sua,
2265 1879 2318 1925 et
2351 1871 2581 1941 paenitet
2612 1885 2707 1926 eos
2753 1872 2962 1942 peccati
2993 1872 3098 1926 sui.
3139 1872 3240 1942 Qui
3275 1882 3455 1928 autem
3485 1888 3594 1928 non
3625 1887 3720 1928 so-

2111 1965 2222 2019 lum
2273 1980 2380 2019 non
2415 1964 2564 2020 dolct
2611 1980 2670 2021 se
2717 1966 2914 2022 fecisse
2943 1967 3084 2038 quod
3119 1967 3321 2022 malum
3369 1977 3473 2038 est,
3521 1969 3618 2025 sed
3664 1969 3720 2026 in

2113 2071 2214 2111 suo
2245 2057 2457 2113 scelere
2507 2058 2794 2129 gloriatur,
2830 2060 2933 2116 iste
2977 2061 3170 2131 implet
3214 2061 3350 2117 illud
3393 2062 3537 2133 quod
3586 2061 3722 2118 scri-

2113 2161 2265 2221 ptum
2294 2161 2380 2206 est
2412 2169 2424 2205 :
2456 2150 2714 2207 Peccator
2735 2169 2850 2208 cum
2886 2155 3079 2209 venerit
3111 2156 3166 2209 in
3197 2156 3518 2228 profundum
3538 2156 3722 2228 impie-

2114 2247 2258 2315 tatis,
2301 2248 2582 2302 contemnit
2626 2247 2810 2320 (Prov.
2857 2263 3016 2316 xvm,
3055 2249 3133 2321 5).
3180 2249 3426 2316 Quaerite
3457 2263 3591 2321 ergo
3623 2249 3722 2305 ho-

2113 2357 2264 2410 num,
2298 2349 2354 2398 et
2384 2357 2493 2397 non
2523 2341 2747 2397 malum.
2773 2342 2832 2398 Si
2856 2343 3003 2398 enim
3033 2343 3364 2415 quaesieritis
3395 2344 3626 2410 bonum,
3665 2344 3720 2400 in

2114 2449 2180 2490 eo
2200 2434 2344 2506 quod
2381 2435 2630 2506 quaeritis
2670 2435 2872 2492 bonum
2898 2477 2912 2503 ,
2964 2437 3148 2491 statim
3191 2437 3459 2508 repellitis
3490 2438 3716 2494 malum.

2113 2529 2421 2602 Numquam
2448 2540 2628 2586 autem
2674 2532 2992 2602 quaereretis
3024 2532 3247 2600 bonum,
3292 2533 3395 2589 nisi
3439 2534 3594 2604 prius
3635 2550 3723 2590 re-

2116 2624 2392 2694 pelleretis
2422 2623 2646 2690 malum,
2675 2624 2966 2694 implentes
2991 2626 3160 2682 verba
3189 2626 3496 2684 Psalmistae
3526 2627 3720 2684 dicen-

2114 2717 2184 2772 tis
2217 2736 2228 2772 :
2259 2716 2479 2773 Declina
2499 2735 2531 2773 a
2557 2720 2717 2785 malo,
2768 2729 2815 2774 et
2857 2721 2942 2790 [ac
2991 2721 3182 2776 bonum
3212 2720 3332 2794 (Ps.
3362 2737 3554 2792 xxxVI,
3589 2723 3714 2796 27).

2115 2808 2364 2882 Cumque
2405 2812 2736 2882 quaesieritis
2779 2812 3002 2882 bonum,
3055 2823 3111 2868 et
3159 2815 3460 2870 vitaveritis
3489 2815 3715 2885 malum,

2116 2916 2245 2962 tunc
2266 2907 2462 2961 vivetis
2487 2907 2538 2960 in
2569 2921 2636 2962 eo
2663 2907 2752 2978 qui
2781 2907 2914 2962 dicit
2947 2925 2960 2961 :
2995 2906 3107 2982 Ego
3133 2925 3246 2963 sum
3267 2910 3369 2963 vita
3397 2909 3578 2982 (Joan.
3601 2926 3714 2977 xw,

2115 3001 2190 3072 6).
2251 3000 2456 3056 Bonum
2488 3000 2703 3070 quierit,
2740 3001 2830 3066 qui
2861 3000 3034 3056 credit
3066 3003 3121 3056 in
3157 3017 3282 3057 eum
3315 3002 3408 3072 qui
3438 3004 3490 3056 in
3536 3002 3718 3058 Evan-

2113 3095 2257 3167 gelio
2288 3094 2527 3165 loquitur
2561 3113 2573 3148 :
2604 3093 2720 3165 Ego
2745 3112 2859 3150 sum
2891 3104 3072 3168 pastor
3103 3095 3265 3151 bonus
3293 3094 3484 3167 (Ibid.,
3516 3113 3572 3164 ι,
3599 3097 3713 3167 11).

417 3201 628 3246 ctorum
659 3190 865 3246 rabiem
893 3192 1256 3262 processisse,
1283 3201 1342 3247 ut
1369 3168 1639 3263 accipiant
1685 3195 1918 3264 pretium
1958 3195 2012 3251 in
2039 3168 2083 3232 C
2117 3188 2356 3260 Repellit
2385 3189 2608 3256 malum,
2635 3189 2726 3259 qui
2751 3188 2884 3260 fugit
2913 3206 3035 3244 cum
3084 3191 3150 3245 de
3172 3206 3279 3260 quo
3305 3191 3566 3262 scriptum
3589 3201 3671 3247 est
3695 3209 3708 3245 :

409 3285 638 3355 judicio,
669 3296 723 3341 et
753 3284 936 3340 omnia
986 3301 1088 3356 pro
1135 3289 1454 3344 muneribus
1482 3287 1709 3357 faciant,
1742 3305 2015 3361 pauperes

411 3392 630 3449 quoque
660 3379 904 3434 devitent
951 3379 1006 3434 in
1058 3381 1261 3450 portis,
1297 3388 1354 3436 et
1379 3380 1571 3436 audire
1612 3394 2008 3440 contemnant:

406 3480 583 3526 taceat
625 3472 678 3526 in
709 3471 805 3526 illo
836 3482 1100 3542 tempore,
1131 3488 1203 3528 ne
1250 3473 1343 3528 det
1392 3483 1641 3529 sanctum
1668 3476 1920 3542 canibus,
1955 3485 2012 3533 et

414 3564 592 3618 mittat
625 3565 947 3635 margaritas
997 3576 1128 3621 ante
1175 3581 1374 3636 porcos
1397 3566 1574 3635 (Matt.
1610 3570 1734 3640 vn),
1766 3571 1855 3641 qui
1879 3585 2012 3627 con-

409 3659 554 3714 versi
583 3658 903 3714 conculcent
933 3673 1026 3714 eas
1050 3703 1064 3727 ,
1107 3667 1162 3715 et
1202 3660 1444 3716 imitetur
1483 3661 1776 3718 Jeremiam
1824 3665 2004 3721 dicen-

409 3763 516 3808 tem
549 3769 562 3805 :
601 3751 759 3807 Solus
786 3751 1025 3806 sedebam
1058 3769 1075 3806 :
1107 3753 1228 3822 quia
1256 3753 1604 3808 amaritudine
1630 3755 1858 3826 repletus
1894 3774 2008 3811 sum

411 3845 546 3919 (Jer.
576 3861 666 3913 xv,
699 3844 811 3915 17).
864 3842 935 3898 Et
963 3843 1099 3899 illud
1133 3844 1186 3899 in
1232 3845 1466 3901 Psalmis
1499 3866 1512 3902 :
1547 3844 1845 3919 Singularis
1893 3867 2008 3905 sum

409 3956 501 4009 ego
523 3940 688 3993 donec
716 3946 974 3992 transeam
1006 3935 1108 4010 (Is.
1143 3953 1266 4005 cu,
1301 3937 1413 4008 10).

431 4107 433 4109 ί
483 4089 508 4118 ιι
533 4079 669 4135 Tres
710 4091 866 4141 mss.,
917 4076 1277 4131 conculcantes
1301 4077 1527 4146 justum,
1563 4078 1639 4132 vel
1687 4078 1855 4149 ipsam
1889 4084 2011 4152 jus-

436 4165 443 4166 ί
559 4168 598 4206 ι.

407 4165 690 4276 Μῗυίἰειηο
725 4218 1044 4290 Hieronymi
1083 4218 1411 4274 sententiam
1463 4221 1873 4290 imperitissitne
1904 4223 2005 4279 de-

408 4302 706 4368 pravarunt
753 4293 1014 4368 Erasmus
1057 4303 1111 4345 et
1161 4290 1441 4345 Marianus
1495 4293 1761 4368 legentes,
1814 4305 2004 4352 contra

407 4365 568 4424 iidem
600 4381 729 4422 mss.
775 4365 1054 4428 codicum,
1089 4379 1182 4433 pro
1228 4379 1329 4432 qua
1377 4365 1780 4420 commutatione
1829 4383 2004 4423 omnes

405 4440 646 4495 similiter
673 4439 1006 4523 ὄιλλόιγμᾳιτοιἶ
1049 4435 1101 4488 id
1133 4443 1226 4523 est,
1261 4434 1683 4523 pIOpitiationem
1714 4440 1999 4523 transtule-
2027 4463 2080 4523 ο

407 4521 547 4574 runt,
603 4521 734 4576 clc.,
778 4505 842 4563 εἴ
883 4509 1246 4578 impingentes
1291 4505 1348 4578 S.
1399 4506 1614 4561 Ductori
1668 4508 1997 4578 imperitiam

408 4585 610 4653 lingua:
637 4580 864 4645 Grtucua,
903 4577 1059 4649 quasi
1107 4577 1432 4653 nescivisset
1471 4577 1771 4653 ἀλλάσγματὰ
1800 4582 2005 4652 signiti-

406 4650 532 4710 care
579 4653 743 4714 pretia
795 4661 851 4707 et
899 4650 1365 4714 commutationes,
1422 4665 1528 4704 non
1581 4650 2002 4720 prapitiatibnem

409 4743 531 4797 quae
566 4725 816 4796 ἐξίλασμα
858 4722 1075 4783 dicitur,
1109 4732 1164 4775 ut
1195 4723 1402 4797 optime
1425 4732 1678 4797 noverat,
1705 4723 1856 4793 juxta
1887 4741 2003 4780 om-

407 4794 556 4852 nium
573 4794 965 4867 exemplarium
987 4794 1485 4862 manuscriptorum
1505 4794 1821 4864 lectionem,
1841 4812 2000 4867 quam

406 4885 507 4939 ego
537 4867 768 4924 restitui.
796 4865 974 4939 Mulir.

483 4947 506 4975 ο
539 4940 629 4996 Sic
659 4948 878 4994 vertunt
905 4935 1072 5000 LXX,
1115 4951 1306 4991 verum
1351 4937 1528 5008 ipsum
1573 4946 1718 4992 tacet
1746 4937 1998 4996 Graecum

407 5013 628 5068 verbum
653 5013 791 5069 alter
833 5009 1063 5063 Palatin.
1100 5024 1204 5063 ms.
1240 5008 1478 5079 legitque
1516 5024 1707 5062 munus
1745 5010 1993 5079 diximus,

403 5085 547 5156 quod
564 5088 722 5156 juqcta
746 5082 969 5156 idioma_.
999 5083 1134 5156 etc."

477 5155 502 5192 ἀ
532 5151 752 5211 Ᾰόάιιηι
789 5154 898 5207 duo
926 5151 1154 5206 Palatini
1187 5167 1320 5206 mss.
1362 5152 1417 5205 id
1453 5162 1526 5206 est
1557 5153 1825 5223 pietatem,
1873 5171 1994 5222 quae

401 5227 511 5282 duo
541 5229 702 5283 verba
736 5227 787 5279 in
812 5226 926 5294 suis
947 5238 1165 5294 quoque
1191 5223 1603 5292 exemplaribus
1633 5227 1844 5281 eunetis
1871 5226 1992 5282 Vic-

399 5302 573 5355 torius
609 5293 1186 5366 reperitzfactumque
1229 5295 1388 5362 adeo,
1429 5305 1486 5348 ut
1529 5297 1845 5363 praecedens
1890 5315 1990 5355 vox

400 5370 590 5426 Graeca
617 5372 898 5428 ἐπιείκησις
917 5408 931 5432 ,
959 5382 1079 5438 quae
1102 5368 1362 5436 pietatem,
1395 5366 1799 5440 probitatemque
1820 5371 1989 5440 signi-

399 5443 544 5510 ficat,
588 5442 802 5496 tametsi
849 5454 1037 5509 parum
1072 5440 1124 5492 in
1159 5451 1255 5492 usu
1287 5449 1400 5510 est,
1426 5439 1512 5493 hic
1543 5439 1837 5496 obtinuerit
1877 5439 1990 5510 prec

395 5508 538 5578 alia,
577 5508 858 5576 ἐπὶτασιν.
894 5525 1056 5580 quam
1105 5525 1204 5563 nos
1243 5510 1294 5564 in
1345 5508 1698 5566 Cisterciensi
1727 5553 1741 5578 ,
1793 5508 1892 5567 ille
1931 5513 1986 5570 in

393 5583 656 5638 Brixiano
701 5597 810 5637 uno
853 5583 987 5650 legit
1027 5596 1132 5636 ms.
1181 5580 1485 5648 Praeterea,
1522 5581 1728 5651 inquit,
1771 5581 1989 5640 videtur

391 5655 758 5728 Hieronymus
803 5656 1048 5728 seipsum
1079 5653 1354 5728 explicare
1379 5656 1441 5728 in
1489 5655 1729 5728 primam
1760 5664 1985 5712 senten-

388 5725 551 5794 tiam,
603 5724 660 5780 et
704 5726 851 5780 illam
883 5725 1172 5797 lectionem
1229 5724 1299 5781 de
1336 5727 1540 5797 pietate
1593 5727 1765 5797 magis
1816 5729 1978 5796 tueri,

378 5799 512 5854 dum
543 5797 729 5853 statim
780 5798 943 5852 infert
978 5815 988 5849 :
1025 5795 1152 5850 Odit
1181 5795 1399 5865 malum,
1427 5799 1517 5867 qui
1557 5814 1662 5852 non
1689 5795 1862 5855 solum
1895 5795 1983 5856 r04

2119 3282 2352 3337 Mundus
2397 3283 2454 3337 in
2491 3283 2724 3354 maligno
2766 3285 2968 3353 positus
3006 3293 3078 3338 est
3122 3282 3357 3355 (lJoan.
3400 3299 3454 3349 v,
3487 3283 3603 3357 16).
3647 3285 3715 3341 Et

2118 3379 2172 3434 in
2225 3377 2474 3433 oratione
2533 3377 2816 3434 Dominica
2871 3377 3005 3434 dicit
3048 3396 3060 3433 :
3117 3378 3308 3433 Libera
3357 3395 3448 3434 nos
3496 3397 3527 3433 a
3573 3380 3712 3433 malo

2117 3471 2298 3545 (Matt.
2333 3489 2410 3538 vr,
2441 3472 2550 3539 15).
2590 3470 2836 3543 Cumque
2866 3473 3218 3546 quaesieritis,
3254 3473 3450 3543 inquit,
3482 3473 3706 3542 bonum,

2115 3576 2170 3622 et
2203 3582 2310 3622 non
2339 3567 2567 3634 malum,
2591 3574 2649 3621 et
2675 3567 2944 3634 vixeritis,
2980 3576 3108 3622 tunc
3139 3566 3242 3622 erit
3278 3567 3539 3623 Dominus
3565 3568 3711 3623 Deus

2117 3662 2457 3719 exercituum
2488 3660 2796 3725 vobiscum,
2830 3661 2974 3716 sicut
2998 3661 3260 3716 dixeratis
3287 3661 3410 3718 ideo
3434 3677 3558 3717 eum
3587 3676 3712 3719 esse

2117 3757 2397 3811 vobiscum
2428 3755 2550 3824 quia
2575 3754 2686 3810 nati
2729 3755 2923 3810 essetis
2950 3755 3019 3810 de
3050 3754 3345 3810 Abraham.
3376 3755 3489 3811 Nec
3511 3755 3713 3812 sufﬁcit

2115 3849 2318 3906 bonum
2348 3863 2616 3920 quaerere,
2649 3847 2957 3918 malumque
2984 3861 3091 3902 non
3123 3863 3392 3918 quaerere,
3427 3846 3533 3903 nisi
3555 3848 3712 3904 ἐπιεί-

2115 3965 2262 4006 κησιν
2288 3939 2315 3978 ιι
2347 3941 2590 3998 habeatis
2641 3940 2694 3995 in
2736 3941 2895 4012 297
2920 3949 3173 4010 utroque,
3217 3951 3275 3996 ut
3317 3941 3550 4012 primum
3580 3942 3711 3998 ode-

2119 4082 2320 4150 luptate
2347 4096 2451 4135 non
2477 4079 2722 4144 vincitur,
2758 4077 2847 4132 sed
2882 4079 2992 4132 odit
3019 4094 3180 4148 opera
3204 4081 3504 4151 voluptatis.
3532 4080 3598 4135 Et
3623 4083 3706 4136 di-

2108 4153 2222 4224 ligit
2246 4153 2437 4206 bonum
2461 4152 2550 4223 qui
2579 4165 2684 4224 non
2707 4151 2920 4212 invitus,
2954 4159 3042 4204 aut
3075 4153 3398 4224 necessitate,
3435 4165 3527 4208 aut
3569 4165 3706 4209 metu

2104 4222 2280 4296 legum
2308 4224 2430 4348 {itch
2457 4222 2594 4293 quod
2633 4222 2822 4275 bonum
2850 4233 2956 4284 est;
3002 4223 3091 4276 sed
3120 4224 3312 4278 idcirco
3358 4227 3484 4296 quia
3511 4229 3706 4280 bonum

2105 4307 2200 4348 est.
2229 4296 2394 4348 Nmis
2445 4293 2800 4348 niltilosccius
2850 4295 3087 4348 ἐπίτασις
3130 4297 3300 4348 matris
3352 4297 3546 4348 nlacet.
3581 4313 3704 4348 num.

2105 4293 2200 4352 est.
2229 4293 2394 4350 Nobis
2425 4293 2800 4368 rniliilosecius
2834 4295 3087 4368 iit-trum;
3130 4297 3300 4365 magis
3352 4293 3546 4368 placet,
3581 4313 3704 4368 qum

2105 4382 2211 4422 vox
2239 4366 2753 4438 accessionem,_sive
2775 4365 3186 4420 additamentum
3211 4367 3499 4438 signiﬁcat,
3527 4365 3702 4438 eaque

2107 4442 2277 4493 utitur
2323 4451 2569 4507 persmpe
2620 4436 3018 4507 Hieronymus,
3089 4448 3147 4493 ut
3200 4436 3701 4496 incrementum—in

2111 4510 2323 4580 agendo
2353 4520 2516 4577 atque
2564 4509 2918 4562 intentionem
2952 4520 3124 4565 notet.
3168 4510 3259 4568 Sic
3299 4511 3352 4566 in
3401 4523 3699 4569 comment.

2112 4583 2162 4636 in
2200 4581 2471 4636 Ezechiel.
2498 4595 2618 4648 cap.
2651 4595 2808 4638 xvm,
2839 4580 2908 4635 de
2927 4580 3138 4637 decima
3165 4584 3349 4652 quinta
3381 4587 3650 4641 sententia
3682 4605 3696 4641 :

2105 4654 2375 4707 Judicium
2423 4668 2597 4705 verum
2641 4652 2820 4726 fecerit
2865 4652 3005 4726 inter
3056 4654 3224 4707 virum
3271 4665 3315 4708 et
3351 4657 3551 4726 virum,
3595 4660 3702 4712 sive

2108 4725 2404 4792 proxim-um
2450 4739 2622 4777 suum.
2659 4722 2831 4790 Quod,
2865 4722 3058 4793 inquit,
3092 4726 3292 4782 videtur
3332 4728 3467 4782 idem
3513 4722 3700 4783 sonare

2105 4799 2500 4872 quodprimum
2521 4836 2536 4861 ,
2582 4795 2665 4847 ubi
2702 4796 2963 4872 _scr_ip_tu-m
2990 4807 3067 4850 est
3094 4814 3106 4849 :
3142 4796 3205 4853 Si
3231 4800 3389 4872 fuerit
3405 4802 3618 4872 justus,
3650 4811 3698 4856 et

2105 4869 2285 4943 fecerit
2301 4867 2564 4943 judicium
2578 4882 2602 4943 ;_
2623 4867 2711 4920 sed
2731 4865 2914 4943 addita
2939 4873 3152 4943 veritate
3170 4865 3383 4942 judicii,
3405 4865 3545 4943 quod
3567 4875 3698 4943 facit

2101 4938 2235 4994 inter
2267 4938 2436 4994 virum
2454 4947 2510 5010 et
2552 4938 2748 5004 virum,
2781 4938 2884 4991 sive
2911 4938 3206 5010 proximum
3251 4938 3432 5006 suum,
3464 4938 3697 5002 ἐπίὲασιν

2101 5009 2560 5087 cernitur_haber_e
2585 5010 2851 5063 virtutum.
2888 5009 2959 5087 1ὶίΔ
2987 5028 3160 5081 genus
3204 5015 3306 5087 alia
3356 5018 3554 5087 passim
3603 5031 3695 5073 oc-

2099 5091 2327 5138 currunt
2353 5082 2489 5137 loca.
2517 5081 2702 5154 Porro
2723 5095 2918 5136 sensus
2948 5083 3107 5154 longe
3137 5081 3481 5154 concinnior,
3515 5102 3578 5143 ac
3603 5104 3695 5143 vc-

2099 5155 2233 5210 rior.
2279 5153 2394 5208 Non
2441 5153 2643 5229 sufficit
2692 5151 2890 5229 bonum
2923 5151 3192 5229 quaerere,
3227 5151 3537 5229 malumque
3585 5177 3693 5216 non

2098 5241 2369 5299 quaerere,
2402 5224 2502 5278 nisi
2535 5225 2770 5299 ἐπίτασιν
2801 5225 3097 5280 habeamus
3137 5228 3190 5283 in
3235 5224 3494 5299 utroque,
3525 5231 3575 5286 id
3609 5243 3695 5288 est

2097 5297 2344 5353 ordinem
2392 5307 2552 5374 atque
2609 5298 3009 5374 incrementum
3041 5299 3128 5374 ad
3182 5297 3470 5374 utriusque
3503 5318 3692 5371 respe-

2095 5378 2263 5435 ctum,
2299 5378 2358 5424 ut
2389 5367 2624 5438 primum
2649 5367 3546 5445 oderimusma_lum(odisse'enim
3569 5367 3688 5445 plus

2093 5451 2366 5514 estquam
2400 5456 2506 5495 nun
2539 5454 2784 5509 qumrere
2808 5438 2852 5510 ),
2887 5440 3084 5496 deinde
3128 5438 3420 5514 diligamus
3451 5438 3684 5502 bonum.

2092 5511 2486 5588 liaeclprofectu
2519 5522 2603 5588 e_s_t_
2625 5526 2784 5581 quam
2809 5513 3041 5588 ἐπὶτᾳσιν
3070 5511 3254 5588 vocat,
3281 5519 3570 5588 nullusque
3588 5519 3688 5574 du-

2091 5584 2204 5658 bito
2233 5585 2381 5658 hunc
2410 5597 2523 5658 prae
2550 5583 2642 5658 illo
2667 5597 2890 5637 sensum
2937 5584 3233 5642 lectoribus
3268 5583 3554 5658 probatum
3594 5591 3680 5646 iri.

2090 5655 2268 5712 Unum
2301 5657 2522 5711 interim
2557 5655 2608 5708 in
2642 5661 2789 5708 textu
2829 5665 3102 5713 mutamus
3125 5659 3192 5714 ad
3216 5655 3349 5716 mss.
3381 5661 3681 5718 auctorita-

2089 5739 2217 5797 tem,
2253 5727 2469 5784 oderitis
2503 5741 2598 5798 pro
2625 5725 2840 5781 adiutis.
