4100 6336
314 266 449 326 lOl9

1170 259 1811 319 COMMENTMHORUM
1857 259 1921 316 IN
1964 260 2148 318 ΑΜΟὸ
2189 262 2316 318 LIB.
2359 263 2424 321 ll.
2468 263 2620 319 CAP.
2678 263 2736 320 V.

3466 264 3606 322 £050

310 386 430 442 ritis
476 385 697 450 malum,
748 381 944 438 deinde
989 380 1223 453 diligatis
1251 381 1476 438 bonum.
1508 380 1632 436 Odit
1672 381 1899 448 malum,
1929 399 1983 460 Α
2010 384 2159 449 lient,
2186 382 2311 454 quia
2335 384 2702 453 pertransibo,
2732 384 2927 454 inquit,
2954 385 3005 440 in
3030 382 3211 441 medio
3240 384 3337 440 tui.
3363 383 3605 443 Verbum

310 480 399 550 qui
459 493 567 534 non
618 476 795 532 solum
850 475 1131 547 voluptate
1181 490 1288 531 non
1344 475 1604 541 vincitur,
1632 474 1727 530 sed
1782 472 1901 530 odit

310 588 475 644 opera
510 572 802 643 voluptatis
834 591 846 626 :
879 579 935 627 et
964 570 1143 643 diligit
1169 569 1396 637 bonum,
1422 571 1512 642 qui
1534 586 1640 625 non
1666 569 1894 638 invitus,

306 673 400 719 aut
444 664 795 728 necessitate,
828 672 920 716 aut
961 670 1107 717 metu
1138 662 1319 732 legum
1364 662 1490 717 facit
1519 661 1661 732 quod
1695 662 1898 718 bonum

306 768 421 823 est;
456 757 554 814 sed
579 756 787 813 idcirco
812 756 935 826 quia
967 755 1169 810 bonum
1199 764 1305 820 est,
1342 767 1398 809 ut
1427 754 1734 811 mercedem
1774 753 1900 810 boni

307 853 492 924 operis
524 851 721 907 habeat
769 850 1162 906 conscientiam
1212 865 1365 905 suam
1410 850 1517 923 [ΑΙ.
1566 850 1902 906 conscientia

308 946 470 1020 sua],
518 954 573 1002 et
605 945 957 1001 dilectionem
1000 959 1161 1014 quam
1205 959 1333 1014 erga
1384 943 1585 998 bonum
1640 941 1899 1013 possidet.

309 1039 466 1095 Unde
487 1048 541 1094 et
570 1039 852 1109 apostolus
887 1053 903 1093 :
940 1035 1199 1102 Hilarem,
1232 1036 1430 1108 inquit,
1466 1035 1699 1090 datorem
1732 1034 1901 1107 diligit

310 1134 454 1189 Deus
472 1133 538 1207 (ll
561 1131 681 1188 Cor.
706 1132 808 1200 ix).
837 1130 952 1187 Non
973 1133 1120 1186 enim
1146 1131 1325 1187 omnis
1352 1131 1698 1202 eleemosyna
1728 1130 1906 1201 placet

312 1230 449 1296 Deo,
474 1228 578 1283 nisi
609 1243 731 1300 quae
746 1243 872 1283 cum
899 1226 1174 1283 hilaritate
1194 1226 1485 1298 profertur.
1502 1224 1747 1297 Cumque
1763 1225 1894 1281 ode-

304 1322 428 1377 ritis
470 1322 672 1376 malum
699 1363 713 1387 ,
756 1330 813 1375 et
850 1320 1156 1376 dilexeritis
1191 1321 1393 1376 bonum
1419 1363 1433 1387 ,
1486 1320 1803 1375 constituite
1849 1321 1901 1374 in

306 1416 482 1483 portis
508 1413 798 1483 judicium,
832 1413 899 1468 de
929 1427 1039 1484 quo
1071 1428 1237 1482 supra
1286 1414 1493 1468 dictum
1527 1423 1632 1479 est,
1686 1422 1765 1477 ut,
1804 1412 1907 1466 ini-

301 1510 513 1579 quitate
544 1509 802 1580 expulsa,
856 1509 1063 1564 veritas
1090 1508 1304 1564 redeat.
1342 1510 1480 1563 Etsi
1515 1508 1753 1564 feceritis
1776 1508 1901 1575 hoc,

302 1602 533 1657 forsitan
567 1601 921 1658 miserebitur
952 1602 1218 1657 Dominus
1248 1603 1393 1658 Deus
1438 1602 1789 1673 omnipotens
1816 1617 1904 1658 re-

302 1696 481 1752 siduis
527 1694 732 1767 Joseph
766 1705 791 1734 α
823 1695 894 1751 de
927 1697 1069 1752 tribu
1118 1696 1374 1769 Ephraim
1406 1707 1461 1753 et
1492 1698 1559 1753 de
1587 1698 1775 1753 decem
1810 1699 1906 1753 tri-

2006 475 2363 544 Hehraicum,
2398 478 2738 549 pertransibo,
2795 495 2904 548 quo
2952 494 3143 535 eorum
3196 480 3375 551 lingua
3410 480 3609 537 dicitur

2006 585 2177 626 ssnon
2212 571 2405 640 (133m
2428 570 2480 645 ),
2508 572 2720 642 quoties
2752 573 2805 627 in
2836 573 3137 645 Scripturis
3161 575 3367 631 sanctis
3395 590 3460 630 ex
3485 590 3614 647 per-

2005 676 2136 716 sona
2170 662 2263 718 Dei
2293 664 2536 732 ponitur,
2570 680 2668 733 pro
2694 677 2859 735 poena
2891 664 3296 736 accipiendum,
3326 675 3383 721 ut
3406 681 3612 738 nequa-

2005 772 2163 827 quam
2210 756 2352 827 apud
2396 771 2491 813 eos
2520 768 2776 824 maneat;
2822 760 2918 814 sed
2953 769 3299 829 pertranseat
3330 774 3393 815 ac
3440 760 3606 816 relin-

2004 859 2156 922 quat.
2187 848 2345 906 Undc
2368 859 2423 907 et
2466 850 2522 905 in
2551 850 2673 905 aliis
2703 851 2835 906 locis
2867 851 3172 907 secundum
3200 850 3610 923 interpretatio-

2007 960 2128 1001 nem
2161 944 2392 1015 Aquilae,
2427 944 2646 1016 quando
2677 945 2934 1001 irascitur
2964 945 3130 1014 Deus,
3174 946 3415 1002 furorem
3447 962 3607 1003 suum

2006 1051 2060 1096 et
2086 1041 2220 1095 iram
2248 1042 2619 1117 ἀνυπερθεσίαν
2647 1038 2674 1078 δ
2700 1049 2878 1110 vocat,
2908 1055 3028 1112 qua:
3054 1041 3234 1095 omnia
3255 1039 3448 1096 referri
3477 1056 3608 1111 pos-

2006 1142 2132 1189 sunt
2156 1135 2222 1189 ad
2254 1134 2564 1203 haereticos,
2589 1141 2649 1188 ut
2674 1134 2795 1204 quia
2820 1134 2913 1188 illa
2936 1145 2989 1189 et
3020 1133 3107 1187 illa
3137 1133 3425 1204 queejusta
3456 1142 3604 1201 sunt,

2007 1227 2189 1284 facere
2216 1228 2530 1295 noluerunt,
2566 1226 2635 1282 sit
2681 1228 2733 1283 in
2763 1228 3017 1282 omnibus
3049 1227 3242 1298 plateis
3273 1243 3465 1282 eorum
3495 1228 3613 1283 luc-

2008 1331 2112 1376 tus.
2144 1320 2273 1375 Lata
2302 1321 2445 1375 enim
2477 1330 2528 1377 et
2560 1320 2799 1391 spatiosa
2828 1321 2912 1376 via
2945 1337 3063 1391 qua:
3094 1320 3243 1377 ducit
3277 1320 3341 1375 ad
3376 1331 3609 1377 mortem

2008 1412 2241 1486 (Matth.
2274 1412 2392 1487 vit)
2424 1431 2435 1467 :
2471 1413 2779 1483 singulique
2826 1412 3207 1469 haereticorum
3242 1422 3295 1469 et
3326 1414 3611 1484 gentilium

2006 1506 2060 1561 in
2092 1506 2298 1561 sabulis
2319 1507 2430 1561 suis
2452 1516 2613 1577 atque
2639 1505 2915 1577 figmentis
2938 1506 3138 1561 habent
3162 1507 3391 1577 plateas,
3417 1507 3615 1577 quibus

2005 1610 2405 1673 consequenter
2435 1599 2665 1656 infertur
2692 1617 2705 1655 :
2739 1598 2806 1653 Et
2834 1601 2888 1654 in
2934 1600 3134 1654 cunctis
3160 1615 3275 1670 qua:
3318 1600 3450 1671 foris
3493 1608 3615 1654 sunt

2006 1695 2224 1760 dicetur,
2246 1710 2341 1760 ναξ,
2368 1710 2463 1748 vce.
2489 1692 2593 1760 Qui
2618 1692 2764 1748 enim
2782 1692 2835 1747 in
2862 1692 3106 1748 Ecclesia
3131 1692 3356 1758 fuerint,
3384 1707 3489 1747 non
3519 1707 3615 1747 au-

301 1792 510 1859 buhus,
548 1800 604 1848 et
646 1791 1019 1863 captivitatem
1051 1792 1286 1848 evadere
1318 1802 1596 1864 poterunt.
1623 1794 1754 1860 Quae
1782 1808 1902 1848 om-
1936 1797 1975 1855 B
2007 1788 2282 1855 dientvaz,
2314 1786 2458 1857 quod
2489 1801 2773 1857 pmnarum
2802 1786 3054 1841 ultimum
3086 1793 3207 1852 est;
3239 1786 3335 1841 sed
3379 1784 3426 1840 si
3473 1784 3616 1842 forte

302 1887 393 1941 nia
420 1894 651 1957 possunt
676 1894 732 1940 et
758 1885 1034 1941 haereticis
1058 1886 1328 1956 coaptari,
1355 1894 1416 1941 ut
1436 1885 1661 1942 deserto
1688 1900 1899 1953 errore,

299 1998 467 2055 quem
499 1982 793 2049 finxerunt,
829 1981 1058 2039 redeant
1090 1984 1158 2038 ad
1192 1982 1527 2051 Ecclesium,
1584 1993 1640 2039 et
1689 1983 1903 2040 oderint

302 2079 491 2151 priora
522 2078 796 2150 dogmata,
829 2078 1169 2150 diligantque
1202 2079 1253 2134 in
1287 2079 1532 2135 Ecclesia
1563 2078 1780 2134 Domini
1809 2093 1904 2133 ve-

301 2173 548 2240 ritatem,
578 2182 632 2228 et
659 2171 926 2242 judicium
968 2187 1160 2227 verum
1191 2181 1488 2228 exerceant
1533 2172 1584 2226 in
1620 2171 1796 2243 portis
1823 2171 1903 2226 vi-

300 2266 505 2321 tiorum
552 2274 605 2322 et
645 2266 939 2333 virtutum,
995 2266 1375 2336 relinquentes
1427 2267 1567 2333 illas,
1610 2274 1665 2321 et
1702 2265 1769 2320 ad
1804 2264 1903 2320 has

301 2366 676 2425 transeuntes,
712 2365 769 2413 et
797 2367 1021 2429 sperent
1050 2357 1489 2413 misericordiam
1545 2358 1636 2428 qui
1683 2372 1747 2413 ex
1792 2356 1905 2412 lau-

298 2452 461 2508 cibus
500 2451 701 2507 diaboli
755 2452 989 2508 evadere
1030 2454 1328 2524 quiverint.
1361 2455 1522 2509 Juxta
1550 2452 1695 2508 LXX
1722 2462 1901 2508 autem

296 2544 498 2601 ordine
524 2554 883 2613 commutato,
929 2545 1008 2601 sic
1051 2547 1392 2602 manifestior
1420 2547 1584 2602 lectio
1612 2546 1903 2618 praesentis

295 2639 523 2710 capituli
562 2638 717 2695 reddi
766 2649 948 2710 p0test
981 2658 992 2694 :
1023 2640 1305 2708 Quomodo
1351 2640 1590 2708 dixistis,
1634 2640 1763 2696 odio
1803 2640 1901 2703 ha-

299 2734 523 2789 buimus
556 2734 721 2803 mala,
768 2742 824 2789 et
855 2733 1146 2789 dileximus
1199 2734 1361 2799 bona,
1413 2736 1494 2791 sic
1544 2736 1772 2806 quatrite
1801 2736 1903 2791 bo-

297 2843 435 2883 num
471 2836 526 2882 et
556 2841 664 2881 non
706 2826 937 2895 malum,
985 2837 1040 2881 ut
1092 2826 1310 2894 vivatis,
1354 2836 1407 2883 et
1458 2828 1599 2883 sicut
1643 2828 1905 2882 Dominus

300 2922 454 2977 Deus
482 2920 841 2990 omnipotens
874 2920 1184 2987 vobiscum,
1218 2930 1275 2976 et
1305 2921 1515 2977 reddite
1541 2922 1591 2975 in
1619 2922 1792 2992 portis
1814 2923 1903 2991 ju-

299 3014 549 3079 dicium,
583 3023 642 3070 ut
690 3015 1018 3070 misereatur
1064 3014 1324 3069 Dominus
1373 3016 1512 3070 Deus
1561 3016 1904 3085 omnipotens

295 3107 553 3179 reliquiis
579 3107 807 3178 Joseph.

2008 1882 2376 1953 peccaverint,
2401 1891 2645 1936 sumetur
2676 1897 2843 1951 super
2868 1895 2964 1937 eos
3006 1881 3327 1937 lamentum.
3362 1880 3489 1936 ideo
3519 1896 3618 1935 au-

2008 1988 2117 2035 tem
2149 1978 2280 2033 foris
2312 1977 2432 2033 sive
2462 1978 2512 2033 in
2545 1976 2799 2033 omnibus
2827 1978 2930 2032 viis
2957 1977 3190 2044 dicetur,
3224 1992 3319 2044 rce,
3349 1991 3461 2031 ure:
3491 1974 3616 2046 quia

2007 2087 2116 2127 non
2153 2071 2349 2127 habent
2380 2087 2540 2126 unam
2572 2072 2713 2126 viam
2747 2085 2873 2143 quae
2900 2071 3047 2127 ducit
3085 2071 3153 2126 ad
3185 2070 3371 2138 vitam,
3408 2079 3461 2127 et
3491 2084 3614 2142 quae

2005 2166 2092 2220 via
2122 2166 2269 2237 regia
2300 2175 2404 2234 est,
2455 2165 2548 2221 sed
2580 2181 2773 2235 pravas
2819 2177 2980 2237 atque
3012 2181 3321 2237 perversas,
3355 2174 3414 2221 et
3436 2164 3614 2221 decli-

2008 2269 2200 2317 nantes
2223 2261 2288 2316 ad
2315 2262 2595 2317 dexteram
2624 2277 2685 2317 ac
2718 2261 3016 2329 sinistram,
3044 2261 3169 2317 dum
3189 2262 3353 2334 299
3381 2276 3490 2316 non
3512 2276 3613 2316 au-

2006 2356 2166 2412 diunt
2195 2357 2481 2412 Dominum
2502 2357 2774 2413 dicentem
2807 2373 2819 2410 :
2848 2355 2932 2411 Ne
2952 2357 3022 2411 sis
3038 2358 3210 2428 justus
3232 2354 3472 2411 multum.
3507 2355 3571 2411 Et
3598 2373 3611 2412 :

2008 2449 2271 2505 Persei-sai
2300 2460 2419 2505 stmt
2460 2452 2576 2515 eiw,
2624 2466 2741 2521 qua:
2783 2468 2815 2503 a
2857 2450 3082 2504 sinistris
3113 2458 3253 2503 sunt.
3289 2448 3609 2504 Incurrunt-

2006 2562 2109 2617 quc
2144 2547 2197 2602 in
2229 2546 2421 2619 duplex
2454 2562 2558 2612 vte,
2588 2548 2767 2603 carnis
2798 2556 2853 2602 et
2896 2546 3140 2618 spiritus,
3183 2544 3475 2616 prtesentis
3503 2559 3609 2600 sce-

2006 2641 2110 2695 culi
2159 2649 2321 2711 atque
2354 2639 2537 2696 futuri.
2567 2640 2701 2696 Cum
2736 2640 3044 2695 econtrario
3089 2638 3458 2696 ecclesiastici
3507 2654 3608 2694 au-

2007 2734 2160 2790 diant
2185 2752 2197 2788 :
2231 2730 2486 2804 Gaudete,
2517 2735 2705 2789 iterum
2727 2736 2865 2801 dico,
2893 2736 3112 2809 gaudete
3138 2734 3157 2807 (
3184 2732 3380 2805 Philip.
3410 2748 3485 2799 tv,
3516 2731 3607 2803 4).

2009 2826 2119 2884 Sed
2143 2836 2199 2883 et
2219 2828 2454 2899 agricola
2479 2838 2707 2884 vocatur
2730 2828 2795 2882 ad
2818 2829 3018 2883 luctum
3043 2826 3061 2897 (
3090 2826 3291 2881 habent
3320 2826 3465 2880 enim
3496 2823 3611 2879 hcc-

2009 2921 2162 2977 retici
2190 2923 2460 2993 agricolas
2487 2938 2636 2992 suos,
2666 2924 2720 2977 in
2743 2937 2969 2993 quorum
2995 2921 3137 2976 arvis
3162 2918 3347 2974 tribuli
3370 2933 3611 2973 nascun-

2010 3026 2098 3071 tur
2132 3026 2187 3072 et
2216 3017 2451 3088 spinae),
2484 3025 2540 3071 et
2582 3016 2648 3071 ad
2679 3017 2956 3088 planctum
2991 3021 3251 3069 vocantur
3280 3013 3373 3084 qui
3401 3020 3609 3067 norunt

2012 3111 2292 3183 plangere,
2322 3112 2405 3167 vel
2434 3127 2556 3177 sua,
2588 3112 2673 3168 vel
2706 3112 2879 3166 aliena
2909 3119 3128 3182 peccata
3154 3126 3169 3174 ;
3214 3121 3522 3179 quanquam
3550 3114 3610 3161 et

372 3202 394 3275 (
418 3200 575 3258 Vers.
602 3201 689 3269 l6,
717 3203 805 3258 l7.
832 3202 851 3272 )
882 3200 1170 3274 PrOpterea
1195 3200 1305 3256 [nec
1326 3201 1450 3254 dicit
1478 3200 1732 3255 Dominus
1764 3201 1905 3257 Deus
1934 3207 1979 3272 C
2013 3205 2129 3262 haec
2156 3206 2210 3260 in
2240 3208 2432 3262 bonam
2464 3217 2670 3278 partem
2703 3207 2974 3277 possimus
3001 3206 3279 3273 accipere,
3321 3212 3379 3258 ut
3410 3202 3495 3256 vir
3520 3216 3613 3258 ec-

297 3296 621 3351 exercituum
650 3295 981 3350 dominator:
1024 3293 1091 3349 In
1137 3293 1371 3349 omnibus
1423 3296 1607 3366 plateis
1651 3296 1910 3365 planctus,

296 3399 348 3446 et
382 3391 437 3443 in
465 3390 661 3443 cunctis
686 3404 803 3460 qua:
832 3389 961 3457 foris
989 3396 1109 3442 sunt
1144 3387 1343 3440 dicetur
1386 3402 1482 3455 ate,
1525 3403 1617 3442 tne.
1654 3387 1720 3441 Et
1756 3404 1911 3442 voca-

299 3485 431 3539 bunt
448 3483 730 3554 agricolam
748 3482 815 3536 ad
838 3483 1058 3549 luctum,
1086 3491 1133 3536 et
1159 3484 1227 3535 ad
1251 3482 1519 3554 planctum
1538 3497 1623 3535 eos
1640 3482 1730 3551 qui
1749 3482 1915 3534 sciunt

296 3578 570 3650 plangere.
602 3576 667 3629 Et
696 3578 752 3630 in
784 3576 1019 3630 omnibus
1044 3576 1206 3630 vineis
1236 3577 1328 3629 erit
1348 3576 1586 3647 planctus
1609 3592 1628 3630 :
1653 3577 1776 3647 quia
1802 3592 1918 3647 per-

299 3672 531 3727 transibo
560 3672 612 3724 in
635 3671 805 3725 medio
831 3672 925 3737 tui,
964 3671 1091 3723 dicit
1130 3668 1405 3723 Dominus.
1440 3668 1619 3723 LXX:
1652 3668 1785 3724 Ideo
1809 3671 1916 3723 Itwc

297 3764 433 3819 dicit
482 3762 740 3817 Dominus
786 3761 921 3817 Deus
967 3763 1288 3832 omnipotens
1327 3779 1345 3815 :
1378 3760 1442 3816 In
1488 3763 1685 3816 cunctis
1730 3760 1917 3835 plateis

296 3857 544 3931 planctus
568 3873 586 3910 :
616 3867 664 3911 et
691 3858 745 3909 in
772 3856 1009 3910 omnibus
1038 3857 1134 3910 viis
1158 3857 1360 3911 dicetur
1379 3874 1475 3924 var,
1499 3872 1592 3911 rte.
1632 3856 1915 3911 Vocabitur

293 3950 537 4023 agricola
563 3950 631 4003 ad
668 3949 883 4015 luctum,
916 3960 964 4005 et
1006 3952 1075 4005 ad
1118 3951 1381 4021 planctum
1413 3953 1465 4006 lii
1501 3955 1589 4023 qui
1633 3954 1802 4008 sciunt
1829 3955 1912 4009 la-

298 4044 700 4109 mentationem,
746 4043 912 4115 298
937 4050 984 4096 et
1016 4043 1068 4096 in
1092 4043 1330 4098 omnibus
1353 4044 1449 4098 riis
1470 4043 1708 4117 planctus
1734 4060 1752 4099 :
1791 4045 1915 4112 quia

299 4136 638 4211 pertransibo
666 4153 757 4207 per
786 4136 1012 4192 medium
1040 4138 1138 4205 tui,
1182 4139 1309 4191 dicit
1355 4136 1631 4194 Dominus.
1670 4140 1911 4209 Prazcepi

300 4238 364 4283 ut
399 4228 715 4297 quaereretis
766 4228 987 4293 bonum,
1032 4239 1087 4285 et
1134 4245 1240 4284 non
1276 4232 1495 4295 malum,
1523 4233 1602 4285 "ut
1632 4232 1911 4297 viveretis,

301 4330 563 4391 essetque
613 4322 871 4376 Dominus
913 4323 1214 4377 vobiscum.
1250 4322 1316 4377 Et
1366 4324 1559 4378 iterum
1592 4324 1750 4379 intuli
1800 4325 1912 4395 (ne

304 4416 479 4471 semel
510 4424 715 4471 tantum
747 4433 844 4472 vos
893 4418 1126 4473 monitos
1166 4417 1463 4490 diceretis)
1492 4436 1504 4473 :
1548 4419 1685 4475 0dio
1717 4422 1910 4476 habete

305 4508 539 4575 malum,
580 4518 636 4564 et
680 4508 888 4579 diligite
916 4508 1115 4564 bonum
1154 4518 1209 4566 et
1254 4511 1521 4567 restituite
1549 4511 1808 4580 judicium
1856 4513 1907 4567 in

2014 3300 2351 3355 clesiasticus
2395 3309 2450 3355 et
2486 3310 2683 3371 potens
2729 3300 2793 3354 ad
2847 3297 3229 3371 paenitentiam
3282 3309 3609 3366 provocare,

2016 3394 2263 3449 imitetur
2285 3395 2571 3449 Dominum
2597 3409 2752 3449 suum
2771 3394 3041 3449 dicentem
3066 3411 3078 3445 :
3102 3389 3396 3445 Lamentati
3415 3404 3615 3456 sumus,

2014 3497 2066 3544 et
2095 3506 2196 3542 non
2220 3487 2497 3561 plana-istis
2521 3488 2539 3560 (
2559 3487 2688 3541 Luc.
2714 3502 2809 3554 vit,
2837 3486 2904 3540 52
2926 3484 2968 3556 ),
3001 3494 3055 3541 et
3086 3484 3303 3553 plangat
3332 3480 3618 3536 lnrreticos

2020 3581 2145 3654 [Αι.
2181 3581 2567 3653 Ιιίιῖιτθιίοιιηι],
2602 3580 2741 3636 sicut
2763 3579 2983 3635 Saulem
3016 3592 3196 3649 regem
3220 3575 3387 3631 Israel
3412 3574 3623 3645 planxit

2017 3676 2291 3748 quondam
2324 3675 2539 3732 Samuel
2575 3674 2636 3748 (l
2666 3676 2798 3746 Reg.
2834 3690 2899 3728 xv
2930 3675 2969 3745 ).
3000 3672 3067 3727 Et
3099 3671 3397 3742 Apostolus
3432 3670 3620 3738 lugere

2017 3787 2076 3827 se
2103 3771 2234 3827 dicit
2264 3785 2431 3841 super
2457 3786 2553 3828 eos
2578 3771 2669 3841 qui
2698 3787 2804 3824 non
2842 3776 3072 3839 egerunt
3116 3764 3491 3839 ptenitentiam
3541 3766 3555 3834 (
3580 3764 3622 3819 ll

2018 3867 2139 3921 Cor.
2187 3882 2266 3922 xu
2290 3868 2332 3937 ).
2374 3867 2431 3920 la
2466 3865 2718 3920 omnibus
2743 3879 2961 3935 quoque
2989 3862 3160 3918 vineis
3207 3861 3311 3918 erit
3344 3860 3617 3931 planctus,

2016 3962 2142 4031 quia
2171 3962 2344 4017 vineae
2391 3960 2754 4017 Sodomorum
2787 3959 2959 4015 vinea:
2990 3973 3203 4014 eorum.
3234 3958 3301 4013 Et
3349 3971 3449 4028 pro
3494 3954 3624 4009 vino

2015 4054 2240 4121 ltetitizn,
2271 4054 2411 4125 quod
2435 4052 2675 4109 lanificat
2695 4068 2793 4108 cor
2816 4051 3075 4119 hominis,
3106 4050 3410 4105 attulerunt
3436 4048 3621 4103 vinum

2016 4146 2314 4202 draconum
2348 4156 2403 4203 et
2435 4146 2671 4203 furorem
2703 4145 2951 4216 aspidum
2981 4144 3365 4200 insanabilem.
3414 4142 3481 4196 Et
3511 4141 3627 4196 here

2017 4244 2270 4299 universa
2305 4241 2620 4312 patientur;
2664 4241 2787 4310 quia
2836 4238 3195 4308 pertransihit
3238 4252 3337 4306 per
3382 4233 3622 4289 medium

2016 4350 2204 4390 eorum
2237 4334 2524 4399 Dominus,
2558 4343 2618 4387 ut
2666 4347 2771 4387 non
2820 4331 3028 4385 habitet
3060 4329 3207 4383 inter
3253 4343 3371 4393 eos,
3412 4341 3511 4381 nec
3539 4326 3625 4379 di—

2016 4437 2101 4484 cat
2126 4446 2139 4483 :
2176 4426 2438 4481 flabitabo
2466 4428 2519 4481 in
2545 4427 2639 4492 eis,
2671 4436 2717 4479 et
2739 4423 3090 4477 inambulabo.
3123 4422 3191 4477 Et
3216 4439 3229 4475 :
3264 4421 3399 4475 Ecce
3418 4437 3510 4492 ego
3535 4435 3623 4474 ro-

2016 4523 2209 4577 biscum
2240 4539 2352 4575 sum
2375 4520 2613 4575 omnibus
2640 4518 2818 4573 diebus
2844 4530 3001 4588 usque
3031 4517 3100 4571 ad
3122 4514 3621 4571 consummationem

306 4604 502 4675 portis,
547 4604 635 4673 qni
667 4603 790 4658 odio
824 4603 1087 4659 habuistis
1130 4605 1181 4659 in
1215 4615 1369 4676 porta
1410 4606 1819 4675 corripientem,
1854 4616 1912 4661 ut
1938 4609 1990 4668 D
2015 4615 2191 4669 stu-uti
2214 4616 2232 4685 (
2258 4613 2449 4669 Matth.
2482 4627 2667 4676 xxviii,
2696 4610 2766 4665 ‘20
2788 4609 2833 4681 ).

307 4699 633 4754 misereatur
660 4698 920 4753 Dominus
944 4700 1184 4768 reliquiis
1210 4698 1409 4770 Jnseph
1441 4718 1455 4755 :
1487 4712 1539 4755 et
1569 4702 1690 4771 quia
1722 4701 1906 4758 facere

306 4791 586 4855 noluistis,
620 4805 739 4845 mea
770 4800 1035 4861 praecepta
1058 4791 1354 4858 calcantes,
1380 4803 1433 4847 et
1461 4795 1700 4847 vertistis
1730 4793 1794 4849 ad
1820 4810 1907 4850 me

306 4886 583 4955 scapulam
613 4883 953 4940 recedentem
979 4902 995 4941 :
1026 4884 1147 4939 ideo
1176 4883 1294 4940 haec
1323 4884 1453 4940 dicit
1476 4886 1739 4941 Dominus
1768 4887 1909 4942 Deus

309 4982 678 5052 omnipotens,
724 4982 816 5051 qui
863 4991 944 5036 est
976 4974 1310 5035 esercitttum
1359 4980 1656 5035 Dominus:
1709 4982 1909 5053 ubique

313 5077 590 5148 planctus,
633 5076 831 5144 ubique
863 5076 1141 5130 mmstitia.
1173 5074 1440 5143 Agricola:
1472 5075 1811 5130 vocabuntur
1842 5077 1905 5131 ad

313 5173 544 5237 luctum,
578 5181 631 5225 et
672 5171 762 5241 qui
812 5170 990 5225 sciunt
1018 5184 1168 5225 more
1197 5169 1488 5239 provincia:
1517 5170 1817 5239 praecinere
1846 5169 1914 5225 ad

313 5265 667 5321 concitandas
698 5265 967 5338 lacrymas
1015 5264 1374 5335 vocabuntur,
1408 5274 1464 5318 ut
1493 5280 1825 5335 nequaquam
1862 5267 1912 5321 in

313 5361 568 5416 omnibus
600 5360 811 5430 plateis.
857 5361 1000 5416 sicut
1041 5373 1202 5429 supra
1240 5359 1442 5413 dictum
1474 5367 1591 5425 est,
1624 5361 1718 5415 sed
1752 5362 1803 5416 in
1834 5362 1913 5417 vi-

314 5454 435 5507 neis
459 5452 528 5507 sit
552 5453 800 5523 planctus
827 5462 989 5522 atque
1013 5452 1220 5517 luctus;
1251 5450 1341 5506 ubi
1371 5451 1647 5521 quondam
1673 5452 1774 5508 fuit
1802 5470 1915 5510 ma-

311 5547 450 5602 teria
483 5546 708 5612 laetitiae,
758 5545 829 5600 sit
858 5545 1010 5617 origo
1061 5545 1447 5617 lacrymarum.
1486 5543 1553 5599 Et
1583 5544 1700 5601 ha:c
1732 5549 1912 5602 omnia

388 5695 413 5759 τι
452 5683 803 5759 Cislerciens.
831 5682 1020 5754 juncto
1051 5683 1225 5738 altero
1256 5683 1492 5759 Palatin.
1512 5700 1623 5759 ms.
1655 5701 1667 5739 :
1696 5684 1917 5759 Joseph,

306 5758 401 5827 qui
434 5756 495 5810 de
523 5755 679 5823 tribu,
710 5766 813 5811 etc.
843 5771 858 5821 ;
890 5767 1118 5827 etmox,
1151 5757 1446 5827 potuerint;
1475 5757 1573 5821 al.,
1606 5755 1847 5823 poterint.

386 5827 415 5865 ι’
458 5827 728 5885 Victorius
774 5829 869 5893 ait,
915 5826 965 5883 id
1002 5838 1106 5893 est,
1152 5826 1919 5903 dilationem:respondetque

2085 4708 2285 4779 (Vers.
2322 4705 2555 4777 18-90.)
2610 4706 2704 4760 νω
2745 4704 3161 4759 desiderantibus
3207 4703 3343 4758 diem
3388 4702 3618 4769 Domini,

2012 4811 2065 4855 ut
2092 4800 2111 4874 [
2136 4801 2285 4871 vulg.
2312 4801 2379 4853 ad
2402 4800 2423 4873 ]
2451 4799 2722 4871 quidﬁeam
2751 4798 2890 4854 vobis
2914 4800 2937 4853 ἶ)
2970 4798 3091 4853 Dies
3119 4796 3329 4851 Domini
3354 4796 3449 4850 iste
3477 4804 3622 4849 tene-

2012 4894 2135 4958 orre,
2169 4903 2215 4947 et
2246 4909 2349 4947 non
2380 4892 2473 4947 lum
2494 4909 2511 4946 :
2536 4891 2791 4964 quomodo
2821 4892 2865 4945 si
2897 4892 3064 4964 fugiat
3092 4892 3168 4945 uir
3206 4908 3236 4943 a
3261 4890 3393 4960 [acie
3433 4888 3619 4952 leonis,

2014 4996 2060 5041 et
2083 4996 2320 5041 occurrat
2344 4987 2388 5040 ei
2418 5003 2588 5052 ursus,
2615 4997 2658 5038 et
2682 4985 3007 5058 ingrediatur
3033 4984 3261 5050 domum,
3287 4992 3335 5035 et
3364 4980 3619 5035 innitatur

2016 5098 2171 5134 manu
2214 5098 2306 5134 sua
2352 5096 2507 5152 super
2550 5080 2815 5151 parietem,
2859 5087 2906 5131 et
2950 5076 3182 5131 mordeat
3234 5090 3346 5129 eum
3387 5071 3618 5125 coluber.

2025 5174 2296 5245 Numquid
2319 5191 2421 5227 non
2439 5172 2661 5227 tenebrae
2684 5173 2789 5225 dies
2812 5171 3041 5236 Domini,
3073 5178 3118 5223 et
3142 5185 3244 5222 non
3268 5168 3359 5220 lux
3382 5167 3405 5221 ?
3425 5163 3616 5240 caligo,

2019 5278 2065 5323 et
2100 5285 2200 5322 non
2229 5267 2476 5338 splendor
2503 5268 2553 5320 in
2580 5284 2639 5320 ea
2662 5268 2684 5320 ?
2716 5264 2858 5320 LXX
2883 5283 2895 5318 :
2940 5264 3027 5318 Va:
3047 5261 3459 5316 desiderantibus
3487 5261 3624 5313 diem

2022 5361 2255 5425 Domini,
2292 5369 2345 5416 nt
2382 5360 2508 5430 quid
2556 5359 2687 5414 hanc
2717 5359 2855 5413 vobis
2886 5359 3019 5412 diem
3055 5356 3304 5410 Domini?
3338 5354 3403 5409 Et
3450 5370 3509 5408 ea
3552 5363 3627 5407 est

2020 5459 2258 5523 tenebrae,
2294 5467 2473 5511 etnon
2502 5456 2615 5510 lux.
2652 5454 2924 5522 Quomodo
2956 5455 3001 5505 si
3034 5453 3199 5525 fugiat
3227 5451 3379 5504 homo
3415 5467 3446 5503 a
3492 5450 3627 5512 [acie

2022 5549 2207 5617 leonis,
2243 5558 2293 5603 et
2319 5548 2512 5603 incidat
2542 5548 2593 5602 in
2627 5563 2741 5601 eum
2772 5560 2949 5610 ursus,
2988 5552 3035 5598 et
3069 5544 3288 5598 introeat
3324 5543 3373 5596 in
3405 5542 3615 5596 domum

2027 5686 2143 5743 haec
2173 5686 2499 5756 signiﬁcatio
2525 5682 2899 5756 verbenam,
2931 5683 3178 5752 transibo,
3214 5678 3354 5756 quod
3406 5693 3619 5748 poenam

2026 5752 2311 5830 significat,
2344 5772 2410 5813 eo
2434 5756 2575 5826 quod
2606 5756 2683 5811 ira
2702 5755 2794 5811 Dei
2815 5771 2919 5830 non
2944 5764 3258 5830 permaneat
3287 5752 3342 5808 in
3368 5767 3434 5811 eo
3458 5767 3620 5826 quem

2026 5828 2209 5901 tangit,
2239 5830 2331 5886 sed
2358 5836 2724 5900 pertranseat,
2756 5843 2817 5885 ac
2838 5828 3198 5901 derelinquat.
