4120 6342
515 322 645 378 1031

1727 319 1788 378 S.
1832 319 2107 378 EUSEBII
2145 317 2526 376 HIEBONYMI

3675 321 3815 378 1053

505 448 554 493 et
594 439 854 492 inuita'ar
895 437 1133 493 manibus
1156 437 1262 492 suis
1306 455 1461 509 super
1505 438 1776 510 parietem,
1809 447 1853 493 et
1886 437 2119 492 mordeat
2147 439 2198 500 Δ
2223 451 2339 507 (μω
2369 437 2626 505 possideo.
2663 436 2737 491 Ex
2771 435 2874 491 hoc
2902 435 3047 492 enim
3096 437 3214 507 ipso
3241 439 3386 506 quod
3412 438 3555 495 diem
3607 439 3818 495 Domini

509 550 626 588 eum
649 532 872 586 coluber.
911 531 1100 586 Nonne
1128 531 1348 586 tenebrae
1377 533 1486 587 dies
1521 532 1750 591 Domini.
1785 541 1831 586 et
1856 547 1959 586 non
1988 532 2122 586 lux?

512 635 561 684 et
591 625 782 696 caligo,
812 634 858 680 et
889 640 990 679 non
1021 625 1174 679 habet
1203 625 1551 695 splendorem.
1594 626 1673 681 Nc
1703 627 1771 681 de
1801 628 1948 681 tribu
1973 627 2119 681 Juda

516 717 808 774 .Tbecuites
839 719 1106 787 propheta
1140 722 1363 774 omnino
1393 721 1646 776 homines
1677 722 1850 776 tribus
1881 738 1993 776 sum
2021 737 2118 777 ne-

513 812 720 882 gligere
753 812 1052 879 videretur,
1099 822 1156 869 et
1197 814 1262 868 ad
1305 813 1495 870 decem
1529 825 1737 870 tantum
1772 817 1946 871 tribus
1984 831 2120 872 con-

515 904 662 960 ferre
691 919 1023 972 sermonem,
1059 905 1124 960 ad
1149 918 1438 978 utrumque
1471 923 1717 978 regnum,
1753 909 1858 965 hoc
1893 921 1996 972 εει,
2029 910 2124 965 Ju-

512 999 635 1054 dam
659 1009 714 1054 et
739 999 904 1054 Israel
929 1016 1076 1056 nunc
1095 1001 1281 1070 dirigit
1307 1009 1660 1058 tlsermonem
1687 1005 1953 1069 vaticinii,
1977 1004 2120 1074 quod

513 1109 578 1149 ex
631 1093 818 1148 multis
841 1094 1007 1166 300
1051 1094 1272 1163 quidem
1323 1095 1464 1158 aliis,
1497 1095 1592 1149 sed
1623 1097 1896 1165 praecipue
1943 1112 2011 1152 ex
2056 1111 2123 1152 eo

513 1189 662 1256 quod
695 1191 982 1257 sequitur:
1021 1189 1110 1244 ιντο
1135 1191 1223 1261 qui
1250 1190 1477 1261 opulen:i
1499 1193 1620 1245 estis
1651 1192 1701 1244 in
1739 1192 1891 1260 Sion,
1925 1203 1972 1246 et
2000 1209 2125 1246 ron-

513 1282 677 1352 ﬁditis
705 1283 758 1336 in
791 1293 960 1338 monte
1000 1283 1275 1345 Samaritr.
1327 1285 1556 1354 intelligi
1588 1295 1801 1355 potest:
1839 1286 1930 1340 Vae
1963 1288 2126 1358 igitur

515 1373 670 1429 ludat
695 1376 991 1445 Israelique
1018 1378 1328 1434 dicentibus
1355 1396 1368 1432 :
1399 1377 1593 1433 Veniat
1615 1379 1754 1444 dies,
1782 1381 1963 1435 veniat
1993 1397 2127 1451 prae-

523 1467 666 1522 tlicta
697 1471 1004 1538 captivitas,
1029 1471 1329 1526 dummodo
1350 1472 1495 1543 quod
1521 1473 1855 1542 promittitur
1884 1489 1980 1544 per
2005 1489 2125 1545 pro-

515 1559 733 1632 phetas,
765 1563 928 1617 etiam
954 1565 1319 1620 restitutionis
1347 1576 1564 1633 tempus
1589 1578 1979 1640 consequatur.
2009 1571 2123 1626 Non

515 1662 602 1708 est
625 1654 774 1710 enim
809 1663 1016 1712 tantmn
1057 1661 1182 1713 mali
1217 1661 1267 1715 in
1315 1662 1650 1731 captivitatis
1695 1664 1915 1733 injuria,
1949 1682 2124 1735 quan-

520 1756 630 1801 tum
661 1747 790 1802 boni
824 1750 876 1804 in
908 1750 992 1805 his
1045 1767 1164 1820 quae
1189 1763 1308 1822 post
1335 1756 1700 1824 captivitatem
1729 1757 1985 1813 Dominus
2007 1759 2126 1828 pol-

2224 531 2554 596 desiderant,
2583 541 2639 586 et
2669 547 2774 586 nea
2803 533 3230 600 pertimescunt,
3257 533 3408 604 digni
3443 534 3824 605 supplicioju-

2225 625 2500 690 dicantur,
2529 625 2656 696 quia
2693 625 2877 679 nullus
2907 626 3190 681 hominum
3223 628 3427 695 absque
3459 639 3686 698 peccato
3715 640 3823 695 est,

2224 729 2276 774 et
2305 730 2449 773 astra
2471 718 2752 773 immunda
2783 729 2908 772 sunt
2934 733 3125 774 coram
3152 735 3218 775 eo
3250 719 3392 793 (Job.
3411 725 3556 793 λιν).
3599 724 3667 778 Et
3694 738 3827 777 con-

2223 811 2382 865 clusit
2431 813 2610 865 omnia
2647 812 2748 866 sub
2791 821 3046 880 peccato,
3079 822 3138 868 ut
3168 817 3410 870 omnium
3465 817 3824 872 misereretur

2226 907 2332 978 [Αι.
2361 905 2708 978 misereatur]
2734 905 2938 978 (Galat.
2968 907 3225 979 ttt).Cuut
3257 909 3423 978 igitur
3455 926 3621 966 nemo
3643 911 3830 981 possit

2224 1001 2292 1056 de
2317 1001 2409 1057 Dei
2434 1002 2909 1071 judicarejmlicin
2929 1043 2942 1067 ,
2975 1014 3030 1058 et
3060 1003 3126 1057 de
3169 1007 3350 1058 otioso
3380 1019 3602 1075 quoque
3655 1006 3830 1060 verbo

2227 1095 2488 1151 reddituri
2511 1096 2683 1150 simus
2713 1095 2819 1167 [Αἰ.
2867 1095 3078 1168 sumus]
3112 1097 3382 1152 rationem
3419 1098 3640 1168 (Matth.
3681 1101 3782 1169 xu)
3813 1115 3829 1152 :

2227 1201 2281 1246 et
2310 1189 2411 1246 Job
2446 1190 2688 1261 quotidie
2729 1203 2827 1259 pro
2858 1191 2985 1245 ﬁliis
3021 1191 3138 1246 suis
3183 1191 3446 1246 obtulerit
3479 1191 3724 1258 hostias,
3757 1207 3831 1248 ne

2226 1284 2352 1352 quid
2387 1284 2528 1339 torte
2571 1297 2891 1351 perversum
2942 1292 3138 1338 contra
3189 1284 3477 1339 Dominum
3509 1286 3832 1355 cogitarent

2227 1377 2376 1444 (Job.
2411 1379 2480 1447 ι),
2517 1392 2638 1447 quae
2673 1377 2952 1432 temeritas
2991 1386 3077 1432 est
3097 1377 3288 1432 audire
3318 1392 3441 1432 cum
3469 1375 3776 1433 Corinthiis
3815 1397 3830 1433 :

2229 1471 2358 1525 Sine
2385 1472 2530 1526 nobis
2559 1473 2788 1543 regnetis
2816 1472 2924 1543 (Al.
2963 1473 3244 1545 regnastis]
3279 1491 3292 1527 :
3325 1483 3480 1545 atque
3509 1475 3710 1529 utinam
3745 1492 3835 1529 re-

2229 1567 2473 1638 gnaretis,
2494 1575 2547 1620 ut
2577 1576 2624 1620 et
2655 1584 2746 1620 nos
2773 1569 3032 1621 vobiscum
3055 1584 3387 1638 regnarentth
3409 1567 3454 1638 (Ι
3483 1567 3606 1623 Cor.
3633 1585 3710 1636 tv,
3743 1569 3830 1641 8).

2230 1661 2396 1716 Certe
2428 1660 2470 1715 si
2512 1676 2608 1716 eos
2637 1662 2804 1716 etiam
2839 1662 3057 1731 propria
3090 1661 3426 1716 conscientia
3473 1677 3582 1716 non
3621 1677 3839 1718 remor-

2231 1753 2416 1820 deret,
2445 1753 2756 1809 debuerant
2807 1754 3008 1809 imitari
3053 1753 3285 1809 Paulum
3347 1754 3661 1810 dicentem:
3701 1755 3840 1822 Quis

517 1838 752 1892 licetur:
786 1840 981 1908 quibus
1011 1843 1273 1913 prepbeta
1305 1847 1608 1916 respondit,
1627 1848 1831 1904 irustr
1863 1865 1959 1906 eos
1981 1853 2128 1922 quod
2159 1849 2207 1909 B
2234 1850 2637 1918 scandalizatur,
2661 1860 2706 1904 et
2733 1866 2830 1918 ego
2849 1865 2958 1904 non
2987 1865 3114 1903 uror
3151 1847 3221 1921 (ll
3241 1847 3363 1904 Cor.
3395 1865 3456 1912 tt,
3479 1849 3615 1919 ‘29)?
3645 1860 3698 1904 et
3731 1861 3840 1921 pro

515 1931 682 2002 longo
728 1941 976 2004 tempere
1023 1948 1145 2008 post
1203 1938 1444 1996 futurum
1477 1951 1584 2008 est,
1633 1944 1687 1997 in
1723 1945 1960 2001 adventu
2005 1947 2129 2002 Filii

519 2024 612 2079 Dei
666 2034 788 2095 post
818 2031 1169 2100 septuaginta
1217 2048 1392 2088 annos
1429 2035 1766 2103 captivitatis
1819 2038 2129 2111 Babylonia

521 2120 854 2190 prtesmlari,
880 2136 1019 2191 quos
1047 2125 1282 2180 vastitas
1305 2134 1466 2196 atque
1491 2130 1776 2199 pauperies
1800 2138 1855 2184 et
1884 2132 2130 2186 innume-

524 2209 729 2266 rabiles
775 2211 1017 2270 miseriae
1065 2229 1488 2288 consequentur.
1542 2221 1898 2291 Fugientibus
1945 2224 2126 2292 enim,

532 2301 729 2373 inquit,
756 2319 784 2358 a
811 2305 951 2362 facie
971 2307 1478 2366 Nabuchodonosor
1511 2312 1707 2380 leonis,
1742 2327 1995 2370 occurret
2025 2321 2124 2372 As-

523 2408 724 2450 suerus
769 2395 796 2435 ὶι
852 2393 953 2453 sub
1000 2416 1107 2471 quo
1149 2401 1350 2459 Esther
1395 2413 1648 2460 narratur
1678 2405 1934 2476 historia,
1987 2410 2124 2477 sive,

521 2489 806 2548 destructo
831 2493 1180 2567 Assyriorum
1201 2501 1652 2559 etChaldazorum
1679 2505 1933 2575 imperio,
1961 2508 2125 2577 Medi,

522 2582 811 2655 Perszeque
841 2601 1190 2660 consurgent.
1220 2593 1485 2665 Cumque,
1529 2609 1790 2665 regnante
1818 2599 1983 2671 Cyro,
2013 2601 2127 2656 fue-

517 2676 638 2744 ritis
660 2680 886 2746 reversi,
906 2691 959 2735 et
983 2685 1328 2754 prtecipieute
1353 2687 1533 2750 Dario.
1550 2693 1831 2760 cceperitis
1853 2693 2129 2750 aediﬁcare

517 2766 742 2824 domum
791 2772 1028 2842 Domini,
1078 2787 1130 2830 et
1161 2793 1379 2835 omnem
1429 2780 1684 2838 ﬁduciam
1719 2784 2020 2842 habueritis
2070 2788 2123 2844 in

519 2863 764 2932 templo:
801 2866 870 2919 ita
905 2875 962 2921 ut
1003 2870 1356 2939 requiescatis
1404 2875 1454 2927 itt
1490 2890 1578 2944 eo,
1611 2886 1666 2931 et
1714 2878 1886 2933 lassas
1932 2895 2126 2938 manus

519 2968 685 3022 super
719 2960 957 3025 parietes
992 2961 1265 3021 inclinetis
1289 2987 1301 3020 :
1327 2975 1454 3022 tunc
1483 2969 1663 3025 veniet
1686 2970 2004 3028 Alexander
2026 2989 2123 3030 rex

518 3046 903 3120 Macedonum,
951 3057 1064 3111 sive
1105 3057 1412 3116 Antiochus
1445 3077 1807 3134 cognomento
1836 3067 2123 3144 Ἐπιφανής.

515 3144 606 3212 qui
659 3156 904 3203 moretur
954 3151 1004 3204 in
1039 3155 1262 3224 templo,
1313 3166 1368 3212 et
1400 3174 1496 3213 vos
1529 3160 1700 3216 instar
1741 3163 1948 3219 colubri
1979 3181 2125 3222 mor-

2233 1945 2484 1998 omnibus
2513 1959 2635 1999 esse
2664 1943 2910 2009 solliciti,
2968 1957 3035 1998 ne
3059 1981 3072 2008 ,
3115 1943 3273 2012 quasi
3320 1953 3600 1997 amatores
3627 1942 3743 2006 sui,
3776 1952 3842 1997 ut

2232 2037 2332 2105 ipsi
2359 2046 2611 2106 regnent,
2641 2036 2871 2090 aliorum
2898 2044 3169 2090 tormenta
3189 2033 3573 2090 desiderarent
3597 2033 3706 2106 (At.
3731 2033 3837 2088 de-

2230 2130 2492 2202 siderent]
2527 2149 2537 2184 :
2563 2128 2841 2198 quomodo
2868 2128 2911 2182 si
2945 2129 3069 2198 quis
3092 2127 3225 2183 velit
3255 2129 3377 2196 capi
3411 2127 3641 2196 patriam
3673 2141 3838 2180 suam

2233 2226 2532 2296 urbemque
2563 2224 2839 2289 subverti,
2875 2233 2933 2276 ιιι
2959 2224 3109 2278 solus
3137 2221 3380 2277 amicitia
3410 2223 3682 2277 victorum
3713 2236 3841 2289 per-

2231 2319 2460 2374 fruatur.
2497 2318 2750 2375 Solemus
2783 2319 2833 2372 in
2857 2315 3126 2387 angustiis
3155 2326 3212 2371 et
3257 2314 3704 2371 tribulationibus
3751 2313 3842 2368 di-

2231 2428 2354 2468 cere
2385 2429 2399 2466 :
2426 2412 2634 2465 utinam
2660 2411 2788 2464 mihi
2818 2411 2973 2464 lii-eat
3002 2409 3156 2464 exire
3186 2408 3256 2463 de
3275 2423 3532 2478 corpore,
3565 2415 3622 2462 et
3643 2407 3838 2462 smculi

2233 2505 2394 2575 hujus
2421 2505 2654 2559 miseriis
2677 2503 2934 2568 liberari,
2967 2503 3282 2557 nescientes
3309 2503 3438 2572 quia
3475 2500 3741 2570 quamdiu
3773 2501 3834 2556 in

2232 2600 2338 2654 bac
2368 2613 2530 2654 carne
2561 2611 2846 2652 versamur
2867 2637 2882 2663 ,
2916 2597 3182 2652 habemus
3229 2595 3408 2650 locum
3439 2594 3782 2664 paenitentia:
3819 2610 3836 2647 ς

2231 2694 2479 2770 si.autem
2509 2690 2943 2756 recesserimus,
2998 2691 3287 2744 audiemus
3319 2688 3451 2744 illud
3495 2688 3786 2757 Propheta:
3819 2705 3834 2742 :

2230 2789 2296 2843 In
2347 2789 2550 2858 inferno
2603 2797 2774 2840 autem
2801 2788 2917 2856 quis
2958 2785 3293 2856 conﬁtebitur
3343 2785 3437 2838 tibi
3466 2785 3583 2855 (Ps.
3622 2800 3698 2852 vt,
3732 2783 3836 2854 ti)?

2231 2884 2337 2938 Ista
2370 2892 2455 2939 est
2479 2882 2671 2937 surculi
2701 2881 2918 2937 tristitia
2941 2925 2956 2950 ,
2980 2895 3100 2952 qute
3128 2880 3284 2935 ducit
3312 2879 3377 2934 atl
3413 2888 3643 2934 mortem
3663 2918 3679 2944 ,
3711 2892 3826 2947 qua

2229 2975 2522 3044 Apostolus
2549 2989 2654 3026 non
2677 2974 2795 3028 vult
2821 2974 3005 3043 perire
3023 2987 3147 3028 eum
3173 2973 3266 3041 qui
3295 2988 3420 3026 cum
3453 2985 3629 3025 uxore
3651 2970 3832 3040 patris

2230 3069 2404 3124 fuerat
2432 3067 2734 3121 tornieatns
2760 3066 2800 3137 (Ι
2831 3065 2954 3120 Cor.
2988 3066 3077 3134 ι),
3117 3079 3221 3134 qua
3249 3072 3306 3119 et
3329 3063 3498 3118 Judas
3529 3062 3696 3131 periit
3747 3062 3839 3114 in-

2231 3160 2356 3216 felix
2385 3203 2398 3224 ,
2456 3159 2547 3229 qui
2592 3158 2974 3214 abundantiori
3004 3158 3295 3226 absorptus
3339 3155 3590 3219 tristitia.
3641 3153 3838 3224 prodi-

515 3237 660 3301 dcat.
698 3256 1039 3314 nequaquam
1074 3247 1204 3302 toris
1228 3251 1278 3304 in
1314 3251 1607 3325 Babylone,
1641 3265 1697 3311 et
1731 3255 1782 3311 in
1820 3257 1996 3321 Susis,
2026 3260 2121 3317 sed
2149 3247 2192 3308 C
2229 3253 2361 3307 tioni
2395 3250 2751 3305 homicidium
2781 3247 3298 3319 copulavit(.l!attlt.
3330 3250 3523 3318 xxvn},
3559 3257 3615 3302 et
3647 3247 3833 3300 homi-

513 3333 656 3388 intra
701 3340 967 3393 terminos
1003 3354 1162 3397 terrae
1211 3347 1559 3420 sanctaa[At.
1610 3351 1865 3424 vestrae].
1914 3355 2125 3423 Quibus

514 3429 679 3484 rebus
709 3433 996 3501 probatur,
1032 3437 1176 3493 diem
1218 3455 1376 3508 quam
1412 3446 1821 3513 concupiscitis,
1856 3465 1964 3504 non
2001 3464 2124 3507 esse

517 3520 656 3576 lucis
683 3534 731 3576 et
764 3527 970 3596 gaudii,
995 3531 1090 3585 sed
1126 3534 1477 3590 tenebrarum
1513 3548 1677 3606 atque
1703 3542 1961 3598 tristitiae.
1995 3544 2125 3602 Haec

508 3617 663 3685 juxta
694 3617 978 3677 historiam
1015 3624 1254 3682 breviter
1283 3628 1540 3698 diximus,
1578 3650 1642 3686 ne
1669 3637 1881 3704 penitus
1906 3637 2124 3696 ,Ιιιιιειιοδ

511 3725 632 3764 rum
684 3713 997 3781 opinionem
1049 3719 1484 3791 relinqueremus
1524 3725 1806 3783 intactam.
1848 3727 2121 3787 Czeterum

513 3802 644 3856 nulli
677 3803 901 3860 dubium
935 3818 1039 3873 est,
1067 3828 1258 3868 omnes
1287 3827 1508 3872 nostros
1553 3819 1697 3874 diem
1747 3823 2148 3893 tenebrarum,

512 3896 657 3952 diem
685 3899 1226 3975 intelligerejutlicii,
1259 3907 1327 3963 de
1355 3925 1457 3980 qua
1480 3913 1672 3967 scribit
1695 3927 1744 3968 et
1772 3914 2077 3982 SnpltOuias
2105 3935 2120 3972 ε

511 3988 677 4045 Juxta
707 4001 779 4047 est
801 3995 908 4050 dies
943 3997 1150 4054 Domini
1180 4019 1414 4073 magnus,
1447 4015 1490 4058 et
1513 4008 1670 4075 juxta
1697 4020 1771 4064 est
1799 4021 1843 4064 et
1872 4012 2018 4066 celos:
2042 4016 2123 4068 ni-

512 4085 610 4136 mis
633 4101 652 4138 :
675 4102 770 4140 vox
800 4088 902 4141 diei
932 4090 1143 4145 Domini
1165 4111 1345 4149 amara
1375 4107 1421 4148 et
1447 4098 1580 4151 dura
1613 4099 1892 4167 (Saplton.
1920 4120 1960 4171 ι,
1989 4105 2053 4159 14
2078 4107 2118 4176 ).

516 4178 578 4231 l'Lt
609 4179 774 4234 Isaias
801 4201 813 4236 :
850 4181 982 4238 Ecce
1016 4185 1128 4240 dies
1159 4186 1370 4244 Domini
1399 4192 1702 4248 insanabilis
1729 4197 1880 4265 venit,
1925 4199 2122 4266 furoris

512 4279 561 4324 et
590 4271 708 4338 irrc,
743 4290 930 4343 ponere
953 4277 1125 4330 orbem
1153 4288 1411 4335 terrarum
1435 4283 1714 4355 desertum,
1756 4295 1804 4340 et
1827 4300 2120 4358 peccatores

514 4363 727 4432 perdere
753 4382 816 4420 ea:
837 4384 894 4421 eo
925 4366 1096 4440 (Isai.
1124 4388 1236 4438 xm,
1263 4373 1360 4444 9).
1387 4375 1670 4446 Simulque
1698 4380 1972 4435 decutitur
1990 4397 2122 4438 con-

514 4453 748 4536 ﬁdentia
771 4459 1153 4529 soperborum,
1185 4465 1298 4534 qui,
1335 4477 1389 4520 ut
1420 4468 1563 4538 apud
1591 4471 1839 4527 homines
1861 4473 1996 4544 justi
2025 4490 2119 4546 ap-

512 4559 760 4617 pareant,
792 4552 973 4606 solent
1005 4554 1148 4610 diem
1187 4569 1509 4628 exspectare
1550 4562 1767 4632 judicii,
1801 4574 1856 4620 et
1885 4566 2113 4623 dicere:

2227 3345 2428 3399 cidiutn
2463 3343 2718 3396 omnibus
2750 3342 2908 3411 pejus
2964 3340 3325 3395 homicidiis:
3362 3349 3422 3394 ut
3455 3338 3546 3393 ubi
3602 3338 3834 3406 putabat

2228 3436 2555 3502 remedium,
2608 3443 2662 3489 et
2709 3443 2941 3488 mortem
2997 3433 3280 3502 suspendii
3331 3432 3491 3487 linem
3525 3432 3832 3496 malorum,

2229 3529 2304 3586 ibi
2332 3531 2540 3584 leonem
2585 3540 2637 3582 et
2670 3543 2856 3583 ursum
2891 3535 2942 3580 et
2974 3526 3266 3580 colubrum
3297 3527 3594 3596 reperiret.
3621 3525 3834 3592 Quibus

2225 3623 2536 3678 nominibus
2565 3621 2821 3675 videntur
2842 3621 2970 3674 tnihi
3005 3620 3312 3690 signiﬁcari
3343 3619 3424 3674 vel
3453 3620 3673 3674 diversa
3700 3635 3830 3690 sup-

2227 3718 2422 3786 plicia,
2480 3716 2564 3770 vel
2597 3716 2712 3785 ipse
2735 3715 2985 3769 diabolus
3011 3756 3022 3778 ,
3067 3714 3164 3785 qui
3207 3724 3355 3769 recte
3382 3724 3438 3769 et
3465 3714 3551 3769 leo
3579 3725 3635 3768 et
3664 3730 3830 3768 ursus

2225 3819 2279 3863 et
2327 3809 2550 3864 coluber
2603 3809 2932 3878 appellatur.
2982 3806 3234 3876 Cumque
3286 3823 3388 3862 nos
3449 3807 3831 3876 putaverimus

2226 3902 2416 3957 Isaiam
2445 3901 2635 3955 audire
2668 3900 2942 3956 dicentem
2974 3917 2986 3953 :
3027 3899 3194 3966 Vade,
3227 3899 3451 3971 papulas
3481 3914 3656 3964 meus,
3687 3899 3830 3950 intra

2226 3995 2464 4049 cubicula
2492 4003 2579 4048 tua
2610 4011 2628 4048 :
2661 3994 2847 4048 claude
2865 3996 3079 4056 ostium,
3100 3993 3419 4048 abscondere
3448 3993 3701 4064 pusillum
3731 3993 3831 4045 do-

2226 4105 2318 4142 nec
2356 4095 2584 4141 transeat
2634 4087 2715 4140 ira
2772 4086 2986 4141 Domini
3032 4085 3187 4158 (Isai.
3218 4102 3380 4154 xxw,
3423 4087 3550 4154 ‘20},
3608 4095 3822 4140 etesse

2224 4181 2380 4250 quasi
2401 4179 2455 4235 iu
2483 4180 2645 4234 domo
2670 4189 2882 4245 nostra,
2907 4180 3064 4248 quasi
3097 4180 3150 4233 in
3186 4177 3403 4233 inferno
3439 4179 3824 4248 requiescere:

2227 4286 2350 4332 tunc
2383 4274 2650 4332 mordebit
2673 4290 2774 4330 nos
2799 4274 3027 4331 coluber
3050 4275 3140 4344 qui
3171 4275 3224 4328 in
3260 4273 3518 4344 praesenti
3562 4273 3688 4326 loco
3715 4271 3820 4326 Na-

2226 4373 2353 4438 has,
2390 4372 2443 4425 itt
2475 4371 2576 4425 Job
2609 4370 2925 4440 appellatur
2952 4368 3272 4424 Leviathan.
3314 4379 3334 4404 ε
3372 4368 3444 4420 De
3471 4367 3629 4435 cujus
3657 4367 3826 4438 308

2225 4478 2414 4521 natura
2463 4475 2519 4521 et
2545 4477 2758 4520 terrore
2798 4463 3084 4534 multiplici
3133 4462 3354 4532 plenius
3399 4461 3452 4516 in
3497 4461 3617 4530 ipso
3664 4462 3821 4513 volu-

2225 4563 2372 4618 mine
2397 4557 2421 4598 ἀ
2453 4561 2738 4617 discimus.
2772 4559 2829 4614 In
2859 4560 3097 4628 caligine
3126 4565 3309 4613 autem
3338 4564 3393 4611 et
3419 4556 3669 4611 tenebris
3699 4570 3825 4625 qua:

511 4642 734 4698 Utinam
767 4648 953 4702 veniat
987 4648 1272 4714 Dominus,
1308 4657 1511 4709 utinam
1545 4658 1700 4712 nobis
1727 4659 1888 4715 liceat
1917 4660 2111 4716 dissol-
2141 4642 2195 4704 Ῑ)
2220 4660 2490 4714 contraria
2533 4667 2663 4711 sunt
2693 4655 2797 4710 luci
2827 4665 2882 4710 et
2920 4653 3198 4725 Splendori
3225 4693 3238 4717 ,
3291 4661 3692 4706 tormentorum
3729 4649 3820 4703 di-

511 4739 559 4790 vi
584 4748 640 4793 et
662 4754 784 4794 esse
814 4756 936 4796 cum
964 4742 1184 4802 Christo
1215 4748 1234 4820 (
1263 4747 1459 4822 Philip.
1487 4750 1545 4823 ι)
1570 4795 1584 4818 ,
1618 4752 1895 4812 imitantes
1921 4755 2111 4812 Phari-

508 4844 676 4887 saeum
712 4837 803 4900 qui
852 4837 905 4891 in
949 4838 1246 4910 Evangelio
1278 4845 1599 4912 loquebatur
1631 4846 1803 4919 (Luc.
1838 4867 1984 4917 xvnt,
2019 4853 2109 4920 Η,

510 4924 618 4997 1‘2)
648 4945 658 4980 :
690 4926 852 5009 Deus,
882 4947 981 5004 ago
1008 4935 1204 5003 gratias
1233 4936 1346 5001 tibi,
1369 4939 1490 5006 quia
1514 4955 1615 4992 non
1642 4956 1758 4995 sum
1781 4943 1912 4996 sicut
1939 4945 2114 4999 creteri

511 5020 762 5088 homines,
793 5023 952 5097 301
979 5037 1236 5095 raptores,
1269 5030 1471 5102 injusti,
1493 5031 1753 5099 adulteri,
1786 5043 1833 5088 et
1869 5037 2002 5091 sicut
2029 5037 2111 5090 hic

507 5114 830 5185 publicanus.
855 5115 1050 5192 Jejuno
1075 5121 1150 5175 bis
1168 5124 1221 5177 in
1254 5123 1464 5179 sabbato
1489 5141 1506 5179 :
1541 5126 1772 5182 decimas
1794 5126 1860 5182 do
1879 5129 2112 5184 omnium

579 5305 622 5382 "_
645 5295 779 5382 Tres
800 5315 957 5365 mss.,
978 5303 1165 5382 dirigit
1187 5308 1508 5376 vaticinium,
1537 5311 1703 5382 quod,
1730 5321 1861 5379 etc.,
1878 5319 1932 5366 et
1957 5315 2116 5382 paulo

504 5377 661 5448 post,
684 5372 837 5424 etiam
867 5372 1124 5448 restitutio
1153 5372 1512 5448 consequatur.

577 5439 604 5478 ι)
649 5442 932 5522 Interserit
961 5446 1235 5503 Victorius
1268 5439 1457 5506 vocem
1489 5469 1661 5517 ursus,
1694 5463 1853 5522 quam
1903 5451 1992 5510 hic
2023 5469 2116 5509 ne-

501 5514 796 5594 cessariam
827 5517 943 5594 vult
972 5533 1114 5594 esse,
1159 5537 1285 5575 cum
1315 5533 1558 5592 exponat
1583 5514 1658 5577 ea
1683 5514 1964 5594 proiihetue
1993 5543 2116 5579 ver.

503 5583 572 5638 ba
598 5601 610 5636 :
648 5584 919 5668 Quomodo
939 5590 1125 5668 fugiat
1176 5595 1252 5647 vir
1279 5612 1310 5647 a
1341 5583 1476 5668 fa'cie
1525 5583 1708 5660 leonis,
1739 5583 1796 5651 et.
1818 5602 2040 5652 occurrit
2067 5602 2114 5652 ei

504 5670 684 5780 ursusi
716 5658 1112 5716 Brixianiniss.
1142 5680 1260 5720 eam
1282 5658 1354 5722 illi
1387 5658 1875 5723 subministrarunt
1901 5687 1914 5722 :
1941 5669 2114 5726 nostri

504 5740 611 5780 non
645 5744 655 5777 I
687 5744 738 5780 a.

494 5740 611 5780 non
645 5740 738 5781 ιιιι.

583 5794 964 5884 ξυιιτιιιιεςινιι
1019 5813 1226 5862 tantum
1271 5807 1400 5884 fecit
1428 5827 1671 5884 errorem
1719 5812 1990 5879 Mariano,
2047 5823 2104 5868 ttt

502 5873 777 5939 putaverit
834 5873 1222 5947 Hieronymum
1267 5883 1507 5942 edidisse
1557 5873 1996 5944 Commentarios
2041 5885 2097 5943 in

2221 4757 2452 4808 versitas
2474 4753 2810 4822 explicatur.

2291 4846 2474 4917 (Vers.
2500 4846 2593 4906 2|.
2620 4845 2738 4911 ἓξ.)
2773 4843 2874 4898 Odi
2913 4851 2959 4897 et
3003 4842 3200 4914 projeri
3231 4841 3538 4910 festivitates
3595 4847 3818 4904 vestras.

2218 4950 2265 4994 et
2305 4955 2409 4992 non
2438 4938 2643 5002 rapiam
2665 4936 2876 4990 odorem
2899 4944 3121 4989 coetuum
3152 4945 3461 4986 vestrorum.
3491 4931 3644 4997 Quod
3673 4931 3717 4984 si
3739 4939 3821 4982 at—

2217 5034 2441 5087 tuleritis
2491 5031 2668 5102 [νυιε.
2719 5028 3031 5098 οιεαιενίιίδ]
3089 5028 3217 5081 milii.
3269 5026 3720 5079 ltolocaustomuta
3770 5031 3821 5075 et

2217 5143 2430 5180 munera
2459 5136 2626 5180 vestra
2646 5163 2660 5191 ,
2684 5141 2788 5178 non
2812 5121 3089 5196 arripiant,
3109 5131 3158 5176 et
3190 5131 3306 5176 vota
3328 5120 3602 5193 pinguium
3625 5127 3818 5172 vestro-

2221 5310 2346 5376 Job,
2376 5311 2496 5379 quia
2529 5310 2615 5365 hic
2638 5310 2849 5377 legebat
2875 5351 2887 5374 ,
2916 5308 3123 5381 plenius
3155 5308 3208 5361 in
3245 5314 3357 5381 ipso
3385 5305 3650 5381 rolumine
3673 5305 3818 5358 dixi-

2221 5399 2349 5436 mus.
2381 5378 2514 5434 Vide
2569 5378 2998 5436 admonitionem
3036 5389 3277 5433 nostram
3314 5380 3365 5432 in
3411 5378 3816 5446 cvpositionem

2221 5453 2340 5507 libri
2366 5451 2491 5512 Job.
2520 5463 2652 5507 tom.
2681 5452 2743 5507 Ill
2770 5453 2819 5505 in
2846 5451 3168 5522 appendire.
3199 5451 3309 5505 Nos
3333 5457 3513 5503 autem
3545 5463 3574 5502 e
3603 5447 3819 5522 duobus

2219 5527 2453 5595 antiquis
2475 5525 2755 5579 codicibus
2786 5521 3281 5579 tuss.restituimus
3305 5522 3594 5595 uenuinatn
3625 5521 3820 5595 legetio-

2220 5593 2635 5662 nem—discimus,
2665 5613 2783 5666 qua:
2814 5607 3129 5662 argumenta
3154 5606 3337 5650 nostra
3363 5594 3584 5648 roborat
3615 5593 3819 5646 adver-

2219 5686 2313 5724 sus
2343 5669 2640 5723 Marianum
2676 5667 3002 5724 Victoriutn.
3037 5668 3210 5722 ΜΑιιτ.

2293 5739 2321 5778 ἀ
2353 5741 2486 5796 Vide
2514 5741 2954 5795 Admonitionem
2986 5781 3000 5804 ,
3058 5755 3218 5809 quam
3253 5736 3594 5809 interltneari
3627 5735 3680 5790 in
3713 5734 3809 5809 θρ-

2214 5811 2340 5868 bum
2376 5812 2712 5879 Expositioni
2746 5807 3161 5883 prteiittiu‘ttts‘in
3190 5807 3511 5880 Appendice
3543 5817 3678 5864 tom.
3713 5807 3808 5873 lll,

2207 5900 2329 5958 pag.
2357 5884 2486 5941 8'25.

4055 4469 4057 4533 i

4050 4633 4055 4761 ι
