4120 6342
328 354 468 409 1035

1179 333 1827 398 (ῚΟΜΜΕΝΤΑΚΏΙΠᾺΙ
1862 333 1934 392 ΙΝ
1975 331 2160 392 Ακοδ
2197 332 2327 389 LIB.
2369 332 2434 388 ll.
2478 330 2633 387 CAP.
2679 330 2747 386 Υ.

3482 323 3623 381 1034

320 484 437 527 rum
459 485 565 525 non
589 466 892 539 respiciam.
918 460 1062 519 LXX
1092 479 1104 517 :
1132 460 1269 516 Odia
1295 460 1455 515 habui
1480 469 1529 515 et
1559 458 1732 529 repuli
1764 458 1909 527 festi-
1943 457 1994 517 Α
2020 464 2072 510 et
2100 455 2285 521 vidua,
2312 464 2437 524 qum
2466 452 2521 507 in
2552 450 2855 522 Evangelio
2891 450 3045 523 (an.
3079 446 3203 521 ut)
3232 448 3286 503 in
3314 447 3620 504 corbonam

319 566 506 621 vitam
526 563 641 639 [Μ.
664 556 1034 630 solemnitates]
1062 565 1280 621 uestras,
1308 571 1402 610 nec
1433 555 1694 609 odorabor
1709 554 1759 606 in
1792 566 1920 605 con-

317 659 645 715 ventionibus
665 655 862 711 vestris.
890 651 958 708 Et
987 653 1029 707 si
1047 651 1339 707 obtuleritis
1376 649 1505 702 mihi
1539 646 1845 701 holocausta
1871 652 1918 698 et

318 752 607 821 sacriﬁcia,
638 764 739 805 non
759 747 1065 812 suscipiam,
1082 756 1129 799 et
1156 742 1387 798 salutare
1414 739 1707 812 praesentire
1733 747 1917 792 vestrm

319 862 425 901 non
453 845 730 917 respiciam
758 857 777 897 :
805 839 1032 911 Proprie
1072 838 1174 894 hoc
1218 846 1403 893 contra
1429 835 1628 891 tribum
1659 831 1797 888 Juda
1828 830 1915 884 di-

317 939 480 1004 citur,
507 946 562 992 et
583 949 680 993 eos
704 936 795 1006 qui
830 950 899 989 ex
927 933 1095 987 lsrael
1133 930 1199 987 ad
1231 930 1332 986 Dei
1360 927 1726 984 caeremonias
1767 938 1917 980 com-

312 1031 639 1102 migrarunt.
672 1036 729 1082 et
755 1025 1116 1081 nihilominus
1141 1037 1249 1077 non
1277 1019 1612 1077 recedebant
1638 1018 1709 1073 de
1731 1015 1917 1071 excel-

318 1125 420 1191 sis,
456 1121 822 1190 colebantque
852 1117 1029 1182 idola,
1062 1128 1112 1171 et
1144 1124 1500 1186 peccatorum
1544 1109 1918 1183 magnitudine

314 1215 417 1271 Dei
447 1213 721 1270 sacrificia
750 1211 1089 1283 polluebant.
1116 1210 1422 1277 Numquam
1448 1207 1595 1263 enim
1624 1220 1753 1262 reor
1767 1201 1915 1272 quod

317 1308 388 1364 de
414 1305 784 1363 oblationibus
812 1304 1108 1359 vitulorum
1133 1344 1147 1365 ,
1176 1316 1319 1372 quas
1364 1299 1671 1355 oﬂ'erebant
1699 1299 1752 1352 in
1798 1298 1910 1350 Dan

314 1417 371 1461 et
397 1403 609 1467 Bcthel,
639 1400 879 1457 dixerit:
912 1398 957 1454 si
985 1397 1281 1453 obtuleritis
1313 1395 1439 1450 mihi
1467 1394 1914 1449 hoiocanstontata

315 1507 364 1554 et
392 1512 603 1552 munera
632 1505 825 1562 vestra,
857 1507 961 1548 non
988 1491 1292 1562 suscipiam.
1320 1487 1443 1544 Odit
1470 1496 1653 1542 autem
1683 1487 1827 1541 Deus
1854 1493 1913 1540 et

314 1605 423 1645 non
446 1590 629 1645 solum
665 1586 813 1651 odit;
848 1585 948 1641 sed
985 1593 1043 1641 et
1070 1583 1309 1655 projecit
1353 1580 1675 1637 festivitates
1697 1594 1911 1644 comm,

312 1684 406 1754 qui
441 1682 649 1755 fugiunt
672 1681 890 1736 leonem
918 1688 973 1735 ct
1001 1679 1291 1733 incurrunt
1310 1676 1361 1731 in
1389 1689 1614 1738 ursum,
1646 1683 1700 1728 et
1727 1672 1909 1743 ingreo

310 1778 542 1833 diuntur
569 1775 820 1841 domum,
846 1781 901 1829 et
923 1787 952 1827 a
978 1779 1235 1841 serpente
1265 1767 1612 1836 mordentur,
1642 1766 1771 1837 quia
1795 1777 1905 1819 non

308 1970 472 2020 ccnte
495 1961 726 2017 Domino
758 1977 770 2013 :
810 1959 915 2015 Odi
943 1966 989 2013 et
1024 1958 1222 2030 projeci
1244 1957 1543 2028 festivitates
1595 1962 1809 2007 vestras.
1844 1953 1908 2007 Et

308 2054 686 2128 hujuscemodi
721 2052 1003 2110 hominum
1047 2059 1385 2107 conventum
1420 2048 1760 2114 odoremque
1798 2060 1907 2099 non

309 2151 563 2221 suscipit,
595 2162 697 2205 nec
739 2147 900 2203 habet
936 2146 987 2200 in
1016 2144 1247 2200 odorem
1279 2143 1437 2198 bona;
1468 2141 1785 2211 fragrantisc
1810 2183 1825 2208 ,
1854 2150 1910 2197 et

307 2243 492 2298 omnia
542 2253 735 2297 eorum
783 2252 1008 2293 munera
1053 2236 1403 2300 detestatur,
1452 2244 1509 2289 et
1548 2233 1908 2304 pinguissima

310 2345 439 2391 vota
488 2346 598 2389 non
646 2330 894 2403 respicit.
942 2331 1100 2397 Quod
1140 2328 1360 2400 quidem
1391 2340 1501 2383 non
1534 2327 1709 2383 solum
1760 2326 1909 2381 illius

318 2427 581 2498 temporis
611 2423 947 2493 hominibus,
971 2422 1067 2478 sed
1100 2431 1154 2478 et
1184 2421 1345 2476 nobis
1393 2419 1607 2475 accidet
1631 2461 1645 2481 ,
1680 2419 1725 2473 si
1758 2418 1911 2473 simi-

315 2524 387 2579 lia
414 2522 812 2591 delinquemus,
830 2518 974 2575 etde
990 2514 1201 2589 rapinis
1225 2525 1280 2572 et
1297 2515 1557 2586 periuriis
1573 2512 1909 2569 sceleribus-

302 2630 422 2689 ‘que
445 2616 674 2689 quiesita
710 2658 727 2682 ,
769 2614 887 2669 Deo
915 2627 1016 2668 nos
1046 2619 1298 2683 putemus
1336 2608 1537 2665 offerre
1560 2651 1576 2676 ,
1616 2617 1672 2663 et
1722 2618 1909 2663 nostra

319 2720 542 2784 peccata
593 2709 866 2767 redimere
889 2751 903 2774 ,
953 2721 1077 2763 cum
1110 2705 1407 2776 legerimus
1438 2702 1724 2758 Zachmum
1756 2700 1913 2785 quid.

316 2806 445 2880 quid
477 2814 735 2877 rapuerat
769 2804 820 2859 in
852 2801 1213 2875 quadruplum
1246 2798 1548 2855 reddidisse
1573 2840 1587 2865 ,
1613 2807 1669 2852 et
1710 2796 1779 2851 de
1827 2796 1913 2850 his

315 2916 435 2971 qua:
457 2900 597 2956 bene
624 2899 911 2968 qumsierat
935 2939 949 2963 ,
982 2896 1218 2952 mediam
1250 2894 1518 2949 obtulisse
1548 2890 1909 2947 substantiam

321 2991 471 3063 (Luc.
502 2992 637 3063 xxv).
668 2991 859 3062 Neque
880 2988 1024 3045 enim
1045 2986 1190 3059 quod
1220 2986 1365 3042 male
1393 2987 1683 3057 quu‘situm
1708 2991 1824 3037 erat
1857 2983 1908 3038 in

316 3086 409 3141 Dei
440 3084 669 3141 donaria
696 3092 912 3154 poterat
939 3080 1176 3148 olferre,
1218 3079 1323 3135 nisi
1347 3080 1499 3149 prius
1520 3077 1765 3133 dominis
1791 3076 1910 3131 suis

315 3178 599 3242 redderet,
647 3188 700 3233 et
751 3185 942 3247 postea
991 3176 1246 3245 impleret
1289 3175 1436 3242 quod
1478 3173 1742 3242 scriptum
1776 3181 1856 3226 est
1892 3186 1907 3225 :

2022 548 2130 603 duo
2173 547 2377 602 minuta
2418 546 2679 611 miserat,
2720 545 2979 601 omnibus
3009 559 3040 599 a
3071 543 3363 602 Salvatore
3391 543 3622 614 praster-

2021 652 2129 710 tur,
2162 643 2251 714 qui
2279 651 2407 698 vota
2450 641 2810 712 pinguissima
2834 649 2891 697 et
2916 640 3132 697 hostias
3188 638 3516 696 medullatas
3558 649 3619 695 se

2020 734 2216 791 oti‘erre
2236 735 2556 800 credebant,
2578 733 2649 789 de
2678 734 2849 787 multo
2879 733 3071 789 dantes
3101 748 3293 804 parum
3328 751 3341 787 :
3371 747 3495 788 cum
3522 732 3617 788 illa

2021 840 2191 886 totum
2221 830 2363 901 quod
2392 828 2604 898 habuit,
2635 828 2949 883 obtulisset.
2984 826 3324 884 Mauil‘estius
3351 835 3406 882 et
3433 827 3618 883 verius

2024 927 2140 981 hrrc
2165 935 2292 998 post
2316 926 2605 982 adventum
2640 926 2858 981 Domini
2890 926 3150 981 dicuntur
3175 926 3379 997 populo
3404 923 3625 980 Judaeu-

2019 1034 2159 1074 rum.
2186 1019 2278 1088 qui
2308 1018 2590 1073 destructo
2618 1019 2822 1088 templo
2851 1026 2907 1074 et
2939 1018 3123 1085 altari,
3168 1010 3377 1073 hostias
3415 1016 3617 1073 oﬂ‘erre

2018 1124 2079 1165 se
2105 1110 2337 1166 credunt
2368 1125 2645 1181 :quorum
2675 1111 2817 1166 Deus
2848 1111 2965 1165 odit
2992 1120 3048 1165 et
3082 1110 3303 1180 projicit
3352 1109 3618 1165 festivita-

2018 1211 2119 1264 trs.
2154 1213 2207 1258 et
2236 1218 2339 1258 non
2371 1204 2521 1273 capit
2537 1202 2762 1259 odorem
2794 1214 2974 1261 emtus
3000 1218 3215 1267 eorum,
3245 1202 3463 1269 quando
3483 1217 3616 1258 con-

2015 1295 2224 1367 gregati
2270 1296 2461 1351 dicunt
2513 1315 2526 1350 :
2582 1295 2861 1368 Cruciﬁge,
2916 1297 3161 1366 cruciﬁge
3201 1296 3356 1350 talem
3414 1294 3611 1367 (Joan.

2016 1403 2128 1453 nx.
2157 1387 2245 1459 6);
2276 1398 2333 1445 et
2364 1405 2377 1442 :
2412 1388 2639 1459 Sanguis
2678 1393 2795 1461 ejus
2842 1405 2996 1459 super
3046 1403 3141 1443 nos
3178 1397 3227 1443 et
3269 1404 3422 1459 super
3477 1388 3616 1455 ﬁlios

2015 1491 2214 1535 nostros
2239 1480 2453 1553 (Matth.
2482 1496 2650 1547 sxvtt,
2668 1482 2786 1551 25).
2810 1482 2873 1537 Et
2901 1483 2945 1536 si
2973 1482 3278 1538 obtulerint
3297 1482 3614 1538 holocausta

2016 1573 2068 1627 in
2101 1574 2417 1644 synagogis,
2449 1583 2507 1629 et
2534 1589 2767 1630 munera
2797 1575 2848 1629 in
2877 1574 3115 1630 concilis
3152 1584 3380 1638 satanas,
3404 1583 3460 1629 et
3488 1584 3615 1629 vota

2014 1667 2367 1739 pinguissima
2396 1710 2409 1734 ,
2443 1682 2553 1722 non
2585 1682 2647 1722 ea
2678 1667 2907 1737 respicit
2958 1667 3223 1722 Dominus
3250 1708 3266 1731 ,
3312 1667 3455 1722 sicut
3498 1681 3612 1722 non

2015 1766 2258 1834 t'eSpexit
2290 1779 2513 1820 munera
2541 1762 2676 1819 Caio
2710 1762 2919 1836 (Cenes.
2950 1762 3045 1835 tv).
3077 1763 3180 1829 Qui
3210 1762 3350 1818 bene
3382 1762 3611 1833 quidem

211 1889 226 1903 ·
307 1871 593 1927 celebrant
642 1867 974 1925 festivitates
998 1866 1116 1932 Dei,
1146 1864 1241 1921 sed
1286 1862 1611 1918 festivitates
1636 1873 1795 1926 suas,
1827 1858 1909 1913 di—
1941 1859 1989 1923 Β
2018 1872 2185 1911 unum
2220 1857 2388 1912 Deum
2420 1857 2640 1923 colunt,
2673 1866 2729 1912 et
2757 1868 2906 1912 recte
2957 1856 3236 1921 offerunt;
3286 1855 3382 1910 sed
3435 1857 3487 1909 in
3543 1869 3611 1910 eo

2013 1964 2120 2003 non
2152 1949 2545 2017 restriciuntur,
2598 1949 2725 2019 quia
2755 1965 2863 2005 non
2904 1949 3157 2004 dividunt
3204 1949 3257 2003 in
3286 1948 3522 2013 Patrem,
3556 1956 3613 2004 ct

2020 2039 2216 2094 Filium
2248 2055 2303 2097 et
2339 2042 2606 2112 Spiritum
2638 2051 2887 2097 sanctum
2920 2041 3356 2097 confessionem.
3415 2039 3611 2095 Nostra

2014 2142 2197 2187 autem
2223 2147 2474 2201 munera,
2507 2134 2561 2190 id
2587 2143 2694 2198 est.
2731 2136 2993 2191 Ecclesiae
3014 2175 3030 2200 ,
3070 2149 3193 2204 quae
3220 2133 3503 2191 oderimus
3543 2134 3611 2191 de

2014 2226 2308 2295 primitivis
2362 2226 2607 2295 nostris,
2662 2228 2887 2308 respicit
2926 2228 3111 2295 Deus,
3163 2227 3309 2284 sicut
3360 2230 3612 2299 respexit

2012 2321 2284 2391 quondam
2315 2323 2589 2378 sacrificia
2616 2322 2777 2378 Abel.

2084 2414 2449 2488 3M(Vers.
2481 2416 2600 2486 25.)
2646 2414 2809 2487 Aufer
2836 2433 2869 2470 α
2899 2433 2979 2471 me
3005 2414 3283 2471 tumultum
3320 2418 3608 2471 carminum

2014 2520 2242 2577 tuorum,
2292 2520 2340 2566 et
2389 2513 2595 2565 cantica
2646 2512 2781 2583 lyre
2828 2521 2932 2568 tua:
2981 2530 3085 2567 non
3129 2512 3358 2567 audiam.
3410 2510 3606 2568 LXX:

2013 2602 2266 2674 Transfer
2290 2621 2323 2656 (ι
2352 2620 2431 2659 me
2453 2605 2678 2659 sonitum
2702 2606 2988 2659 carminum
3014 2615 3243 2669 tuorum,
3266 2615 3315 2660 et
3346 2605 3605 2674 psalmum

2013 2712 2325 2767 organorum
2348 2706 2553 2750 tuorum
2582 2714 2683 2752 non
2709 2697 2944 2752 audiant.
2974 2695 3213 2752 Pulchra
3251 2696 3465 2767 cantica
3495 2696 3607 2753 Le-

2019 2787 2277 2852 vitarum,
2303 2788 2501 2857 quibus
2526 2789 2826 2844 laudabant
2853 2789 3027 2844 Deum
3055 2831 3070 2857 ,
3101 2790 3394 2844 tumultum
3419 2800 3605 2858 vocat,

2013 2885 2366 2955 sonitumque
2398 2885 2723 2951 contusum;
2754 2885 2883 2957 quia
2913 2899 3021 2941 non
3054 2895 3140 2941 est
3170 2885 3394 2955 pulchra
3428 2886 3609 2942 laud.»

2016 2976 2091 3031 tio
2117 2977 2170 3031 in
2203 2994 2299 3032 ore
2331 2980 2640 3047 peccatoris
2669 3019 2686 3044 ,
2734 2987 2792 3034 et
2817 2978 2936 3033 haec
2961 2978 3156 3034 eadem
3193 2978 3354 3033 idolis
3412 2978 3611 3037 offerre

2014 3085 2229 3140 quoque
2260 3082 2664 3126 consueverant
2692 3070 2920 3144 (Eccles.
2955 3072 3065 3143 xv).
3097 3070 3418 3127 Judtcorum
3473 3088 3610 3143 quo—

2016 3180 2122 3233 que
2149 3168 2324 3221 oratio
2347 3177 2399 3222 et
2428 3168 2648 3237 psalmi,
2683 3184 2821 3239 quos
2852 3169 2904 3222 in
2934 3168 3232 3240 synagogis
3262 3176 3506 3232 canunt,
3553 3178 3609 3223 et

317 3272 538 3328 Honora
572 3271 852 3326 Dominum
891 3269 953 3322 de
970 3269 1133 3338 justis
1165 3267 1266 3321 tuis
1312 3264 1576 3321 laboribus
1607 3263 1790 3334 (Prov.
1824 3278 1904 3329 nt,
1935 3253 1979 3313 C
2016 3260 2399 3316 ltatreticoruut
2441 3263 2745 3331 composita
2788 3262 3033 3317 laudatio
3082 3262 3339 3316 tumultus
3370 3271 3456 3316 est
3506 3261 3609 3316 Do-

314 3364 407 3432 9);
439 3375 492 3419 et
523 3379 535 3417 :
566 3361 874 3433 Redemptio
896 3361 1085 3415 animae
1113 3359 1210 3413 viri
1245 3358 1474 3431 propria:
1504 3357 1699 3412 divitia:
1721 3355 1904 3429 (Prov.

314 3473 427 3521 aut,
461 3456 515 3529 8)
552 3475 563 3510 ε
591 3456 656 3511 de
677 3454 932 3511 mercede
947 3453 1092 3508 enim
1125 3451 1432 3506 meretricis
1466 3451 1609 3504 Deus
1638 3459 1762 3503 vota
1798 3464 1906 3502 non

312 3548 543 3618 suscipit
574 3546 753 3616 (Deut.
788 3545 968 3616 χχιιι).
1002 3544 1335 3601 Econtrnrio
1363 3545 1544 3615 justus
1574 3544 1757 3597 dicere
1806 3558 1906 3613 po-

314 3652 422 3699 test
453 3662 466 3699 :
500 3642 767 3714 Dirigatur
795 3643 962 3695 oratio
982 3655 1120 3705 mea,
1155 3640 1288 3693 sicut
1313 3640 1582 3693 incensum
1604 3639 1656 3691 in
1689 3653 1909 3708 conspe-

312 3745 396 3789 ctu
439 3745 527 3790 tuo
553 3733 731 3807 (Psal.
776 3747 915 3798 (ιιι,
943 3731 1026 3805 2).
1058 3731 1192 3800 Qum
1238 3732 1415 3786 oratio
1450 3729 1606 3785 Judzc
1638 3729 1905 3799 proditori

313 3842 466 3883 versa
494 3836 577 3885 est
603 3827 764 3899 303
795 3828 847 3881 in
874 3834 1154 3896 peccatum
1187 3842 1200 3879 :
1229 3839 1336 3880 non
1368 3824 1515 3880 enim
1546 3822 1782 3878 habebat
1808 3821 1906 3876 bo-

312 3937 440 3979 num
472 3921 727 3988 odorem;
753 3922 852 3977 sed
883 3936 1050 3993 opere
1072 3920 1397 3992 loquebatur
1429 3938 1440 3974 :
1479 3918 1830 3986 Putruerunt,
1858 3928 1904 3972 et

310 4025 568 4088 corruptae
594 4023 713 4069 sunt
742 4014 1186 4082 cicatricesmetz,
1217 4031 1249 4067 η
1280 4014 1412 4084 facie
1434 4012 1746 4083 insipientia
1775 4027 1903 4066 mea!

307 4109 465 4180 (Psal
487 4152 500 4166 .
529 4125 710 4166 xsxvu
736 4156 750 4180 ,
782 4109 859 4182 6).
892 4108 1026 4178 Quae
1055 4110 1235 4164 omnia
1271 4119 1326 4163 et
1383 4108 1452 4163 de
1505 4105 1778 4161 haereticis
1820 4105 1904 4160 di-

309 4218 432 4259 cere
462 4192 892 4276 possumus,'qui
922 4204 1051 4260 dum
1077 4203 1291 4275 fugiunt
1320 4203 1535 4259 leonem
1558 4242 1571 4267 ,
1598 4202 1893 4256 incurrunt

2016 3351 2187 3419 mino,
2240 3364 2297 3409 et
2326 3362 2385 3408 ut
2437 3355 2511 3408 ita
2555 3354 2772 3421 dicam,
2811 3356 3107 3426 grunnitus
3138 3355 3276 3418 suis.
3317 3363 3373 3410 et
3401 3355 3611 3411 clamor

2012 3446 2328 3513 asinorum,
2383 3462 2614 3518 quorum
2668 3450 2842 3519 magis
2892 3450 3148 3505 catttibus
3188 3449 3410 3505 lsraelis
3438 3464 3605 3518 opera

2011 3548 2427 3610 comparantur.
2458 3542 2732 3598 l'salmum
2764 3553 2948 3599 autem
2995 3556 3050 3599 et
3090 3547 3329 3600 carmina
3361 3587 3374 3609 ,
3432 3545 3607 3617 lyram

2009 3642 2062 3688 et
2092 3648 2317 3703 organa,
2344 3636 2426 3690 vel
2446 3635 2600 3704 juxta
2631 3636 2871 3691 litteram
2893 3636 3085 3705 accipe
3111 3638 3162 3690 in
3192 3639 3395 3707 populo
3413 3637 3601 3707 lsrael,

2009 3742 2132 3797 qua:
2160 3728 2288 3782 olim
2324 3727 2525 3784 ﬂebant
2562 3731 2611 3784 in
2648 3730 2887 3800 imagine
2914 3729 3224 3785 futurorum
3252 3770 3267 3796 ,
3319 3730 3404 3785 vel
3451 3732 3603 3799 juxta

2006 3821 2263 3890 spiritum
2296 3822 2347 3876 in
2384 3822 2541 3876 nobis
2572 3831 2628 3878 et
2659 3825 2709 3876 in
2740 3824 3036 3891 lnereticis,
3069 3838 3190 3894 quae
3214 3823 3259 3879 si
3290 3825 3447 3879 honis
3476 3838 3608 3892 ope-

2006 3917 2161 3972 ribus
2203 3917 2502 3987 dirigamus
2529 3957 2545 3984 ,
2592 3918 2893 3974 audiuntur
2922 3934 2953 3973 a
2987 3920 3219 3975 Domino
3261 3939 3273 3975 :
3310 3920 3356 3975 si
3402 3920 3561 3975 malis
3587 3962 3601 3989 ,

2004 4008 2283 4064 concludit
2312 4024 2477 4065 aures
2502 4023 2654 4075 suas,
2704 4009 2998 4079 impiorum
3028 4011 3243 4066 cantica
3275 4026 3382 4065 non
3407 4009 3601 4081 digna-

2005 4111 2092 4156 tur
2118 4103 2329 4157 audire.

2073 4194 2258 4268 (Vers.
2289 4194 2413 4263 24.)
2436 4194 2503 4251 Et
2531 4195 2840 4253 revelabitur
2866 4198 3015 4270 quasi
3039 4214 3178 4269 aqua
3198 4197 3496 4270 judicium,
3553 4205 3603 4250 et

309 4296 363 4351 in
395 4312 603 4366 ursum,
632 4308 687 4353 et
716 4299 948 4369 ingressi
982 4297 1204 4352 domum
1226 4339 1241 4364 ,
1269 4312 1434 4369 quam
1488 4303 1680 4366 putant
1711 4295 1901 4351 Eccle-
1991 4296 2206 4369 justitia
2228 4297 2377 4367 quasi
2407 4304 2609 4351 torrens
2650 4297 2822 4367 fortis.
2867 4294 3013 4351 LXX
3049 4314 3062 4350 :
3098 4294 3165 4349 Et
3193 4295 3424 4350 uoluetur
3469 4294 3602 4349 sicut

307 4389 443 4445 siam
473 4390 593 4458 Dei,
623 4391 932 4446 innituntur
965 4391 1266 4461 parietibus
1285 4436 1298 4460 ,
1323 4406 1461 4461 quos
1488 4391 1589 4461 ipsi
1624 4391 1895 4457 fecerunt,

305 4491 359 4538 et
386 4498 415 4537 a
440 4490 695 4553 serpente
723 4483 1062 4548 mordentur,
1096 4497 1328 4553 quorum
1362 4484 1537 4537 lucem
1565 4491 1621 4537 et
1644 4483 1789 4537 diem
1810 4491 1896 4537 te-

303 4578 489 4634 nebrae
520 4576 755 4647 eripiunt
784 4584 839 4632 et
882 4577 1090 4648 caligo,
1124 4577 1198 4632 ita
1245 4585 1301 4631 ut
1324 4576 1626 4648 palpabiles
1657 4576 1896 4631 tenebras

2001 4405 2136 4459 aqua
2153 4389 2436 4461 judicium.
2469 4398 2516 4443 et
2536 4388 2747 4461 justitia
2784 4389 2915 4443 sicut
2960 4399 3157 4461 torrens
3202 4388 3392 4443 invius.
3445 4388 3603 4443 Sicut

2002 4497 2141 4553 aqua
2156 4460 2213 4538 isi
2247 4484 2463 4537 labatur
2494 4460 2547 4538 in
2583 4499 2838 4551 pronum,
2866 4483 3011 4553 quod
3044 4460 3194 4553 prius
3223 4490 3464 4550 texerat,
3499 4499 3601 4538 nu-

2001 4577 2116 4642 dat,
2146 4586 2203 4632 et
2233 4586 2420 4645 patere
2459 4578 2589 4631 facit
2632 4576 2878 4630 omnium
2926 4575 3101 4630 oculis
3143 4594 3156 4629 :
3206 4576 3285 4632 sic
3327 4576 3600 4646 judicium

302 4672 430 4736 sint,
464 4680 519 4726 et
544 4642 946 4725 interficiuntur
974 4642 1245 4740 primitiva
1274 4642 1485 4726 eorum.
1520 4670 1720 4725 Horum
1756 4669 1898 4726 Deus
1926 4642 1976 4704 Ῑ)
2004 4669 2099 4724 Dei
2127 4642 2289 4740 atque
2311 4666 2547 4737 justitia,
2573 4684 2695 4740 quae
2724 4668 2792 4725 de
2824 4685 2925 4725 suo
2968 4670 3242 4741 quondam
3285 4642 3488 4743 populo
3511 4673 3599 4742 ju-

303 4763 421 4818 odit
446 4762 711 4817 sacrificia
743 4802 757 4827 ,
788 4770 843 4816 at
870 4776 901 4815 a
930 4777 991 4819 se
1038 4761 1257 4833 projicit
1282 4802 1298 4828 ,
1342 4771 1398 4817 et
1436 4762 1897 4833 quotiescumth

303 4856 403 4911 Sttb
427 4854 647 4911 nomine
677 4854 891 4911 Domini
933 4852 1135 4910 fuerint
1172 4839 1492 4926 congFegati
1524 4858 1543 4923 ,‘
1592 4854 1895 4911 detestatur

302 4952 552 5006 faetorem
575 4964 788 5017 eorum,
812 4957 868 5005 et
884 4947 1090 5004 claudit
1114 4964 1275 5004 nares
1294 4963 1440 5004 suas.
1466 4947 1663 5005 Odisse
1688 4956 1892 5017 autem,

302 5055 355 5100 ct
388 5044 678 5117 projicere,
713 5053 768 5100 et
800 5057 906 5098 non
941 5042 1185 5107 odorari,
1216 5042 1451 5098 humana
1480 5043 1719 5115 loquitur
1737 5044 1893 5098 simi-

300 5137 555 5204 litudine,
618 5146 673 5191 ut
719 5150 819 5191 nos
862 5134 1113 5192 affectum
1148 5134 1261 5202 Dei,
1295 5136 1501 5191 nostris
1540 5135 1890 5191 sermonibus

297 5245 711 5302 cognoscamus.
741 5229 810 5285 Et
840 5229 883 5285 si
914 5228 1215 5286 obtulerint
1240 5228 1588 5299 holocausta,
1624 5239 1647 5267 ⁸
1679 5239 1775 5286 aut
1804 5231 1886 5287 vi-

296 5321 528 5377 deantur
551 5321 977 5392 jejunare,dare
999 5321 1404 5393 eleemosynas,
1432 5320 1751 5392 pudicitiam
1776 5322 1887 5393 pol-

297 5416 452 5471 liceri
472 5458 488 5485 ,
518 5432 640 5487 quze
670 5415 989 5472 holocausta
1030 5425 1158 5472 sunt
1206 5430 1335 5471 vera
1362 5455 1378 5481 ,
1425 5430 1531 5471 non
1560 5432 1625 5471 ea
1653 5417 1891 5487 suscipit

296 5507 591 5577 Dominus,
643 5523 746 5565 nec
796 5508 1050 5582 dignatur
1079 5510 1326 5580 aspicere
1356 5509 1749 5582 pinguissimus
1785 5508 1884 5565 ho-

292 5602 427 5656 stias
448 5616 661 5658 eorum.
690 5600 812 5658 Non
834 5604 978 5659 enim
998 5604 1398 5660 sacrificiorum
1425 5602 1881 5675 magnitudinem,

291 5693 388 5750 sed
420 5694 763 5751 offerentium
798 5696 989 5753 merita
1033 5712 1337 5769 causasque
1387 5698 1672 5769 dijudicat.
1732 5697 1887 5754 Unde

365 5813 390 5842 α
418 5801 688 5863 Victorius
714 5806 780 5863 ad
813 5808 1049 5867 Brisian.
1080 5806 1243 5867 codd.
1270 5807 1520 5870 Martiau.
1564 5810 1792 5868 retinuit
1823 5821 1878 5867 ut

289 5875 581 5950 videantur,
604 5887 715 5935 etc.

2001 4760 2226 4827 dicavit,
2250 4761 2457 4830 patebit
2485 4762 2740 4819 omnibus
2761 4805 2776 4830 ,
2804 4775 2859 4819 et
2889 4766 3096 4820 feretur
3127 4764 3304 4820 instar
3333 4768 3598 4824 torrentis

2001 4852 2309 4909 fortissimi.
2342 4853 2369 4893 ι)
2399 4854 2676 4923 Quidquid
2706 4858 3045 4925 arripuerit,
3104 4874 3289 4914 secum
3323 4860 3509 4926 trahit,
3542 4866 3601 4916 et

2001 4946 2105 5003 sibi
2133 4946 2406 5004 obsistere
2439 4963 2546 5004 non
2580 4950 2809 5020 patitur.
2844 4949 3005 5004 Juxta
3035 4950 3389 5024 Septuaginta
3415 4963 3597 5006 autem

1999 5041 2233 5096 volvitur
2259 5041 2412 5113 quasi
2443 5058 2581 5113 aqua
2608 5043 2877 5113 judicium
2900 5046 3299 5115 pessimorum;
3332 5044 3455 5117 quia
3485 5059 3594 5102 non

1999 5143 2111 5190 stat
2142 5134 2194 5188 in
2228 5149 2333 5190 una
2375 5135 2650 5191 sententia
2678 5154 2692 5204 ;
2723 5134 2819 5191 sed
2844 5138 3233 5193 circumfertur
3262 5139 3411 5192 omni
3436 5146 3599 5192 vento

1998 5227 2300 5297 doctrinm,
2344 5229 2487 5300 quod
2552 5230 2883 5302 probaverat
2938 5231 3295 5302 improbans,
3347 5241 3403 5286 et
3451 5229 3594 5299 quod

1998 5325 2149 5396 prius
2173 5322 2517 5392 laudaverat,
2550 5337 2753 5395 putans
2792 5338 2913 5381 esse
2958 5325 3133 5379 nihili.
3162 5321 3595 5379 iustificationes

1995 5433 2187 5474 eorum
2236 5434 2345 5473 non
2388 5417 2705 5474 fluminibus
2732 5428 2788 5475 et
2818 5418 3131 5488 purissimis
3193 5417 3433 5472 fontibus
3454 5461 3466 5485 ,
3495 5417 3594 5473 sed

1997 5510 2232 5567 turbidis
2269 5510 2622 5583 coenosisque
2653 5510 2995 5566 torrentibus
3042 5522 3453 5580 comparantur,
3503 5509 3596 5581 qui

1991 5620 2120 5661 suas
2150 5619 2320 5675 aquas
2352 5618 2456 5659 non
2498 5604 2729 5670 habent;
2764 5601 2863 5658 sed
2898 5602 2965 5657 de
2996 5600 3141 5657 saxis
3175 5602 3511 5675 rupibusque
3539 5615 3595 5660 et

1991 5695 2249 5767 vepribus
2273 5696 2561 5752 collectas.
2597 5696 2741 5762 Quas
2765 5696 2856 5765 qui
2916 5695 3155 5751 transire
3191 5695 3444 5761 voluerit,
3481 5706 3596 5752 sta—

1993 5808 2085 5937 rﬂb
2118 5808 2320 5939 ἔιίἓιοῑ.
2357 5815 2598 5869 torrentis
2623 5811 2929 5884 fortissimi,
2962 5812 3053 5885 qui
3076 5812 3330 5886 quidquid
3353 5798 3593 5888 arripueQ

2066 5923 2083 5951 ,
2118 5897 2226 5940 etc.
