4100 6336
505 311 526 368 i
538 311 644 369 055

1753 316 1810 374 S.
1854 316 2126 375 EL‘SEBII
2166 315 2545 373 lllERONYMI

3660 320 3801 378 1056

495 427 593 484 tim
625 428 866 501 rapietur
894 430 948 487 in
977 445 1223 503 prmceps
1244 473 1257 497 ,
1288 441 1345 488 et
1386 432 1665 490 subversis
1687 434 1920 504 pedibus
1946 477 1962 503 ,
2004 434 2091 490 di-
2120 434 2174 497 Α
2198 445 2325 491 sunt
2366 436 2418 491 in
2449 435 2768 508 Egyptum,
2801 436 3183 495 desiderantes
3225 439 3353 496 allia
3381 448 3610 514 etcepe,
3633 450 3690 499 et
3710 456 3807 497 cu-

499 538 625 581 cere
651 539 763 581 non
795 525 998 596 poterit
1029 543 1041 580 :
1074 527 1273 582 Statuit
1302 544 1461 599 supra
1510 538 1711 601 petram
1754 530 1910 601 pedes
1953 545 2094 584 meos

501 618 619 689 (Ps.
648 635 834 689 cxxni,
863 619 921 693 5)
948 639 961 676 :
991 621 1171 677 calcat
1198 622 1343 678 enim
1368 637 1534 693 super
1560 639 1761 680 arenas
1785 666 1799 690 ,
1834 639 1957 695 quas
1986 639 2094 681 non

499 714 705 771 habent
722 715 1161 783 fundamentum,
1192 726 1246 772 et
1270 732 1392 772 cum
1423 718 1767 787 periclitatus
1799 719 1986 785 fuerit,
2015 719 2097 774 lo-

497 818 696 879 quelur
738 808 900 879 juxta
950 809 1245 865 Hebraeos:
1278 811 1503 866 'I'orrens
1534 813 1770 867 transivit
1795 830 1950 881 super
1976 813 2094 867 ani-

496 918 634 956 mam
655 919 822 957 nteant
849 902 968 975 (Ps.
995 920 1185 971 χχχιχ,
1220 905 1298 975 5).
1332 905 1662 962 Econtrario
1708 906 1776 963 de
1813 907 1980 977 justis
2012 908 2093 963 le-

498 996 697 1067 gimus,
728 1012 963 1067 quorum
994 998 1156 1071 305
1200 1014 1305 1053 non
1339 1000 1578 1054 volvitur
1606 1000 1748 1055 sicut
1776 1016 1915 1071 aqua
1952 1001 2096 1071 judi-

494 1090 975 1160 cium,etjustitia
1014 1109 1118 1145 non
1173 1092 1346 1148 fertur
1399 1093 1552 1164 quasi
1612 1102 1829 1149 torrens
1872 1095 2089 1150 invius:

500 1182 851 1256 Cogitationes
868 1185 1132 1254 justorum
1154 1186 1363 1258 judicia
1384 1185 1573 1257 (Prov.
1599 1203 1693 1253 xu,
1725 1187 1804 1260 5).

570 1276 589 1343 (
620 1274 777 1331 Vers.
810 1275 903 1344 9.5,
937 1274 1117 1347 seqq.)
1160 1276 1429 1349 Numquid
1475 1278 1671 1333 hostias
1696 1290 1744 1333 et
1779 1280 2097 1350 sacriﬁcium

498 1376 757 1430 obtulistis
805 1375 932 1429 mihi
975 1376 1026 1429 in
1066 1375 1267 1431 deserto
1314 1376 1661 1449 quadraginta
1706 1378 1879 1445 annis,
1911 1378 2096 1433 domus

498 1464 705 1521 Israel?
730 1464 798 1519 Et
821 1466 1063 1535 portastis
1087 1468 1473 1522 tabernaculum
1492 1468 1549 1522 Μ
1554 1469 1667 1523 oloc
1689 1480 1874 1538 vestro,
1899 1480 1946 1525 et
1968 1473 2099 1525 ima-

500 1559 671 1630 ginem
700 1559 963 1615 idolorum
1010 1570 1321 1627 vestrorum,
1364 1562 1509 1616 sidus
1538 1562 1618 1616 dei
1644 1564 1819 1627 vestri,
1860 1579 1976 1633 aute
2024 1565 2099 1635 fe—

498 1653 643 1707 cistis
672 1654 830 1708 vobis.
856 1653 929 1708 Et
964 1656 1188 1726 migrare
1217 1672 1301 1710 vos
1325 1657 1513 1728 faciam
1569 1666 1714 1711 trans
1760 1655 2094 1724 Damascum,

500 1746 633 1801 dixit
657 1744 837 1819 [Vulg.
870 1746 1018 1820 dicit]
1044 1746 1300 1804 Dominus
1335 1765 1352 1803 :
1384 1748 1525 1805 Deus
1551 1751 1866 1806 exercituum
1916 1769 2097 1806 nomen

2198 542 2449 584 cumeres
2480 539 2749 586 etcarnes
2779 529 3087 603 ZEgyptias,
3119 544 3173 588 et
3194 549 3392 590 manna
3422 536 3569 606 quod
3597 536 3666 592 de
3692 550 3805 594 ραις

2199 619 2252 675 lo
2277 620 2461 676 datum
2493 631 2599 689 est,
2623 630 3041 680 contemnentes
3065 623 3255 698 (Nam.
3290 625 3391 700 χι).
3414 627 3593 697 Quod
3622 638 3679 683 ut
3724 627 3806 685 sic

2200 714 2592 786 intelligamus,
2628 716 2942 789 Stephanus
2984 721 3195 790 primus
3239 730 3451 794 martyr
3497 721 3802 792 Evangelii,

2199 805 2394 877 dignus
2420 808 2643 863 nomine
2666 824 2785 877 suo,
2823 810 2877 864 in
2907 812 3296 879 Apostolorum
3317 824 3503 869 narrat
3531 815 3757 871 historia
3788 830 3803 871 :

2202 898 2269 952 Et
2296 900 2516 954 vitulum
2568 903 2795 972 fecerunt
2822 904 2874 957 in
2916 904 3023 958 illis
3046 904 3245 971 diebus,
3283 915 3330 960 et
3359 906 3653 962 obtulerunt
3676 905 3804 964 hos-

2199 992 2322 1045 tiam
2343 994 2643 1063 simulacro,
2667 1004 2715 1049 et
2732 996 3042 1051 (tutabantur
3068 998 3119 1052 in
3142 999 3386 1071 cperibus
3418 1017 3664 1055 manuum
3684 1018 3809 1056 sua-

2198 1103 2333 1140 rum.
2366 1085 2626 1141 Convertit
2648 1099 2820 1145 autem
2841 1087 3004 1156 Deus,
3051 1101 3099 1146 et
3121 1091 3338 1146 tradidit
3376 1110 3464 1148 eos
3488 1095 3677 1149 servire
3708 1095 3806 1148 mi-

2200 1178 2326 1235 litiae
2353 1182 2485 1248 coeli,
2514 1184 2648 1237 sicut
2677 1185 2930 1253 scriptum
2980 1195 3057 1239 est
3086 1186 3141 1239 in
3189 1186 3319 1241 libro
3375 1186 3759 1259 Prophetarum
3785 1204 3805 1244 :

2201 1270 2469 1339 Numquid
2501 1275 2735 1329 victimas
2784 1286 2873 1329 aut
2922 1276 3117 1331 hostias
3173 1277 3429 1333 oblulistis
3476 1280 3605 1333 mihi
3653 1280 3807 1337 annis

2198 1367 2543 1437 quadraginta
2572 1369 2625 1423 in
2655 1370 2881 1436 deserto,
2939 1373 3125 1426 domus
3158 1371 3324 1429 Israel
3349 1374 3373 1427 ?
3404 1372 3473 1428 Et
3502 1376 3805 1442 suscepistis

2200 1461 2591 1514 tabernaculum
2625 1462 2858 1526 Moloch,
2908 1472 2955 1517 et
2988 1464 3129 1518 sidus
3161 1464 3243 1520 dei
3282 1468 3435 1520 vestri
3474 1465 3807 1539 themphan,

2200 1554 2399 1623 ﬁguras
2427 1572 2554 1625 quas
2580 1558 2751 1628 fecisti
2775 1558 2993 1612 adorare
3010 1576 3122 1627 eas,
3150 1569 3196 1612 et
3211 1562 3524 1631 transferam
3555 1577 3642 1615 vos
3662 1568 3809 1616 trans

2198 1645 2517 1719 Babylonem
2547 1648 2688 1722 (Act.
2712 1667 2807 1719 vu,
2833 1651 2898 1707 4|
2922 1652 3112 1725 seqq).
3146 1652 3255 1709 Nec
3288 1655 3558 1723 putandus
3586 1664 3672 1711 est
3696 1656 3811 1726 pri-

2200 1756 2323 1796 mus
2371 1752 2583 1815 martyr
2636 1759 2878 1813 errasse,
2915 1748 3008 1817 qui
3052 1745 3158 1819 [AL
3206 1746 3355 1819 quia]
3405 1764 3502 1818 pro
3551 1765 3615 1805 eo
3663 1748 3811 1819 quod

500 1841 633 1915 ejus.
659 1838 803 1894 LXX
833 1857 846 1895 :
879 1839 1150 1912 Numquid
1170 1841 1364 1896 hostias
1389 1852 1437 1895 et
1458 1842 1691 1897 victimas
1714 1844 1972 1899 obtulistis
2001 1845 2099 1898 mi-
2132 1837 2180 1897 B
2209 1838 2260 1891 in
2286 1836 2551 1907 propheta
2580 1840 2843 1911 scriptum
2869 1850 2955 1897 est
2985 1859 2998 1896 :
3028 1852 3169 1897 trans
3200 1843 3535 1911 Damascunt,
3587 1843 3810 1911 dixerit,

501 1930 556 1984 lii
578 1940 604 1969 α
628 1933 681 1987 in
702 1948 873 1987 eremo
899 1933 1249 2005 quadraginta
1292 1936 1463 1999 annis,
1499 1936 1684 1989 domus
1714 1933 1902 2003 Israel,
1942 1945 1989 1990 et
2019 1953 2104 1992 as-

498 2027 793 2096 sumpsistis
821 2026 1212 2082 tabernaculum
1246 2026 1527 2095 Melchom,
1556 2039 1602 2083 et
1634 2029 1782 2083 sidus
1823 2028 1921 2083 Dei
1952 2030 2104 2083 vestri

504 2120 763 2190 Rep/iam,
792 2122 988 2195 ﬁguras
1032 2139 1208 2177 eorum
1237 2140 1364 2194 quas
1396 2124 1588 2195 fecistis
1620 2124 1781 2178 vobis.
1834 2123 1901 2178 Et
1933 2134 2102 2178 trans-

503 2219 666 2285 feram
694 2232 780 2271 vos
812 2228 953 2271 trans
981 2217 1316 2287 Damascum,
1348 2220 1470 2274 dicit
1498 2219 1755 2276 Dominus
1782 2237 1801 2275 :
1832 2221 1972 2275 Deus
1995 2238 2104 2276 om-

502 2310 737 2378 nipotens
766 2326 950 2365 nomen
978 2314 1112 2382 ejus.
1148 2312 1228 2367 Ex
1279 2312 1383 2369 hoc
1413 2314 1535 2369 loco
1584 2314 1869 2380 discimus,
1910 2330 2102 2371 omnes

506 2399 533 2440 1³
569 2401 772 2458 hostias
804 2414 857 2459 et
877 2404 1139 2460 sacriﬁcia
1168 2421 1289 2475 quae
1320 2406 1375 2461 in
1407 2406 1626 2462 deserto
1666 2407 1862 2463 obtulit
1901 2407 2097 2473 Israel,

510 2509 617 2550 non
654 2496 765 2551 Deo
796 2496 1089 2561 obtulisse,
1139 2501 1234 2554 sed
1264 2498 1471 2555 Molocli
1504 2501 1617 2571 regi
1642 2515 1766 2570 suo,
1797 2501 1951 2571 cujus
1976 2517 2104 2572 por—

503 2598 758 2646 taverunt
811 2591 1184 2662 tabernacula,
1230 2603 1283 2651 et
1320 2595 1617 2667 imaginem
1666 2595 1936 2652 idolorum
1977 2612 2103 2653 suo-

503 2699 624 2739 rum
673 2693 1085 2758 statuarumque
1124 2688 1367 2744 venerati
1397 2698 1546 2745 sunt.
1603 2689 1671 2745 Et
1703 2707 1825 2760 quae
1880 2692 1952 2745 sit
1984 2691 2101 2762 ipsa

506 2778 689 2849 imago
714 2779 795 2834 vel
827 2780 1052 2847 idolum,
1107 2784 1354 2853 sequenti
1406 2799 1659 2841 sermone
1712 2785 2097 2840 demonstrat:

508 2869 665 2926 Sidus
690 2872 775 2926 dei
802 2874 980 2941 vestri,
1012 2874 1155 2945 quod
1206 2875 1467 2931 llebraice
1494 2875 1689 2931 dicitur
1718 2891 1941 2938 cuocan.
1974 2886 2101 2937 πει)

505 2964 558 3019 id
583 2975 685 3035 est,
718 2966 967 3038 Luciferi,
1017 2984 1178 3039 quem
1234 2969 1519 3026 Sarraceni
1575 2982 1596 3009 ε
1628 2970 1909 3041 hucusque
1935 2986 2101 3026 vene-

507 3065 714 3113 rantur.
744 3059 915 3127 Quam
948 3059 1020 3117 ob
1049 3076 1269 3117 oausam
1299 3062 1531 3132 migrare
1558 3077 1651 3118 eos
1681 3061 1809 3118 fecit
1838 3062 2100 3119 Dominus

501 3159 651 3206 trans
696 3152 1043 3224 Damascum,
1079 3155 1135 3210 id
1190 3164 1294 3221 est,
1338 3155 1393 3211 in
1444 3156 1702 3227 Assyrios
1747 3167 1911 3228 atque
1938 3156 2100 3213 Chal-

2206 1942 2349 1986 trans
2374 1933 2709 2004 Babylonem.
2772 1936 2940 2007 Magis
2985 1937 3129 1992 enim
3188 1937 3600 2009 intelligentiam
3649 1952 3814 2008 quam

2209 2030 2435 2085 verbum
2466 2030 2665 2100 posuit,
2709 2030 2833 2101 quia
2870 2041 3021 2087 trans
3053 2032 3375 2089 Damascum
3418 2032 3567 2088 ducti
3596 2044 3724 2087 sunt
3754 2033 3816 2088 in

2207 2121 2563 2193 Babylonem,
2592 2124 2706 2178 sive
2739 2132 2891 2179 trans
2916 2124 3269 2196 Babylonem.
3300 2126 3357 2181 In
3382 2141 3449 2181 eo
3472 2136 3656 2182 autem
3687 2126 3816 2181 loco

2207 2214 2294 2268 ubi
2324 2214 2496 2269 Lucas
2521 2216 2702 2285 posuit
2722 2218 2917 2289 Μολὸχ,
2944 2226 2999 2273 et
3027 2218 3077 2271 in
3094 2218 3364 2273 llebraico
3388 2219 3653 2289 scriptum
3673 2216 3700 2257 ἀ
3726 2226 3817 2275 cst

2204 2324 2561 2365 nstcuecueu
2617 2294 2891 2381 (DJJSD)
2923 2330 2936 2365 :
2968 2312 3165 2383 Aquila
3213 2320 3268 2368 et.
3317 2311 3465 2367 LXX
3518 2321 3815 2369 verterunt

2206 2401 2461 2473 Μολχόμε
2498 2402 2860 2473 Symmachus
2919 2412 2975 2459 et
3017 2403 3346 2471 Theodotio,
3409 2406 3545 2476 regis
3601 2409 3813 2461 vestris.

2206 2491 2309 2549 Pro
2340 2506 2407 2547 eo
2434 2508 2647 2564 quoque
2671 2494 2819 2565 quod
2853 2498 2906 2550 in
2931 2495 3293 2567 Septuaginta
3314 2497 3518 2568 legitur
3541 2498 3805 2568 Rephan;

2205 2585 2397 2656 Aquila
2423 2594 2476 2641 et
2502 2586 2867 2659 Symmachus
2906 2588 3080 2659 ipsum
3112 2589 3445 2645 llebraicum
3480 2589 3818 2647 transferen-

2205 2689 2311 2767 tes,
2346 2691 2651 2749 posuerunt
2700 2696 2859 2738 ClllON
2905 2682 3090 2769 (run),
3134 2682 3440 2739 Theodotio
3482 2685 3812 2764 ἀμαύρωσιν,

2206 2774 2256 2829 id
2306 2784 2411 2839 est,
2460 2775 2842 2829 obscuritatem.
2884 2775 3122 2833 Rursum
3176 2791 3273 2847 pro
3299 2791 3540 2833 socnom
3589 2775 3815 2850 (nuo),

2204 2866 2395 2933 Aquila
2426 2872 2808 2941 συσκιασμούς,
2850 2869 2901 2923 id
2928 2878 3035 2937 est,
3087 2877 3109 2906 ο
3140 2870 3473 2924 tabernacula
3506 2885 3524 2924 :
3562 2869 3819 2941 Symma-

2204 2962 2341 3017 chus
2368 2971 2423 3017 et
2450 2962 2829 3033 Septuaginta,
2855 2963 3281 3017 tabernaculum:
3298 2961 3605 3018 Theodotio
3624 2973 3702 3017 tra
3714 2978 3814 3018 ns-

2205 3054 2349 3123 ttilit,
2384 3055 2650 3110 visionem.
2688 3056 2754 3110 Et
2782 3054 2885 3110 hoc
2932 3054 2986 3110 in
3016 3055 3275 3110 omnibus
3303 3053 3321 3093 ί
3353 3054 3655 3125 Scriptut‘is
3681 3072 3817 3111 san-

2200 3149 2303 3204 ctis
2367 3149 2773 3205 observandum
2841 3158 2968 3215 est,
3021 3149 3303 3219 apostolos
3357 3159 3411 3204 et
3468 3150 3813 3219 apostolicos

502 3243 656 3299 dceos
688 3262 703 3303 ε
736 3246 889 3317 cujus
943 3250 1343 3319 omnipotentia
1394 3266 1461 3305 ex
1519 3266 1585 3306 eo
1640 3252 1782 3323 quod
1831 3252 2092 3308 Dominus

2200 3242 2345 3296 viros
2401 3242 2452 3295 in
2524 3241 2788 3311 ponendis
2867 3242 3209 3298 testimoniis
3261 3240 3328 3297 de
3382 3243 3555 3297 veteri
3612 3242 3812 3297 Testa-

507 3338 651 3394 Deus
676 3343 1014 3397 exercituum
1042 3353 1146 3407 est,
1181 3345 1610 3401 demonstratur.
1636 3346 1939 3414 Quaerimus
1969 3363 2104 3417 quo-

506 3432 671 3487 modo
719 3434 929 3491 hostias
966 3446 1020 3492 et
1077 3438 1406 3494 sacriﬁcium
1443 3456 1547 3495 non
1590 3440 1703 3495 Deo
1723 3441 2019 3496 obtulerint
2048 3443 2100 3496 in

506 3526 762 3592 deserto;
788 3529 884 3585 sed
914 3531 1028 3601 regi
1052 3546 1174 3601 suo,
1211 3549 1370 3603 quem
1400 3532 1709 3589 Luciferum
1741 3535 2099 3605 nuncupant?

507 3618 582 3674 Es
613 3637 680 3676 eo
727 3631 974 3692 tempore
1004 3641 1111 3692 quo
1155 3641 1344 3680 aurum
1370 3628 1421 3681 in
1453 3638 1613 3699 caput
1643 3629 1796 3683 vituli
1830 3630 2098 3683 transfor-

504 3724 738 3781 tnarunt,
758 3716 1001 3773 dicentes
1024 3736 1035 3772 :
1057 3716 1155 3773 Isti
1174 3730 1293 3775 sunt
1318 3720 1395 3774 dii
1416 3723 1511 3787 tui,
1534 3721 1724 3787 Israel,
1739 3723 1828 3793 qui
1843 3732 1890 3776 te
1906 3723 2099 3776 eduxe-

504 3816 623 3860 runt
644 3808 706 3861 de
728 3818 865 3864 terra
888 3810 1109 3882 Afgypti
1136 3811 1332 3883 (Exod.
1367 3829 1449 3880 ιιι,
1499 3812 1615 3885 24),
1646 3815 1825 3869 omnia
1855 3830 1973 3885 qua:
2014 3814 2095 3869 fc-

503 3908 719 3965 cerunt,
750 3917 854 3955 non
888 3902 1018 3967 Deo,
1054 3904 1145 3959 sed
1178 3906 1335 3960 idolis
1367 3905 1561 3961 fecisse
1591 3915 1985 3962 monstrantur.
2033 3907 2100 3961 lit

503 3993 646 4061 quod
679 4005 862 4062 postea
890 3996 1133 4065 quaedam
1167 3998 1398 4053 Domino
1424 4012 1521 4053 eos
1543 3999 1773 4069 legimus
1802 3998 2090 4061 obtulisse,

505 4100 609 4140 nou
638 4086 937 4154 voluntate,
972 4090 1066 4145 sed
1098 4105 1380 4160 poenarum
1430 4093 1677 4147 iecerunt
1719 4101 1885 4157 metu,
1917 4099 1973 4146 et
2003 4106 2093 4146 co-

498 4195 619 4234 rum
670 4180 1068 4247 interiectione,
1128 4185 1219 4254 qui
1269 4195 1493 4255 pr0pter
1536 4185 1676 4239 idola
1723 4196 2090 4242 corruerunt:

499 4273 758 4329 Dominus
785 4284 962 4330 autem
996 4292 1102 4330 non
1144 4292 1205 4331 ea
1236 4294 1356 4347 quae
1404 4276 1729 4346 otl‘eruntur,
1758 4277 1853 4333 sed
1905 4278 2096 4333 volnu-

497 4375 661 4423 tatem
704 4369 1321 4438 reSpicitotl'erentium.
1358 4372 1605 4442 Denique
1650 4372 1982 4444 ubicumque
2004 4388 2094 4428 oc-

498 4460 646 4517 casio
676 4461 841 4537 306
870 4462 990 4531 fuit,
1031 4480 1248 4535 semper
1276 4465 1446 4522 corde
1473 4467 1675 4522 reversi
1706 4464 1814 4539 [Αι.
1851 4466 2094 4538 versati]

2205 3342 2411 3401 mento,
2464 3350 2570 3389 non
2615 3335 2781 3390 verba
2814 3334 3190 3399 considerare,
3246 3335 3340 3388 sed
3385 3348 3605 3389 sensum
3643 3352 3655 3387 :
3704 3350 3811 3391 nec

2203 3429 2394 3484 eadem
2419 3443 2735 3483 sermonum
2762 3428 2976 3483 calcare
3013 3428 3262 3496 vestigia,
3304 3425 3600 3481 dummodo
3633 3442 3660 3480 a
3682 3441 3813 3483 sen-

2207 3522 2390 3577 tentiis
2413 3537 2520 3575 non
2545 3520 2820 3576 recedant.
2849 3518 3129 3589 Quidquid
3158 3528 3340 3573 autem
3382 3519 3533 3587 juxta
3566 3519 3811 3574 litteram

2206 3616 2406 3671 dicitur
2430 3626 2618 3671 contra
2644 3614 2900 3685 populum
2927 3613 3268 3681 Iudaeorum,
3305 3612 3413 3668 hoc
3444 3629 3605 3668 omne
3657 3614 3812 3670 refer

2203 3711 2269 3765 ad
2322 3725 2415 3765 eos
2459 3711 2549 3780 qui
2604 3709 2707 3764 sub
2754 3707 2975 3763 nomine
3015 3706 3219 3763 Christi
3270 3718 3601 3764 venerantur
3640 3705 3804 3779 307

2203 3803 2367 3871 idola,
2398 3814 2451 3859 et
2483 3818 2643 3874 prava
2697 3803 2798 3858 sibi
2851 3803 3105 3873 dogmata
3145 3802 3549 3874 contingentes,
3585 3813 3810 3873 portant

2204 3900 2609 3956 tabernaculum
2644 3899 2788 3969 regis
2813 3898 2897 3954 sui
2940 3898 3169 3965 diaboli,
3196 3909 3249 3955 et
3279 3899 3571 3971 imaginem
3601 3907 3808 3969 statua-

2197 4010 2314 4051 rum
2364 4006 2417 4049 et
2460 3994 2727 4047 idolorum
2777 4007 3024 4048 suorum.
3075 3993 3191 4048 Non
3228 3993 3373 4049 enim
3407 4009 3572 4048 unum
3600 3994 3794 4049 colunt

2198 4089 2403 4144 idolum
2432 4105 2446 4153 ;
2479 4087 2574 4142 sed
2606 4103 2703 4156 pro
2718 4088 2985 4142 varietate
3011 4086 3270 4142 doctrina:
3292 4086 3542 4143 diversos
3568 4087 3809 4142 adorant

2200 4180 2355 4248 deos,
2389 4189 2444 4236 et
2486 4180 2634 4234 sidus
2660 4178 2749 4234 dei
2779 4179 2859 4232 sui
2902 4179 2969 4250 (ll
3009 4179 3130 4234 Cor.
3166 4176 3265 4248 χι).
3296 4178 3401 4247 Qui
3431 4195 3554 4236 cum
3585 4181 3656 4232 sit
3699 4194 3806 4234 an-

2199 4277 2350 4347 gelus
2375 4286 2601 4340 satanm,
2634 4272 3048 4343 transliguratur
3076 4273 3129 4328 in
3159 4272 3412 4345 angelum
3434 4273 3594 4341 lueis,
3618 4282 3670 4328 et
3700 4288 3799 4327 ca-

2201 4370 2279 4425 dit
2307 4370 2373 4425 dc
2392 4369 2537 4425 caelo
2558 4369 2707 4439 quasi
2741 4368 2918 4441 fulgur
2945 4367 3099 4441 (Luc.
3127 4367 3203 4439 χ),
3230 4378 3286 4423 et
3323 4366 3568 4422 imitatur
3618 4364 3807 4422 Chris-

2204 4474 2316 4517 tum
2346 4462 2735 4518 Antichristus.
2758 4462 3104 4530 Pulcbrcque
3129 4459 3335 4527 intulit,
3362 4475 3477 4530 qua:
3493 4459 3683 4530 fecistis
3710 4475 3805 4515 vo-

568 4612 590 4637 "
627 4602 801 4683 Voces
862 4605 914 4657 in
964 4622 1153 4667 eremo,
1188 4605 1650 4671 quemadmodum
1691 4614 1753 4683 et
1798 4606 1852 4660 in
1894 4604 2082 4683 Graeco
2111 4606 2162 4667 Β
2189 4601 2429 4683 Rep/tan,
2464 4616 2569 4683 non
2598 4601 2800 4683 Maii-6x.
2826 4600 3134 4683 el_'Itht?&V.
3178 4597 3331 4683 inﬂa
3360 4597 3555 4653 falsam
3603 4597 3807 4655 εάίιίο·

492 4674 740 4748 quaedam
769 4677 1121 4745 exemplaria,
1146 4678 1500 4733 Cistcrciens.
1537 4694 1638 4732 ms.
1691 4678 1920 4748 ignorat.
1966 4677 2085 4729 Cic-

499 4755 611 4800 tera
639 4747 704 4800 ad
732 4747 872 4800 hunc
898 4749 1113 4802 modum
1147 4752 1339 4804 recitat
1366 4769 1377 4803 :
1407 4747 1789 4804 tabernaculum
1817 4748 2082 4814 Molchon,

494 4818 729 4889 Rtepliau
760 4819 949 4891 ﬁgurat
976 4836 1172 4888 eorum,
1203 4834 1250 4877 et
1274 4822 1419 4876 sidus
1457 4823 1539 4877 dei
1569 4822 1741 4887 vestri,
1778 4838 1903 4891 quas
1933 4822 2085 4891 fecis-

490 4891 575 4955 tis,
604 4900 709 4945 etc.

560 4961 587 5001 ιι
628 4962 803 5017 Minus
820 4972 967 5018 recte
997 4962 1244 5021 Martian.
1270 4982 1443 5020 omnes
1463 4965 1647 5020 bestias
1678 4972 1867 5021 :certe
1894 4972 2084 5019 contra

490 5049 619 5088 mss.
655 5035 833 5089 ﬁdem.

564 5117 585 5144 ε
623 5107 705 5160 ΑΙ.
735 5124 875 5179 nunc
902 5125 1077 5179 usque.
1106 5110 1174 5164 Et
1197 5110 1246 5163 iu
1274 5110 1389 5163 Vita
1424 5110 1482 5166 S.
1506 5108 1820 5172 Hilarionis,
1842 5107 1997 5163 Tom.
2018 5107 2082 5172 ll,

485 5177 592 5231 Col.
626 5180 693 5233 9.7
739 5199 749 5232 :
788 5177 1011 5245 Luciferi
1044 5180 1207 5235 cultui
1251 5183 1665 5236 Sarracenorum
1696 5181 1955 5235 nationem
1990 5181 2082 5232 de-

485 5250 710 5325 dicatam
737 5269 850 5306 esse
883 5251 1241 5325 Hieronymus
1273 5255 1474 5308 docuit.
1514 5252 1645 5307 Vide
1680 5267 1799 5321 quae
1848 5251 1919 5325 in;
1958 5267 2081 5305 enni

487 5320 667 5377 locum
701 5324 1057 5378 observamus
1087 5320 1154 5380 ile
1187 5326 1393 5382 Ahilala
1434 5320 1867 5383 Sarracenorum
1904 5322 2077 5390 Impe-

487 5403 666 5449 ratori:
696 5436 710 5457 .
763 5397 854 5465 qui
911 5395 1143 5470 Moloclii
1184 5400 1393 5470 templa,
1451 5406 1499 5451 et
1545 5395 2081 5470 LuciferiAculturam

486 5482 677 5575 augere
721 5469 1023 5537 satagebat.
1076 5470 1209 5525 Vide
1238 5467 1573 5541 singularem
1600 5468 1752 5522 Millii
1782 5467 2003 5521 dissert.
2041 5537 2052 5548 .

617 5538 808 5575 Tntnin
844 5541 1052 5575 Innnnno
1076 5542 1251 5575 lnnnm
1284 5544 1500 5575 nun-inca
1528 5555 1589 5575 an
1623 5538 1874 5575 rnliaincn
1922 5544 2051 5575 ranis

617 5538 809 5592 Totum
844 5541 1053 5596 huncce
1076 5542 1253 5596 locum
1284 5538 1500 5597 curiose
1527 5555 1591 5594 ac
1623 5538 1874 5607 religiose
1922 5538 2082 5591 resti-

486 5609 688 5685 tuimus
708 5610 877 5678 adiuti
902 5615 1086 5669 multis
1116 5616 1446 5685 perantiquis
1468 5613 2083 5685 exemplaribusgmanu-

484 5682 726 5751 scriptis,
754 5686 878 5751 quia
927 5687 980 5739 in
1015 5682 1250 5756 antiquis
1292 5682 1622 5744 editionibus
1674 5685 1840 5738 multa
1872 5682 2083 5737 inveni-

487 5771 608 5830 mus
655 5760 879 5830 omissa,
928 5763 1094 5818 multa
1149 5762 1283 5818 falso
1311 5765 1507 5830 posita.
1563 5759 1827 5814 Conferat
1851 5766 2079 5830 utraque

483 5829 573 5904 qui
606 5828 859 5900 voluerit,
916 5840 975 5887 et
1004 5835 1184 5888 statim
1218 5826 1486 5904 percipiet
1545 5834 1596 5887 in
1645 5831 1890 5904 editione
1936 5826 2074 5904 LXX

483 5898 851 5969 interpretum»
873 5905 1069 5958 lectum
1098 5898 1263 5960 fuisse
1298 5898 1547 5959 llle'lclioru
1582 5917 1633 5961 et
1657 5902 1946 5975 ηρηιρΙιηη,
1994 5899 2077 5953 vel

2193 4689 2315 4730 nem
2350 4673 2559 4727 Erasmi
2589 4683 2641 4725 et
2672 4670 2915 4727 Muciani.
2949 4670 3126 4727 sum.
3161 4701 3231 4709 —
3256 4670 3387 4738 Quae
3434 4685 3565 4725 vero
3596 4686 3803 4739 super-

2188 4756 2315 4803 snnt
2344 4744 2673 4813 exemplaria
2688 4751 2786 4800 τῶν
2816 4742 3190 4814 ιΧΧ,ιιιολόχ;
3222 4741 3542 4809 Aquilaeaut
3563 4744 3801 4814 Μελχὰν,

2189 4828 2279 4871 aut
2306 4818 2519 4889 Μαλλὸν
2545 4816 2729 4886 legunt
2761 4832 2773 4869 :
2803 4815 3038 4889 fortasse
3060 4818 3196 4868 adeo
3227 4814 3408 4889 verius
3428 4815 3803 4889 §eptuagintzt

2190 4885 2465 4944 Victorius
2497 4890 2579 4943 ltic
2608 4885 2713 4940 non
2751 4887 3017 4941 nominat.
3051 4886 3403 4941 bisterciens.
3428 4885 3625 4941 Latine
3652 4901 3803 4956 prd:-

2190 4961 2298 5016 ἴθι-ι
2333 4959 2575 5013 Mole/ton
2598 4971 2649 5013 et
2682 4957 2942 5028 Ratp/tan.

2264 5042 2287 5070 ε
2318 5032 2538 5087 Rectius
2569 5026 2802 5093 videtur,
2820 5031 2965 5101 quod
2990 5040 3045 5085 et
3069 5028 3269 5083 Victor.
3304 5026 3545 5099 praefert,
3581 5029 3803 5086 umbra-

2190 5104 2330 5159 cula.
2360 5103 2427 5158 At
2451 5118 2583 5157 mss.
2611 5118 2723 5174 non
2742 5103 3138 5174 sntfragautur.

2266 5174 2283 5212 ί
2318 5174 2521 5229 Indicio
2552 5173 2765 5229 suutdc
2790 5172 2975 5229 multis
3004 5173 3121 5227 lucc
3138 5188 3334 5243 pauca,
3357 5187 3478 5242 quae
3501 5172 3616 5228 suis
3647 5189 3805 5240 quae-

2189 5263 2295 5317 que
2327 5248 2457 5299 locis
2484 5245 2708 5300 llicron.
2736 5256 2889 5300 notat
2922 5247 3122 5301 :Marci
3150 5262 3165 5299 ι
3197 5256 3251 5301 et
3277 5244 3512 5300 Matthmi
3534 5260 3590 5299 χι
3617 5261 3630 5298 :
3658 5243 3799 5300 Ecce

2188 5337 2281 5387 ego
2313 5320 2460 5371 tnitto
2490 5317 2731 5387 angelum
2762 5335 2927 5371 meum
2957 5328 3077 5370 ante
3108 5319 3290 5386 faciem
3318 5326 3498 5383 tuam,‘
3531 5319 3619 5386 qui
3659 5334 3804 5387 pra:-

2187 5380 2389 5462 p'arabit
2420 5380 2610 5461 faciem
2642 5400 2780 5462 tuam
2810 5399 2929 5444 ante
2950 5380 3445 5462 te,_qnodhahetnr
3467 5380 3705 5462 'lilalacl'i.
3737 5405 3798 5444 ut

2181 5460 2336 5532 juxta
2371 5460 2533 5515 near.
2564 5469 2620 5516 et
2642 5461 2897 5516 Graecum
2931 5480 2943 5515 :
2990 5460 3121 5513 Ecce
3150 5461 3299 5532 mitto
3327 5460 3571 5532 angelum
3594 5476 3791 5523 meum,

2185 5530 2229 5587 et
2245 5531 2555 5605 praeparabit
2578 5535 2710 5605 niam
2727 5543 2845 5586 ante
2873 5533 3057 5605 faciem
3078 5531 3362 5605 meam._S_ic
3395 5530 3718 5605 {inquitva
3740 5542 3798 5587 ct

2185 5602 2362 5661 Marc.
2406 5619 2499 5659 xiv
2534 5622 2546 5658 :
2584 5602 2886 5657 Percutiam
2942 5602 3229 5656 Pastorem.
3267 5602 3344 5656 Ex
3396 5602 3630 5657 Zachar.
3668 5617 3792 5670 χιιι,

2180 5683 2331 5747 juxta
2379 5678 2544 5732 Hebr.
2589 5687 2644 5731 et
2688 5675 2891 5743 Gl‘:t!c.,
2926 5686 3149 5748 percute.
3187 5675 3301 5748 lii-tl
3334 5676 3401 5748 ad
3424 5674 3675 5748 Corinth.
3702 5689 3741 5748 ιι
3772 5692 3791 5727 :

2187 5745 2340 5817 Quod
2371 5752 2552 5804 oculus
2580 5767 2683 5803 non
2711 5748 2859 5813 vidit,
2893 5745 2985 5803 nec
3006 5749 3146 5801 auris
3168 5747 3392 5813 audivit,
3417 5761 3526 5802 etc.
3547 5747 3623 5803 Ex
3636 5745 3792 5802 Isaiae

2182 5839 2305 5880 thv
2338 5842 2350 5877 :
2387 5820 2581 5876 Oculus
2607 5838 2711 5875 non
2736 5822 2890 5888 vidit,
2927 5819 3087 5889 Deus,
3110 5820 3297 5891 absque
3337 5828 3407 5889 te,
3434 5835 3550 5890 quoe
3575 5832 3789 5892 prtcpa-

2181 5899 2311 5950 rasti
2340 5894 2749 5966 exsp'ctantibus
2778 5903 2846 5961 te,
2881 5903 2987 5949 etc.
