4120 6342
324 299 466 358 ⁸1057
1179 295 1830 355 COMMENTARIORUM
1869 293 1934 353 ΙΝ

2054 293 2160 353 IOS
2200 293 2330 350 LIB.
2369 295 2458 352 ΠΙ.
2499 293 2654 351 CAP.
2698 293 2788 352 Vl.
3489 293 3630 354 105.8

326 415 423 469 bis.
455 413 572 469 Non
602 413 747 469 enim
771 426 835 469 ea
859 428 889 468 a
921 413 1034 469 Deo
1081 423 1439 484 acceperunt;
1475 416 1570 472 sed
1615 416 1684 472 de
1715 414 1931 486 propria
1959 417 2011 478 Α
2040 411 2175 487 xw).
2211 413 2306 471 Isti
2357 422 2487 471 sunt
2513 413 2692 485 capita
2729 411 3076 484 populorum,
3126 411 3218 484 qui
3262 412 3545 468 conﬁdunt
3578 414 3632 470 in

323 523 512 567 mente
545 509 842 566 ﬁnxerunt.
895 509 1052 566 Unde
1077 510 1313 580 migrare
1339 525 1435 566 eos
1473 510 1636 566 faciet
1662 510 1928 566 Dominus

325 613 480 658 trans
510 603 860 670 Damascum,
903 611 960 658 ut
984 617 1094 658 non
1122 602 1307 659 bibant
1337 601 1654 674 sanguinem
1681 601 1930 669 Domini;

322 693 422 752 sed
457 703 742 751 transeant
764 695 819 751 in
849 695 1206 767 Babylonem,
1240 703 1296 751 et
1317 693 1542 750 audiant
1572 710 1670 764 per
1698 694 1934 766 prophe-

326 796 436 843 tam
469 805 480 841 :
516 786 670 842 Catia:
693 803 882 843 aureus
911 785 1167 859 Babylon,
1225 787 1488 842 inebrians
1532 803 1706 842 omnes
1760 795 1934 860 gentes

325 877 466 952 (Jer.
497 895 571 947 LI,
600 879 682 952 7).
716 879 1017 936 Damascus
1046 880 1216 948 enim,
1245 889 1303 935 ut
1345 880 1544 936 crebro
1565 879 1828 948 diximus,
1855 882 1935 936 in-

327 979 667 1045 terpretatur
696 974 1001 1048 sanguinein
1027 973 1222 1040 bibens,
1253 974 1370 1030 sive
1412 974 1627 1046 sanguis
1675 975 1852 1041 cilicii,
1880 982 1938 1030 ut

324 1079 428 1136 per
458 1065 839 1137 paenitentiam
892 1065 960 1122 ad
1011 1066 1310 1123 bibendum
1345 1066 1563 1123 Domini
1613 1068 1932 1137 sanguinem

328 1173 714 1230 provocamur.

401 1250 578 1323 (Cap.
624 1251 976 1309 VL—Vcrs.
1038 1253 1116 1324 ιι.)
1165 1252 1257 1310 Va:
1297 1255 1388 1325 qui
1440 1253 1670 1326 apulenti
1710 1255 1833 1308 estis
1879 1255 1937 1310 in

339 1345 498 1415 Sion,
549 1355 596 1400 et
641 1346 904 1416 conﬁditis
935 1347 988 1400 in
1015 1355 1186 1402 monte
1216 1345 1494 1415 Samarite,
1530 1347 1818 1420 aptimates,
1850 1364 1937 1401 ca--

329 1439 440 1509 pitu
455 1438 791 1509 populorum,
824 1438 1168 1511 ingredientes
1193 1439 1481 1512 pompatice
1501 1439 1715 1496 domum
1739 1439 1932 1495 Israel.

336 1532 483 1588 LXX
509 1553 523 1588 :
555 1533 648 1588 Va:
677 1534 766 1606 qui
786 1533 1081 1606 despiciunt
1108 1534 1260 1604 Sion,
1284 1543 1332 1588 et
1355 1535 1622 1605 conﬁdunt
1669 1536 1722 1590 in
1769 1544 1940 1591 monte

334 1625 634 1684 Samarite:
662 1627 1047 1682 uindemiarum
1077 1627 1336 1698 primitias
1361 1629 1612 1702 gentium,
1643 1639 1692 1684 et
1718 1630 1940 1702 ingressi

331 1729 450 1775 sunt
477 1719 574 1774 sibi
593 1728 642 1776 ει.
672 1717 756 1774 Ad
787 1718 1019 1786 Sion,ut
1048 1734 1210 1789 supra
1231 1719 1488 1791 diximus,
1523 1729 1580 1777 et
1609 1723 1674 1776 ad
1698 1731 1938 1778 montem

2033 508 2263 578 divitiis,
2296 517 2352 566 et
2381 509 2626 579 opulenti
2657 517 2786 564 sunt
2809 508 2861 562 in
2888 507 3042 575 Sion,
3073 516 3129 563 et
3149 506 3352 562 habent
3385 507 3633 563 ﬁduciam

2035 604 2092 660 in
2120 612 2306 660 monte
2334 603 2620 670 Samarite,
2663 612 2716 657 et
2761 601 3146 672 ingrediuntur
3196 601 3504 672 pompatice
3539 599 3637 656 do-

2037 711 2184 752 mum
2219 696 2494 766 Israel,ut
2522 705 2792 751 tumorem
2833 695 3001 750 animi
3031 709 3232 766 corpus
3288 695 3562 764 ostendat,
3585 703 3642 750 et

2037 804 2366 859 pcntparum
2391 787 2624 845 ferculis
2647 787 2862 843 similes
2880 801 3001 842 esse
3021 787 3335 843 videantur.
3359 789 3518 843 Juxta
3564 787 3644 844 le-

2037 897 2134 953 ges
2184 891 2372 938 autem
2417 881 2741 953 tropologise
2787 891 2844 937 et
2883 879 3241 952 Septuaginta
3286 879 3640 953 interpretes,

2039 974 2170 1032 Sion
2202 975 2444 1031 refertur
2477 975 2543 1031 ad
2567 974 2896 1042 Eeclesiam,
2942 977 3012 1031 de
3065 990 3169 1046 qua
3195 979 3458 1046 scriptum
3507 978 3647 1049 legi-

2039 1083 2159 1124 mus
2186 1085 2198 1122 :
2229 1068 2331 1136 Qui
2353 1067 2554 1123 exultat
2581 1085 2661 1122 me
2686 1069 2749 1123 de
2787 1076 2938 1140 porta
2984 1069 3187 1137 mortis,
3234 1080 3288 1122 ut
3335 1072 3638 1128 annuntiem

2037 1177 2209 1216 omnes
2235 1159 2556 1216 laudationes
2571 1169 2686 1216 tuas
2711 1160 2765 1216 in
2786 1162 2947 1233 portis
2961 1160 3087 1231 ﬁlia:
3108 1160 3241 1218 Sion
3259 1162 3636 1236 (Psal.tx,15).

2037 1255 2191 1312 Mons
2219 1270 2349 1312 vero
2376 1255 2661 1324 Samaria,
2695 1264 2920 1326 propter
2973 1255 3284 1326 superbiam
3324 1267 3382 1314 et
3429 1259 3640 1328 jactan-

2039 1351 2168 1408 tiam
2216 1351 2476 1409 custodire
2518 1351 2896 1407 mandatorum
2943 1351 3062 1419 Dei,
3106 1350 3428 1423 intelligitur
3476 1368 3642 1424 super

2042 1443 2338 1514 hzereticis,
2372 1445 2468 1516 qui
2513 1444 2824 1516 despiciunt
2862 1443 3202 1512 Eeclesiam;
3245 1447 3370 1517 quia
3430 1447 3640 1503 inﬁrma

2040 1538 2230 1596 mundi
2259 1539 2422 1610 elegit
2453 1540 2618 1608 Deus,
2653 1547 2710 1592 ut
2735 1539 3036 1595 confundat
3067 1538 3251 1606 fortia,
3283 1551 3337 1595 et
3361 1541 3550 1610 stulta,
3586 1549 3645 1596 ut

2043 1633 2577 1706 perdatsapientiam
2606 1634 2960 1704 sapientium,
2989 1642 3046 1690 et
3076 1635 3490 1707 intelligentiam
3517 1652 3643 1707 pru-

2045 1730 2289 1786 dentium
2350 1733 2605 1802 reprohet
2664 1732 2727 1804 (l
2757 1732 2880 1788 Cor.
2911 1732 2997 1804 1).
3041 1733 3132 1789 Isti
3183 1733 3650 1792 vindemiaverunt

333 1812 620 1881 Samarizc,
660 1813 714 1869 id
744 1822 850 1882 est,
897 1813 965 1870 ad
992 1813 1128 1870 duas
1160 1815 1352 1880 tribus,
1385 1832 1506 1888 qua:
1531 1818 1946 1888 appellabantur
1974 1830 2022 1891 Β
2049 1824 2322 1895 primitias
2348 1825 2614 1896 gentium,
2646 1837 2702 1882 ut
2735 1827 2838 1883 sub
2868 1827 3089 1883 nomine
3137 1827 3451 1885 Christiano
3477 1828 3648 1884 intro-

334 1906 496 1978 Juda,
520 1915 576 1962 et
593 1906 660 1964 ad
690 1907 904 1979 decem,
955 1923 1075 1978 quae
1097 1908 1314 1965 lsraelis
1342 1911 1562 1967 nomine
1586 1912 1942 1982 vocabantur,

334 2001 619 2072 prophetas
649 2016 831 2057 sermo
859 2001 1170 2068 confertur,
1214 2003 1452 2060 maxime
1480 2004 1550 2060 ad
1599 2021 1718 2072 eos,
1774 2009 1864 2078 qui
1889 2009 1943 2065 in

337 2102 570 2165 utroque
586 2095 785 2165 populo
796 2083 1091 2166 Optimates
1111 2095 1280 2153 suntb
1305 2099 1669 2170 etprincipes,
1685 2111 1945 2159 etvacant

335 2184 620 2243 deliciisin
652 2187 962 2258 exemplum
996 2188 1143 2244 illius
1169 2189 1356 2245 divitis
1383 2193 1690 2261 purpurati,
1723 2195 1813 2264 qui
1847 2195 1940 2250 lae-

338 2278 552 2336 tabatur
575 2281 741 2352 308
785 2281 838 2336 in
863 2283 1134 2351 convivio,
1183 2291 1238 2338 et
1275 2284 1331 2339 in
1363 2294 1564 2341 tantam
1629 2286 1940 2358 erigebatur

337 2373 678 2445 Superbiam,
709 2385 767 2430 ut
811 2375 1080 2432 Lazarum
1113 2388 1239 2434 ante
1271 2379 1471 2434 ostium
1523 2395 1680 2436 suum
1715 2383 1939 2453 plenum

339 2465 621 2523 ulceribus
670 2457 1049 2540 indignaretur
1102 2471 1370 2542 aspicere,
1400 2481 1456 2529 et
1499 2474 1694 2532 nehoc
1721 2475 1938 2547 quidem

338 2557 390 2614 ei
441 2560 730 2629 tribueret,
760 2561 908 2633 quod
938 2563 1242 2634 periturum
1290 2576 1438 2622 esset
1467 2581 1532 2624 ex
1566 2583 1753 2624 mensa
1785 2569 1938 2642 (Luc.

412 2706 440 2736 ⁸
466 2697 662 2775 Verba
704 2701 888 2775 domus
941 2698 1140 2775 Israel,
1160 2717 1284 2774 qute
1319 2703 1672 2775 subsequenti
1719 2706 1946 2774 Hieron.

338 2778 502 2842 aptat
519 2772 815 2840 versiculo,
839 2774 1104 2829 continuo
1133 2772 1221 2830 hic
1251 2774 1436 2830 subdit
1460 2772 1697 2836 Cisterc.
1730 2795 1836 2835 ms.

414 2841 441 2880 ι)
471 2841 734 2914 Cepulam
769 2854 818 2900 et
838 2844 1178 2913 suil'ecimus,
1227 2857 1338 2902 tum
1368 2859 1555 2904 vacant
1592 2851 1822 2922 legimus
1849 2869 1948 2926 pro

2048 1917 2312 1974 ducerent
2337 1933 2432 1975 eos
2462 1919 2518 1974 in
2545 1921 2838 1976 toreularia
2855 1937 2974 1986 sua,
3005 1920 3094 1978 ubi
3116 1935 3224 1978 non
3253 1921 3497 1978 calcatur
3519 1937 3642 1991 uva,

2047 2014 2142 2070 sed
2165 2013 2437 2086 perditur:
2466 2015 2554 2072 ubi
2579 2030 2689 2070 non
2711 2024 2949 2070 mustum
2975 2016 3332 2086 exprimitur,
3349 2017 3448 2074 sed
3477 2033 3647 2074 vene-

2047 2123 2200 2164 num.
2227 2107 2294 2162 Et
2323 2107 2542 2179 ingressi
2570 2117 2689 2162 sunt
2717 2108 2834 2163 sibi.
2869 2108 3109 2184 Pulchre
3145 2109 3324 2176 dixit,
3357 2110 3458 2166 sibi
3479 2126 3499 2166 δ
3535 2125 3643 2167 non

2045 2203 2191 2259 enim
2221 2201 2454 2274 ingressi
2475 2212 2608 2259 sunt
2635 2204 2771 2274 Deo,
2803 2205 2896 2261 sed
2918 2205 3021 2261 sibi
3053 2206 3289 2276 ingressi
3317 2215 3466 2264 sunt.
3491 2208 3644 2264 Alio-
3689 2227 3692 2230 ’

2045 2296 2176 2366 quin
2202 2295 2312 2352 Deo
2328 2297 2497 2368 magis
2526 2297 2731 2368 egressi
2755 2307 2904 2367 sunt,
2933 2297 3062 2354 dum
3091 2301 3354 2357 recedunt
3374 2301 3442 2358 de
3463 2303 3650 2359 Eccle-

2049 2388 2150 2443 sia.
2176 2389 2442 2461 Quodque
2471 2393 2738 2462 sequitur,
2767 2391 2968 2448 Domus
2997 2393 3190 2462 Israel,
3215 2395 3372 2467 juxta
3419 2396 3650 2469 Septua-

2047 2482 2218 2552 ginta,
2263 2485 2316 2539 in
2350 2485 2618 2555 principio
2639 2487 2862 2557 capituli
2892 2490 3170 2559 sequentis
3207 2491 3498 2562 legendum
3527 2495 3642 2561 est‘;

2046 2575 2200 2646 juxta
2234 2576 2514 2647 Hebrmos,
2571 2578 2628 2636 in
2676 2579 2784 2638 line
2830 2580 3013 2652 hujus,
3043 2585 3186 2656 quod
3209 2587 3588 2656 exposuimus.

2053 2716 2324 2800 uacabant,
2352 2717 2422 2800 ad
2442 2735 2580 2800 mss:
2606 2719 2790 2777 ﬁdem.
2817 2721 3070 2796 Persaepc
3085 2741 3216 2784 vero
3242 2725 3297 2783 id
3317 2742 3489 2800 genus
3512 2727 3654 2787 levia

2052 2789 2254 2844 menda
2279 2790 2425 2846 taciti
2448 2792 2801 2864 castigamus.

349 2987 3630 3027 μ--ῇ-ἮἭ

1349 3101 1832 3210 LIBER
1876 3229 1881 3234 ,
1921 3105 2653 3224 TERTIUS.

422 3395 816 3503 303-310.
847 3396 1198 3468 Pratposlero
1253 3401 1444 3460 ordine
1498 3415 1658 3476 atque
1715 3408 1944 3466 confuso
1973 3418 2019 3482 C
2050 3415 2254 3486 quitur,
2300 3419 2447 3475 etde
2485 3421 2703 3492 ingenio
2733 3432 2896 3495 atque
2926 3425 3205 3495 doctrina,
3235 3427 3477 3487 audaciae
3511 3431 3658 3503 peri-

346 3491 638 3548 duodecim
663 3492 1058 3563 prophetarum
1083 3509 1224 3565 opus
1245 3505 1300 3551 et
1325 3498 1618 3569 coepimus,
1651 3511 1706 3557 et
1727 3501 1952 3560 Christo

353 3583 647 3656 adjuvante
669 3625 685 3651 ,
712 3584 1134 3656 complebimus.
1167 3587 1285 3644 Non
1320 3594 1466 3648 enim
1505 3609 1534 3648 a
1572 3596 1750 3664 primo
1780 3611 1954 3669 usque

351 3677 421 3733 ad
451 3677 834 3742 novissimum,
857 3675 1014 3748 juxta
1047 3679 1292 3738 ordinem
1315 3699 1424 3754 quo
1455 3685 1734 3756 leguntur,
1765 3692 1864 3744 sed
1896 3699 1957 3745 ut

352 3771 651 3843 potuimus,
681 3779 736 3826 et
766 3779 823 3827 ut
850 3775 1025 3844 rogati
1065 3790 1254 3831 sumus
1279 3817 1294 3845 ,
1340 3778 1413 3833 ita
1451 3794 1549 3836 eos
1571 3781 1950 3840 disseruimus.

352 3865 560 3935 Naum,
593 3866 910 3936 Michteam,
941 3867 1292 3940 ,Sophoniam
1313 3913 1328 3939 ,
1365 3881 1420 3929 et
1459 3876 1740 3946 Aggazum,
1781 3878 1956 3948 primo

353 3963 776 4038 φιλοπονὸτάταις
805 3961 986 4018 Paulae
1017 3964 1249 4036 ejusque
1276 3965 1405 4022 ﬁliae
1434 3967 1734 4026 Eustochio
1765 3993 1958 4050 προσε-

354 4059 569 4131 φὼνησα
599 4075 610 4110 :
646 4057 887 4113 secundo
919 4056 974 4112 in
1008 4056 1230 4116 Abacuc
1261 4059 1402 4117 duos
1436 4061 1608 4119 libros
1637 4064 1956 4122 Chromatio

355 4150 709 4222 Aquileiensi
766 4152 1028 4222 episcopo
1068 4152 1316 4226 delegavi
1356 4171 1371 4208 :
1429 4157 1594 4212 tertio
1635 4169 1760 4228 post
1811 4158 1956 4231 longi

359 4244 624 4316 temporis
651 4249 677 4277 ³
708 4244 986 4300 silentium
1008 4287 1022 4312 ,
1054 4245 1286 4303 Abdiam
1317 4257 1376 4304 et
1396 4247 1588 4306 Jonam
1619 4250 1713 4308 tibi
1740 4252 1760 4324 (
1792 4251 1957 4307 Pam-

360 4336 595 4407 machio)
627 4337 916 4408 imperanti
961 4338 1256 4396 edisserui:
1290 4345 1545 4413 praesenti
1588 4361 1753 4415 anno,
1813 4349 1902 4418 qui
1929 4346 1958 4386 ι’

361 4429 501 4488 sexti
537 4429 855 4484 consulatus
901 4429 1125 4486 Arcadii
1169 4432 1430 4505 Augusti,
1479 4445 1536 4493 et
1587 4438 1755 4494 Anitii
1799 4439 1960 4495 Probi

361 4519 518 4576 fastis
549 4533 748 4574 nomen
793 4521 1090 4590 imposuit,
1123 4523 1428 4596 Exsuperio
1455 4529 1744 4586 Tolosanre
1773 4531 1960 4587 Eccle-

365 4610 467 4668 size
506 4609 753 4682 pontiﬁci
781 4610 1129 4680 Zachariam,
1160 4624 1217 4671 et
1247 4617 1493 4686 ejusdem
1523 4622 1677 4678 urbis
1701 4622 1962 4680 Minervio

363 4718 420 4766 et
457 4707 776 4765 Alexandro
813 4708 1097 4766 monachis
1135 4711 1453 4770 Malachiam
1504 4719 1824 4789 prophetam
1873 4720 1961 4775 in-

2054 3509 2238 3565 culum
2268 3509 2397 3568 facit
2427 3531 2441 3568 :
2475 3514 2730 3585 quoniam
2750 3556 2766 3584 ,
2800 3527 2856 3572 ut
2885 3533 3033 3588 saepe
3063 3528 3294 3576 testatus
3318 3536 3438 3578 sum
3459 3563 3475 3589 ,
3502 3522 3654 3580 labo-

2054 3619 2168 3661 rem
2198 3607 2414 3678 propria
2444 3609 2723 3666 scribendi
2748 3627 2910 3667 manu
2943 3613 3087 3669 ferre
3115 3628 3224 3669 non
3250 3616 3432 3685 valeo,
3470 3617 3521 3672 in
3553 3633 3652 3674 ex-

2054 3698 2376 3770 planatione
2415 3713 2722 3760 sanctarum
2743 3705 3176 3776 Scripturarum,
3194 3724 3302 3765 non
3321 3709 3484 3766 verba
3501 3725 3654 3769 com-

2056 3792 2257 3862 posita,
2300 3804 2358 3849 et
2387 3797 2646 3853 oratoriis
2677 3797 2908 3854 ﬁoribus
2960 3797 3249 3872 adornata,
3298 3802 3395 3858 sed
3419 3803 3657 3862 eruditio

2056 3896 2110 3942 et
2141 3887 2468 3959 simplicitas
2498 3893 2762 3963 quaeritur
2789 3894 3059 3952 veritatis.

2132 4079 2316 4152 (Vcrs.
2339 4081 2375 4136 2
2400 4082 2584 4155 seqq.)
2620 4082 2860 4141 Transite
2886 4086 2942 4140 in
2967 4085 3199 4143 Chalane
3219 4128 3233 4152 .
3275 4097 3324 4144 et
3351 4089 3515 4145 videte
3549 4105 3568 4146 :
3610 4101 3658 4146 et

2059 4172 2182 4227 inde
2224 4174 2292 4228 ite
2322 4174 2377 4228 in
2402 4173 2595 4230 Emath
2616 4193 2856 4248 magnam
2873 4222 2887 4248 ,
2913 4187 2963 4233 et
2979 4179 3273 4235 descendite
3293 4181 3346 4235 in
3371 4179 3505 4237 Getlt
3552 4181 3657 4238 Pa-

2061 4267 2384 4322 lazstinorum
2408 4285 2426 4322 :
2455 4269 2524 4323 ad
2547 4271 2743 4341 Optima
2763 4289 2982 4343 quicque
3004 4289 3166 4345 regna
3188 4274 3374 4330 horum
3390 4317 3405 4342 ,
3437 4277 3483 4332 si
3503 4277 3660 4332 latior

2061 4361 2314 4415 terminus
2351 4377 2528 4416 eorum
2559 4364 2778 4419 termino
2817 4373 2984 4419 uestro
3015 4376 3110 4422 est.
3154 4367 3257 4435 Qui
3286 4369 3512 4441 separati
3539 4371 3660 4425 estis

2062 4451 2116 4505 in
2147 4451 2283 4508 diem
2312 4454 2508 4508 malum
2533 4495 2549 4522 ,
2599 4464 2646 4509 et
2686 4458 3122 4528 appropinquatis
3164 4459 3300 4512 solio
3343 4461 3656 4531 iniquitatis.

2067 4543 2172 4609 Qui
2200 4546 2439 4600 dormitis
2475 4547 2528 4600 in
2559 4547 2704 4602 lectis
2735 4550 2977 4604 eburneis
2999 4593 3012 4616 ,
3049 4559 3095 4604 et
3125 4548 3370 4607 lascivitis
3398 4554 3456 4607 in
3483 4557 3664 4611 stratis

2065 4637 2247 4691 uestris
2267 4652 2286 4692 .'
2313 4639 2405 4708 qui
2449 4640 2717 4694 comeditis
2747 4657 2942 4712 agnum
2971 4642 3034 4697 de
3077 4659 3233 4717 grege
3256 4687 3270 4712 ,
3305 4655 3355 4700 et
3381 4647 3572 4703 vitulos
3599 4649 3664 4704 de

2076 4729 2248 4783 medio
2277 4732 2536 4786 armenti:
2566 4733 2655 4804 qui
2695 4734 2883 4790 canitis
2916 4737 2986 4790 ad
3015 4754 3188 4792 vocem
3219 4739 3475 4811 psalterii.
3511 4743 3662 4800 Sicut

369 4809 700 4874 terpretatus
723 4817 865 4858 sum.
895 4803 1204 4876 Statimque
1218 4821 1512 4866 recurrens
1537 4811 1605 4866 ad
1629 4812 1956 4884 principium
1986 4821 2041 4881 D
2063 4821 2237 4877 Davis-1
2272 4803 2584 4895 putaverunt
2608 4843 2662 4882 se
2689 4825 2879 4884 habere
2915 4844 3040 4885 uasa
3085 4803 3309 4903 cantici,
3345 4835 3569 4892 bibentes
3597 4839 3654 4891 in

371 4895 700 4964 voluminis,
733 4894 874 4952 Osee
907 4903 962 4951 et
995 4895 1140 4963 Joel,
1168 4906 1224 4954 et
1253 4901 1452 4971 Amos,
1488 4902 1584 4958 tibi
1617 4919 1816 4977 negare
1853 4922 1959 4963 non

369 4989 546 5061 potui.
573 4988 640 5044 Et
667 4997 791 5060 post
813 4988 1190 5060 gravissimam
1235 4995 1481 5064 corporis
1510 4999 1920 5069 aegrotationem
1942 5043 1958 5070 ,

380 5081 622 5140 dictandi
656 5082 943 5140 celeritate
982 5085 1196 5142 ostendi
1238 5089 1601 5147 temeritatem
1647 5109 1828 5150 meam
1864 5114 1875 5152 :
1907 5105 1968 5152 ut

372 5175 518 5248 quod
543 5175 632 5230 alii
665 5175 862 5249 stylum
894 5188 1040 5248 sape
1067 5181 1331 5237 vertendo
1357 5197 1464 5240 non
1483 5185 1965 5256 audentscribere,

371 5282 474 5339 ego
505 5267 908 5326 committerem
937 5271 1116 5340 casui,
1157 5273 1249 5343 qui
1278 5289 1498 5348 semper
1518 5289 1540 5317 ε
1565 5279 1835 5338 dictantes
1879 5299 1968 5340 se-

444 5405 768 5494 f‘jriennii.
785 5407 992 5465 scilicet
1013 5452 1044 5494 ,_
1059 5426 1167 5494 quo
1206 5414 1638 5494 abexplicandis
1669 5421 1967 5494 Scripturis

373 5477 670 5545 abstinuit,
714 5487 773 5534 ut
811 5495 876 5534 ex
906 5477 1232 5552 praelatione
1259 5477 1634 5548 Commentar.
1665 5477 1734 5550 in:
1769 5477 1962 5552 ιὸὴᾱιιὶ

373 5555 713 5606 compertum
739 5558 844 5606 est.

372 5564 713 5621 compertum
739 5564 844 5607 est.

447 5619 474 5704 ξ)
512 5619 744 5704 Fallitur
792 5621 1170 5704 Martianaeus,
1204 5630 1430 5704 ipseque
1478 5644 1634 5694 antea
1695 5638 1968 5698 Victorius

376 5693 476 5782 qui
512 5692 1075 5782 hunerJeonsulatum
1151 5692 1296 5760 anno
1340 5692 1549 5782 illigant
1585 5692 1965 5782 ictui—stitit);

378 5773 918 5852 quenttcon‘sta‘tnex
969 5769 1449 5852 fastorumserie:
1472 5795 1534 5836 ac
1572 5781 1765 5852 priscis
1795 5769 1970 5842 monii

378 5835 604 5905 tuentis,
640 5835 708 5893 ad
734 5835 838 5894 406
869 5853 989 5897 esse
1017 5845 1378 5904 referendum.

2065 4914 2255 4987 phiolis
2313 4917 2521 4986 vinum,
2561 4927 2608 4973 et
2647 4919 2843 4990 optimo
2890 4933 3154 4994 unguento
3207 4924 3425 4981 delibuti
3490 4938 3652 4997 sunt,

2069 5017 2116 5064 et
2159 5007 2290 5063 nihil
2318 5011 2644 5081 patiebantur
2670 5029 2825 5085 super
2853 5016 3162 5072 contritione
3204 5017 3421 5092 Ioseph.
3471 5019 3654 5077 LXX:

2071 5099 2269 5156 Domus
2297 5099 2506 5171 Israel,
2541 5106 2756 5161 transite
2786 5123 2959 5164 omnes
2986 5151 3000 5176 ,
3033 5119 3080 5166 et
3122 5111 3290 5166 ridete
3327 5111 3354 5149 ά
3395 5114 3449 5167 in
3471 5112 3663 5170 Chela-

2073 5209 2191 5248 nem
2215 5235 2230 5261 ,
2262 5205 2310 5249 et
2331 5197 2640 5267 pertransite
2659 5199 2781 5255 inde
2809 5199 2863 5255 in
2894 5200 3086 5256 Emath
3116 5203 3296 5258 Rabba
3321 5248 3337 5274 ,
3371 5213 3418 5259 et
3448 5203 3664 5261 descen-

2077 5285 2180 5341 dite
2206 5287 2261 5342 in
2286 5285 2418 5342 Gelli
2444 5290 2852 5364 alienigenarum
2880 5295 3104 5366 optimas
3133 5310 3198 5350 ex
3229 5297 3468 5354 omnibus
3488 5300 3664 5372 regnis

2105 5438 2192 5510 γε-
2216 5425 2334 5483 Pal.
2367 5445 2499 5487 mss.
2540 5437 2633 5506 qui
2660 5435 2965 5508 praedictam
2994 5437 3224 5508 sequitur
3257 5453 3278 5492 :
3307 5447 3432 5510 puta
3454 5482 3468 5507 ,
3504 5449 3672 5500 teme-

2073 5506 2200 5555 ritat
2237 5517 2309 5555 tn.
2663 5506 2671 5508 “
3061 5506 3069 5508 “
3308 5506 3322 5510 ’
3457 5506 3460 5507 ⁷

2079 5613 2084 5618 .
2147 5567 2174 5608 ά
2201 5514 2394 5631 eVoces
2438 5576 2492 5631 in
2547 5577 2836 5636 Chalanem
2902 5581 2956 5637 in
3001 5580 3355 5640 Cisterciens.
3414 5600 3518 5642 ms.
3561 5601 3668 5643 non

2077 5652 2224 5723 sunt.
2277 5645 2490 5704 Absunt
2517 5665 2732 5723 quoque
2773 5667 2803 5707 a
2853 5653 3044 5709 Graeco
3072 5661 3221 5711 textu
3249 5695 3266 5723 ,
3296 5657 3342 5712 si
3384 5673 3550 5714 unum
3579 5669 3674 5716 aut

2076 5715 2307 5797 alterum
2328 5715 2888 5797 exemplarexcipias.
2918 5725 3160 5797 Legendi
3192 5715 3374 5788 tamen
3398 5745 3431 5789 e
3455 5730 3662 5788 Graecis

2079 5786 2330 5848 Patribus
2360 5786 2727 5852 Theodoritus
2753 5786 2928 5869 'atque
2954 5786 3216 5858 Justinus.
