  <div class='ocr_page' id='page_1' title='image "/cluster/home/n/w/nwhite01/storage/ocr_20150623/25/hvd.32044015471394/538.png"; bbox 0 0 4100 6336; ppageno 0'>
   <div class='ocr_carea' id='block_1_1' title="bbox 298 289 437 366">
    <p class='ocr_par' dir='ltr' id='par_1_1' title="bbox 298 289 437 366">
     <span class='ocr_line' id='line_1_1' title="bbox 298 289 437 366; baseline 0.007 -6"><span class='ocrx_word' id='word_1_1' title='bbox 298 289 437 366; x_wconf 61' lang='lat' dir='ltr'><strong>tusi</strong></span> 
     </span>
    </p>
   </div>
   <div class='ocr_carea' id='block_1_2' title="bbox 1117 295 2744 361">
    <p class='ocr_par' dir='ltr' id='par_1_2' title="bbox 1117 295 2744 361">
     <span class='ocr_line' id='line_1_2' title="bbox 1117 295 2744 361; baseline -0.002 -1"><span class='ocrx_word' id='word_1_2' title='bbox 1117 299 1768 361; x_wconf 72' lang='lat' dir='ltr'><strong>COMMENTARIORUM</strong></span> <span class='ocrx_word' id='word_1_3' title='bbox 1811 298 1880 358; x_wconf 78' lang='grc' dir='ltr'><strong>ΙΝ</strong></span> <span class='ocrx_word' id='word_1_4' title='bbox 1917 298 2106 359; x_wconf 74' lang='grc' dir='ltr'><strong>ΑΜΟΞ</strong></span> <span class='ocrx_word' id='word_1_5' title='bbox 2146 299 2278 359; x_wconf 73' lang='lat' dir='ltr'><strong>LIB.</strong></span> <span class='ocrx_word' id='word_1_6' title='bbox 2321 297 2413 359; x_wconf 78' lang='grc' dir='ltr'><strong>ΠΙ.</strong></span> <span class='ocrx_word' id='word_1_7' title='bbox 2453 295 2609 356; x_wconf 56' lang='lat' dir='ltr'><strong>CAP.</strong></span> <span class='ocrx_word' id='word_1_8' title='bbox 2655 299 2744 359; x_wconf 82' lang='lat' dir='ltr'><strong>Vl.</strong></span> 
     </span>
    </p>
   </div>
   <div class='ocr_carea' id='block_1_3' title="bbox 3463 297 3604 357">
    <p class='ocr_par' dir='ltr' id='par_1_3' title="bbox 3463 297 3604 357">
     <span class='ocr_line' id='line_1_3' title="bbox 3463 297 3604 357; baseline -0.007 0"><span class='ocrx_word' id='word_1_9' title='bbox 3463 299 3487 357; x_wconf 80' lang='grc' dir='ltr'><strong>Ι</strong></span> <span class='ocrx_word' id='word_1_10' title='bbox 3498 297 3604 356; x_wconf 64' lang='grc'><strong>069</strong></span> 
     </span>
    </p>
   </div>
   <div class='ocr_carea' id='block_1_4' title="bbox 292 414 3605 497">
    <p class='ocr_par' dir='ltr' id='par_1_4' title="bbox 292 414 3605 497">
     <span class='ocr_line' id='line_1_4' title="bbox 292 414 3605 497; baseline -0.003 -15"><span class='ocrx_word' id='word_1_11' title='bbox 292 428 398 483; x_wconf 89' lang='lat' dir='ltr'><strong>coh</strong></span> <span class='ocrx_word' id='word_1_12' title='bbox 430 423 584 497; x_wconf 85' lang='lat' dir='ltr'><strong>(Gen.</strong></span> <span class='ocrx_word' id='word_1_13' title='bbox 615 419 809 489; x_wconf 59' lang='grc' dir='ltr'><strong>ιιι-ιιι)</strong></span> <span class='ocrx_word' id='word_1_14' title='bbox 836 436 849 483; x_wconf 80' lang='grc' dir='ltr'>ς</span> <span class='ocrx_word' id='word_1_15' title='bbox 884 431 937 475; x_wconf 88' lang='lat' dir='ltr'><strong>et</strong></span> <span class='ocrx_word' id='word_1_16' title='bbox 996 420 1149 489; x_wconf 88' lang='lat' dir='ltr'><strong>ponit</strong></span> <span class='ocrx_word' id='word_1_17' title='bbox 1179 422 1282 476; x_wconf 84' lang='lat' dir='ltr'><strong>sibi</strong></span> <span class='ocrx_word' id='word_1_18' title='bbox 1342 420 1578 490; x_wconf 88' lang='lat' dir='ltr'><strong>lapidem</strong></span> <span class='ocrx_word' id='word_1_19' title='bbox 1612 421 1676 474; x_wconf 88' lang='lat' dir='ltr'><strong>ad</strong></span> <span class='ocrx_word' id='word_1_20' title='bbox 1708 427 1890 489; x_wconf 89' lang='lat' dir='ltr'><strong>caput,</strong></span> <span class='ocrx_word' id='word_1_21' title='bbox 1922 421 1975 479; x_wconf 80' lang='grc' dir='ltr'><strong>Α</strong></span> <span class='ocrx_word' id='word_1_22' title='bbox 2001 415 2173 470; x_wconf 85' lang='lat' dir='ltr'><strong>David</strong></span> <span class='ocrx_word' id='word_1_23' title='bbox 2200 426 2511 489; x_wconf 83' lang='lat' dir='ltr'><strong>putat-erunt</strong></span> <span class='ocrx_word' id='word_1_24' title='bbox 2537 434 2594 472; x_wconf 87' lang='lat' dir='ltr'><strong>se</strong></span> <span class='ocrx_word' id='word_1_25' title='bbox 2608 417 2798 470; x_wconf 76' lang='lat' dir='ltr'><strong>habere</strong></span> <span class='ocrx_word' id='word_1_26' title='bbox 2834 432 2957 470; x_wconf 82' lang='lat' dir='ltr'><strong>vasa</strong></span> <span class='ocrx_word' id='word_1_27' title='bbox 2981 416 3187 470; x_wconf 83' lang='lat' dir='ltr'><strong>cantici.</strong></span> <span class='ocrx_word' id='word_1_28' title='bbox 3214 414 3368 472; x_wconf 85' lang='lat' dir='ltr'><strong>Unde</strong></span> <span class='ocrx_word' id='word_1_29' title='bbox 3392 416 3605 472; x_wconf 73' lang='lat' dir='ltr'><strong>videtur</strong></span> 
     </span>
    </p>
   </div>
   <div class='ocr_carea' id='block_1_5' title="bbox 293 514 1892 591">
    <p class='ocr_par' dir='ltr' id='par_1_5' title="bbox 293 514 1892 591">
     <span class='ocr_line' id='line_1_5' title="bbox 293 514 1892 591; baseline -0.006 -17"><span class='ocrx_word' id='word_1_30' title='bbox 293 534 455 591; x_wconf 87' lang='lat' dir='ltr'><strong>quem</strong></span> <span class='ocrx_word' id='word_1_31' title='bbox 487 516 924 586; x_wconf 88' lang='lat' dir='ltr'><strong>reprobaverunt</strong></span> <span class='ocrx_word' id='word_1_32' title='bbox 948 514 1306 578; x_wconf 70' lang='lat' dir='ltr'><strong>mdiiicantes,</strong></span> <span class='ocrx_word' id='word_1_33' title='bbox 1340 526 1392 568; x_wconf 89' lang='lat' dir='ltr'><strong>et</strong></span> <span class='ocrx_word' id='word_1_34' title='bbox 1416 515 1588 568; x_wconf 85' lang='lat' dir='ltr'><strong>iactus</strong></span> <span class='ocrx_word' id='word_1_35' title='bbox 1614 527 1692 568; x_wconf 74' lang='grc' dir='ltr'><strong>ρει</strong></span> <span class='ocrx_word' id='word_1_36' title='bbox 1726 514 1777 567; x_wconf 91' lang='lat' dir='ltr'><strong>in</strong></span> <span class='ocrx_word' id='word_1_37' title='bbox 1800 527 1892 567; x_wconf 85' lang='lat' dir='ltr'><strong>ca-</strong></span> 
     </span>
    </p>
   </div>
   <div class='ocr_carea' id='block_1_6' title="bbox 295 604 1895 682">
    <p class='ocr_par' dir='ltr' id='par_1_6' title="bbox 295 604 1895 682">
     <span class='ocr_line' id='line_1_6' title="bbox 295 604 1895 682; baseline -0.004 -17"><span class='ocrx_word' id='word_1_38' title='bbox 295 622 384 682; x_wconf 91' lang='lat' dir='ltr'><strong>put</strong></span> <span class='ocrx_word' id='word_1_39' title='bbox 418 609 598 680; x_wconf 80' lang='lat' dir='ltr'><strong>anguli</strong></span> <span class='ocrx_word' id='word_1_40' title='bbox 625 607 743 677; x_wconf 88' lang='lat' dir='ltr'><strong>(Ps.</strong></span> <span class='ocrx_word' id='word_1_41' title='bbox 776 623 945 670; x_wconf 81' lang='lat' dir='ltr'><strong>cxvtt,</strong></span> <span class='ocrx_word' id='word_1_42' title='bbox 978 616 1028 660; x_wconf 88' lang='lat' dir='ltr'><strong>et</strong></span> <span class='ocrx_word' id='word_1_43' title='bbox 1084 608 1199 661; x_wconf 81' lang='lat' dir='ltr'><strong>Act.</strong></span> <span class='ocrx_word' id='word_1_44' title='bbox 1241 605 1336 676; x_wconf 88' lang='lat' dir='ltr'><strong>tv).</strong></span> <span class='ocrx_word' id='word_1_45' title='bbox 1363 605 1464 672; x_wconf 85' lang='lat' dir='ltr'><strong>Qui</strong></span> <span class='ocrx_word' id='word_1_46' title='bbox 1515 621 1561 657; x_wconf 77' lang='lat' dir='ltr'><strong>vi</strong></span> <span class='ocrx_word' id='word_1_47' title='bbox 1583 622 1642 659; x_wconf 87' lang='lat' dir='ltr'><strong>ro</strong></span> <span class='ocrx_word' id='word_1_48' title='bbox 1688 604 1895 658; x_wconf 79' lang='lat' dir='ltr'><strong>deliciis</strong></span> 
     </span>
    </p>
   </div>
   <div class='ocr_carea' id='block_1_7' title="bbox 293 696 1891 772">
    <p class='ocr_par' dir='ltr' id='par_1_7' title="bbox 293 696 1891 772">
     <span class='ocr_line' id='line_1_7' title="bbox 293 696 1891 772; baseline -0.006 -13"><span class='ocrx_word' id='word_1_49' title='bbox 293 713 486 759; x_wconf 84' lang='lat' dir='ltr'><strong>vacant</strong></span> <span class='ocrx_word' id='word_1_50' title='bbox 514 711 674 772; x_wconf 89' lang='lat' dir='ltr'><strong>atque</strong></span> <span class='ocrx_word' id='word_1_51' title='bbox 695 700 1213 764; x_wconf 68' lang='lat' dir='ltr'><strong>ittxurim,et0mnia</strong></span> <span class='ocrx_word' id='word_1_52' title='bbox 1239 714 1400 753; x_wconf 78' lang='lat' dir='ltr'><strong>causa</strong></span> <span class='ocrx_word' id='word_1_53' title='bbox 1423 707 1633 752; x_wconf 70' lang='lat' dir='ltr'><strong>VCIIII‘I‘S</strong></span> <span class='ocrx_word' id='word_1_54' title='bbox 1669 696 1891 761; x_wconf 85' lang='lat' dir='ltr'><strong>iaciunt,</strong></span> 
     </span>
    </p>
   </div>
   <div class='ocr_carea' id='block_1_8' title="bbox 293 788 1895 850">
    <p class='ocr_par' dir='ltr' id='par_1_8' title="bbox 293 788 1895 850">
     <span class='ocr_line' id='line_1_8' title="bbox 293 788 1895 850; baseline -0.005 0"><span class='ocrx_word' id='word_1_55' title='bbox 293 795 568 850; x_wconf 90' lang='lat' dir='ltr'><strong>dormiunt</strong></span> <span class='ocrx_word' id='word_1_56' title='bbox 604 795 657 846; x_wconf 93' lang='lat' dir='ltr'><strong>in</strong></span> <span class='ocrx_word' id='word_1_57' title='bbox 692 792 850 847; x_wconf 81' lang='lat' dir='ltr'><strong>lcetis</strong></span> <span class='ocrx_word' id='word_1_58' title='bbox 880 791 1144 846; x_wconf 81' lang='lat' dir='ltr'><strong>eburneis</strong></span> <span class='ocrx_word' id='word_1_59' title='bbox 1187 790 1386 844; x_wconf 80' lang='lat' dir='ltr'><strong>mortui</strong></span> <span class='ocrx_word' id='word_1_60' title='bbox 1415 791 1666 843; x_wconf 79' lang='lat' dir='ltr'><strong>animalis</strong></span> <span class='ocrx_word' id='word_1_61' title='bbox 1712 799 1766 843; x_wconf 90' lang='lat' dir='ltr'><strong>et</strong></span> <span class='ocrx_word' id='word_1_62' title='bbox 1796 788 1895 842; x_wconf 91' lang='lat' dir='ltr'><strong>im-</strong></span> 
     </span>
    </p>
   </div>
   <div class='ocr_carea' id='block_1_9' title="bbox 295 881 1896 953">
    <p class='ocr_par' dir='ltr' id='par_1_9' title="bbox 295 881 1896 953">
     <span class='ocr_line' id='line_1_9' title="bbox 295 881 1896 953; baseline -0.005 -10"><span class='ocrx_word' id='word_1_63' title='bbox 295 887 513 944; x_wconf 88' lang='lat' dir='ltr'><strong>mundis</strong></span> <span class='ocrx_word' id='word_1_64' title='bbox 567 885 778 940; x_wconf 72' lang='lat' dir='ltr'><strong>luerent</strong></span> <span class='ocrx_word' id='word_1_65' title='bbox 823 884 1040 938; x_wconf 48' lang='lat' dir='ltr'><strong>ossibus</strong></span> <span class='ocrx_word' id='word_1_66' title='bbox 1074 899 1087 948; x_wconf 90' lang='lat'><strong>;</strong></span> <span class='ocrx_word' id='word_1_67' title='bbox 1119 894 1175 938; x_wconf 89' lang='lat' dir='ltr'><strong>et</strong></span> <span class='ocrx_word' id='word_1_68' title='bbox 1206 884 1330 953; x_wconf 87' lang='lat' dir='ltr'><strong>quia</strong></span> <span class='ocrx_word' id='word_1_69' title='bbox 1392 882 1616 952; x_wconf 89' lang='lat' dir='ltr'><strong>pulchra</strong></span> <span class='ocrx_word' id='word_1_70' title='bbox 1644 881 1896 936; x_wconf 87' lang='lat' dir='ltr'><strong>videntur</strong></span> 
     </span>
    </p>
   </div>
   <div class='ocr_carea' id='block_1_10' title="bbox 293 973 1892 1049">
    <p class='ocr_par' dir='ltr' id='par_1_10' title="bbox 293 973 1892 1049">
     <span class='ocr_line' id='line_1_10' title="bbox 293 973 1892 1049; baseline -0.005 -12"><span class='ocrx_word' id='word_1_71' title='bbox 293 982 446 1048; x_wconf 86' lang='lat' dir='ltr'><strong>vitia,</strong></span> <span class='ocrx_word' id='word_1_72' title='bbox 493 989 548 1035; x_wconf 91' lang='lat' dir='ltr'><strong>et</strong></span> <span class='ocrx_word' id='word_1_73' title='bbox 575 979 831 1049; x_wconf 64' lang='lat' dir='ltr'><strong>praesenti</strong></span> <span class='ocrx_word' id='word_1_74' title='bbox 891 979 1072 1034; x_wconf 89' lang='lat' dir='ltr'><strong>nitore</strong></span> <span class='ocrx_word' id='word_1_75' title='bbox 1126 977 1423 1044; x_wconf 68' lang='lat' dir='ltr'><strong>delectant,</strong></span> <span class='ocrx_word' id='word_1_76' title='bbox 1457 976 1808 1046; x_wconf 87' lang='lat' dir='ltr'><strong>requiescunt</strong></span> <span class='ocrx_word' id='word_1_77' title='bbox 1839 973 1892 1029; x_wconf 91' lang='lat' dir='ltr'><strong>in</strong></span> 
     </span>
    </p>
   </div>
   <div class='ocr_carea' id='block_1_11' title="bbox 293 1070 1887 1141">
    <p class='ocr_par' dir='ltr' id='par_1_11' title="bbox 293 1070 1887 1141">
     <span class='ocr_line' id='line_1_11' title="bbox 293 1070 1887 1141; baseline -0.007 -9"><span class='ocrx_word' id='word_1_78' title='bbox 293 1091 484 1132; x_wconf 88' lang='lat' dir='ltr'><strong>eorum</strong></span> <span class='ocrx_word' id='word_1_79' title='bbox 523 1073 761 1136; x_wconf 76' lang='lat' dir='ltr'><strong>lectulis,</strong></span> <span class='ocrx_word' id='word_1_80' title='bbox 796 1082 852 1126; x_wconf 86' lang='lat' dir='ltr'><strong>et.</strong></span> <span class='ocrx_word' id='word_1_81' title='bbox 882 1085 1083 1141; x_wconf 89' lang='lat' dir='ltr'><strong>sopore</strong></span> <span class='ocrx_word' id='word_1_82' title='bbox 1127 1070 1450 1140; x_wconf 79' lang='lat' dir='ltr'><strong>gravissimo</strong></span> <span class='ocrx_word' id='word_1_83' title='bbox 1488 1070 1887 1138; x_wconf 85' lang='lat' dir='ltr'><strong>deprimuntur.</strong></span> 
     </span>
    </p>
   </div>
   <div class='ocr_carea' id='block_1_12' title="bbox 293 1161 1894 1226">
    <p class='ocr_par' dir='ltr' id='par_1_12' title="bbox 293 1161 1894 1226">
     <span class='ocr_line' id='line_1_12' title="bbox 293 1161 1894 1226; baseline -0.004 -2"><span class='ocrx_word' id='word_1_84' title='bbox 293 1170 388 1225; x_wconf 85' lang='lat' dir='ltr'><strong>[sti</strong></span> <span class='ocrx_word' id='word_1_85' title='bbox 422 1185 529 1222; x_wconf 88' lang='lat' dir='ltr'><strong>non</strong></span> <span class='ocrx_word' id='word_1_86' title='bbox 562 1164 860 1220; x_wconf 73' lang='lat' dir='ltr'><strong>comedunt</strong></span> <span class='ocrx_word' id='word_1_87' title='bbox 905 1163 1142 1219; x_wconf 82' lang='lat' dir='ltr'><strong>solidum</strong></span> <span class='ocrx_word' id='word_1_88' title='bbox 1166 1164 1350 1219; x_wconf 85' lang='lat' dir='ltr'><strong>cibum</strong></span> <span class='ocrx_word' id='word_1_89' title='bbox 1383 1173 1432 1217; x_wconf 91' lang='lat' dir='ltr'><strong>et</strong></span> <span class='ocrx_word' id='word_1_90' title='bbox 1459 1161 1794 1226; x_wconf 76' lang='lat' dir='ltr'><strong>athleticam,</strong></span> <span class='ocrx_word' id='word_1_91' title='bbox 1824 1161 1894 1217; x_wconf 87' lang='lat' dir='ltr'><strong>de</strong></span> 
     </span>
    </p>
   </div>
   <div class='ocr_carea' id='block_1_13' title="bbox 291 1257 1892 1333">
    <p class='ocr_par' dir='ltr' id='par_1_13' title="bbox 291 1257 1892 1333">
     <span class='ocr_line' id='line_1_13' title="bbox 291 1257 1892 1333; baseline -0.002 -18"><span class='ocrx_word' id='word_1_92' title='bbox 291 1277 405 1333; x_wconf 88' lang='lat' dir='ltr'><strong>quo</strong></span> <span class='ocrx_word' id='word_1_93' title='bbox 451 1260 784 1314; x_wconf 86' lang='lat' dir='ltr'><strong>roborantur</strong></span> <span class='ocrx_word' id='word_1_94' title='bbox 813 1258 958 1313; x_wconf 90' lang='lat' dir='ltr'><strong>vires</strong></span> <span class='ocrx_word' id='word_1_95' title='bbox 1016 1257 1358 1321; x_wconf 86' lang='lat' dir='ltr'><strong>luctantium,</strong></span> <span class='ocrx_word' id='word_1_96' title='bbox 1410 1257 1506 1310; x_wconf 82' lang='lat' dir='ltr'><strong>sed</strong></span> <span class='ocrx_word' id='word_1_97' title='bbox 1565 1258 1804 1320; x_wconf 71' lang='lat' dir='ltr'><strong>molli-ut,</strong></span> <span class='ocrx_word' id='word_1_98' title='bbox 1837 1267 1892 1312; x_wconf 89' lang='lat' dir='ltr'><strong>et</strong></span> 
     </span>
    </p>
   </div>
   <div class='ocr_carea' id='block_1_14' title="bbox 296 1351 1891 1421">
    <p class='ocr_par' dir='ltr' id='par_1_14' title="bbox 296 1351 1891 1421">
     <span class='ocr_line' id='line_1_14' title="bbox 296 1351 1891 1421; baseline -0.004 -12"><span class='ocrx_word' id='word_1_99' title='bbox 296 1364 546 1410; x_wconf 85' lang='lat' dir='ltr'><strong>tenerum</strong></span> <span class='ocrx_word' id='word_1_100' title='bbox 582 1362 637 1408; x_wconf 90' lang='lat' dir='ltr'><strong>et</strong></span> <span class='ocrx_word' id='word_1_101' title='bbox 667 1351 1016 1407; x_wconf 87' lang='lat' dir='ltr'><strong>sinistrarum</strong></span> <span class='ocrx_word' id='word_1_102' title='bbox 1049 1353 1283 1421; x_wconf 85' lang='lat' dir='ltr'><strong>partium</strong></span> <span class='ocrx_word' id='word_1_103' title='bbox 1311 1368 1322 1402; x_wconf 92' lang='lat'><strong>:</strong></span> <span class='ocrx_word' id='word_1_104' title='bbox 1350 1351 1540 1421; x_wconf 83' lang='lat' dir='ltr'><strong>quales</strong></span> <span class='ocrx_word' id='word_1_105' title='bbox 1592 1361 1722 1404; x_wconf 85' lang='lat' dir='ltr'><strong>sunt</strong></span> <span class='ocrx_word' id='word_1_106' title='bbox 1751 1351 1891 1404; x_wconf 73' lang='lat' dir='ltr'><strong>ita-di</strong></span> 
     </span>
    </p>
   </div>
   <div class='ocr_carea' id='block_1_15' title="bbox 292 1442 1892 1518">
    <p class='ocr_par' dir='ltr' id='par_1_15' title="bbox 292 1442 1892 1518">
     <span class='ocr_line' id='line_1_15' title="bbox 292 1442 1892 1518; baseline -0.001 -17"><span class='ocrx_word' id='word_1_107' title='bbox 292 1447 364 1502; x_wconf 87' lang='lat' dir='ltr'><strong>de</strong></span> <span class='ocrx_word' id='word_1_108' title='bbox 393 1446 648 1518; x_wconf 90' lang='lat' dir='ltr'><strong>gregibus</strong></span> <span class='ocrx_word' id='word_1_109' title='bbox 677 1455 730 1501; x_wconf 92' lang='lat' dir='ltr'><strong>et</strong></span> <span class='ocrx_word' id='word_1_110' title='bbox 757 1444 908 1498; x_wconf 72' lang='lat' dir='ltr'><strong>vituli</strong></span> <span class='ocrx_word' id='word_1_111' title='bbox 937 1445 1186 1514; x_wconf 78' lang='lat' dir='ltr'><strong>saginati,</strong></span> <span class='ocrx_word' id='word_1_112' title='bbox 1211 1452 1264 1498; x_wconf 91' lang='lat' dir='ltr'><strong>et</strong></span> <span class='ocrx_word' id='word_1_113' title='bbox 1287 1442 1492 1509; x_wconf 88' lang='lat' dir='ltr'><strong>teneiii,</strong></span> <span class='ocrx_word' id='word_1_114' title='bbox 1524 1444 1690 1497; x_wconf 82' lang='lat' dir='ltr'><strong>immo</strong></span> <span class='ocrx_word' id='word_1_115' title='bbox 1714 1442 1892 1499; x_wconf 87' lang='lat' dir='ltr'><strong>adhuc</strong></span> 
     </span>
    </p>
   </div>
   <div class='ocr_carea' id='block_1_16' title="bbox 293 1535 1885 1613">
    <p class='ocr_par' dir='ltr' id='par_1_16' title="bbox 293 1535 1885 1613">
     <span class='ocr_line' id='line_1_16' title="bbox 293 1535 1885 1613; baseline -0.002 -19"><span class='ocrx_word' id='word_1_116' title='bbox 293 1541 436 1595; x_wconf 84' lang='lat' dir='ltr'><strong>lacte</strong></span> <span class='ocrx_word' id='word_1_117' title='bbox 463 1539 683 1593; x_wconf 87' lang='lat' dir='ltr'><strong>nutriti:</strong></span> <span class='ocrx_word' id='word_1_118' title='bbox 714 1538 817 1591; x_wconf 88' lang='lat' dir='ltr'><strong>hoc</strong></span> <span class='ocrx_word' id='word_1_119' title='bbox 841 1538 988 1592; x_wconf 92' lang='lat' dir='ltr'><strong>enim</strong></span> <span class='ocrx_word' id='word_1_120' title='bbox 1014 1537 1282 1605; x_wconf 80' lang='lat' dir='ltr'><strong>signilicat</strong></span> <span class='ocrx_word' id='word_1_121' title='bbox 1308 1535 1589 1613; x_wconf 78' lang='grc' dir='ltr'><strong>μοσχάρια</strong></span> <span class='ocrx_word' id='word_1_122' title='bbox 1613 1537 1885 1610; x_wconf 74' lang='grc' dir='ltr'><strong>γαλαθηνὰ.</strong></span> 
     </span>
    </p>
   </div>
   <div class='ocr_carea' id='block_1_17' title="bbox 288 1629 1891 1701">
    <p class='ocr_par' dir='ltr' id='par_1_17' title="bbox 288 1629 1891 1701">
     <span class='ocr_line' id='line_1_17' title="bbox 288 1629 1891 1701; baseline -0.002 -14"><span class='ocrx_word' id='word_1_123' title='bbox 288 1633 642 1701; x_wconf 82' lang='lat' dir='ltr'><strong>Concrepant</strong></span> <span class='ocrx_word' id='word_1_124' title='bbox 699 1645 918 1700; x_wconf 80' lang='lat' dir='ltr'><strong>quoque</strong></span> <span class='ocrx_word' id='word_1_125' title='bbox 971 1629 1224 1684; x_wconf 86' lang='lat' dir='ltr'><strong>manibus</strong></span> <span class='ocrx_word' id='word_1_126' title='bbox 1284 1630 1350 1682; x_wconf 90' lang='lat' dir='ltr'><strong>ad</strong></span> <span class='ocrx_word' id='word_1_127' title='bbox 1403 1643 1599 1683; x_wconf 85' lang='lat' dir='ltr'><strong>vocem</strong></span> <span class='ocrx_word' id='word_1_128' title='bbox 1659 1644 1891 1699; x_wconf 77' lang='lat' dir='ltr'><strong>organo-</strong></span> 
     </span>
    </p>
   </div>
   <div class='ocr_carea' id='block_1_18' title="bbox 288 1725 1890 1793">
    <p class='ocr_par' dir='ltr' id='par_1_18' title="bbox 288 1725 1890 1793">
     <span class='ocr_line' id='line_1_18' title="bbox 288 1725 1890 1793; baseline -0.003 -11"><span class='ocrx_word' id='word_1_129' title='bbox 288 1744 416 1782; x_wconf 86' lang='lat' dir='ltr'><strong>rum</strong></span> <span class='ocrx_word' id='word_1_130' title='bbox 466 1737 520 1781; x_wconf 87' lang='lat' dir='ltr'><strong>et</strong></span> <span class='ocrx_word' id='word_1_131' title='bbox 576 1726 842 1791; x_wconf 81' lang='lat' dir='ltr'><strong>sonitum,</strong></span> <span class='ocrx_word' id='word_1_132' title='bbox 894 1734 951 1778; x_wconf 92' lang='lat' dir='ltr'><strong>ut</strong></span> <span class='ocrx_word' id='word_1_133' title='bbox 1011 1725 1190 1778; x_wconf 80' lang='lat' dir='ltr'><strong>omnia</strong></span> <span class='ocrx_word' id='word_1_134' title='bbox 1248 1738 1412 1793; x_wconf 85' lang='lat' dir='ltr'><strong>opera</strong></span> <span class='ocrx_word' id='word_1_135' title='bbox 1447 1738 1636 1778; x_wconf 88' lang='lat' dir='ltr'><strong>eorum</strong></span> <span class='ocrx_word' id='word_1_136' title='bbox 1692 1737 1890 1792; x_wconf 61' lang='lat' dir='ltr'><strong>empe-</strong></span> 
     </span>
    </p>
   </div>
   <div class='ocr_carea' id='block_1_19' title="bbox 286 1820 911 1890">
    <p class='ocr_par' dir='ltr' id='par_1_19' title="bbox 286 1820 911 1890">
     <span class='ocr_line' id='line_1_19' title="bbox 286 1820 911 1890; baseline -0.006 -14"><span class='ocrx_word' id='word_1_137' title='bbox 286 1831 440 1876; x_wconf 72' lang='lat' dir='ltr'><strong>ctent</strong></span> <span class='ocrx_word' id='word_1_138' title='bbox 503 1820 835 1890; x_wconf 87' lang='lat' dir='ltr'><strong>voluptatem</strong></span> <span class='ocrx_word' id='word_1_139' title='bbox 899 1837 911 1872; x_wconf 90' lang='lat'><strong>:</strong></span> 
     </span>
    </p>
   </div>
   <div class='ocr_carea' id='block_1_20' title="bbox 283 1913 1885 1986">
    <p class='ocr_par' dir='ltr' id='par_1_20' title="bbox 283 1913 1885 1986">
     <span class='ocr_line' id='line_1_20' title="bbox 283 1913 1885 1986; baseline -0.004 -14"><span class='ocrx_word' id='word_1_140' title='bbox 283 1917 466 1972; x_wconf 84' lang='lat' dir='ltr'><strong>ventri</strong></span> <span class='ocrx_word' id='word_1_141' title='bbox 496 1925 792 1986; x_wconf 85' lang='lat' dir='ltr'><strong>procurant</strong></span> <span class='ocrx_word' id='word_1_142' title='bbox 842 1924 898 1970; x_wconf 86' lang='lat' dir='ltr'><strong>et</strong></span> <span class='ocrx_word' id='word_1_143' title='bbox 929 1915 1160 1969; x_wconf 85' lang='lat' dir='ltr'><strong>libidini.</strong></span> <span class='ocrx_word' id='word_1_144' title='bbox 1193 1914 1301 1970; x_wconf 86' lang='lat' dir='ltr'><strong>Nec</strong></span> <span class='ocrx_word' id='word_1_145' title='bbox 1341 1915 1524 1968; x_wconf 81' lang='lat' dir='ltr'><strong>statim</strong></span> <span class='ocrx_word' id='word_1_146' title='bbox 1573 1914 1730 1969; x_wconf 90' lang='lat' dir='ltr'><strong>nobis</strong></span> <span class='ocrx_word' id='word_1_147' title='bbox 1755 1913 1885 1967; x_wconf 87' lang='lat' dir='ltr'><strong>illud</strong></span> 
     </span>
    </p>
   </div>
   <div class='ocr_carea' id='block_1_21' title="bbox 287 2009 1884 2078">
    <p class='ocr_par' dir='ltr' id='par_1_21' title="bbox 287 2009 1884 2078">
     <span class='ocr_line' id='line_1_21' title="bbox 287 2009 1884 2078; baseline -0.002 -14"><span class='ocrx_word' id='word_1_148' title='bbox 287 2010 531 2078; x_wconf 84' lang='lat' dir='ltr'><strong>prudens</strong></span> <span class='ocrx_word' id='word_1_149' title='bbox 565 2010 737 2064; x_wconf 84' lang='lat' dir='ltr'><strong>lector</strong></span> <span class='ocrx_word' id='word_1_150' title='bbox 780 2016 1040 2078; x_wconf 81' lang='lat' dir='ltr'><strong>opponat,</strong></span> <span class='ocrx_word' id='word_1_151' title='bbox 1074 2019 1128 2062; x_wconf 84' lang='lat' dir='ltr'><strong>et</strong></span> <span class='ocrx_word' id='word_1_152' title='bbox 1157 2009 1436 2078; x_wconf 81' lang='lat' dir='ltr'><strong>quomodo</strong></span> <span class='ocrx_word' id='word_1_153' title='bbox 1473 2012 1733 2078; x_wconf 65' lang='lat' dir='ltr'><strong>scriptum</strong></span> <span class='ocrx_word' id='word_1_154' title='bbox 1763 2018 1843 2062; x_wconf 73' lang='lat' dir='ltr'><strong>est</strong></span> <span class='ocrx_word' id='word_1_155' title='bbox 1871 2026 1884 2061; x_wconf 88' lang='lat'><strong>:</strong></span> 
     </span>
    </p>
   </div>
   <div class='ocr_carea' id='block_1_22' title="bbox 284 2098 1890 2171">
    <p class='ocr_par' dir='ltr' id='par_1_22' title="bbox 284 2098 1890 2171">
     <span class='ocr_line' id='line_1_22' title="bbox 284 2098 1890 2171; baseline -0.002 -17"><span class='ocrx_word' id='word_1_156' title='bbox 284 2101 545 2156; x_wconf 80' lang='lat' dir='ltr'><strong>Flumina</strong></span> <span class='ocrx_word' id='word_1_157' title='bbox 568 2111 877 2171; x_wconf 84' lang='lat' dir='ltr'><strong>concrepeut</strong></span> <span class='ocrx_word' id='word_1_158' title='bbox 917 2101 1155 2153; x_wconf 86' lang='lat' dir='ltr'><strong>manibus</strong></span> <span class='ocrx_word' id='word_1_159' title='bbox 1185 2099 1304 2170; x_wconf 81' lang='lat' dir='ltr'><strong>(Ps.</strong></span> <span class='ocrx_word' id='word_1_160' title='bbox 1339 2115 1501 2160; x_wconf 76' lang='lat' dir='ltr'><strong>xcut.</strong></span> <span class='ocrx_word' id='word_1_161' title='bbox 1529 2099 1609 2171; x_wconf 82' lang='lat'><strong>8).</strong></span> <span class='ocrx_word' id='word_1_162' title='bbox 1629 2101 1694 2154; x_wconf 82' lang='lat' dir='ltr'><strong>Et</strong></span> <span class='ocrx_word' id='word_1_163' title='bbox 1723 2117 1736 2152; x_wconf 90' lang='lat'><strong>:</strong></span> <span class='ocrx_word' id='word_1_164' title='bbox 1764 2098 1890 2154; x_wconf 81' lang='lat' dir='ltr'><strong>0m-</strong></span> 
     </span>
    </p>
   </div>
   <div class='ocr_carea' id='block_1_23' title="bbox 288 2192 1890 2269">
    <p class='ocr_par' dir='ltr' id='par_1_23' title="bbox 288 2192 1890 2269">
     <span class='ocr_line' id='line_1_23' title="bbox 288 2192 1890 2269; baseline -0.003 -17"><span class='ocrx_word' id='word_1_165' title='bbox 288 2215 383 2252; x_wconf 84' lang='lat' dir='ltr'><strong>nes</strong></span> <span class='ocrx_word' id='word_1_166' title='bbox 416 2206 606 2268; x_wconf 77' lang='lat' dir='ltr'><strong>gentes,</strong></span> <span class='ocrx_word' id='word_1_167' title='bbox 632 2196 866 2267; x_wconf 81' lang='lat' dir='ltr'><strong>plaudite</strong></span> <span class='ocrx_word' id='word_1_168' title='bbox 897 2196 1133 2251; x_wconf 86' lang='lat' dir='ltr'><strong>manibus</strong></span> <span class='ocrx_word' id='word_1_169' title='bbox 1173 2195 1270 2269; x_wconf 82' lang='lat' dir='ltr'><strong>(Ps</strong></span> <span class='ocrx_word' id='word_1_170' title='bbox 1315 2211 1461 2263; x_wconf 78' lang='lat' dir='ltr'><strong>xm,</strong></span> <span class='ocrx_word' id='word_1_171' title='bbox 1493 2195 1566 2266; x_wconf 85' lang='lat' dir='ltr'><strong>i).</strong></span> <span class='ocrx_word' id='word_1_172' title='bbox 1601 2194 1668 2249; x_wconf 86' lang='lat' dir='ltr'><strong>Et</strong></span> <span class='ocrx_word' id='word_1_173' title='bbox 1703 2213 1714 2248; x_wconf 94' lang='lat'><strong>:</strong></span> <span class='ocrx_word' id='word_1_174' title='bbox 1747 2192 1890 2248; x_wconf 69' lang='lat' dir='ltr'><strong>lubi-</strong></span> 
     </span>
    </p>
   </div>
   <div class='ocr_carea' id='block_1_24' title="bbox 285 2289 1887 2365">
    <p class='ocr_par' dir='ltr' id='par_1_24' title="bbox 285 2289 1887 2365">
     <span class='ocr_line' id='line_1_24' title="bbox 285 2289 1887 2365; baseline -0.004 -17"><span class='ocrx_word' id='word_1_175' title='bbox 285 2294 394 2348; x_wconf 83' lang='lat' dir='ltr'><strong>late</strong></span> <span class='ocrx_word' id='word_1_176' title='bbox 415 2292 526 2346; x_wconf 88' lang='lat' dir='ltr'><strong>Deo</strong></span> <span class='ocrx_word' id='word_1_177' title='bbox 546 2293 776 2365; x_wconf 87' lang='lat' dir='ltr'><strong>adjutori</strong></span> <span class='ocrx_word' id='word_1_178' title='bbox 808 2299 988 2345; x_wconf 84' lang='lat' dir='ltr'><strong>nostro</strong></span> <span class='ocrx_word' id='word_1_179' title='bbox 1017 2289 1138 2360; x_wconf 83' lang='lat' dir='ltr'><strong>(Ps.</strong></span> <span class='ocrx_word' id='word_1_180' title='bbox 1201 2306 1362 2356; x_wconf 74' lang='lat' dir='ltr'><strong>Lxxx,</strong></span> <span class='ocrx_word' id='word_1_181' title='bbox 1401 2290 1470 2358; x_wconf 93' lang='lat' dir='ltr'><strong>I).</strong></span> <span class='ocrx_word' id='word_1_182' title='bbox 1505 2289 1582 2346; x_wconf 87' lang='lat' dir='ltr'><strong>lbi</strong></span> <span class='ocrx_word' id='word_1_183' title='bbox 1610 2289 1754 2344; x_wconf 85' lang='lat' dir='ltr'><strong>enim</strong></span> <span class='ocrx_word' id='word_1_184' title='bbox 1781 2305 1887 2343; x_wconf 87' lang='lat' dir='ltr'><strong>non</strong></span> 
     </span>
    </p>
   </div>
   <div class='ocr_carea' id='block_1_25' title="bbox 283 2382 1889 2454">
    <p class='ocr_par' dir='ltr' id='par_1_25' title="bbox 283 2382 1889 2454">
     <span class='ocr_line' id='line_1_25' title="bbox 283 2382 1889 2454; baseline -0.002 -14"><span class='ocrx_word' id='word_1_185' title='bbox 283 2386 356 2440; x_wconf 83' lang='lat' dir='ltr'><strong>ad</strong></span> <span class='ocrx_word' id='word_1_186' title='bbox 381 2400 706 2454; x_wconf 78' lang='lat' dir='ltr'><strong>organorum</strong></span> <span class='ocrx_word' id='word_1_187' title='bbox 732 2384 970 2437; x_wconf 89' lang='lat' dir='ltr'><strong>sonitum</strong></span> <span class='ocrx_word' id='word_1_188' title='bbox 1003 2383 1259 2438; x_wconf 88' lang='lat' dir='ltr'><strong>dicuntur</strong></span> <span class='ocrx_word' id='word_1_189' title='bbox 1283 2397 1622 2452; x_wconf 89' lang='lat' dir='ltr'><strong>concrepare</strong></span> <span class='ocrx_word' id='word_1_190' title='bbox 1662 2398 1676 2447; x_wconf 93' lang='lat'><strong>;</strong></span> <span class='ocrx_word' id='word_1_191' title='bbox 1708 2383 1802 2436; x_wconf 87' lang='lat' dir='ltr'><strong>sed</strong></span> <span class='ocrx_word' id='word_1_192' title='bbox 1836 2382 1889 2437; x_wconf 94' lang='lat' dir='ltr'><strong>in</strong></span> 
     </span>
    </p>
   </div>
   <div class='ocr_carea' id='block_1_26' title="bbox 283 2477 1892 2548">
    <p class='ocr_par' dir='ltr' id='par_1_26' title="bbox 283 2477 1892 2548">
     <span class='ocr_line' id='line_1_26' title="bbox 283 2477 1892 2548; baseline -0.004 -14"><span class='ocrx_word' id='word_1_193' title='bbox 283 2479 453 2534; x_wconf 87' lang='lat' dir='ltr'><strong>laude</strong></span> <span class='ocrx_word' id='word_1_194' title='bbox 501 2478 598 2532; x_wconf 87' lang='lat' dir='ltr'><strong>Dei</strong></span> <span class='ocrx_word' id='word_1_195' title='bbox 627 2478 832 2533; x_wconf 87' lang='lat' dir='ltr'><strong>habere</strong></span> <span class='ocrx_word' id='word_1_196' title='bbox 869 2495 1036 2532; x_wconf 90' lang='lat' dir='ltr'><strong>unum</strong></span> <span class='ocrx_word' id='word_1_197' title='bbox 1083 2491 1432 2532; x_wconf 81' lang='lat' dir='ltr'><strong>consensum.</strong></span> <span class='ocrx_word' id='word_1_198' title='bbox 1489 2477 1614 2532; x_wconf 82' lang='lat' dir='ltr'><strong>Post</strong></span> <span class='ocrx_word' id='word_1_199' title='bbox 1657 2491 1892 2548; x_wconf 80' lang='lat' dir='ltr'><strong>organo-</strong></span> 
     </span>
    </p>
   </div>
   <div class='ocr_carea' id='block_1_27' title="bbox 287 2573 1890 2642">
    <p class='ocr_par' dir='ltr' id='par_1_27' title="bbox 287 2573 1890 2642">
     <span class='ocr_line' id='line_1_27' title="bbox 287 2573 1890 2642; baseline -0.002 -15"><span class='ocrx_word' id='word_1_200' title='bbox 287 2589 412 2627; x_wconf 86' lang='lat' dir='ltr'><strong>rum</strong></span> <span class='ocrx_word' id='word_1_201' title='bbox 452 2587 640 2627; x_wconf 84' lang='lat' dir='ltr'><strong>vocem</strong></span> <span class='ocrx_word' id='word_1_202' title='bbox 674 2573 885 2626; x_wconf 83' lang='lat' dir='ltr'><strong>intulit:</strong></span> <span class='ocrx_word' id='word_1_203' title='bbox 916 2573 1063 2642; x_wconf 85' lang='lat' dir='ltr'><strong>quasi</strong></span> <span class='ocrx_word' id='word_1_204' title='bbox 1090 2573 1280 2625; x_wconf 80' lang='lat' dir='ltr'><strong>stantia</strong></span> <span class='ocrx_word' id='word_1_205' title='bbox 1334 2581 1659 2642; x_wconf 85' lang='lat' dir='ltr'><strong>putarerunt,</strong></span> <span class='ocrx_word' id='word_1_206' title='bbox 1694 2585 1743 2626; x_wconf 89' lang='lat' dir='ltr'><strong>et</strong></span> <span class='ocrx_word' id='word_1_207' title='bbox 1786 2589 1890 2626; x_wconf 84' lang='lat' dir='ltr'><strong>non</strong></span> 
     </span>
    </p>
   </div>
   <div class='ocr_carea' id='block_1_28' title="bbox 284 2665 1889 2738">
    <p class='ocr_par' dir='ltr' id='par_1_28' title="bbox 284 2665 1889 2738">
     <span class='ocr_line' id='line_1_28' title="bbox 284 2665 1889 2738; baseline 0.001 -22"><span class='ocrx_word' id='word_1_208' title='bbox 284 2666 443 2735; x_wconf 72' lang='lat' dir='ltr'><strong>quasi</strong></span> <span class='ocrx_word' id='word_1_209' title='bbox 477 2666 752 2738; x_wconf 77' lang='lat' dir='ltr'><strong>fugientia.</strong></span> <span class='ocrx_word' id='word_1_210' title='bbox 783 2665 888 2720; x_wconf 80' lang='lat' dir='ltr'><strong>Res</strong></span> <span class='ocrx_word' id='word_1_211' title='bbox 918 2666 1062 2719; x_wconf 86' lang='lat' dir='ltr'><strong>enim</strong></span> <span class='ocrx_word' id='word_1_212' title='bbox 1091 2665 1297 2729; x_wconf 63' lang='lat' dir='ltr'><strong>szeculi,</strong></span> <span class='ocrx_word' id='word_1_213' title='bbox 1331 2673 1385 2718; x_wconf 88' lang='lat' dir='ltr'><strong>et</strong></span> <span class='ocrx_word' id='word_1_214' title='bbox 1412 2665 1591 2719; x_wconf 87' lang='lat' dir='ltr'><strong>omnia</strong></span> <span class='ocrx_word' id='word_1_215' title='bbox 1635 2680 1889 2733; x_wconf 91' lang='lat' dir='ltr'><strong>corpora,</strong></span> 
     </span>
    </p>
   </div>
   <div class='ocr_carea' id='block_1_29' title="bbox 286 2759 1889 2833">
    <p class='ocr_par' dir='ltr' id='par_1_29' title="bbox 286 2759 1889 2833">
     <span class='ocr_line' id='line_1_29' title="bbox 286 2759 1889 2833; baseline -0.002 -18"><span class='ocrx_word' id='word_1_216' title='bbox 286 2761 593 2817; x_wconf 86' lang='lat' dir='ltr'><strong>secundum</strong></span> <span class='ocrx_word' id='word_1_217' title='bbox 629 2762 941 2833; x_wconf 67' lang='lat' dir='ltr'><strong>Ep‘Curum,</strong></span> <span class='ocrx_word' id='word_1_218' title='bbox 965 2777 1060 2830; x_wconf 85' lang='lat' dir='ltr'><strong>per</strong></span> <span class='ocrx_word' id='word_1_219' title='bbox 1083 2770 1357 2815; x_wconf 87' lang='lat' dir='ltr'><strong>momenta</strong></span> <span class='ocrx_word' id='word_1_220' title='bbox 1387 2759 1558 2814; x_wconf 85' lang='lat' dir='ltr'><strong>iluunt</strong></span> <span class='ocrx_word' id='word_1_221' title='bbox 1583 2770 1633 2814; x_wconf 87' lang='lat' dir='ltr'><strong>et</strong></span> <span class='ocrx_word' id='word_1_222' title='bbox 1667 2760 1889 2824; x_wconf 89' lang='lat' dir='ltr'><strong>abeunt,</strong></span> 
     </span>
    </p>
   </div>
   <div class='ocr_carea' id='block_1_30' title="bbox 287 2855 1896 2916">
    <p class='ocr_par' dir='ltr' id='par_1_30' title="bbox 287 2855 1896 2916">
     <span class='ocr_line' id='line_1_30' title="bbox 287 2855 1896 2916; baseline -0.004 -3"><span class='ocrx_word' id='word_1_223' title='bbox 287 2868 348 2913; x_wconf 91' lang='lat' dir='ltr'><strong>et</strong></span> <span class='ocrx_word' id='word_1_224' title='bbox 373 2857 504 2911; x_wconf 83' lang='lat' dir='ltr'><strong>nihil</strong></span> <span class='ocrx_word' id='word_1_225' title='bbox 539 2858 591 2910; x_wconf 90' lang='lat' dir='ltr'><strong>in</strong></span> <span class='ocrx_word' id='word_1_226' title='bbox 620 2871 719 2910; x_wconf 89' lang='lat' dir='ltr'><strong>suo</strong></span> <span class='ocrx_word' id='word_1_227' title='bbox 764 2856 1017 2911; x_wconf 75' lang='lat' dir='ltr'><strong>(&quot;-vttsistit</strong></span> <span class='ocrx_word' id='word_1_228' title='bbox 1066 2865 1231 2916; x_wconf 75' lang='lat' dir='ltr'><strong>Statu,</strong></span> <span class='ocrx_word' id='word_1_229' title='bbox 1265 2855 1362 2910; x_wconf 86' lang='lat' dir='ltr'><strong>sed</strong></span> <span class='ocrx_word' id='word_1_230' title='bbox 1386 2855 1472 2910; x_wconf 95' lang='lat' dir='ltr'><strong>vel</strong></span> <span class='ocrx_word' id='word_1_231' title='bbox 1495 2864 1749 2910; x_wconf 79' lang='lat' dir='ltr'><strong>crescunt</strong></span> <span class='ocrx_word' id='word_1_232' title='bbox 1777 2871 1896 2907; x_wconf 86' lang='lat' dir='ltr'><strong>om-</strong></span> 
     </span>
    </p>
   </div>
   <div class='ocr_carea' id='block_1_31' title="bbox 288 2949 1893 3019">
    <p class='ocr_par' dir='ltr' id='par_1_31' title="bbox 288 2949 1893 3019">
     <span class='ocr_line' id='line_1_31' title="bbox 288 2949 1893 3019; baseline -0.002 -16"><span class='ocrx_word' id='word_1_233' title='bbox 288 2951 407 3016; x_wconf 86' lang='lat' dir='ltr'><strong>nia,</strong></span> <span class='ocrx_word' id='word_1_234' title='bbox 447 2950 533 3004; x_wconf 88' lang='lat' dir='ltr'><strong>vel</strong></span> <span class='ocrx_word' id='word_1_235' title='bbox 573 2949 921 3016; x_wconf 89' lang='lat' dir='ltr'><strong>decrescunt,</strong></span> <span class='ocrx_word' id='word_1_236' title='bbox 956 2961 1008 3004; x_wconf 94' lang='lat' dir='ltr'><strong>et</strong></span> <span class='ocrx_word' id='word_1_237' title='bbox 1061 2965 1321 3019; x_wconf 85' lang='lat' dir='ltr'><strong>aquarum</strong></span> <span class='ocrx_word' id='word_1_238' title='bbox 1368 2964 1520 3004; x_wconf 90' lang='lat' dir='ltr'><strong>more</strong></span> <span class='ocrx_word' id='word_1_239' title='bbox 1570 2949 1893 3002; x_wconf 85' lang='lat' dir='ltr'><strong>torrentium</strong></span> 
     </span>
    </p>
   </div>
   <div class='ocr_carea' id='block_1_32' title="bbox 289 3040 1895 3115">
    <p class='ocr_par' dir='ltr' id='par_1_32' title="bbox 289 3040 1895 3115">
     <span class='ocr_line' id='line_1_32' title="bbox 289 3040 1895 3115; baseline -0.005 -14"><span class='ocrx_word' id='word_1_240' title='bbox 289 3045 552 3102; x_wconf 87' lang='lat' dir='ltr'><strong>labuntur</strong></span> <span class='ocrx_word' id='word_1_241' title='bbox 600 3047 650 3099; x_wconf 91' lang='lat' dir='ltr'><strong>in</strong></span> <span class='ocrx_word' id='word_1_242' title='bbox 703 3059 965 3115; x_wconf 55' lang='lat' dir='ltr'><strong>praeceps.</strong></span> <span class='ocrx_word' id='word_1_243' title='bbox 1017 3043 1170 3100; x_wconf 87' lang='lat' dir='ltr'><strong>Unde</strong></span> <span class='ocrx_word' id='word_1_244' title='bbox 1209 3053 1264 3098; x_wconf 91' lang='lat' dir='ltr'><strong>et</strong></span> <span class='ocrx_word' id='word_1_245' title='bbox 1305 3043 1360 3097; x_wconf 90' lang='lat' dir='ltr'><strong>in</strong></span> <span class='ocrx_word' id='word_1_246' title='bbox 1410 3041 1661 3098; x_wconf 64' lang='lat' dir='ltr'><strong>saeculari</strong></span> <span class='ocrx_word' id='word_1_247' title='bbox 1693 3040 1895 3095; x_wconf 87' lang='lat' dir='ltr'><strong>littera-</strong></span> 
     </span>
    </p>
   </div>
   <div class='ocr_carea' id='block_1_33' title="bbox 290 3133 1302 3208">
    <p class='ocr_par' dir='ltr' id='par_1_33' title="bbox 290 3133 1302 3208">
     <span class='ocr_line' id='line_1_33' title="bbox 290 3133 1302 3208; baseline -0.005 -16"><span class='ocrx_word' id='word_1_248' title='bbox 290 3145 416 3192; x_wconf 87' lang='lat' dir='ltr'><strong>tura</strong></span> <span class='ocrx_word' id='word_1_249' title='bbox 443 3136 672 3206; x_wconf 76' lang='lat' dir='ltr'><strong>legimus</strong></span> <span class='ocrx_word' id='word_1_250' title='bbox 700 3135 920 3208; x_wconf 75' lang='lat' dir='ltr'><strong>(i’irgil.</strong></span> <span class='ocrx_word' id='word_1_251' title='bbox 954 3152 1007 3191; x_wconf 92' lang='lat' dir='ltr'><strong>Ill</strong></span> <span class='ocrx_word' id='word_1_252' title='bbox 1030 3133 1258 3206; x_wconf 82' lang='lat' dir='ltr'><strong>Georg.)</strong></span> <span class='ocrx_word' id='word_1_253' title='bbox 1291 3153 1302 3188; x_wconf 90' lang='lat'><strong>:</strong></span> 
     </span>
    </p>
   </div>
   <div class='ocr_carea' id='block_1_34' title="bbox 424 3249 1647 3314">
    <p class='ocr_par' dir='ltr' id='par_1_34' title="bbox 424 3249 1647 3314">
     <span class='ocr_line' id='line_1_34' title="bbox 424 3249 1647 3314; baseline -0.002 -15"><span class='ocrx_word' id='word_1_254' title='bbox 424 3250 524 3300; x_wconf 86' lang='lat' dir='ltr'><strong>Sed</strong></span> <span class='ocrx_word' id='word_1_255' title='bbox 546 3250 668 3314; x_wconf 81' lang='lat' dir='ltr'><strong>fugit</strong></span> <span class='ocrx_word' id='word_1_256' title='bbox 692 3252 903 3311; x_wconf 87' lang='lat' dir='ltr'><strong>interea,</strong></span> <span class='ocrx_word' id='word_1_257' title='bbox 925 3249 1050 3312; x_wconf 76' lang='lat' dir='ltr'><strong>fugit</strong></span> <span class='ocrx_word' id='word_1_258' title='bbox 1077 3249 1404 3312; x_wconf 82' lang='lat' dir='ltr'><strong>irreparabile</strong></span> <span class='ocrx_word' id='word_1_259' title='bbox 1431 3255 1647 3313; x_wconf 73' lang='lat' dir='ltr'><strong>tempus.</strong></span> 
     </span>
    </p>
   </div>
   <div class='ocr_carea' id='block_1_35' title="bbox 291 3359 1583 3430">
    <p class='ocr_par' dir='ltr' id='par_1_35' title="bbox 291 3359 1583 3430">
     <span class='ocr_line' id='line_1_35' title="bbox 291 3359 1583 3430; baseline -0.002 -15"><span class='ocrx_word' id='word_1_260' title='bbox 291 3360 366 3415; x_wconf 87' lang='lat' dir='ltr'><strong>Et</strong></span> <span class='ocrx_word' id='word_1_261' title='bbox 397 3359 448 3415; x_wconf 92' lang='lat' dir='ltr'><strong>in</strong></span> <span class='ocrx_word' id='word_1_262' title='bbox 476 3360 580 3416; x_wconf 84' lang='lat' dir='ltr'><strong>alio</strong></span> <span class='ocrx_word' id='word_1_263' title='bbox 609 3361 726 3416; x_wconf 86' lang='lat' dir='ltr'><strong>loco</strong></span> <span class='ocrx_word' id='word_1_264' title='bbox 754 3359 968 3430; x_wconf 80' lang='lat' dir='ltr'><strong>(Horat.</strong></span> <span class='ocrx_word' id='word_1_265' title='bbox 1000 3376 1040 3420; x_wconf 64' lang='grc' dir='ltr'><strong>ιι,</strong></span> <span class='ocrx_word' id='word_1_266' title='bbox 1088 3359 1289 3424; x_wconf 71' lang='lat' dir='ltr'><strong>Carm,</strong></span> <span class='ocrx_word' id='word_1_267' title='bbox 1318 3359 1404 3413; x_wconf 84' lang='lat' dir='ltr'><strong>ad.</strong></span> <span class='ocrx_word' id='word_1_268' title='bbox 1443 3359 1530 3428; x_wconf 70' lang='grc'><strong>14)</strong></span> <span class='ocrx_word' id='word_1_269' title='bbox 1570 3376 1583 3412; x_wconf 91' lang='lat'><strong>:</strong></span> 
     </span>
    </p>
   </div>
   <div class='ocr_carea' id='block_1_36' title="bbox 549 3473 1584 3538">
    <p class='ocr_par' dir='ltr' id='par_1_36' title="bbox 549 3473 1584 3538">
     <span class='ocr_line' id='line_1_36' title="bbox 549 3473 1584 3538; baseline 0 -14"><span class='ocrx_word' id='word_1_270' title='bbox 549 3475 692 3538; x_wconf 81' lang='lat' dir='ltr'><strong>Eheu</strong></span> <span class='ocrx_word' id='word_1_271' title='bbox 715 3474 934 3538; x_wconf 80' lang='lat' dir='ltr'><strong>fugaces,</strong></span> <span class='ocrx_word' id='word_1_272' title='bbox 964 3474 1262 3535; x_wconf 75' lang='lat' dir='ltr'><strong>Postiume,</strong></span> <span class='ocrx_word' id='word_1_273' title='bbox 1293 3473 1584 3537; x_wconf 81' lang='lat' dir='ltr'><strong>Postbume,</strong></span> 
     </span>
    </p>
   </div>
   <div class='ocr_carea' id='block_1_37' title="bbox 551 3537 954 3588">
    <p class='ocr_par' dir='ltr' id='par_1_37' title="bbox 551 3537 954 3588">
     <span class='ocr_line' id='line_1_37' title="bbox 551 3537 954 3588; baseline 0 -2"><span class='ocrx_word' id='word_1_274' title='bbox 551 3537 797 3588; x_wconf 84' lang='lat' dir='ltr'><strong>Labuntur</strong></span> <span class='ocrx_word' id='word_1_275' title='bbox 821 3539 954 3588; x_wconf 88' lang='lat' dir='ltr'><strong>anni.</strong></span> 
     </span>
    </p>
   </div>
   <div class='ocr_carea' id='block_1_38' title="bbox 298 3681 1905 3756">
    <p class='ocr_par' dir='ltr' id='par_1_38' title="bbox 298 3681 1905 3756">
     <span class='ocr_line' id='line_1_38' title="bbox 298 3681 1905 3756; baseline -0.003 -16"><span class='ocrx_word' id='word_1_276' title='bbox 298 3685 452 3740; x_wconf 79' lang='lat' dir='ltr'><strong>Nihil</strong></span> <span class='ocrx_word' id='word_1_277' title='bbox 479 3685 624 3740; x_wconf 85' lang='lat' dir='ltr'><strong>enim</strong></span> <span class='ocrx_word' id='word_1_278' title='bbox 655 3684 900 3756; x_wconf 77' lang='lat' dir='ltr'><strong>fugacius</strong></span> <span class='ocrx_word' id='word_1_279' title='bbox 943 3684 1145 3740; x_wconf 74' lang='lat' dir='ltr'><strong>sa-cuio</strong></span> <span class='ocrx_word' id='word_1_280' title='bbox 1172 3683 1444 3753; x_wconf 69' lang='lat' dir='ltr'><strong>rebusque</strong></span> <span class='ocrx_word' id='word_1_281' title='bbox 1493 3682 1702 3738; x_wconf 72' lang='lat' dir='ltr'><strong>saeculi.</strong></span> <span class='ocrx_word' id='word_1_282' title='bbox 1731 3681 1905 3750; x_wconf 79' lang='lat' dir='ltr'><strong>Quam</strong></span> 
     </span>
    </p>
   </div>
   <div class='ocr_carea' id='block_1_39' title="bbox 295 3774 1903 3848">
    <p class='ocr_par' dir='ltr' id='par_1_39' title="bbox 295 3774 1903 3848">
     <span class='ocr_line' id='line_1_39' title="bbox 295 3774 1903 3848; baseline -0.004 -14"><span class='ocrx_word' id='word_1_283' title='bbox 295 3779 432 3835; x_wconf 89' lang='lat' dir='ltr'><strong>dum</strong></span> <span class='ocrx_word' id='word_1_284' title='bbox 481 3789 727 3833; x_wconf 57' lang='lat' dir='ltr'><strong>tenemus</strong></span> <span class='ocrx_word' id='word_1_285' title='bbox 780 3777 1120 3842; x_wconf 76' lang='lat' dir='ltr'><strong>annuimus,</strong></span> <span class='ocrx_word' id='word_1_286' title='bbox 1173 3775 1339 3848; x_wconf 65' lang='grc' dir='ltr'><strong>³η.</strong></span> <span class='ocrx_word' id='word_1_287' title='bbox 1369 3786 1421 3830; x_wconf 91' lang='lat' dir='ltr'><strong>et</strong></span> <span class='ocrx_word' id='word_1_288' title='bbox 1468 3791 1564 3846; x_wconf 89' lang='lat' dir='ltr'><strong>per</strong></span> <span class='ocrx_word' id='word_1_289' title='bbox 1600 3774 1903 3842; x_wconf 65' lang='lat' dir='ltr'><strong>inﬁmtiam,</strong></span> 
     </span>
    </p>
   </div>
   <div class='ocr_carea' id='block_1_40' title="bbox 297 3868 1910 3942">
    <p class='ocr_par' dir='ltr' id='par_1_40' title="bbox 297 3868 1910 3942">
     <span class='ocr_line' id='line_1_40' title="bbox 297 3868 1910 3942; baseline -0.002 -18"><span class='ocrx_word' id='word_1_290' title='bbox 297 3872 617 3942; x_wconf 82' lang='lat' dir='ltr'><strong>pueritiam,</strong></span> <span class='ocrx_word' id='word_1_291' title='bbox 665 3870 1032 3939; x_wconf 79' lang='lat' dir='ltr'><strong>juveuttttetn,</strong></span> <span class='ocrx_word' id='word_1_292' title='bbox 1076 3884 1141 3922; x_wconf 89' lang='lat' dir='ltr'><strong>ac</strong></span> <span class='ocrx_word' id='word_1_293' title='bbox 1163 3868 1380 3922; x_wconf 80' lang='lat' dir='ltr'><strong>virilem</strong></span> <span class='ocrx_word' id='word_1_294' title='bbox 1415 3880 1470 3924; x_wconf 90' lang='lat' dir='ltr'><strong>et</strong></span> <span class='ocrx_word' id='word_1_295' title='bbox 1524 3868 1910 3939; x_wconf 63' lang='lat' dir='ltr'><strong>ingravescen-</strong></span> 
     </span>
    </p>
   </div>
   <div class='ocr_carea' id='block_1_41' title="bbox 297 3962 1909 4028">
    <p class='ocr_par' dir='ltr' id='par_1_41' title="bbox 297 3962 1909 4028">
     <span class='ocr_line' id='line_1_41' title="bbox 297 3962 1909 4028; baseline -0.004 -8"><span class='ocrx_word' id='word_1_296' title='bbox 297 3977 414 4020; x_wconf 85' lang='lat' dir='ltr'><strong>tem</strong></span> <span class='ocrx_word' id='word_1_297' title='bbox 451 3977 515 4017; x_wconf 85' lang='lat' dir='ltr'><strong>ac</strong></span> <span class='ocrx_word' id='word_1_298' title='bbox 549 3971 816 4016; x_wconf 82' lang='lat' dir='ltr'><strong>maturam</strong></span> <span class='ocrx_word' id='word_1_299' title='bbox 868 3969 1081 4016; x_wconf 81' lang='lat' dir='ltr'><strong>aetatem</strong></span> <span class='ocrx_word' id='word_1_300' title='bbox 1104 4001 1120 4024; x_wconf 94' lang='lat'><strong>,</strong></span> <span class='ocrx_word' id='word_1_301' title='bbox 1161 3977 1445 4028; x_wconf 82' lang='lat' dir='ltr'><strong>annosque</strong></span> <span class='ocrx_word' id='word_1_302' title='bbox 1493 3962 1714 4016; x_wconf 86' lang='lat' dir='ltr'><strong>ultimos</strong></span> <span class='ocrx_word' id='word_1_303' title='bbox 1747 3975 1909 4014; x_wconf 88' lang='lat' dir='ltr'><strong>sene-</strong></span> 
     </span>
    </p>
   </div>
   <div class='ocr_carea' id='block_1_42' title="bbox 295 4053 1912 4126">
    <p class='ocr_par' dir='ltr' id='par_1_42' title="bbox 295 4053 1912 4126">
     <span class='ocr_line' id='line_1_42' title="bbox 295 4053 1912 4126; baseline -0.003 -14"><span class='ocrx_word' id='word_1_304' title='bbox 295 4055 492 4120; x_wconf 77' lang='lat' dir='ltr'><strong>ctutis,</strong></span> <span class='ocrx_word' id='word_1_305' title='bbox 545 4056 596 4110; x_wconf 82' lang='lat' dir='ltr'><strong>in</strong></span> <span class='ocrx_word' id='word_1_306' title='bbox 630 4071 752 4126; x_wconf 66' lang='lat' dir='ltr'><strong>quie</strong></span> <span class='ocrx_word' id='word_1_307' title='bbox 784 4066 993 4124; x_wconf 68' lang='lat' dir='ltr'><strong>septem</strong></span> <span class='ocrx_word' id='word_1_308' title='bbox 1035 4055 1212 4125; x_wconf 85' lang='lat' dir='ltr'><strong>spatia</strong></span> <span class='ocrx_word' id='word_1_309' title='bbox 1242 4055 1406 4110; x_wconf 74' lang='lat' dir='ltr'><strong>Philo</strong></span> <span class='ocrx_word' id='word_1_310' title='bbox 1429 4057 1600 4109; x_wconf 70' lang='lat' dir='ltr'><strong>vitam</strong></span> <span class='ocrx_word' id='word_1_311' title='bbox 1645 4053 1912 4110; x_wconf 84' lang='lat' dir='ltr'><strong>describit</strong></span> 
     </span>
    </p>
   </div>
   <div class='ocr_carea' id='block_1_43' title="bbox 298 4148 1911 4218">
    <p class='ocr_par' dir='ltr' id='par_1_43' title="bbox 298 4148 1911 4218">
     <span class='ocr_line' id='line_1_43' title="bbox 298 4148 1911 4218; baseline -0.002 -12"><span class='ocrx_word' id='word_1_312' title='bbox 298 4155 620 4213; x_wconf 86' lang='lat' dir='ltr'><strong>humanam,</strong></span> <span class='ocrx_word' id='word_1_313' title='bbox 667 4159 962 4216; x_wconf 83' lang='lat' dir='ltr'><strong>nnttamur,</strong></span> <span class='ocrx_word' id='word_1_314' title='bbox 1026 4161 1082 4206; x_wconf 87' lang='lat' dir='ltr'><strong>et</strong></span> <span class='ocrx_word' id='word_1_315' title='bbox 1110 4151 1400 4218; x_wconf 75' lang='lat' dir='ltr'><strong>currimus,</strong></span> <span class='ocrx_word' id='word_1_316' title='bbox 1427 4159 1482 4205; x_wconf 90' lang='lat' dir='ltr'><strong>et</strong></span> <span class='ocrx_word' id='word_1_317' title='bbox 1512 4151 1820 4205; x_wconf 79' lang='lat' dir='ltr'><strong>nescientes</strong></span> <span class='ocrx_word' id='word_1_318' title='bbox 1842 4148 1911 4203; x_wconf 89' lang='lat' dir='ltr'><strong>ad</strong></span> 
     </span>
    </p>
   </div>
   <div class='ocr_carea' id='block_1_44' title="bbox 301 4241 1908 4312">
    <p class='ocr_par' dir='ltr' id='par_1_44' title="bbox 301 4241 1908 4312">
     <span class='ocr_line' id='line_1_44' title="bbox 301 4241 1908 4312; baseline -0.001 -13"><span class='ocrx_word' id='word_1_319' title='bbox 301 4243 502 4299; x_wconf 73' lang='lat' dir='ltr'><strong>mortis</strong></span> <span class='ocrx_word' id='word_1_320' title='bbox 557 4243 822 4298; x_wconf 85' lang='lat' dir='ltr'><strong>terminos</strong></span> <span class='ocrx_word' id='word_1_321' title='bbox 875 4243 1246 4312; x_wconf 69' lang='lat' dir='ltr'><strong>pervenimus.</strong></span> <span class='ocrx_word' id='word_1_322' title='bbox 1298 4241 1562 4311; x_wconf 73' lang='lat' dir='ltr'><strong>Quodque</strong></span> <span class='ocrx_word' id='word_1_323' title='bbox 1621 4243 1908 4312; x_wconf 77' lang='lat' dir='ltr'><strong>sequitur:</strong></span> 
     </span>
    </p>
   </div>
   <div class='ocr_carea' id='block_1_45' title="bbox 305 4335 1912 4408">
    <p class='ocr_par' dir='ltr' id='par_1_45' title="bbox 305 4335 1912 4408">
     <span class='ocr_line' id='line_1_45' title="bbox 305 4335 1912 4408; baseline 0.002 -19"><span class='ocrx_word' id='word_1_324' title='bbox 305 4338 416 4406; x_wconf 83' lang='lat' dir='ltr'><strong>Qui</strong></span> <span class='ocrx_word' id='word_1_325' title='bbox 433 4338 608 4391; x_wconf 85' lang='lat' dir='ltr'><strong>bilmnt</strong></span> <span class='ocrx_word' id='word_1_326' title='bbox 640 4337 949 4408; x_wconf 75' lang='lat' dir='ltr'><strong>defwcatum</strong></span> <span class='ocrx_word' id='word_1_327' title='bbox 969 4338 1168 4403; x_wconf 76' lang='lat' dir='ltr'><strong>uinum,</strong></span> <span class='ocrx_word' id='word_1_328' title='bbox 1189 4337 1404 4407; x_wconf 78' lang='lat' dir='ltr'><strong>proprie</strong></span> <span class='ocrx_word' id='word_1_329' title='bbox 1432 4337 1626 4393; x_wconf 75' lang='lat' dir='ltr'><strong>referri</strong></span> <span class='ocrx_word' id='word_1_330' title='bbox 1647 4335 1912 4394; x_wconf 57' lang='lat' dir='ltr'><strong>attinere-</strong></span> 
     </span>
    </p>
   </div>
   <div class='ocr_carea' id='block_1_46' title="bbox 305 4433 1915 4503">
    <p class='ocr_par' dir='ltr' id='par_1_46' title="bbox 305 4433 1915 4503">
     <span class='ocr_line' id='line_1_46' title="bbox 305 4433 1915 4503; baseline -0.001 -16"><span class='ocrx_word' id='word_1_331' title='bbox 305 4435 448 4489; x_wconf 87' lang='lat' dir='ltr'><strong>ticos</strong></span> <span class='ocrx_word' id='word_1_332' title='bbox 475 4444 677 4502; x_wconf 76' lang='lat' dir='ltr'><strong>petest,</strong></span> <span class='ocrx_word' id='word_1_333' title='bbox 714 4434 802 4503; x_wconf 84' lang='lat' dir='ltr'><strong>qui</strong></span> <span class='ocrx_word' id='word_1_334' title='bbox 831 4433 1094 4503; x_wconf 83' lang='lat' dir='ltr'><strong>quasdam</strong></span> <span class='ocrx_word' id='word_1_335' title='bbox 1127 4434 1432 4503; x_wconf 83' lang='lat' dir='ltr'><strong>scripturas</strong></span> <span class='ocrx_word' id='word_1_336' title='bbox 1466 4433 1722 4502; x_wconf 83' lang='lat' dir='ltr'><strong>probant,</strong></span> <span class='ocrx_word' id='word_1_337' title='bbox 1749 4447 1915 4503; x_wconf 83' lang='lat' dir='ltr'><strong>quas-</strong></span> 
     </span>
    </p>
   </div>
   <div class='ocr_carea' id='block_1_47' title="bbox 305 4525 1913 4596">
    <p class='ocr_par' dir='ltr' id='par_1_47' title="bbox 305 4525 1913 4596">
     <span class='ocr_line' id='line_1_47' title="bbox 305 4525 1913 4596; baseline -0.001 -15"><span class='ocrx_word' id='word_1_338' title='bbox 305 4527 432 4581; x_wconf 85' lang='lat' dir='ltr'><strong>dam</strong></span> <span class='ocrx_word' id='word_1_339' title='bbox 456 4528 773 4594; x_wconf 83' lang='lat' dir='ltr'><strong>reproliant,</strong></span> <span class='ocrx_word' id='word_1_340' title='bbox 802 4525 1058 4580; x_wconf 73' lang='lat' dir='ltr'><strong>deftecata</strong></span> <span class='ocrx_word' id='word_1_341' title='bbox 1077 4526 1364 4596; x_wconf 79' lang='lat' dir='ltr'><strong>cupientes</strong></span> <span class='ocrx_word' id='word_1_342' title='bbox 1392 4527 1518 4580; x_wconf 84' lang='lat' dir='ltr'><strong>vina</strong></span> <span class='ocrx_word' id='word_1_343' title='bbox 1536 4537 1726 4595; x_wconf 82' lang='lat' dir='ltr'><strong>potare</strong></span> <span class='ocrx_word' id='word_1_344' title='bbox 1754 4542 1764 4577; x_wconf 92' lang='lat'><strong>:</strong></span> <span class='ocrx_word' id='word_1_345' title='bbox 1791 4540 1913 4579; x_wconf 85' lang='lat' dir='ltr'><strong>cum</strong></span> 
     </span>
    </p>
   </div>
   <div class='ocr_carea' id='block_1_48' title="bbox 2000 509 3606 580">
    <p class='ocr_par' dir='ltr' id='par_1_48' title="bbox 2000 509 3606 580">
     <span class='ocr_line' id='line_1_48' title="bbox 2000 509 3606 580; baseline 0.001 -18"><span class='ocrx_word' id='word_1_346' title='bbox 2000 509 2127 564; x_wconf 91' lang='lat' dir='ltr'><strong>mihi</strong></span> <span class='ocrx_word' id='word_1_347' title='bbox 2155 511 2223 564; x_wconf 89' lang='lat' dir='ltr'><strong>ah</strong></span> <span class='ocrx_word' id='word_1_348' title='bbox 2257 510 2653 580; x_wconf 90' lang='lat' dir='ltr'><strong>interpretibus</strong></span> <span class='ocrx_word' id='word_1_349' title='bbox 2701 510 2964 572; x_wconf 78' lang='lat' dir='ltr'><strong>additum,</strong></span> <span class='ocrx_word' id='word_1_350' title='bbox 3007 509 3098 580; x_wconf 87' lang='lat' dir='ltr'><strong>qui</strong></span> <span class='ocrx_word' id='word_1_351' title='bbox 3152 510 3202 563; x_wconf 92' lang='lat' dir='ltr'><strong>in</strong></span> <span class='ocrx_word' id='word_1_352' title='bbox 3236 509 3606 578; x_wconf 63' lang='lat' dir='ltr'><strong>descriptione</strong></span> 
     </span>
    </p>
   </div>
   <div class='ocr_carea' id='block_1_49' title="bbox 1999 601 3606 673">
    <p class='ocr_par' dir='ltr' id='par_1_49' title="bbox 1999 601 3606 673">
     <span class='ocr_line' id='line_1_49' title="bbox 1999 601 3606 673; baseline 0.001 -18"><span class='ocrx_word' id='word_1_353' title='bbox 1999 601 2255 670; x_wconf 69' lang='lat' dir='ltr'><strong>luxurizr,</strong></span> <span class='ocrx_word' id='word_1_354' title='bbox 2300 612 2490 658; x_wconf 90' lang='lat' dir='ltr'><strong>contra</strong></span> <span class='ocrx_word' id='word_1_355' title='bbox 2521 602 2651 656; x_wconf 84' lang='lat' dir='ltr'><strong>vitia</strong></span> <span class='ocrx_word' id='word_1_356' title='bbox 2682 612 2737 657; x_wconf 87' lang='lat' dir='ltr'><strong>et</strong></span> <span class='ocrx_word' id='word_1_357' title='bbox 2786 602 3095 673; x_wconf 86' lang='lat' dir='ltr'><strong>voluptates</strong></span> <span class='ocrx_word' id='word_1_358' title='bbox 3125 602 3436 672; x_wconf 76' lang='lat' dir='ltr'><strong>huiusmodi</strong></span> <span class='ocrx_word' id='word_1_359' title='bbox 3480 619 3606 657; x_wconf 83' lang='lat' dir='ltr'><strong>sen-</strong></span> 
     </span>
    </p>
   </div>
   <div class='ocr_carea' id='block_1_50' title="bbox 2000 694 3604 765">
    <p class='ocr_par' dir='ltr' id='par_1_50' title="bbox 2000 694 3604 765">
     <span class='ocr_line' id='line_1_50' title="bbox 2000 694 3604 765; baseline 0.002 -19"><span class='ocrx_word' id='word_1_360' title='bbox 2000 694 2226 749; x_wconf 87' lang='lat' dir='ltr'><strong>tentiam</strong></span> <span class='ocrx_word' id='word_1_361' title='bbox 2264 694 2635 762; x_wconf 88' lang='lat' dir='ltr'><strong>protulerunt,</strong></span> <span class='ocrx_word' id='word_1_362' title='bbox 2685 703 2740 748; x_wconf 93' lang='lat' dir='ltr'><strong>ut</strong></span> <span class='ocrx_word' id='word_1_363' title='bbox 2797 710 2903 748; x_wconf 93' lang='lat' dir='ltr'><strong>non</strong></span> <span class='ocrx_word' id='word_1_364' title='bbox 2939 704 3220 750; x_wconf 87' lang='lat' dir='ltr'><strong>verterent</strong></span> <span class='ocrx_word' id='word_1_365' title='bbox 3271 696 3418 765; x_wconf 89' lang='lat' dir='ltr'><strong>quod</strong></span> <span class='ocrx_word' id='word_1_366' title='bbox 3471 697 3604 750; x_wconf 87' lang='lat' dir='ltr'><strong>scri-</strong></span> 
     </span>
    </p>
   </div>
   <div class='ocr_carea' id='block_1_51' title="bbox 1999 788 3599 860">
    <p class='ocr_par' dir='ltr' id='par_1_51' title="bbox 1999 788 3599 860">
     <span class='ocr_line' id='line_1_51' title="bbox 1999 788 3599 860; baseline 0.001 -19"><span class='ocrx_word' id='word_1_367' title='bbox 1999 799 2147 858; x_wconf 82' lang='lat' dir='ltr'><strong>ptum</strong></span> <span class='ocrx_word' id='word_1_368' title='bbox 2172 801 2308 857; x_wconf 86' lang='lat' dir='ltr'><strong>erat,</strong></span> <span class='ocrx_word' id='word_1_369' title='bbox 2336 789 2432 844; x_wconf 89' lang='lat' dir='ltr'><strong>sed</strong></span> <span class='ocrx_word' id='word_1_370' title='bbox 2457 788 2525 844; x_wconf 90' lang='lat' dir='ltr'><strong>de</strong></span> <span class='ocrx_word' id='word_1_371' title='bbox 2551 803 2670 856; x_wconf 83' lang='lat' dir='ltr'><strong>suo,</strong></span> <span class='ocrx_word' id='word_1_372' title='bbox 2696 788 2840 860; x_wconf 89' lang='lat' dir='ltr'><strong>quod</strong></span> <span class='ocrx_word' id='word_1_373' title='bbox 2867 789 2971 843; x_wconf 87' lang='lat' dir='ltr'><strong>sibi</strong></span> <span class='ocrx_word' id='word_1_374' title='bbox 2999 789 3296 858; x_wconf 87' lang='lat' dir='ltr'><strong>videretur,</strong></span> <span class='ocrx_word' id='word_1_375' title='bbox 3315 791 3599 859; x_wconf 89' lang='lat' dir='ltr'><strong>adderent,</strong></span> 
     </span>
    </p>
   </div>
   <div class='ocr_carea' id='block_1_52' title="bbox 2000 881 2492 937">
    <p class='ocr_par' dir='ltr' id='par_1_52' title="bbox 2000 881 2492 937">
     <span class='ocr_line' id='line_1_52' title="bbox 2000 881 2492 937; baseline 0 -3"><span class='ocrx_word' id='word_1_376' title='bbox 2000 881 2166 935; x_wconf 84' lang='lat' dir='ltr'><strong>immo</strong></span> <span class='ocrx_word' id='word_1_377' title='bbox 2197 891 2492 937; x_wconf 64' lang='lat' dir='ltr'><strong>nudarent.</strong></span> 
     </span>
    </p>
   </div>
   <div class='ocr_carea' id='block_1_53' title="bbox 2069 974 3601 1047">
    <p class='ocr_par' dir='ltr' id='par_1_53' title="bbox 2069 974 3601 1047">
     <span class='ocr_line' id='line_1_53' title="bbox 2069 974 3601 1047; baseline 0.001 -18"><span class='ocrx_word' id='word_1_378' title='bbox 2069 974 2248 1046; x_wconf 84' lang='lat' dir='ltr'><strong>(Vers.</strong></span> <span class='ocrx_word' id='word_1_379' title='bbox 2287 975 2318 1029; x_wconf 88' lang='lat'><strong>7</strong></span> <span class='ocrx_word' id='word_1_380' title='bbox 2347 975 2532 1046; x_wconf 85' lang='lat' dir='ltr'><strong>seqq.)</strong></span> <span class='ocrx_word' id='word_1_381' title='bbox 2564 977 2894 1046; x_wconf 81' lang='lat' dir='ltr'><strong>Quapropter</strong></span> <span class='ocrx_word' id='word_1_382' title='bbox 2925 989 3060 1028; x_wconf 88' lang='lat' dir='ltr'><strong>nunc</strong></span> <span class='ocrx_word' id='word_1_383' title='bbox 3091 974 3390 1047; x_wconf 84' lang='lat' dir='ltr'><strong>migrabunt</strong></span> <span class='ocrx_word' id='word_1_384' title='bbox 3423 977 3475 1028; x_wconf 86' lang='lat' dir='ltr'><strong>in</strong></span> <span class='ocrx_word' id='word_1_385' title='bbox 3513 992 3601 1030; x_wconf 80' lang='lat' dir='ltr'><strong>ca-</strong></span> 
     </span>
    </p>
   </div>
   <div class='ocr_carea' id='block_1_54' title="bbox 1998 1069 3596 1142">
    <p class='ocr_par' dir='ltr' id='par_1_54' title="bbox 1998 1069 3596 1142">
     <span class='ocr_line' id='line_1_54' title="bbox 1998 1069 3596 1142; baseline 0.002 -21"><span class='ocrx_word' id='word_1_386' title='bbox 1998 1069 2102 1139; x_wconf 86' lang='lat' dir='ltr'><strong>pite</strong></span> <span class='ocrx_word' id='word_1_387' title='bbox 2125 1071 2630 1140; x_wconf 86' lang='lat' dir='ltr'><strong>transmigrantium,</strong></span> <span class='ocrx_word' id='word_1_388' title='bbox 2657 1079 2704 1122; x_wconf 88' lang='lat' dir='ltr'><strong>et</strong></span> <span class='ocrx_word' id='word_1_389' title='bbox 2734 1070 2998 1138; x_wconf 80' lang='lat' dir='ltr'><strong>auferetur</strong></span> <span class='ocrx_word' id='word_1_390' title='bbox 3024 1071 3180 1142; x_wconf 83' lang='lat' dir='ltr'><strong>factio</strong></span> <span class='ocrx_word' id='word_1_391' title='bbox 3204 1071 3596 1124; x_wconf 81' lang='lat' dir='ltr'><strong>tascivientium.</strong></span> 
     </span>
    </p>
   </div>
   <div class='ocr_carea' id='block_1_55' title="bbox 1992 1162 3597 1232">
    <p class='ocr_par' dir='ltr' id='par_1_55' title="bbox 1992 1162 3597 1232">
     <span class='ocr_line' id='line_1_55' title="bbox 1992 1162 3597 1232; baseline 0.001 -16"><span class='ocrx_word' id='word_1_392' title='bbox 1992 1163 2202 1216; x_wconf 81' lang='lat' dir='ltr'><strong>.Iurarit</strong></span> <span class='ocrx_word' id='word_1_393' title='bbox 2251 1164 2502 1219; x_wconf 77' lang='lat' dir='ltr'><strong>Dominus</strong></span> <span class='ocrx_word' id='word_1_394' title='bbox 2552 1163 2689 1217; x_wconf 88' lang='lat' dir='ltr'><strong>Deus</strong></span> <span class='ocrx_word' id='word_1_395' title='bbox 2723 1165 2774 1218; x_wconf 92' lang='lat' dir='ltr'><strong>iu</strong></span> <span class='ocrx_word' id='word_1_396' title='bbox 2815 1166 2988 1219; x_wconf 85' lang='lat' dir='ltr'><strong>anima</strong></span> <span class='ocrx_word' id='word_1_397' title='bbox 3032 1182 3149 1232; x_wconf 87' lang='lat' dir='ltr'><strong>sua,</strong></span> <span class='ocrx_word' id='word_1_398' title='bbox 3182 1165 3306 1218; x_wconf 83' lang='lat' dir='ltr'><strong>dicit</strong></span> <span class='ocrx_word' id='word_1_399' title='bbox 3336 1162 3597 1218; x_wconf 83' lang='lat' dir='ltr'><strong>Dominus</strong></span> 
     </span>
    </p>
   </div>
   <div class='ocr_carea' id='block_1_56' title="bbox 1995 1256 3600 1333">
    <p class='ocr_par' dir='ltr' id='par_1_56' title="bbox 1995 1256 3600 1333">
     <span class='ocr_line' id='line_1_56' title="bbox 1995 1256 3600 1333; baseline 0 -21"><span class='ocrx_word' id='word_1_400' title='bbox 1995 1256 2136 1313; x_wconf 87' lang='lat' dir='ltr'><strong>Deus</strong></span> <span class='ocrx_word' id='word_1_401' title='bbox 2177 1262 2494 1313; x_wconf 72' lang='lat' dir='ltr'><strong>exercituum</strong></span> <span class='ocrx_word' id='word_1_402' title='bbox 2523 1276 2540 1313; x_wconf 88' lang='lat'><strong>:</strong></span> <span class='ocrx_word' id='word_1_403' title='bbox 2575 1258 2812 1313; x_wconf 84' lang='lat' dir='ltr'><strong>Detestor</strong></span> <span class='ocrx_word' id='word_1_404' title='bbox 2843 1276 2940 1333; x_wconf 87' lang='lat' dir='ltr'><strong>ego</strong></span> <span class='ocrx_word' id='word_1_405' title='bbox 2985 1259 3280 1331; x_wconf 73' lang='lat' dir='ltr'><strong>superbiam</strong></span> <span class='ocrx_word' id='word_1_406' title='bbox 3335 1257 3522 1323; x_wconf 78' lang='lat' dir='ltr'><strong>Iacob,</strong></span> <span class='ocrx_word' id='word_1_407' title='bbox 3553 1269 3600 1313; x_wconf 88' lang='lat' dir='ltr'><strong>et</strong></span> 
     </span>
    </p>
   </div>
   <div class='ocr_carea' id='block_1_57' title="bbox 1994 1351 3600 1423">
    <p class='ocr_par' dir='ltr' id='par_1_57' title="bbox 1994 1351 3600 1423">
     <span class='ocr_line' id='line_1_57' title="bbox 1994 1351 3600 1423; baseline 0.002 -19"><span class='ocrx_word' id='word_1_408' title='bbox 1994 1352 2175 1405; x_wconf 87' lang='lat' dir='ltr'><strong>domos</strong></span> <span class='ocrx_word' id='word_1_409' title='bbox 2196 1355 2308 1423; x_wconf 82' lang='lat' dir='ltr'><strong>ejus</strong></span> <span class='ocrx_word' id='word_1_410' title='bbox 2355 1353 2461 1418; x_wconf 85' lang='lat' dir='ltr'><strong>odi,</strong></span> <span class='ocrx_word' id='word_1_411' title='bbox 2492 1362 2536 1406; x_wconf 89' lang='lat' dir='ltr'><strong>et</strong></span> <span class='ocrx_word' id='word_1_412' title='bbox 2564 1353 2766 1406; x_wconf 67' lang='lat' dir='ltr'><strong>tradant</strong></span> <span class='ocrx_word' id='word_1_413' title='bbox 2791 1354 3049 1407; x_wconf 79' lang='lat' dir='ltr'><strong>civitatem</strong></span> <span class='ocrx_word' id='word_1_414' title='bbox 3073 1369 3188 1406; x_wconf 91' lang='lat' dir='ltr'><strong>cum</strong></span> <span class='ocrx_word' id='word_1_415' title='bbox 3220 1351 3600 1407; x_wconf 83' lang='lat' dir='ltr'><strong>habitatoribus</strong></span> 
     </span>
    </p>
   </div>
   <div class='ocr_carea' id='block_1_58' title="bbox 1993 1445 3597 1515">
    <p class='ocr_par' dir='ltr' id='par_1_58' title="bbox 1993 1445 3597 1515">
     <span class='ocr_line' id='line_1_58' title="bbox 1993 1445 3597 1515; baseline -0.001 -17"><span class='ocrx_word' id='word_1_416' title='bbox 1993 1446 2099 1499; x_wconf 85' lang='lat' dir='ltr'><strong>suis</strong></span> <span class='ocrx_word' id='word_1_417' title='bbox 2129 1460 2146 1498; x_wconf 92' lang='lat'><strong>:</strong></span> <span class='ocrx_word' id='word_1_418' title='bbox 2172 1445 2311 1512; x_wconf 88' lang='lat' dir='ltr'><strong>quod</strong></span> <span class='ocrx_word' id='word_1_419' title='bbox 2349 1446 2394 1498; x_wconf 88' lang='lat' dir='ltr'><strong>si</strong></span> <span class='ocrx_word' id='word_1_420' title='bbox 2423 1446 2608 1515; x_wconf 88' lang='lat' dir='ltr'><strong>reliqui</strong></span> <span class='ocrx_word' id='word_1_421' title='bbox 2641 1447 2831 1508; x_wconf 80' lang='lat' dir='ltr'><strong>fuerint</strong></span> <span class='ocrx_word' id='word_1_422' title='bbox 2871 1447 3043 1499; x_wconf 83' lang='lat' dir='ltr'><strong>decem</strong></span> <span class='ocrx_word' id='word_1_423' title='bbox 3076 1447 3172 1499; x_wconf 86' lang='lat' dir='ltr'><strong>viri</strong></span> <span class='ocrx_word' id='word_1_424' title='bbox 3211 1445 3265 1499; x_wconf 89' lang='lat' dir='ltr'><strong>in</strong></span> <span class='ocrx_word' id='word_1_425' title='bbox 3296 1447 3597 1509; x_wconf 86' lang='lat' dir='ltr'><strong>domouna,</strong></span> 
     </span>
    </p>
   </div>
   <div class='ocr_carea' id='block_1_59' title="bbox 1993 1538 3596 1609">
    <p class='ocr_par' dir='ltr' id='par_1_59' title="bbox 1993 1538 3596 1609">
     <span class='ocr_line' id='line_1_59' title="bbox 1993 1538 3596 1609; baseline 0.001 -18"><span class='ocrx_word' id='word_1_426' title='bbox 1993 1549 2039 1591; x_wconf 85' lang='lat' dir='ltr'><strong>et</strong></span> <span class='ocrx_word' id='word_1_427' title='bbox 2074 1538 2176 1609; x_wconf 86' lang='lat' dir='ltr'><strong>ipsi</strong></span> <span class='ocrx_word' id='word_1_428' title='bbox 2221 1538 2542 1604; x_wconf 84' lang='lat' dir='ltr'><strong>morientur;</strong></span> <span class='ocrx_word' id='word_1_429' title='bbox 2574 1549 2622 1592; x_wconf 90' lang='lat' dir='ltr'><strong>et</strong></span> <span class='ocrx_word' id='word_1_430' title='bbox 2648 1540 2794 1592; x_wconf 83' lang='lat' dir='ltr'><strong>tollet</strong></span> <span class='ocrx_word' id='word_1_431' title='bbox 2847 1555 2962 1592; x_wconf 88' lang='lat' dir='ltr'><strong>eum</strong></span> <span class='ocrx_word' id='word_1_432' title='bbox 3007 1539 3326 1609; x_wconf 85' lang='lat' dir='ltr'><strong>propinquus</strong></span> <span class='ocrx_word' id='word_1_433' title='bbox 3371 1556 3517 1603; x_wconf 82' lang='lat' dir='ltr'><strong>suus,</strong></span> <span class='ocrx_word' id='word_1_434' title='bbox 3548 1548 3596 1592; x_wconf 88' lang='lat' dir='ltr'><strong>et</strong></span> 
     </span>
    </p>
   </div>
   <div class='ocr_carea' id='block_1_60' title="bbox 1993 1630 3599 1701">
    <p class='ocr_par' dir='ltr' id='par_1_60' title="bbox 1993 1630 3599 1701">
     <span class='ocr_line' id='line_1_60' title="bbox 1993 1630 3599 1701; baseline 0.002 -20"><span class='ocrx_word' id='word_1_435' title='bbox 1993 1630 2256 1684; x_wconf 87' lang='lat' dir='ltr'><strong>comburet</strong></span> <span class='ocrx_word' id='word_1_436' title='bbox 2278 1647 2415 1698; x_wconf 89' lang='lat' dir='ltr'><strong>eum,</strong></span> <span class='ocrx_word' id='word_1_437' title='bbox 2450 1640 2500 1685; x_wconf 88' lang='lat' dir='ltr'><strong>ut</strong></span> <span class='ocrx_word' id='word_1_438' title='bbox 2524 1632 2704 1698; x_wconf 72' lang='lat' dir='ltr'><strong>efferat</strong></span> <span class='ocrx_word' id='word_1_439' title='bbox 2729 1649 2845 1684; x_wconf 89' lang='lat' dir='ltr'><strong>ossa</strong></span> <span class='ocrx_word' id='word_1_440' title='bbox 2882 1634 2946 1685; x_wconf 88' lang='lat' dir='ltr'><strong>de</strong></span> <span class='ocrx_word' id='word_1_441' title='bbox 2973 1633 3124 1686; x_wconf 85' lang='lat' dir='ltr'><strong>domo</strong></span> <span class='ocrx_word' id='word_1_442' title='bbox 3153 1649 3170 1696; x_wconf 86' lang='lat'><strong><em>;</em></strong></span> <span class='ocrx_word' id='word_1_443' title='bbox 3215 1643 3263 1686; x_wconf 88' lang='lat' dir='ltr'><strong>et</strong></span> <span class='ocrx_word' id='word_1_444' title='bbox 3289 1633 3424 1686; x_wconf 82' lang='lat' dir='ltr'><strong>dicet</strong></span> <span class='ocrx_word' id='word_1_445' title='bbox 3445 1635 3489 1686; x_wconf 86' lang='lat' dir='ltr'><strong>ci</strong></span> <span class='ocrx_word' id='word_1_446' title='bbox 3511 1633 3599 1701; x_wconf 86' lang='lat' dir='ltr'><strong>qui</strong></span> 
     </span>
    </p>
   </div>
   <div class='ocr_carea' id='block_1_61' title="bbox 1993 1722 3599 1798">
    <p class='ocr_par' dir='ltr' id='par_1_61' title="bbox 1993 1722 3599 1798">
     <span class='ocr_line' id='line_1_61' title="bbox 1993 1722 3599 1798; baseline 0.002 -24"><span class='ocrx_word' id='word_1_447' title='bbox 1993 1722 2047 1774; x_wconf 86' lang='lat' dir='ltr'><strong>in</strong></span> <span class='ocrx_word' id='word_1_448' title='bbox 2088 1723 2439 1792; x_wconf 79' lang='lat' dir='ltr'><strong>penetralibus</strong></span> <span class='ocrx_word' id='word_1_449' title='bbox 2468 1724 2650 1778; x_wconf 81' lang='lat' dir='ltr'><strong>domus</strong></span> <span class='ocrx_word' id='word_1_450' title='bbox 2701 1734 2778 1777; x_wconf 85' lang='lat' dir='ltr'><strong>est</strong></span> <span class='ocrx_word' id='word_1_451' title='bbox 2810 1741 2828 1779; x_wconf 94' lang='lat'><strong>:</strong></span> <span class='ocrx_word' id='word_1_452' title='bbox 2861 1723 3134 1794; x_wconf 67' lang='lat' dir='ltr'><strong>Numquid</strong></span> <span class='ocrx_word' id='word_1_453' title='bbox 3163 1724 3338 1778; x_wconf 83' lang='lat' dir='ltr'><strong>adhuc</strong></span> <span class='ocrx_word' id='word_1_454' title='bbox 3386 1726 3524 1798; x_wconf 76' lang='lat' dir='ltr'><strong>apud</strong></span> <span class='ocrx_word' id='word_1_455' title='bbox 3552 1735 3599 1778; x_wconf 85' lang='lat' dir='ltr'><strong>te</strong></span> 
     </span>
    </p>
   </div>
   <div class='ocr_carea' id='block_1_62' title="bbox 973 1814 3599 1887">
    <p class='ocr_par' dir='ltr' id='par_1_62' title="bbox 973 1814 3599 1887">
     <span class='ocr_line' id='line_1_62' title="bbox 973 1814 3599 1887; baseline 0 -16"><span class='ocrx_word' id='word_1_456' title='bbox 973 1818 1220 1886; x_wconf 81' lang='lat' dir='ltr'><strong>nihilque</strong></span> <span class='ocrx_word' id='word_1_457' title='bbox 1295 1816 1501 1871; x_wconf 81' lang='lat' dir='ltr'><strong>iaciunt</strong></span> <span class='ocrx_word' id='word_1_458' title='bbox 1560 1816 1666 1872; x_wconf 84' lang='lat' dir='ltr'><strong>nisi</strong></span> <span class='ocrx_word' id='word_1_459' title='bbox 1741 1816 1888 1886; x_wconf 90' lang='lat' dir='ltr'><strong>quod</strong></span> <span class='ocrx_word' id='word_1_460' title='bbox 1922 1822 1965 1880; x_wconf 70' lang='lat' dir='ltr'><strong>ﬁ</strong></span> <span class='ocrx_word' id='word_1_461' title='bbox 1995 1814 2114 1868; x_wconf 82' lang='lat' dir='ltr'><strong>est?</strong></span> <span class='ocrx_word' id='word_1_462' title='bbox 2143 1825 2188 1869; x_wconf 90' lang='lat' dir='ltr'><strong>ct</strong></span> <span class='ocrx_word' id='word_1_463' title='bbox 2211 1816 2559 1887; x_wconf 80' lang='lat' dir='ltr'><strong>respondebit,</strong></span> <span class='ocrx_word' id='word_1_464' title='bbox 2589 1817 2707 1886; x_wconf 84' lang='lat' dir='ltr'><strong>finis</strong></span> <span class='ocrx_word' id='word_1_465' title='bbox 2727 1825 2800 1871; x_wconf 87' lang='lat' dir='ltr'><strong>est</strong></span> <span class='ocrx_word' id='word_1_466' title='bbox 2825 1832 2846 1882; x_wconf 86' lang='lat'><strong><em>;</em></strong></span> <span class='ocrx_word' id='word_1_467' title='bbox 2875 1827 2922 1870; x_wconf 88' lang='lat' dir='ltr'><strong>et</strong></span> <span class='ocrx_word' id='word_1_468' title='bbox 2952 1817 3086 1870; x_wconf 85' lang='lat' dir='ltr'><strong>dicet</strong></span> <span class='ocrx_word' id='word_1_469' title='bbox 3113 1819 3160 1869; x_wconf 82' lang='lat' dir='ltr'><strong>ei</strong></span> <span class='ocrx_word' id='word_1_470' title='bbox 3193 1837 3206 1871; x_wconf 91' lang='lat'><strong>:</strong></span> <span class='ocrx_word' id='word_1_471' title='bbox 3244 1817 3400 1883; x_wconf 85' lang='lat' dir='ltr'><strong>Tace,</strong></span> <span class='ocrx_word' id='word_1_472' title='bbox 3426 1831 3471 1872; x_wconf 88' lang='lat' dir='ltr'><strong>et</strong></span> <span class='ocrx_word' id='word_1_473' title='bbox 3496 1835 3599 1871; x_wconf 86' lang='lat' dir='ltr'><strong>non</strong></span> 
     </span>
    </p>
   </div>
   <div class='ocr_carea' id='block_1_63' title="bbox 1991 1907 3599 1981">
    <p class='ocr_par' dir='ltr' id='par_1_63' title="bbox 1991 1907 3599 1981">
     <span class='ocr_line' id='line_1_63' title="bbox 1991 1907 3599 1981; baseline 0.004 -23"><span class='ocrx_word' id='word_1_474' title='bbox 1991 1907 2278 1961; x_wconf 82' lang='lat' dir='ltr'><strong>recorderis</strong></span> <span class='ocrx_word' id='word_1_475' title='bbox 2310 1910 2535 1962; x_wconf 86' lang='lat' dir='ltr'><strong>nominis</strong></span> <span class='ocrx_word' id='word_1_476' title='bbox 2570 1908 2797 1963; x_wconf 86' lang='lat' dir='ltr'><strong>Domini.</strong></span> <span class='ocrx_word' id='word_1_477' title='bbox 2822 1909 3003 1964; x_wconf 76' lang='lat' dir='ltr'><strong>LXX:</strong></span> <span class='ocrx_word' id='word_1_478' title='bbox 3034 1909 3318 1981; x_wconf 79' lang='lat' dir='ltr'><strong>Propterea</strong></span> <span class='ocrx_word' id='word_1_479' title='bbox 3349 1929 3487 1965; x_wconf 85' lang='lat' dir='ltr'><strong>nunc</strong></span> <span class='ocrx_word' id='word_1_480' title='bbox 3514 1929 3599 1964; x_wconf 86' lang='lat' dir='ltr'><strong>ca-</strong></span> 
     </span>
    </p>
   </div>
   <div class='ocr_carea' id='block_1_64' title="bbox 1993 2001 3600 2076">
    <p class='ocr_par' dir='ltr' id='par_1_64' title="bbox 1993 2001 3600 2076">
     <span class='ocr_line' id='line_1_64' title="bbox 1993 2001 3600 2076; baseline 0.004 -24"><span class='ocrx_word' id='word_1_481' title='bbox 1993 2001 2120 2069; x_wconf 77' lang='lat' dir='ltr'><strong>ptivi</strong></span> <span class='ocrx_word' id='word_1_482' title='bbox 2149 2011 2302 2055; x_wconf 86' lang='lat' dir='ltr'><strong>erunt</strong></span> <span class='ocrx_word' id='word_1_483' title='bbox 2321 2003 2548 2057; x_wconf 85' lang='lat' dir='ltr'><strong>abinitio</strong></span> <span class='ocrx_word' id='word_1_484' title='bbox 2565 2005 2801 2073; x_wconf 77' lang='lat' dir='ltr'><strong>fortium,</strong></span> <span class='ocrx_word' id='word_1_485' title='bbox 2823 2013 2868 2056; x_wconf 81' lang='lat' dir='ltr'><strong>et</strong></span> <span class='ocrx_word' id='word_1_486' title='bbox 2893 2005 3164 2074; x_wconf 76' lang='lat' dir='ltr'><strong>auferetur</strong></span> <span class='ocrx_word' id='word_1_487' title='bbox 3183 2005 3420 2060; x_wconf 82' lang='lat' dir='ltr'><strong>hinnitus</strong></span> <span class='ocrx_word' id='word_1_488' title='bbox 3443 2023 3600 2076; x_wconf 86' lang='lat' dir='ltr'><strong>equo-</strong></span> 
     </span>
    </p>
   </div>
   <div class='ocr_carea' id='block_1_65' title="bbox 1992 2093 3599 2168">
    <p class='ocr_par' dir='ltr' id='par_1_65' title="bbox 1992 2093 3599 2168">
     <span class='ocr_line' id='line_1_65' title="bbox 1992 2093 3599 2168; baseline 0.004 -23"><span class='ocrx_word' id='word_1_489' title='bbox 1992 2111 2108 2146; x_wconf 86' lang='lat' dir='ltr'><strong>rum</strong></span> <span class='ocrx_word' id='word_1_490' title='bbox 2156 2111 2224 2148; x_wconf 70' lang='grc' dir='ltr'><strong><em>επ</em></strong></span> <span class='ocrx_word' id='word_1_491' title='bbox 2253 2093 2548 2165; x_wconf 71' lang='lat' dir='ltr'><strong>Ephraim;</strong></span> <span class='ocrx_word' id='word_1_492' title='bbox 2579 2098 2706 2168; x_wconf 82' lang='lat' dir='ltr'><strong>quia</strong></span> <span class='ocrx_word' id='word_1_493' title='bbox 2737 2099 2940 2168; x_wconf 75' lang='lat' dir='ltr'><strong>juruvit</strong></span> <span class='ocrx_word' id='word_1_494' title='bbox 2982 2096 3239 2151; x_wconf 85' lang='lat' dir='ltr'><strong>Dominus</strong></span> <span class='ocrx_word' id='word_1_495' title='bbox 3288 2115 3380 2166; x_wconf 82' lang='lat' dir='ltr'><strong>per</strong></span> <span class='ocrx_word' id='word_1_496' title='bbox 3413 2110 3599 2153; x_wconf 85' lang='lat' dir='ltr'><strong>semet-</strong></span> 
     </span>
    </p>
   </div>
   <div class='ocr_carea' id='block_1_66' title="bbox 1995 2187 3601 2262">
    <p class='ocr_par' dir='ltr' id='par_1_66' title="bbox 1995 2187 3601 2262">
     <span class='ocr_line' id='line_1_66' title="bbox 1995 2187 3601 2262; baseline 0.002 -22"><span class='ocrx_word' id='word_1_497' title='bbox 1995 2187 2186 2256; x_wconf 79' lang='lat' dir='ltr'><strong>ipsum,</strong></span> <span class='ocrx_word' id='word_1_498' title='bbox 2221 2188 2346 2242; x_wconf 81' lang='lat' dir='ltr'><strong>dicit</strong></span> <span class='ocrx_word' id='word_1_499' title='bbox 2394 2188 2648 2243; x_wconf 80' lang='lat' dir='ltr'><strong>Dominus</strong></span> <span class='ocrx_word' id='word_1_500' title='bbox 2683 2189 2820 2244; x_wconf 84' lang='lat' dir='ltr'><strong>Deus</strong></span> <span class='ocrx_word' id='word_1_501' title='bbox 2842 2191 3127 2243; x_wconf 72' lang='lat' dir='ltr'><strong>uirtutum:</strong></span> <span class='ocrx_word' id='word_1_502' title='bbox 3157 2192 3280 2260; x_wconf 86' lang='lat' dir='ltr'><strong>quia</strong></span> <span class='ocrx_word' id='word_1_503' title='bbox 3299 2206 3394 2262; x_wconf 82' lang='lat' dir='ltr'><strong>ego</strong></span> <span class='ocrx_word' id='word_1_504' title='bbox 3415 2192 3601 2244; x_wconf 82' lang='lat' dir='ltr'><strong>abomi-</strong></span> 
     </span>
    </p>
   </div>
   <div class='ocr_carea' id='block_1_67' title="bbox 1993 2281 3600 2354">
    <p class='ocr_par' dir='ltr' id='par_1_67' title="bbox 1993 2281 3600 2354">
     <span class='ocr_line' id='line_1_67' title="bbox 1993 2281 3600 2354; baseline 0.001 -19"><span class='ocrx_word' id='word_1_505' title='bbox 1993 2281 2156 2336; x_wconf 79' lang='lat' dir='ltr'><strong>nabor</strong></span> <span class='ocrx_word' id='word_1_506' title='bbox 2177 2297 2380 2335; x_wconf 78' lang='lat' dir='ltr'><strong>eninem</strong></span> <span class='ocrx_word' id='word_1_507' title='bbox 2410 2284 2777 2337; x_wconf 75' lang='lat' dir='ltr'><strong>contumeliam</strong></span> <span class='ocrx_word' id='word_1_508' title='bbox 2799 2283 2988 2350; x_wconf 71' lang='lat' dir='ltr'><strong>Iacob,</strong></span> <span class='ocrx_word' id='word_1_509' title='bbox 3019 2294 3065 2338; x_wconf 88' lang='lat' dir='ltr'><strong>et</strong></span> <span class='ocrx_word' id='word_1_510' title='bbox 3093 2285 3327 2354; x_wconf 74' lang='lat' dir='ltr'><strong>regiones</strong></span> <span class='ocrx_word' id='word_1_511' title='bbox 3349 2287 3467 2349; x_wconf 74' lang='lat' dir='ltr'><strong>eius</strong></span> <span class='ocrx_word' id='word_1_512' title='bbox 3489 2283 3600 2348; x_wconf 88' lang='lat' dir='ltr'><strong>adi,</strong></span> 
     </span>
    </p>
   </div>
   <div class='ocr_carea' id='block_1_68' title="bbox 1994 2375 3599 2442">
    <p class='ocr_par' dir='ltr' id='par_1_68' title="bbox 1994 2375 3599 2442">
     <span class='ocr_line' id='line_1_68' title="bbox 1994 2375 3599 2442; baseline 0.002 -18"><span class='ocrx_word' id='word_1_513' title='bbox 1994 2377 2297 2442; x_wconf 74' lang='lat' dir='ltr'><strong>erattferam</strong></span> <span class='ocrx_word' id='word_1_514' title='bbox 2335 2376 2596 2428; x_wconf 76' lang='lat' dir='ltr'><strong>ciuitatem</strong></span> <span class='ocrx_word' id='word_1_515' title='bbox 2619 2391 2737 2428; x_wconf 80' lang='lat' dir='ltr'><strong>cum</strong></span> <span class='ocrx_word' id='word_1_516' title='bbox 2774 2375 3010 2429; x_wconf 78' lang='lat' dir='ltr'><strong>omnibus</strong></span> <span class='ocrx_word' id='word_1_517' title='bbox 3045 2375 3424 2429; x_wconf 78' lang='lat' dir='ltr'><strong>habitatoribus</strong></span> <span class='ocrx_word' id='word_1_518' title='bbox 3468 2376 3599 2429; x_wconf 87' lang='lat' dir='ltr'><strong>suis.</strong></span> 
     </span>
    </p>
   </div>
   <div class='ocr_carea' id='block_1_69' title="bbox 1993 2463 3597 2538">
    <p class='ocr_par' dir='ltr' id='par_1_69' title="bbox 1993 2463 3597 2538">
     <span class='ocr_line' id='line_1_69' title="bbox 1993 2463 3597 2538; baseline 0.001 -21"><span class='ocrx_word' id='word_1_519' title='bbox 1993 2464 2156 2538; x_wconf 66' lang='lat'><strong>315</strong></span> <span class='ocrx_word' id='word_1_520' title='bbox 2188 2463 2254 2518; x_wconf 80' lang='lat' dir='ltr'><strong>Et</strong></span> <span class='ocrx_word' id='word_1_521' title='bbox 2283 2466 2398 2531; x_wconf 88' lang='lat' dir='ltr'><strong>erit,</strong></span> <span class='ocrx_word' id='word_1_522' title='bbox 2423 2467 2468 2519; x_wconf 91' lang='lat' dir='ltr'><strong>si</strong></span> <span class='ocrx_word' id='word_1_523' title='bbox 2503 2468 2850 2520; x_wconf 82' lang='lat' dir='ltr'><strong>remanserint</strong></span> <span class='ocrx_word' id='word_1_524' title='bbox 2877 2468 3051 2520; x_wconf 76' lang='lat' dir='ltr'><strong>decem</strong></span> <span class='ocrx_word' id='word_1_525' title='bbox 3079 2468 3181 2520; x_wconf 76' lang='lat' dir='ltr'><strong>uiri</strong></span> <span class='ocrx_word' id='word_1_526' title='bbox 3199 2469 3256 2521; x_wconf 82' lang='lat' dir='ltr'><strong>in</strong></span> <span class='ocrx_word' id='word_1_527' title='bbox 3285 2467 3442 2521; x_wconf 87' lang='lat' dir='ltr'><strong>domo</strong></span> <span class='ocrx_word' id='word_1_528' title='bbox 3473 2484 3597 2532; x_wconf 85' lang='lat' dir='ltr'><strong>una,</strong></span> 
     </span>
    </p>
   </div>
   <div class='ocr_carea' id='block_1_70' title="bbox 1996 2561 3601 2635">
    <p class='ocr_par' dir='ltr' id='par_1_70' title="bbox 1996 2561 3601 2635">
     <span class='ocr_line' id='line_1_70' title="bbox 1996 2561 3601 2635; baseline 0.001 -22"><span class='ocrx_word' id='word_1_529' title='bbox 1996 2570 2044 2613; x_wconf 89' lang='lat' dir='ltr'><strong>et</strong></span> <span class='ocrx_word' id='word_1_530' title='bbox 2077 2562 2268 2614; x_wconf 80' lang='lat' dir='ltr'><strong>mortui</strong></span> <span class='ocrx_word' id='word_1_531' title='bbox 2291 2563 2483 2630; x_wconf 66' lang='lat' dir='ltr'><strong>ﬁsci-int</strong></span> <span class='ocrx_word' id='word_1_532' title='bbox 2511 2578 2529 2628; x_wconf 84' lang='lat'><strong>,&#39;</strong></span> <span class='ocrx_word' id='word_1_533' title='bbox 2554 2570 2599 2614; x_wconf 88' lang='lat' dir='ltr'><strong>et</strong></span> <span class='ocrx_word' id='word_1_534' title='bbox 2643 2561 2830 2616; x_wconf 81' lang='lat' dir='ltr'><strong>tollent</strong></span> <span class='ocrx_word' id='word_1_535' title='bbox 2864 2563 3140 2616; x_wconf 71' lang='lat' dir='ltr'><strong>domestici</strong></span> <span class='ocrx_word' id='word_1_536' title='bbox 3186 2567 3322 2635; x_wconf 77' lang='lat' dir='ltr'><strong>ejus,</strong></span> <span class='ocrx_word' id='word_1_537' title='bbox 3353 2574 3398 2616; x_wconf 86' lang='lat' dir='ltr'><strong>et</strong></span> <span class='ocrx_word' id='word_1_538' title='bbox 3444 2581 3601 2616; x_wconf 84' lang='lat' dir='ltr'><strong>cona-</strong></span> 
     </span>
    </p>
   </div>
   <div class='ocr_carea' id='block_1_71' title="bbox 1996 2650 3600 2723">
    <p class='ocr_par' dir='ltr' id='par_1_71' title="bbox 1996 2650 3600 2723">
     <span class='ocr_line' id='line_1_71' title="bbox 1996 2650 3600 2723; baseline 0.003 -20"><span class='ocrx_word' id='word_1_539' title='bbox 1996 2650 2184 2705; x_wconf 70' lang='lat' dir='ltr'><strong>buntur</strong></span> <span class='ocrx_word' id='word_1_540' title='bbox 2210 2661 2264 2704; x_wconf 83' lang='lat' dir='ltr'><strong>ut</strong></span> <span class='ocrx_word' id='word_1_541' title='bbox 2281 2657 2519 2723; x_wconf 71' lang='lat' dir='ltr'><strong>auferant</strong></span> <span class='ocrx_word' id='word_1_542' title='bbox 2566 2669 2684 2708; x_wconf 82' lang='lat' dir='ltr'><strong>ossa</strong></span> <span class='ocrx_word' id='word_1_543' title='bbox 2713 2671 2896 2708; x_wconf 83' lang='lat' dir='ltr'><strong>eorum</strong></span> <span class='ocrx_word' id='word_1_544' title='bbox 2919 2655 2984 2708; x_wconf 88' lang='lat' dir='ltr'><strong>de</strong></span> <span class='ocrx_word' id='word_1_545' title='bbox 3011 2653 3204 2720; x_wconf 86' lang='lat' dir='ltr'><strong>domo;</strong></span> <span class='ocrx_word' id='word_1_546' title='bbox 3233 2663 3286 2708; x_wconf 78' lang='lat' dir='ltr'><strong>et</strong></span> <span class='ocrx_word' id='word_1_547' title='bbox 3320 2655 3494 2709; x_wconf 81' lang='lat' dir='ltr'><strong>dicent</strong></span> <span class='ocrx_word' id='word_1_548' title='bbox 3517 2654 3600 2708; x_wconf 81' lang='lat' dir='ltr'><strong>Itis</strong></span> 
     </span>
    </p>
   </div>
   <div class='ocr_carea' id='block_1_72' title="bbox 1997 2747 3602 2819">
    <p class='ocr_par' dir='ltr' id='par_1_72' title="bbox 1997 2747 3602 2819">
     <span class='ocr_line' id='line_1_72' title="bbox 1997 2747 3602 2819; baseline 0.002 -22"><span class='ocrx_word' id='word_1_549' title='bbox 1997 2748 2085 2814; x_wconf 89' lang='lat' dir='ltr'><strong>qui</strong></span> <span class='ocrx_word' id='word_1_550' title='bbox 2108 2757 2342 2818; x_wconf 74' lang='lat' dir='ltr'><strong>prorsum</strong></span> <span class='ocrx_word' id='word_1_551' title='bbox 2362 2748 2838 2802; x_wconf 72' lang='lat' dir='ltr'><strong>domui:Siadhuc</strong></span> <span class='ocrx_word' id='word_1_552' title='bbox 2867 2758 2940 2801; x_wconf 87' lang='lat' dir='ltr'><strong>est</strong></span> <span class='ocrx_word' id='word_1_553' title='bbox 2958 2748 3108 2819; x_wconf 79' lang='lat' dir='ltr'><strong>apud</strong></span> <span class='ocrx_word' id='word_1_554' title='bbox 3126 2755 3174 2800; x_wconf 88' lang='lat' dir='ltr'><strong>te</strong></span> <span class='ocrx_word' id='word_1_555' title='bbox 3205 2749 3306 2801; x_wconf 80' lang='lat' dir='ltr'><strong>?et&#39;</strong></span> <span class='ocrx_word' id='word_1_556' title='bbox 3328 2747 3483 2812; x_wconf 83' lang='lat' dir='ltr'><strong>dicet,</strong></span> <span class='ocrx_word' id='word_1_557' title='bbox 3515 2765 3602 2800; x_wconf 81' lang='lat' dir='ltr'><strong>ne—</strong></span> 
     </span>
    </p>
   </div>
   <div class='ocr_carea' id='block_1_73' title="bbox 1997 2838 3601 2911">
    <p class='ocr_par' dir='ltr' id='par_1_73' title="bbox 1997 2838 3601 2911">
     <span class='ocr_line' id='line_1_73' title="bbox 1997 2838 3601 2911; baseline -0.001 -18"><span class='ocrx_word' id='word_1_558' title='bbox 1997 2849 2358 2911; x_wconf 78' lang='lat' dir='ltr'><strong>quaqumn;ct</strong></span> <span class='ocrx_word' id='word_1_559' title='bbox 2393 2841 2548 2907; x_wconf 87' lang='lat' dir='ltr'><strong>dicet,</strong></span> <span class='ocrx_word' id='word_1_560' title='bbox 2572 2839 2730 2908; x_wconf 84' lang='lat' dir='ltr'><strong>Tace,</strong></span> <span class='ocrx_word' id='word_1_561' title='bbox 2765 2858 2860 2895; x_wconf 82' lang='lat' dir='ltr'><strong>nec</strong></span> <span class='ocrx_word' id='word_1_562' title='bbox 2885 2842 3116 2895; x_wconf 82' lang='lat' dir='ltr'><strong>nomines</strong></span> <span class='ocrx_word' id='word_1_563' title='bbox 3151 2857 3336 2895; x_wconf 83' lang='lat' dir='ltr'><strong>nomen</strong></span> <span class='ocrx_word' id='word_1_564' title='bbox 3367 2838 3601 2894; x_wconf 73' lang='lat' dir='ltr'><strong>Domini.</strong></span> 
     </span>
    </p>
   </div>
   <div class='ocr_carea' id='block_1_74' title="bbox 2002 2933 3606 3004">
    <p class='ocr_par' dir='ltr' id='par_1_74' title="bbox 2002 2933 3606 3004">
     <span class='ocr_line' id='line_1_74' title="bbox 2002 2933 3606 3004; baseline -0.001 -16"><span class='ocrx_word' id='word_1_565' title='bbox 2002 2933 2236 3004; x_wconf 70' lang='lat' dir='ltr'><strong>Propter</strong></span> <span class='ocrx_word' id='word_1_566' title='bbox 2262 2938 2574 3002; x_wconf 81' lang='lat' dir='ltr'><strong>superiores</strong></span> <span class='ocrx_word' id='word_1_567' title='bbox 2621 2947 2814 2987; x_wconf 83' lang='lat' dir='ltr'><strong>causas</strong></span> <span class='ocrx_word' id='word_1_568' title='bbox 2841 2949 2976 3004; x_wconf 86' lang='lat' dir='ltr'><strong>quas</strong></span> <span class='ocrx_word' id='word_1_569' title='bbox 3009 2936 3362 3001; x_wconf 79' lang='lat' dir='ltr'><strong>propheticus</strong></span> <span class='ocrx_word' id='word_1_570' title='bbox 3418 2948 3606 2988; x_wconf 77' lang='lat' dir='ltr'><strong>sermo</strong></span> 
     </span>
    </p>
   </div>
   <div class='ocr_carea' id='block_1_75' title="bbox 2001 3027 3608 3099">
    <p class='ocr_par' dir='ltr' id='par_1_75' title="bbox 2001 3027 3608 3099">
     <span class='ocr_line' id='line_1_75' title="bbox 2001 3027 3608 3099; baseline -0.001 -16"><span class='ocrx_word' id='word_1_571' title='bbox 2001 3029 2268 3084; x_wconf 80' lang='lat' dir='ltr'><strong>describit</strong></span> <span class='ocrx_word' id='word_1_572' title='bbox 2302 3029 2518 3099; x_wconf 86' lang='lat' dir='ltr'><strong>(eorum</strong></span> <span class='ocrx_word' id='word_1_573' title='bbox 2547 3029 2636 3098; x_wconf 91' lang='lat' dir='ltr'><strong>qui</strong></span> <span class='ocrx_word' id='word_1_574' title='bbox 2660 3028 2942 3083; x_wconf 86' lang='lat' dir='ltr'><strong>dormiunt</strong></span> <span class='ocrx_word' id='word_1_575' title='bbox 2974 3028 3027 3083; x_wconf 89' lang='lat' dir='ltr'><strong>in</strong></span> <span class='ocrx_word' id='word_1_576' title='bbox 3063 3028 3220 3084; x_wconf 82' lang='lat' dir='ltr'><strong>lectis</strong></span> <span class='ocrx_word' id='word_1_577' title='bbox 3239 3027 3519 3092; x_wconf 81' lang='lat' dir='ltr'><strong>eburneis,</strong></span> <span class='ocrx_word' id='word_1_578' title='bbox 3553 3036 3608 3082; x_wconf 90' lang='lat' dir='ltr'><strong>et</strong></span> 
     </span>
    </p>
   </div>
   <div class='ocr_carea' id='block_1_76' title="bbox 2003 3121 3609 3194">
    <p class='ocr_par' dir='ltr' id='par_1_76' title="bbox 2003 3121 3609 3194">
     <span class='ocr_line' id='line_1_76' title="bbox 2003 3121 3609 3194; baseline 0.001 -17"><span class='ocrx_word' id='word_1_579' title='bbox 2003 3121 2301 3178; x_wconf 78' lang='lat' dir='ltr'><strong>lasciviunt</strong></span> <span class='ocrx_word' id='word_1_580' title='bbox 2327 3123 2382 3177; x_wconf 90' lang='lat' dir='ltr'><strong>in</strong></span> <span class='ocrx_word' id='word_1_581' title='bbox 2411 3123 2616 3188; x_wconf 81' lang='lat' dir='ltr'><strong>stratis,</strong></span> <span class='ocrx_word' id='word_1_582' title='bbox 2647 3132 2702 3178; x_wconf 87' lang='lat' dir='ltr'><strong>et</strong></span> <span class='ocrx_word' id='word_1_583' title='bbox 2724 3123 3019 3179; x_wconf 85' lang='lat' dir='ltr'><strong>comedunt</strong></span> <span class='ocrx_word' id='word_1_584' title='bbox 3045 3138 3214 3194; x_wconf 85' lang='lat' dir='ltr'><strong>agnos</strong></span> <span class='ocrx_word' id='word_1_585' title='bbox 3238 3123 3305 3176; x_wconf 86' lang='lat' dir='ltr'><strong>de</strong></span> <span class='ocrx_word' id='word_1_586' title='bbox 3347 3138 3532 3194; x_wconf 82' lang='lat' dir='ltr'><strong>grege,</strong></span> <span class='ocrx_word' id='word_1_587' title='bbox 3553 3131 3609 3178; x_wconf 88' lang='lat' dir='ltr'><strong>et</strong></span> 
     </span>
    </p>
   </div>
   <div class='ocr_carea' id='block_1_77' title="bbox 1928 3213 3607 3284">
    <p class='ocr_par' dir='ltr' id='par_1_77' title="bbox 1928 3213 3607 3284">
     <span class='ocr_line' id='line_1_77' title="bbox 1928 3213 3607 3284; baseline 0 -17"><span class='ocrx_word' id='word_1_588' title='bbox 1928 3213 1978 3282; x_wconf 75' lang='grc' dir='ltr'><strong>ο</strong></span> <span class='ocrx_word' id='word_1_589' title='bbox 2006 3215 2204 3269; x_wconf 78' lang='lat' dir='ltr'><strong>vitulos</strong></span> <span class='ocrx_word' id='word_1_590' title='bbox 2233 3213 2302 3269; x_wconf 83' lang='lat' dir='ltr'><strong>de</strong></span> <span class='ocrx_word' id='word_1_591' title='bbox 2345 3213 2528 3270; x_wconf 80' lang='lat' dir='ltr'><strong>medio</strong></span> <span class='ocrx_word' id='word_1_592' title='bbox 2555 3215 2812 3279; x_wconf 79' lang='lat' dir='ltr'><strong>armenti,</strong></span> <span class='ocrx_word' id='word_1_593' title='bbox 2843 3222 3123 3270; x_wconf 81' lang='lat' dir='ltr'><strong>etcanunt</strong></span> <span class='ocrx_word' id='word_1_594' title='bbox 3151 3215 3428 3269; x_wconf 71' lang='lat' dir='ltr'><strong>sti-vocem</strong></span> <span class='ocrx_word' id='word_1_595' title='bbox 3457 3215 3607 3284; x_wconf 85' lang='lat' dir='ltr'><strong>psal-</strong></span> 
     </span>
    </p>
   </div>
   <div class='ocr_carea' id='block_1_78' title="bbox 2010 3308 3610 3379">
    <p class='ocr_par' dir='ltr' id='par_1_78' title="bbox 2010 3308 3610 3379">
     <span class='ocr_line' id='line_1_78' title="bbox 2010 3308 3610 3379; baseline 0.001 -17"><span class='ocrx_word' id='word_1_596' title='bbox 2010 3309 2132 3364; x_wconf 90' lang='lat' dir='ltr'><strong>terii</strong></span> <span class='ocrx_word' id='word_1_597' title='bbox 2162 3317 2219 3364; x_wconf 92' lang='lat' dir='ltr'><strong>et</strong></span> <span class='ocrx_word' id='word_1_598' title='bbox 2248 3308 2437 3363; x_wconf 87' lang='lat' dir='ltr'><strong>bibunt</strong></span> <span class='ocrx_word' id='word_1_599' title='bbox 2464 3310 2518 3363; x_wconf 87' lang='lat' dir='ltr'><strong>in</strong></span> <span class='ocrx_word' id='word_1_600' title='bbox 2549 3309 2770 3379; x_wconf 85' lang='lat' dir='ltr'><strong>pbiaiis,</strong></span> <span class='ocrx_word' id='word_1_601' title='bbox 2803 3318 2858 3364; x_wconf 88' lang='lat' dir='ltr'><strong>et</strong></span> <span class='ocrx_word' id='word_1_602' title='bbox 2887 3309 3100 3379; x_wconf 82' lang='lat' dir='ltr'><strong>optimo</strong></span> <span class='ocrx_word' id='word_1_603' title='bbox 3154 3319 3442 3379; x_wconf 81' lang='lat' dir='ltr'><strong>unguento</strong></span> <span class='ocrx_word' id='word_1_604' title='bbox 3471 3310 3610 3365; x_wconf 72' lang='lat' dir='ltr'><strong>deii-</strong></span> 
     </span>
    </p>
   </div>
   <div class='ocr_carea' id='block_1_79' title="bbox 2007 3401 3610 3472">
    <p class='ocr_par' dir='ltr' id='par_1_79' title="bbox 2007 3401 3610 3472">
     <span class='ocr_line' id='line_1_79' title="bbox 2007 3401 3610 3472; baseline 0.001 -17"><span class='ocrx_word' id='word_1_605' title='bbox 2007 3401 2120 3456; x_wconf 87' lang='lat' dir='ltr'><strong>buti</strong></span> <span class='ocrx_word' id='word_1_606' title='bbox 2155 3414 2302 3464; x_wconf 86' lang='lat' dir='ltr'><strong>sunt,</strong></span> <span class='ocrx_word' id='word_1_607' title='bbox 2337 3413 2390 3456; x_wconf 87' lang='lat' dir='ltr'><strong>et</strong></span> <span class='ocrx_word' id='word_1_608' title='bbox 2419 3402 2652 3472; x_wconf 86' lang='lat' dir='ltr'><strong>insuper</strong></span> <span class='ocrx_word' id='word_1_609' title='bbox 2705 3402 2840 3456; x_wconf 84' lang='lat' dir='ltr'><strong>nihil</strong></span> <span class='ocrx_word' id='word_1_610' title='bbox 2896 3402 3175 3472; x_wconf 87' lang='lat' dir='ltr'><strong>patiuntur</strong></span> <span class='ocrx_word' id='word_1_611' title='bbox 3206 3416 3374 3472; x_wconf 84' lang='lat' dir='ltr'><strong>super</strong></span> <span class='ocrx_word' id='word_1_612' title='bbox 3399 3403 3610 3457; x_wconf 79' lang='lat' dir='ltr'><strong>contri-</strong></span> 
     </span>
    </p>
   </div>
   <div class='ocr_carea' id='block_1_80' title="bbox 2008 3494 3610 3566">
    <p class='ocr_par' dir='ltr' id='par_1_80' title="bbox 2008 3494 3610 3566">
     <span class='ocr_line' id='line_1_80' title="bbox 2008 3494 3610 3566; baseline 0.002 -18"><span class='ocrx_word' id='word_1_613' title='bbox 2008 3495 2158 3551; x_wconf 84' lang='lat' dir='ltr'><strong>tione</strong></span> <span class='ocrx_word' id='word_1_614' title='bbox 2214 3495 2394 3565; x_wconf 87' lang='lat' dir='ltr'><strong>populi</strong></span> <span class='ocrx_word' id='word_1_615' title='bbox 2439 3496 2578 3564; x_wconf 78' lang='lat' dir='ltr'><strong>ejus,</strong></span> <span class='ocrx_word' id='word_1_616' title='bbox 2612 3495 2702 3566; x_wconf 91' lang='lat' dir='ltr'><strong>qui</strong></span> <span class='ocrx_word' id='word_1_617' title='bbox 2755 3495 2824 3550; x_wconf 85' lang='lat' dir='ltr'><strong>de</strong></span> <span class='ocrx_word' id='word_1_618' title='bbox 2850 3494 3056 3565; x_wconf 78' lang='lat' dir='ltr'><strong>leseph</strong></span> <span class='ocrx_word' id='word_1_619' title='bbox 3101 3497 3278 3566; x_wconf 86' lang='lat' dir='ltr'><strong>stirpe</strong></span> <span class='ocrx_word' id='word_1_620' title='bbox 3312 3506 3610 3566; x_wconf 72' lang='lat' dir='ltr'><strong>gener-atus</strong></span> 
     </span>
    </p>
   </div>
   <div class='ocr_carea' id='block_1_81' title="bbox 2008 3590 3612 3660">
    <p class='ocr_par' dir='ltr' id='par_1_81' title="bbox 2008 3590 3612 3660">
     <span class='ocr_line' id='line_1_81' title="bbox 2008 3590 3612 3660; baseline 0 -14"><span class='ocrx_word' id='word_1_621' title='bbox 2008 3592 2118 3660; x_wconf 90' lang='lat' dir='ltr'><strong>est)</strong></span> <span class='ocrx_word' id='word_1_622' title='bbox 2151 3632 2164 3656; x_wconf 95' lang='lat'><strong>,</strong></span> <span class='ocrx_word' id='word_1_623' title='bbox 2193 3606 2337 3645; x_wconf 87' lang='lat' dir='ltr'><strong>nunc</strong></span> <span class='ocrx_word' id='word_1_624' title='bbox 2369 3590 2630 3645; x_wconf 88' lang='lat' dir='ltr'><strong>Dominus</strong></span> <span class='ocrx_word' id='word_1_625' title='bbox 2685 3590 3081 3657; x_wconf 83' lang='lat' dir='ltr'><strong>comminatur,</strong></span> <span class='ocrx_word' id='word_1_626' title='bbox 3134 3601 3188 3645; x_wconf 90' lang='lat' dir='ltr'><strong>et</strong></span> <span class='ocrx_word' id='word_1_627' title='bbox 3234 3591 3363 3646; x_wconf 83' lang='lat' dir='ltr'><strong>dicit</strong></span> <span class='ocrx_word' id='word_1_628' title='bbox 3402 3608 3414 3644; x_wconf 92' lang='lat'><strong>:</strong></span> <span class='ocrx_word' id='word_1_629' title='bbox 3472 3590 3612 3658; x_wconf 83' lang='lat' dir='ltr'><strong>Quia</strong></span> 
     </span>
    </p>
   </div>
   <div class='ocr_carea' id='block_1_82' title="bbox 2011 3682 3615 3753">
    <p class='ocr_par' dir='ltr' id='par_1_82' title="bbox 2011 3682 3615 3753">
     <span class='ocr_line' id='line_1_82' title="bbox 2011 3682 3615 3753; baseline 0 -16"><span class='ocrx_word' id='word_1_630' title='bbox 2011 3684 2112 3737; x_wconf 87' lang='lat' dir='ltr'><strong>ista</strong></span> <span class='ocrx_word' id='word_1_631' title='bbox 2145 3694 2200 3739; x_wconf 86' lang='lat' dir='ltr'><strong>et</strong></span> <span class='ocrx_word' id='word_1_632' title='bbox 2225 3685 2326 3738; x_wconf 90' lang='lat' dir='ltr'><strong>ista</strong></span> <span class='ocrx_word' id='word_1_633' title='bbox 2355 3684 2622 3752; x_wconf 86' lang='lat' dir='ltr'><strong>fecerunt,</strong></span> <span class='ocrx_word' id='word_1_634' title='bbox 2647 3698 2790 3738; x_wconf 88' lang='lat' dir='ltr'><strong>nunc</strong></span> <span class='ocrx_word' id='word_1_635' title='bbox 2813 3682 3129 3753; x_wconf 82' lang='lat' dir='ltr'><strong>migrabunt</strong></span> <span class='ocrx_word' id='word_1_636' title='bbox 3156 3683 3209 3738; x_wconf 92' lang='lat' dir='ltr'><strong>in</strong></span> <span class='ocrx_word' id='word_1_637' title='bbox 3237 3685 3416 3753; x_wconf 84' lang='lat' dir='ltr'><strong>capite</strong></span> <span class='ocrx_word' id='word_1_638' title='bbox 3439 3693 3615 3737; x_wconf 88' lang='lat' dir='ltr'><strong>trans—</strong></span> 
     </span>
    </p>
   </div>
   <div class='ocr_carea' id='block_1_83' title="bbox 2011 3775 3613 3848">
    <p class='ocr_par' dir='ltr' id='par_1_83' title="bbox 2011 3775 3613 3848">
     <span class='ocr_line' id='line_1_83' title="bbox 2011 3775 3613 3848; baseline 0.002 -19"><span class='ocrx_word' id='word_1_639' title='bbox 2011 3777 2391 3845; x_wconf 86' lang='lat' dir='ltr'><strong>migrantiutu.</strong></span> <span class='ocrx_word' id='word_1_640' title='bbox 2417 3776 2488 3830; x_wconf 77' lang='lat' dir='ltr'><strong>Et</strong></span> <span class='ocrx_word' id='word_1_641' title='bbox 2507 3784 2590 3830; x_wconf 79' lang='lat' dir='ltr'><strong>est</strong></span> <span class='ocrx_word' id='word_1_642' title='bbox 2621 3791 2856 3831; x_wconf 80' lang='lat' dir='ltr'><strong>sensus:</strong></span> <span class='ocrx_word' id='word_1_643' title='bbox 2884 3775 3236 3848; x_wconf 83' lang='lat' dir='ltr'><strong>Nequaquam</strong></span> <span class='ocrx_word' id='word_1_644' title='bbox 3285 3779 3342 3831; x_wconf 89' lang='lat' dir='ltr'><strong>in</strong></span> <span class='ocrx_word' id='word_1_645' title='bbox 3371 3778 3613 3833; x_wconf 85' lang='lat' dir='ltr'><strong>futurum</strong></span> 
     </span>
    </p>
   </div>
   <div class='ocr_carea' id='block_1_84' title="bbox 2013 3866 3618 3939">
    <p class='ocr_par' dir='ltr' id='par_1_84' title="bbox 2013 3866 3618 3939">
     <span class='ocr_line' id='line_1_84' title="bbox 2013 3866 3618 3939; baseline 0.002 -17"><span class='ocrx_word' id='word_1_646' title='bbox 2013 3883 2172 3938; x_wconf 62' lang='lat' dir='ltr'><strong>pana</strong></span> <span class='ocrx_word' id='word_1_647' title='bbox 2203 3866 2476 3935; x_wconf 86' lang='lat' dir='ltr'><strong>diii&#39;ertur,</strong></span> <span class='ocrx_word' id='word_1_648' title='bbox 2523 3884 2625 3922; x_wconf 85' lang='lat' dir='ltr'><strong>nec</strong></span> <span class='ocrx_word' id='word_1_649' title='bbox 2652 3870 2720 3924; x_wconf 86' lang='lat' dir='ltr'><strong>de</strong></span> <span class='ocrx_word' id='word_1_650' title='bbox 2759 3869 2934 3939; x_wconf 75' lang='lat' dir='ltr'><strong>longis</strong></span> <span class='ocrx_word' id='word_1_651' title='bbox 2979 3878 3100 3939; x_wconf 87' lang='lat' dir='ltr'><strong>post</strong></span> <span class='ocrx_word' id='word_1_652' title='bbox 3131 3869 3346 3924; x_wconf 49' lang='lat' dir='ltr'><strong>suculis</strong></span> <span class='ocrx_word' id='word_1_653' title='bbox 3375 3870 3618 3939; x_wconf 83' lang='lat' dir='ltr'><strong>prophe-</strong></span> 
     </span>
    </p>
   </div>
   <div class='ocr_carea' id='block_1_85' title="bbox 2016 3962 3618 4034">
    <p class='ocr_par' dir='ltr' id='par_1_85' title="bbox 2016 3962 3618 4034">
     <span class='ocr_line' id='line_1_85' title="bbox 2016 3962 3618 4034; baseline 0.002 -18"><span class='ocrx_word' id='word_1_654' title='bbox 2016 3971 2162 4018; x_wconf 90' lang='lat' dir='ltr'><strong>tatur</strong></span> <span class='ocrx_word' id='word_1_655' title='bbox 2203 3981 2216 4017; x_wconf 74' lang='grc' dir='ltr'>ε</span> <span class='ocrx_word' id='word_1_656' title='bbox 2248 3964 2394 4034; x_wconf 80' lang='lat' dir='ltr'><strong>quod</strong></span> <span class='ocrx_word' id='word_1_657' title='bbox 2425 3979 2572 4018; x_wconf 81' lang='lat' dir='ltr'><strong>nunc</strong></span> <span class='ocrx_word' id='word_1_658' title='bbox 2597 3962 2824 4032; x_wconf 76' lang='lat' dir='ltr'><strong>ingruit,</strong></span> <span class='ocrx_word' id='word_1_659' title='bbox 2856 3979 3007 4018; x_wconf 79' lang='lat' dir='ltr'><strong>nunc</strong></span> <span class='ocrx_word' id='word_1_660' title='bbox 3023 3973 3310 4020; x_wconf 75' lang='lat' dir='ltr'><strong>venturum</strong></span> <span class='ocrx_word' id='word_1_661' title='bbox 3337 3973 3443 4033; x_wconf 82' lang='lat' dir='ltr'><strong>est,</strong></span> <span class='ocrx_word' id='word_1_662' title='bbox 3464 3979 3618 4020; x_wconf 81' lang='lat' dir='ltr'><strong>meus</strong></span> 
     </span>
    </p>
   </div>
   <div class='ocr_carea' id='block_1_86' title="bbox 2013 4056 3619 4129">
    <p class='ocr_par' dir='ltr' id='par_1_86' title="bbox 2013 4056 3619 4129">
     <span class='ocr_line' id='line_1_86' title="bbox 2013 4056 3619 4129; baseline 0.001 -19"><span class='ocrx_word' id='word_1_663' title='bbox 2013 4071 2200 4112; x_wconf 82' lang='lat' dir='ltr'><strong>sermo</strong></span> <span class='ocrx_word' id='word_1_664' title='bbox 2226 4056 2494 4128; x_wconf 62' lang='lat' dir='ltr'><strong>praedicit,</strong></span> <span class='ocrx_word' id='word_1_665' title='bbox 2527 4073 2622 4112; x_wconf 85' lang='lat' dir='ltr'><strong>eos</strong></span> <span class='ocrx_word' id='word_1_666' title='bbox 2647 4060 2960 4113; x_wconf 83' lang='lat' dir='ltr'><strong>ituros-esse</strong></span> <span class='ocrx_word' id='word_1_667' title='bbox 2987 4058 3040 4113; x_wconf 80' lang='lat' dir='ltr'><strong>in</strong></span> <span class='ocrx_word' id='word_1_668' title='bbox 3070 4058 3338 4129; x_wconf 82' lang='lat' dir='ltr'><strong>principio</strong></span> <span class='ocrx_word' id='word_1_669' title='bbox 3361 4059 3619 4114; x_wconf 84' lang='lat' dir='ltr'><strong>transmi-</strong></span> 
     </span>
    </p>
   </div>
   <div class='ocr_carea' id='block_1_87' title="bbox 2013 4149 3616 4222">
    <p class='ocr_par' dir='ltr' id='par_1_87' title="bbox 2013 4149 3616 4222">
     <span class='ocr_line' id='line_1_87' title="bbox 2013 4149 3616 4222; baseline 0.004 -20"><span class='ocrx_word' id='word_1_670' title='bbox 2013 4149 2328 4220; x_wconf 72' lang='lat' dir='ltr'><strong>grantium,</strong></span> <span class='ocrx_word' id='word_1_671' title='bbox 2379 4151 2658 4220; x_wconf 88' lang='lat' dir='ltr'><strong>principes</strong></span> <span class='ocrx_word' id='word_1_672' title='bbox 2701 4151 2956 4207; x_wconf 80' lang='lat' dir='ltr'><strong>vidciieet</strong></span> <span class='ocrx_word' id='word_1_673' title='bbox 3012 4160 3067 4206; x_wconf 81' lang='lat' dir='ltr'><strong>et</strong></span> <span class='ocrx_word' id='word_1_674' title='bbox 3111 4161 3383 4222; x_wconf 89' lang='lat' dir='ltr'><strong>potentes,</strong></span> <span class='ocrx_word' id='word_1_675' title='bbox 3418 4151 3616 4222; x_wconf 85' lang='lat' dir='ltr'><strong>quibus</strong></span> 
     </span>
    </p>
   </div>
   <div class='ocr_carea' id='block_1_88' title="bbox 2015 4245 3623 4320">
    <p class='ocr_par' dir='ltr' id='par_1_88' title="bbox 2015 4245 3623 4320">
     <span class='ocr_line' id='line_1_88' title="bbox 2015 4245 3623 4320; baseline 0.004 -23"><span class='ocrx_word' id='word_1_676' title='bbox 2015 4259 2182 4314; x_wconf 69' lang='lat' dir='ltr'><strong>supra</strong></span> <span class='ocrx_word' id='word_1_677' title='bbox 2203 4245 2416 4301; x_wconf 79' lang='lat' dir='ltr'><strong>dixerat</strong></span> <span class='ocrx_word' id='word_1_678' title='bbox 2448 4263 2462 4300; x_wconf 88' lang='lat'><strong>:</strong></span> <span class='ocrx_word' id='word_1_679' title='bbox 2501 4247 2692 4300; x_wconf 79' lang='lat' dir='ltr'><strong>Audite</strong></span> <span class='ocrx_word' id='word_1_680' title='bbox 2712 4247 3049 4312; x_wconf 73' lang='lat' dir='ltr'><strong>verbumhoc,</strong></span> <span class='ocrx_word' id='word_1_681' title='bbox 3063 4263 3232 4302; x_wconf 67' lang='lat' dir='ltr'><strong>vaccis</strong></span> <span class='ocrx_word' id='word_1_682' title='bbox 3257 4251 3491 4319; x_wconf 81' lang='lat' dir='ltr'><strong>pingues,</strong></span> <span class='ocrx_word' id='word_1_683' title='bbox 3506 4265 3623 4320; x_wconf 67' lang='lat' dir='ltr'><strong>qua:</strong></span> 
     </span>
    </p>
   </div>
   <div class='ocr_carea' id='block_1_89' title="bbox 2016 4340 3620 4413">
    <p class='ocr_par' dir='ltr' id='par_1_89' title="bbox 2016 4340 3620 4413">
     <span class='ocr_line' id='line_1_89' title="bbox 2016 4340 3620 4413; baseline 0.002 -19"><span class='ocrx_word' id='word_1_684' title='bbox 2016 4341 2136 4394; x_wconf 84' lang='lat' dir='ltr'><strong>estis</strong></span> <span class='ocrx_word' id='word_1_685' title='bbox 2157 4343 2207 4395; x_wconf 88' lang='lat' dir='ltr'><strong>in</strong></span> <span class='ocrx_word' id='word_1_686' title='bbox 2232 4351 2406 4395; x_wconf 80' lang='lat' dir='ltr'><strong>monte</strong></span> <span class='ocrx_word' id='word_1_687' title='bbox 2423 4340 2682 4396; x_wconf 69' lang='lat' dir='ltr'><strong>Samaria:</strong></span> <span class='ocrx_word' id='word_1_688' title='bbox 2701 4342 2927 4413; x_wconf 80' lang='lat' dir='ltr'><strong>(Supra,</strong></span> <span class='ocrx_word' id='word_1_689' title='bbox 2951 4357 3024 4407; x_wconf 81' lang='lat' dir='ltr'><strong>tv,</strong></span> <span class='ocrx_word' id='word_1_690' title='bbox 3057 4341 3126 4412; x_wconf 88' lang='lat' dir='ltr'><strong>i).</strong></span> <span class='ocrx_word' id='word_1_691' title='bbox 3153 4341 3220 4395; x_wconf 78' lang='lat' dir='ltr'><strong>Et.</strong></span> <span class='ocrx_word' id='word_1_692' title='bbox 3243 4358 3458 4397; x_wconf 78' lang='lat' dir='ltr'><strong>rursum</strong></span> <span class='ocrx_word' id='word_1_693' title='bbox 3491 4360 3502 4395; x_wconf 94' lang='lat'><strong>:</strong></span> <span class='ocrx_word' id='word_1_694' title='bbox 3533 4342 3620 4398; x_wconf 74' lang='lat' dir='ltr'><strong>Va:</strong></span> 
     </span>
    </p>
   </div>
   <div class='ocr_carea' id='block_1_90' title="bbox 2017 4434 3626 4506">
    <p class='ocr_par' dir='ltr' id='par_1_90' title="bbox 2017 4434 3626 4506">
     <span class='ocr_line' id='line_1_90' title="bbox 2017 4434 3626 4506; baseline 0 -18"><span class='ocrx_word' id='word_1_695' title='bbox 2017 4435 2106 4503; x_wconf 83' lang='lat' dir='ltr'><strong>qui</strong></span> <span class='ocrx_word' id='word_1_696' title='bbox 2136 4435 2376 4506; x_wconf 80' lang='lat' dir='ltr'><strong>apuleuti</strong></span> <span class='ocrx_word' id='word_1_697' title='bbox 2390 4435 2514 4488; x_wconf 84' lang='lat' dir='ltr'><strong>estis</strong></span> <span class='ocrx_word' id='word_1_698' title='bbox 2529 4435 2582 4488; x_wconf 89' lang='lat' dir='ltr'><strong>in</strong></span> <span class='ocrx_word' id='word_1_699' title='bbox 2599 4435 2753 4498; x_wconf 85' lang='lat' dir='ltr'><strong>Sion,</strong></span> <span class='ocrx_word' id='word_1_700' title='bbox 2789 4445 2837 4488; x_wconf 88' lang='lat' dir='ltr'><strong>et</strong></span> <span class='ocrx_word' id='word_1_701' title='bbox 2874 4435 3210 4502; x_wconf 80' lang='lat' dir='ltr'><strong>confiditisin</strong></span> <span class='ocrx_word' id='word_1_702' title='bbox 3238 4445 3407 4488; x_wconf 86' lang='lat' dir='ltr'><strong>monte</strong></span> <span class='ocrx_word' id='word_1_703' title='bbox 3436 4434 3626 4489; x_wconf 83' lang='lat' dir='ltr'><strong>Samu-</strong></span> 
     </span>
    </p>
   </div>
   <div class='ocr_carea' id='block_1_91' title="bbox 2016 4525 3630 4599">
    <p class='ocr_par' dir='ltr' id='par_1_91' title="bbox 2016 4525 3630 4599">
     <span class='ocr_line' id='line_1_91' title="bbox 2016 4525 3630 4599; baseline -0.001 -16"><span class='ocrx_word' id='word_1_704' title='bbox 2016 4531 2142 4583; x_wconf 69' lang='lat' dir='ltr'><strong>riar:</strong></span> <span class='ocrx_word' id='word_1_705' title='bbox 2168 4530 2466 4598; x_wconf 85' lang='lat' dir='ltr'><strong>optimates,</strong></span> <span class='ocrx_word' id='word_1_706' title='bbox 2490 4528 2660 4595; x_wconf 76' lang='lat' dir='ltr'><strong>capita</strong></span> <span class='ocrx_word' id='word_1_707' title='bbox 2683 4528 3018 4598; x_wconf 72' lang='lat' dir='ltr'><strong>pepulerunt,</strong></span> <span class='ocrx_word' id='word_1_708' title='bbox 3042 4525 3391 4596; x_wconf 76' lang='lat' dir='ltr'><strong>ingredientes</strong></span> <span class='ocrx_word' id='word_1_709' title='bbox 3412 4543 3630 4599; x_wconf 84' lang='lat' dir='ltr'><strong>pompa-</strong></span> 
     </span>
    </p>
   </div>
   <div class='ocr_carea' id='block_1_92' title="bbox 307 4610 3627 4690">
    <p class='ocr_par' dir='ltr' id='par_1_92' title="bbox 307 4610 3627 4690">
     <span class='ocr_line' id='line_1_92' title="bbox 307 4610 3627 4690; baseline -0.001 -14"><span class='ocrx_word' id='word_1_710' title='bbox 307 4622 364 4676; x_wconf 89' lang='lat' dir='ltr'><strong>in</strong></span> <span class='ocrx_word' id='word_1_711' title='bbox 389 4621 596 4674; x_wconf 87' lang='lat' dir='ltr'><strong>sanctis</strong></span> <span class='ocrx_word' id='word_1_712' title='bbox 626 4620 926 4690; x_wconf 82' lang='lat' dir='ltr'><strong>Scripturis</strong></span> <span class='ocrx_word' id='word_1_713' title='bbox 964 4619 1099 4674; x_wconf 84' lang='lat' dir='ltr'><strong>nihil</strong></span> <span class='ocrx_word' id='word_1_714' title='bbox 1124 4621 1398 4676; x_wconf 82' lang='lat' dir='ltr'><strong>turbidum</strong></span> <span class='ocrx_word' id='word_1_715' title='bbox 1429 4632 1594 4689; x_wconf 79' lang='lat' dir='ltr'><strong>atque</strong></span> <span class='ocrx_word' id='word_1_716' title='bbox 1624 4634 1905 4675; x_wconf 70' lang='lat' dir='ltr'><strong>euantisum</strong></span> <span class='ocrx_word' id='word_1_717' title='bbox 1940 4610 1986 4669; x_wconf 78' lang='grc' dir='ltr'><strong>Ι)</strong></span> <span class='ocrx_word' id='word_1_718' title='bbox 2015 4621 2115 4674; x_wconf 89' lang='lat' dir='ltr'><strong>tice</strong></span> <span class='ocrx_word' id='word_1_719' title='bbox 2130 4619 2341 4673; x_wconf 82' lang='lat' dir='ltr'><strong>domum</strong></span> <span class='ocrx_word' id='word_1_720' title='bbox 2363 4617 2550 4674; x_wconf 64' lang='lat' dir='ltr'><strong>Israel.</strong></span> <span class='ocrx_word' id='word_1_721' title='bbox 2584 4618 2693 4674; x_wconf 80' lang='lat' dir='ltr'><strong>Vos</strong></span> <span class='ocrx_word' id='word_1_722' title='bbox 2722 4620 2814 4689; x_wconf 83' lang='lat' dir='ltr'><strong>qui</strong></span> <span class='ocrx_word' id='word_1_723' title='bbox 2843 4619 3002 4688; x_wconf 87' lang='lat' dir='ltr'><strong>primi</strong></span> <span class='ocrx_word' id='word_1_724' title='bbox 3037 4620 3170 4674; x_wconf 81' lang='lat' dir='ltr'><strong>estis</strong></span> <span class='ocrx_word' id='word_1_725' title='bbox 3205 4620 3432 4687; x_wconf 76' lang='lat' dir='ltr'><strong>divitiis,</strong></span> <span class='ocrx_word' id='word_1_726' title='bbox 3465 4621 3627 4690; x_wconf 86' lang='lat' dir='ltr'><strong>primi</strong></span> 
     </span>
    </p>
   </div>
   <div class='ocr_carea' id='block_1_93' title="bbox 307 4713 1916 4785">
    <p class='ocr_par' dir='ltr' id='par_1_93' title="bbox 307 4713 1916 4785">
     <span class='ocr_line' id='line_1_93' title="bbox 307 4713 1916 4785; baseline -0.004 -13"><span class='ocrx_word' id='word_1_727' title='bbox 307 4720 404 4782; x_wconf 90' lang='lat' dir='ltr'><strong>sit,</strong></span> <span class='ocrx_word' id='word_1_728' title='bbox 437 4716 534 4772; x_wconf 85' lang='lat' dir='ltr'><strong>sed</strong></span> <span class='ocrx_word' id='word_1_729' title='bbox 565 4726 736 4772; x_wconf 84' lang='lat' dir='ltr'><strong>totum</strong></span> <span class='ocrx_word' id='word_1_730' title='bbox 791 4716 858 4770; x_wconf 88' lang='lat' dir='ltr'><strong>de</strong></span> <span class='ocrx_word' id='word_1_731' title='bbox 910 4716 1181 4785; x_wconf 84' lang='lat' dir='ltr'><strong>superiori</strong></span> <span class='ocrx_word' id='word_1_732' title='bbox 1222 4715 1374 4772; x_wconf 83' lang='lat' dir='ltr'><strong>unda.</strong></span> <span class='ocrx_word' id='word_1_733' title='bbox 1417 4714 1791 4783; x_wconf 81' lang='lat' dir='ltr'><strong>purissimum.</strong></span> <span class='ocrx_word' id='word_1_734' title='bbox 1823 4713 1916 4767; x_wconf 91' lang='lat' dir='ltr'><strong>lsti</strong></span> 
     </span>
    </p>
   </div>
   <div class='ocr_carea' id='block_1_94' title="bbox 311 4809 1916 4880">
    <p class='ocr_par' dir='ltr' id='par_1_94' title="bbox 311 4809 1916 4880">
     <span class='ocr_line' id='line_1_94' title="bbox 311 4809 1916 4880; baseline -0.001 -16"><span class='ocrx_word' id='word_1_735' title='bbox 311 4811 506 4880; x_wconf 85' lang='lat' dir='ltr'><strong>primis</strong></span> <span class='ocrx_word' id='word_1_736' title='bbox 528 4819 814 4877; x_wconf 77' lang='lat' dir='ltr'><strong>unguntur</strong></span> <span class='ocrx_word' id='word_1_737' title='bbox 843 4810 1156 4879; x_wconf 76' lang='lat' dir='ltr'><strong>unguentis,</strong></span> <span class='ocrx_word' id='word_1_738' title='bbox 1189 4809 1278 4877; x_wconf 87' lang='lat' dir='ltr'><strong>qui</strong></span> <span class='ocrx_word' id='word_1_739' title='bbox 1312 4825 1418 4862; x_wconf 70' lang='lat' dir='ltr'><strong>non</strong></span> <span class='ocrx_word' id='word_1_740' title='bbox 1453 4809 1718 4864; x_wconf 84' lang='lat' dir='ltr'><strong>habentes</strong></span> <span class='ocrx_word' id='word_1_741' title='bbox 1743 4815 1916 4863; x_wconf 73' lang='lat' dir='ltr'><strong>artem</strong></span> 
     </span>
    </p>
   </div>
   <div class='ocr_carea' id='block_1_95' title="bbox 313 4901 1922 4974">
    <p class='ocr_par' dir='ltr' id='par_1_95' title="bbox 313 4901 1922 4974">
     <span class='ocr_line' id='line_1_95' title="bbox 313 4901 1922 4974; baseline -0.002 -16"><span class='ocrx_word' id='word_1_742' title='bbox 313 4905 756 4974; x_wconf 69' lang='lat' dir='ltr'><strong>unguentariam,</strong></span> <span class='ocrx_word' id='word_1_743' title='bbox 788 4903 995 4972; x_wconf 78' lang='lat' dir='ltr'><strong>absque</strong></span> <span class='ocrx_word' id='word_1_744' title='bbox 1025 4902 1134 4956; x_wconf 84' lang='lat' dir='ltr'><strong>ulla</strong></span> <span class='ocrx_word' id='word_1_745' title='bbox 1160 4901 1390 4964; x_wconf 80' lang='lat' dir='ltr'><strong>scientia</strong></span> <span class='ocrx_word' id='word_1_746' title='bbox 1407 4901 1842 4971; x_wconf 77' lang='lat' dir='ltr'><strong>Scripta-rarum,</strong></span> <span class='ocrx_word' id='word_1_747' title='bbox 1868 4910 1922 4956; x_wconf 91' lang='lat' dir='ltr'><strong>et</strong></span> 
     </span>
    </p>
   </div>
   <div class='ocr_carea' id='block_1_96' title="bbox 314 4994 1924 5066">
    <p class='ocr_par' dir='ltr' id='par_1_96' title="bbox 314 4994 1924 5066">
     <span class='ocr_line' id='line_1_96' title="bbox 314 4994 1924 5066; baseline -0.001 -16"><span class='ocrx_word' id='word_1_748' title='bbox 314 4995 700 5050; x_wconf 73' lang='lat' dir='ltr'><strong>traditionibus</strong></span> <span class='ocrx_word' id='word_1_749' title='bbox 726 5006 890 5066; x_wconf 85' lang='lat' dir='ltr'><strong>atque</strong></span> <span class='ocrx_word' id='word_1_750' title='bbox 920 4995 1174 5050; x_wconf 87' lang='lat' dir='ltr'><strong>doctrina</strong></span> <span class='ocrx_word' id='word_1_751' title='bbox 1201 4994 1602 5064; x_wconf 80' lang='lat' dir='ltr'><strong>apostolorum,</strong></span> <span class='ocrx_word' id='word_1_752' title='bbox 1644 4994 1924 5048; x_wconf 88' lang='lat' dir='ltr'><strong>vindicant</strong></span> 
     </span>
    </p>
   </div>
   <div class='ocr_carea' id='block_1_97' title="bbox 311 5086 1918 5154">
    <p class='ocr_par' dir='ltr' id='par_1_97' title="bbox 311 5086 1918 5154">
     <span class='ocr_line' id='line_1_97' title="bbox 311 5086 1918 5154; baseline 0 -14"><span class='ocrx_word' id='word_1_753' title='bbox 311 5087 416 5140; x_wconf 80' lang='lat' dir='ltr'><strong>sibi</strong></span> <span class='ocrx_word' id='word_1_754' title='bbox 449 5087 738 5143; x_wconf 84' lang='lat' dir='ltr'><strong>sacerdotii</strong></span> <span class='ocrx_word' id='word_1_755' title='bbox 768 5087 1111 5154; x_wconf 80' lang='lat' dir='ltr'><strong>dignitatem,</strong></span> <span class='ocrx_word' id='word_1_756' title='bbox 1157 5094 1212 5142; x_wconf 88' lang='lat' dir='ltr'><strong>et.</strong></span> <span class='ocrx_word' id='word_1_757' title='bbox 1242 5093 1438 5139; x_wconf 78' lang='lat' dir='ltr'><strong>unctos</strong></span> <span class='ocrx_word' id='word_1_758' title='bbox 1465 5087 1680 5139; x_wconf 76' lang='lat' dir='ltr'><strong>ilunsini</strong></span> <span class='ocrx_word' id='word_1_759' title='bbox 1730 5086 1918 5140; x_wconf 90' lang='lat' dir='ltr'><strong>dicunt</strong></span> 
     </span>
    </p>
   </div>
   <div class='ocr_carea' id='block_1_98' title="bbox 312 5178 1918 5247">
    <p class='ocr_par' dir='ltr' id='par_1_98' title="bbox 312 5178 1918 5247">
     <span class='ocr_line' id='line_1_98' title="bbox 312 5178 1918 5247; baseline 0 -14"><span class='ocrx_word' id='word_1_760' title='bbox 312 5195 376 5234; x_wconf 87' lang='lat' dir='ltr'><strong>se</strong></span> <span class='ocrx_word' id='word_1_761' title='bbox 395 5194 518 5236; x_wconf 79' lang='lat' dir='ltr'><strong>esse</strong></span> <span class='ocrx_word' id='word_1_762' title='bbox 542 5195 556 5234; x_wconf 89' lang='lat'><strong>:</strong></span> <span class='ocrx_word' id='word_1_763' title='bbox 579 5180 869 5247; x_wconf 79' lang='lat' dir='ltr'><strong>oleumque</strong></span> <span class='ocrx_word' id='word_1_764' title='bbox 903 5178 1254 5246; x_wconf 80' lang='lat' dir='ltr'><strong>purissimum</strong></span> <span class='ocrx_word' id='word_1_765' title='bbox 1284 5193 1480 5232; x_wconf 71' lang='lat' dir='ltr'><strong>scmus</strong></span> <span class='ocrx_word' id='word_1_766' title='bbox 1508 5179 1592 5232; x_wconf 57' lang='lat' dir='ltr'><strong>sui</strong></span> <span class='ocrx_word' id='word_1_767' title='bbox 1627 5179 1762 5236; x_wconf 59' lang='lat' dir='ltr'><strong>iteca</strong></span> <span class='ocrx_word' id='word_1_768' title='bbox 1787 5195 1918 5234; x_wconf 65' lang='lat' dir='ltr'><strong>cono</strong></span> 
     </span>
    </p>
   </div>
   <div class='ocr_carea' id='block_1_99' title="bbox 314 5270 1920 5342">
    <p class='ocr_par' dir='ltr' id='par_1_99' title="bbox 314 5270 1920 5342">
     <span class='ocr_line' id='line_1_99' title="bbox 314 5270 1920 5342; baseline 0.002 -17"><span class='ocrx_word' id='word_1_769' title='bbox 314 5272 598 5326; x_wconf 77' lang='lat' dir='ltr'><strong>tamimint.</strong></span> <span class='ocrx_word' id='word_1_770' title='bbox 622 5271 872 5342; x_wconf 75' lang='lat' dir='ltr'><strong>Cumque</strong></span> <span class='ocrx_word' id='word_1_771' title='bbox 893 5271 1012 5326; x_wconf 59' lang='lat' dir='ltr'><strong>hinc</strong></span> <span class='ocrx_word' id='word_1_772' title='bbox 1039 5270 1244 5326; x_wconf 71' lang='lat' dir='ltr'><strong>iaciant:</strong></span> <span class='ocrx_word' id='word_1_773' title='bbox 1279 5271 1330 5324; x_wconf 87' lang='lat' dir='ltr'><strong>iu</strong></span> <span class='ocrx_word' id='word_1_774' title='bbox 1368 5270 1802 5326; x_wconf 78' lang='lat' dir='ltr'><strong>interiectionem</strong></span> <span class='ocrx_word' id='word_1_775' title='bbox 1827 5288 1920 5329; x_wconf 84' lang='lat' dir='ltr'><strong>eo-</strong></span> 
     </span>
    </p>
   </div>
   <div class='ocr_carea' id='block_1_100' title="bbox 315 5363 1918 5433">
    <p class='ocr_par' dir='ltr' id='par_1_100' title="bbox 315 5363 1918 5433">
     <span class='ocr_line' id='line_1_100' title="bbox 315 5363 1918 5433; baseline 0.003 -16"><span class='ocrx_word' id='word_1_776' title='bbox 315 5380 434 5418; x_wconf 89' lang='lat' dir='ltr'><strong>rum</strong></span> <span class='ocrx_word' id='word_1_777' title='bbox 487 5379 624 5433; x_wconf 63' lang='lat' dir='ltr'><strong>quiis</strong></span> <span class='ocrx_word' id='word_1_778' title='bbox 653 5364 1014 5433; x_wconf 77' lang='lat' dir='ltr'><strong>deceperuut,</strong></span> <span class='ocrx_word' id='word_1_779' title='bbox 1046 5363 1198 5418; x_wconf 83' lang='lat' dir='ltr'><strong>nul-lo</strong></span> <span class='ocrx_word' id='word_1_780' title='bbox 1219 5363 1414 5419; x_wconf 74' lang='lat' dir='ltr'><strong>dolose</strong></span> <span class='ocrx_word' id='word_1_781' title='bbox 1437 5367 1748 5420; x_wconf 75' lang='lat' dir='ltr'><strong>cruciantur</strong></span> <span class='ocrx_word' id='word_1_782' title='bbox 1774 5384 1788 5433; x_wconf 93' lang='lat'><strong>;</strong></span> <span class='ocrx_word' id='word_1_783' title='bbox 1823 5366 1918 5422; x_wconf 89' lang='lat' dir='ltr'><strong>sed</strong></span> 
     </span>
    </p>
   </div>
   <div class='ocr_carea' id='block_1_101' title="bbox 313 5459 1920 5531">
    <p class='ocr_par' dir='ltr' id='par_1_101' title="bbox 313 5459 1920 5531">
     <span class='ocr_line' id='line_1_101' title="bbox 313 5459 1920 5531; baseline 0.003 -18"><span class='ocrx_word' id='word_1_784' title='bbox 313 5459 552 5529; x_wconf 75' lang='lat' dir='ltr'><strong>gaudent</strong></span> <span class='ocrx_word' id='word_1_785' title='bbox 583 5460 640 5514; x_wconf 76' lang='lat' dir='ltr'><strong>in</strong></span> <span class='ocrx_word' id='word_1_786' title='bbox 677 5460 872 5515; x_wconf 84' lang='lat' dir='ltr'><strong>alienis</strong></span> <span class='ocrx_word' id='word_1_787' title='bbox 902 5459 1193 5524; x_wconf 73' lang='lat' dir='ltr'><strong>mortibus,</strong></span> <span class='ocrx_word' id='word_1_788' title='bbox 1224 5469 1279 5514; x_wconf 89' lang='lat' dir='ltr'><strong>et</strong></span> <span class='ocrx_word' id='word_1_789' title='bbox 1311 5459 1631 5514; x_wconf 76' lang='lat' dir='ltr'><strong>miserormn</strong></span> <span class='ocrx_word' id='word_1_790' title='bbox 1657 5461 1920 5531; x_wconf 80' lang='lat' dir='ltr'><strong>sanguine</strong></span> 
     </span>
    </p>
   </div>
   <div class='ocr_carea' id='block_1_102' title="bbox 314 5550 1917 5621">
    <p class='ocr_par' dir='ltr' id='par_1_102' title="bbox 314 5550 1917 5621">
     <span class='ocr_line' id='line_1_102' title="bbox 314 5550 1917 5621; baseline 0.001 -15"><span class='ocrx_word' id='word_1_791' title='bbox 314 5551 677 5608; x_wconf 83' lang='lat' dir='ltr'><strong>delectantur.</strong></span> <span class='ocrx_word' id='word_1_792' title='bbox 697 5551 913 5608; x_wconf 70' lang='lat' dir='ltr'><strong>Sensus</strong></span> <span class='ocrx_word' id='word_1_793' title='bbox 927 5554 1034 5608; x_wconf 84' lang='lat' dir='ltr'><strong>iste-</strong></span> <span class='ocrx_word' id='word_1_794' title='bbox 1048 5550 1451 5621; x_wconf 69' lang='lat' dir='ltr'><strong>pulcherrimus</strong></span> <span class='ocrx_word' id='word_1_795' title='bbox 1467 5553 1524 5606; x_wconf 67' lang='lat' dir='ltr'><strong>in</strong></span> <span class='ocrx_word' id='word_1_796' title='bbox 1543 5568 1658 5621; x_wconf 73' lang='lat' dir='ltr'><strong>quo</strong></span> <span class='ocrx_word' id='word_1_797' title='bbox 1677 5552 1882 5608; x_wconf 83' lang='lat' dir='ltr'><strong>dicitur</strong></span> <span class='ocrx_word' id='word_1_798' title='bbox 1904 5572 1917 5607; x_wconf 89' lang='lat'><strong>:</strong></span> 
     </span>
    </p>
   </div>
   <div class='ocr_carea' id='block_1_103' title="bbox 317 5644 1920 5715">
    <p class='ocr_par' dir='ltr' id='par_1_103' title="bbox 317 5644 1920 5715">
     <span class='ocr_line' id='line_1_103' title="bbox 317 5644 1920 5715; baseline 0.004 -19"><span class='ocrx_word' id='word_1_799' title='bbox 317 5645 468 5713; x_wconf 88' lang='lat' dir='ltr'><strong>quasi</strong></span> <span class='ocrx_word' id='word_1_800' title='bbox 518 5644 713 5700; x_wconf 68' lang='lat' dir='ltr'><strong>stantia</strong></span> <span class='ocrx_word' id='word_1_801' title='bbox 767 5654 1108 5713; x_wconf 71' lang='lat' dir='ltr'><strong>putaverunt.</strong></span> <span class='ocrx_word' id='word_1_802' title='bbox 1140 5654 1187 5698; x_wconf 84' lang='lat' dir='ltr'><strong>et</strong></span> <span class='ocrx_word' id='word_1_803' title='bbox 1237 5663 1344 5700; x_wconf 74' lang='lat' dir='ltr'><strong>nou</strong></span> <span class='ocrx_word' id='word_1_804' title='bbox 1375 5646 1524 5713; x_wconf 66' lang='lat' dir='ltr'><strong>quasi</strong></span> <span class='ocrx_word' id='word_1_805' title='bbox 1556 5647 1833 5715; x_wconf 75' lang='lat' dir='ltr'><strong>fugientia,</strong></span> <span class='ocrx_word' id='word_1_806' title='bbox 1869 5648 1920 5702; x_wconf 88' lang='lat' dir='ltr'><strong>in</strong></span> 
     </span>
    </p>
   </div>
   <div class='ocr_carea' id='block_1_104' title="bbox 323 5735 1925 5810">
    <p class='ocr_par' dir='ltr' id='par_1_104' title="bbox 323 5735 1925 5810">
     <span class='ocr_line' id='line_1_104' title="bbox 323 5735 1925 5810; baseline 0.003 -20"><span class='ocrx_word' id='word_1_807' title='bbox 323 5735 592 5791; x_wconf 86' lang='lat' dir='ltr'><strong>ilebraico</strong></span> <span class='ocrx_word' id='word_1_808' title='bbox 615 5752 720 5791; x_wconf 80' lang='lat' dir='ltr'><strong>ltuit</strong></span> <span class='ocrx_word' id='word_1_809' title='bbox 747 5735 1014 5804; x_wconf 85' lang='lat' dir='ltr'><strong>habetur;</strong></span> <span class='ocrx_word' id='word_1_810' title='bbox 1041 5736 1144 5800; x_wconf 78' lang='lat' dir='ltr'><strong>sed</strong></span> <span class='ocrx_word' id='word_1_811' title='bbox 1159 5755 1262 5810; x_wconf 81' lang='lat' dir='ltr'><strong>pro,</strong></span> <span class='ocrx_word' id='word_1_812' title='bbox 1283 5755 1348 5798; x_wconf 87' lang='lat' dir='ltr'><strong>eo</strong></span> <span class='ocrx_word' id='word_1_813' title='bbox 1372 5739 1644 5810; x_wconf 68' lang='lat' dir='ltr'><strong>scriptum.</strong></span> <span class='ocrx_word' id='word_1_814' title='bbox 1660 5749 1776 5804; x_wconf 52' lang='lat' dir='ltr'><strong>est:</strong></span> <span class='ocrx_word' id='word_1_815' title='bbox 1795 5742 1925 5797; x_wconf 85' lang='lat' dir='ltr'><strong>sicut</strong></span> 
     </span>
    </p>
   </div>
   <div class='ocr_carea' id='block_1_105' title="bbox 2019 4711 3629 4782">
    <p class='ocr_par' dir='ltr' id='par_1_105' title="bbox 2019 4711 3629 4782">
     <span class='ocr_line' id='line_1_105' title="bbox 2019 4711 3629 4782; baseline 0.002 -16"><span class='ocrx_word' id='word_1_816' title='bbox 2019 4712 2358 4782; x_wconf 82' lang='lat' dir='ltr'><strong>captivitatis</strong></span> <span class='ocrx_word' id='word_1_817' title='bbox 2387 4711 2732 4766; x_wconf 83' lang='lat' dir='ltr'><strong>sustinebitis</strong></span> <span class='ocrx_word' id='word_1_818' title='bbox 2759 4711 2977 4782; x_wconf 86' lang='lat' dir='ltr'><strong>jugum,</strong></span> <span class='ocrx_word' id='word_1_819' title='bbox 3004 4713 3305 4768; x_wconf 83' lang='lat' dir='ltr'><strong>secundum</strong></span> <span class='ocrx_word' id='word_1_820' title='bbox 3326 4712 3464 4768; x_wconf 88' lang='lat' dir='ltr'><strong>illud</strong></span> <span class='ocrx_word' id='word_1_821' title='bbox 3486 4714 3629 4780; x_wconf 82' lang='lat' dir='ltr'><strong>quod</strong></span> 
     </span>
    </p>
   </div>
   <div class='ocr_carea' id='block_1_106' title="bbox 2025 4806 3631 4880">
    <p class='ocr_par' dir='ltr' id='par_1_106' title="bbox 2025 4806 3631 4880">
     <span class='ocr_line' id='line_1_106' title="bbox 2025 4806 3631 4880; baseline 0.003 -20"><span class='ocrx_word' id='word_1_822' title='bbox 2025 4808 2078 4860; x_wconf 84' lang='lat' dir='ltr'><strong>in</strong></span> <span class='ocrx_word' id='word_1_823' title='bbox 2110 4806 2399 4861; x_wconf 74' lang='lat' dir='ltr'><strong>Ezechiele</strong></span> <span class='ocrx_word' id='word_1_824' title='bbox 2434 4806 2696 4874; x_wconf 87' lang='lat' dir='ltr'><strong>scriptum</strong></span> <span class='ocrx_word' id='word_1_825' title='bbox 2721 4817 2839 4861; x_wconf 88' lang='lat' dir='ltr'><strong>est:</strong></span> <span class='ocrx_word' id='word_1_826' title='bbox 2870 4809 2912 4861; x_wconf 82' lang='grc' dir='ltr'><em>Α</em></span> <span class='ocrx_word' id='word_1_827' title='bbox 2953 4810 3253 4863; x_wconf 64' lang='lat' dir='ltr'><strong>sanctuarii)</strong></span> <span class='ocrx_word' id='word_1_828' title='bbox 3279 4826 3390 4864; x_wconf 84' lang='lat' dir='ltr'><strong>meo</strong></span> <span class='ocrx_word' id='word_1_829' title='bbox 3416 4810 3631 4880; x_wconf 69' lang='lat' dir='ltr'><strong>incipite&quot;</strong></span> 
     </span>
    </p>
   </div>
   <div class='ocr_carea' id='block_1_107' title="bbox 2026 4900 3627 4976">
    <p class='ocr_par' dir='ltr' id='par_1_107' title="bbox 2026 4900 3627 4976">
     <span class='ocr_line' id='line_1_107' title="bbox 2026 4900 3627 4976; baseline 0.004 -22"><span class='ocrx_word' id='word_1_830' title='bbox 2026 4900 2244 4974; x_wconf 67' lang='lat' dir='ltr'><strong>(Ezech.</strong></span> <span class='ocrx_word' id='word_1_831' title='bbox 2276 4917 2356 4966; x_wconf 67' lang='lat' dir='ltr'><strong>In,</strong></span> <span class='ocrx_word' id='word_1_832' title='bbox 2375 4902 2455 4971; x_wconf 81' lang='lat'><strong>6).</strong></span> <span class='ocrx_word' id='word_1_833' title='bbox 2481 4901 2600 4957; x_wconf 81' lang='lat' dir='ltr'><strong>Non</strong></span> <span class='ocrx_word' id='word_1_834' title='bbox 2629 4917 2657 4956; x_wconf 86' lang='lat' dir='ltr'><strong>a</strong></span> <span class='ocrx_word' id='word_1_835' title='bbox 2681 4903 2909 4970; x_wconf 76' lang='lat' dir='ltr'><strong>sanctis,</strong></span> <span class='ocrx_word' id='word_1_836' title='bbox 2945 4913 3004 4958; x_wconf 90' lang='lat' dir='ltr'><strong>ut</strong></span> <span class='ocrx_word' id='word_1_837' title='bbox 3037 4905 3284 4976; x_wconf 75' lang='lat' dir='ltr'><strong>piter-ique</strong></span> <span class='ocrx_word' id='word_1_838' title='bbox 3313 4907 3627 4973; x_wconf 70' lang='lat' dir='ltr'><strong>aistirnant;</strong></span> 
     </span>
    </p>
   </div>
   <div class='ocr_carea' id='block_1_108' title="bbox 2026 4993 3634 5068">
    <p class='ocr_par' dir='ltr' id='par_1_108' title="bbox 2026 4993 3634 5068">
     <span class='ocr_line' id='line_1_108' title="bbox 2026 4993 3634 5068; baseline 0.004 -19"><span class='ocrx_word' id='word_1_839' title='bbox 2026 4993 2122 5050; x_wconf 85' lang='lat' dir='ltr'><strong>sed</strong></span> <span class='ocrx_word' id='word_1_840' title='bbox 2153 5010 2186 5048; x_wconf 85' lang='lat' dir='ltr'><strong>a</strong></span> <span class='ocrx_word' id='word_1_841' title='bbox 2211 4994 2572 5050; x_wconf 80' lang='lat' dir='ltr'><strong>subversione</strong></span> <span class='ocrx_word' id='word_1_842' title='bbox 2591 4997 2802 5068; x_wconf 78' lang='lat' dir='ltr'><strong>templi,</strong></span> <span class='ocrx_word' id='word_1_843' title='bbox 2827 4999 2976 5066; x_wconf 67' lang='lat' dir='ltr'><strong>queui</strong></span> <span class='ocrx_word' id='word_1_844' title='bbox 3002 5009 3260 5055; x_wconf 80' lang='lat' dir='ltr'><strong>sanctum</strong></span> <span class='ocrx_word' id='word_1_845' title='bbox 3289 5001 3407 5055; x_wconf 75' lang='lat' dir='ltr'><strong>fuit.</strong></span> <span class='ocrx_word' id='word_1_846' title='bbox 3435 5001 3634 5056; x_wconf 72' lang='lat' dir='ltr'><strong>Poten-</strong></span> 
     </span>
    </p>
   </div>
   <div class='ocr_carea' id='block_1_109' title="bbox 2031 5089 3631 5165">
    <p class='ocr_par' dir='ltr' id='par_1_109' title="bbox 2031 5089 3631 5165">
     <span class='ocr_line' id='line_1_109' title="bbox 2031 5089 3631 5165; baseline 0.005 -25"><span class='ocrx_word' id='word_1_847' title='bbox 2031 5098 2113 5142; x_wconf 83' lang='lat' dir='ltr'><strong>tes</strong></span> <span class='ocrx_word' id='word_1_848' title='bbox 2143 5089 2288 5142; x_wconf 87' lang='lat' dir='ltr'><strong>enim</strong></span> <span class='ocrx_word' id='word_1_849' title='bbox 2321 5098 2572 5157; x_wconf 83' lang='lat' dir='ltr'><strong>potenter</strong></span> <span class='ocrx_word' id='word_1_850' title='bbox 2600 5100 2874 5146; x_wconf 78' lang='lat' dir='ltr'><strong>tormenta</strong></span> <span class='ocrx_word' id='word_1_851' title='bbox 2929 5093 3206 5164; x_wconf 80' lang='lat' dir='ltr'><strong>patientur</strong></span> <span class='ocrx_word' id='word_1_852' title='bbox 3237 5093 3480 5165; x_wconf 71' lang='lat' dir='ltr'><strong>(Sapien.</strong></span> <span class='ocrx_word' id='word_1_853' title='bbox 3532 5092 3631 5164; x_wconf 84' lang='lat' dir='ltr'><strong>vr),</strong></span> 
     </span>
    </p>
   </div>
   <div class='ocr_carea' id='block_1_110' title="bbox 2028 5181 3630 5260">
    <p class='ocr_par' dir='ltr' id='par_1_110' title="bbox 2028 5181 3630 5260">
     <span class='ocr_line' id='line_1_110' title="bbox 2028 5181 3630 5260; baseline 0.004 -24"><span class='ocrx_word' id='word_1_854' title='bbox 2028 5190 2086 5236; x_wconf 86' lang='lat' dir='ltr'><strong>et</strong></span> <span class='ocrx_word' id='word_1_855' title='bbox 2107 5181 2196 5234; x_wconf 79' lang='lat' dir='ltr'><strong>cui</strong></span> <span class='ocrx_word' id='word_1_856' title='bbox 2236 5181 2354 5251; x_wconf 87' lang='lat' dir='ltr'><strong>plus</strong></span> <span class='ocrx_word' id='word_1_857' title='bbox 2379 5182 2641 5250; x_wconf 81' lang='lat' dir='ltr'><strong>creditur,</strong></span> <span class='ocrx_word' id='word_1_858' title='bbox 2675 5186 2797 5255; x_wconf 78' lang='lat' dir='ltr'><strong>plus</strong></span> <span class='ocrx_word' id='word_1_859' title='bbox 2819 5186 3077 5257; x_wconf 68' lang='lat' dir='ltr'><strong>exigetur</strong></span> <span class='ocrx_word' id='word_1_860' title='bbox 3100 5187 3168 5241; x_wconf 79' lang='lat' dir='ltr'><strong>ab</strong></span> <span class='ocrx_word' id='word_1_861' title='bbox 3210 5202 3280 5240; x_wconf 84' lang='lat' dir='ltr'><strong>eo</strong></span> <span class='ocrx_word' id='word_1_862' title='bbox 3317 5186 3469 5255; x_wconf 73' lang='lat' dir='ltr'><strong>(Bue.</strong></span> <span class='ocrx_word' id='word_1_863' title='bbox 3509 5187 3630 5260; x_wconf 76' lang='lat' dir='ltr'><strong>xu).</strong></span> 
     </span>
    </p>
   </div>
   <div class='ocr_carea' id='block_1_111' title="bbox 2030 5271 3638 5347">
    <p class='ocr_par' dir='ltr' id='par_1_111' title="bbox 2030 5271 3638 5347">
     <span class='ocr_line' id='line_1_111' title="bbox 2030 5271 3638 5347; baseline 0.006 -22"><span class='ocrx_word' id='word_1_864' title='bbox 2030 5271 2099 5326; x_wconf 77' lang='lat' dir='ltr'><strong>Et</strong></span> <span class='ocrx_word' id='word_1_865' title='bbox 2125 5276 2410 5344; x_wconf 77' lang='lat' dir='ltr'><strong>auferetur,</strong></span> <span class='ocrx_word' id='word_1_866' title='bbox 2445 5275 2638 5344; x_wconf 85' lang='lat' dir='ltr'><strong>inquit,</strong></span> <span class='ocrx_word' id='word_1_867' title='bbox 2679 5277 2842 5346; x_wconf 81' lang='lat' dir='ltr'><strong>factio</strong></span> <span class='ocrx_word' id='word_1_868' title='bbox 2873 5278 3270 5343; x_wconf 73' lang='lat' dir='ltr'><strong>lascivientium,</strong></span> <span class='ocrx_word' id='word_1_869' title='bbox 3319 5279 3410 5347; x_wconf 87' lang='lat' dir='ltr'><strong>qui</strong></span> <span class='ocrx_word' id='word_1_870' title='bbox 3447 5278 3496 5331; x_wconf 89' lang='lat' dir='ltr'><strong>in</strong></span> <span class='ocrx_word' id='word_1_871' title='bbox 3545 5293 3638 5336; x_wconf 76' lang='lat' dir='ltr'><strong>ca-</strong></span> 
     </span>
    </p>
   </div>
   <div class='ocr_carea' id='block_1_112' title="bbox 2030 5367 3632 5438">
    <p class='ocr_par' dir='ltr' id='par_1_112' title="bbox 2030 5367 3632 5438">
     <span class='ocr_line' id='line_1_112' title="bbox 2030 5367 3632 5438; baseline 0.006 -19"><span class='ocrx_word' id='word_1_872' title='bbox 2030 5367 2246 5436; x_wconf 78' lang='lat' dir='ltr'><strong>piendis</strong></span> <span class='ocrx_word' id='word_1_873' title='bbox 2272 5368 2643 5438; x_wconf 81' lang='lat' dir='ltr'><strong>voluptatibus</strong></span> <span class='ocrx_word' id='word_1_874' title='bbox 2684 5387 2848 5424; x_wconf 85' lang='lat' dir='ltr'><strong>unum</strong></span> <span class='ocrx_word' id='word_1_875' title='bbox 2900 5371 3142 5425; x_wconf 84' lang='lat' dir='ltr'><strong>habuere</strong></span> <span class='ocrx_word' id='word_1_876' title='bbox 3192 5387 3541 5437; x_wconf 77' lang='lat' dir='ltr'><strong>consensum,</strong></span> <span class='ocrx_word' id='word_1_877' title='bbox 3577 5383 3632 5428; x_wconf 91' lang='lat' dir='ltr'><strong>et</strong></span> 
     </span>
    </p>
   </div>
   <div class='ocr_carea' id='block_1_113' title="bbox 2028 5463 3636 5536">
    <p class='ocr_par' dir='ltr' id='par_1_113' title="bbox 2028 5463 3636 5536">
     <span class='ocr_line' id='line_1_113' title="bbox 2028 5463 3636 5536; baseline 0.004 -20"><span class='ocrx_word' id='word_1_878' title='bbox 2028 5463 2461 5520; x_wconf 82' lang='lat' dir='ltr'><strong>comessationes</strong></span> <span class='ocrx_word' id='word_1_879' title='bbox 2512 5480 2810 5520; x_wconf 79' lang='lat' dir='ltr'><strong>exercuere</strong></span> <span class='ocrx_word' id='word_1_880' title='bbox 2878 5480 2939 5519; x_wconf 88' lang='lat' dir='ltr'><strong>ac</strong></span> <span class='ocrx_word' id='word_1_881' title='bbox 2975 5465 3226 5536; x_wconf 64' lang='lat' dir='ltr'><strong>symbolo</strong></span> <span class='ocrx_word' id='word_1_882' title='bbox 3268 5480 3282 5515; x_wconf 89' lang='lat'><strong>:</strong></span> <span class='ocrx_word' id='word_1_883' title='bbox 3324 5465 3375 5520; x_wconf 89' lang='lat' dir='ltr'><strong>hi</strong></span> <span class='ocrx_word' id='word_1_884' title='bbox 3429 5465 3636 5535; x_wconf 76' lang='lat' dir='ltr'><strong>pariter</strong></span> 
     </span>
    </p>
   </div>
   <div class='ocr_carea' id='block_1_114' title="bbox 2030 5557 3631 5630">
    <p class='ocr_par' dir='ltr' id='par_1_114' title="bbox 2030 5557 3631 5630">
     <span class='ocr_line' id='line_1_114' title="bbox 2030 5557 3631 5630; baseline 0.005 -22"><span class='ocrx_word' id='word_1_885' title='bbox 2030 5557 2366 5621; x_wconf 82' lang='lat' dir='ltr'><strong>auiereotur,</strong></span> <span class='ocrx_word' id='word_1_886' title='bbox 2393 5568 2448 5611; x_wconf 84' lang='lat' dir='ltr'><strong>ut</strong></span> <span class='ocrx_word' id='word_1_887' title='bbox 2469 5575 2706 5627; x_wconf 83' lang='lat' dir='ltr'><strong>quorum</strong></span> <span class='ocrx_word' id='word_1_888' title='bbox 2723 5574 2834 5612; x_wconf 82' lang='lat' dir='ltr'><strong>una</strong></span> <span class='ocrx_word' id='word_1_889' title='bbox 2849 5557 2954 5612; x_wconf 63' lang='lat' dir='ltr'><strong>fuit</strong></span> <span class='ocrx_word' id='word_1_890' title='bbox 2972 5558 3208 5625; x_wconf 70' lang='lat' dir='ltr'><strong>luxuria,</strong></span> <span class='ocrx_word' id='word_1_891' title='bbox 3227 5574 3340 5614; x_wconf 74' lang='lat' dir='ltr'><strong>una</strong></span> <span class='ocrx_word' id='word_1_892' title='bbox 3353 5558 3428 5614; x_wconf 67' lang='lat' dir='ltr'><strong>sit</strong></span> <span class='ocrx_word' id='word_1_893' title='bbox 3450 5576 3631 5630; x_wconf 61' lang='lat' dir='ltr'><strong>paena.</strong></span> 
     </span>
    </p>
   </div>
   <div class='ocr_carea' id='block_1_115' title="bbox 2034 5649 3636 5725">
    <p class='ocr_par' dir='ltr' id='par_1_115' title="bbox 2034 5649 3636 5725">
     <span class='ocr_line' id='line_1_115' title="bbox 2034 5649 3636 5725; baseline 0.004 -21"><span class='ocrx_word' id='word_1_894' title='bbox 2034 5649 2138 5704; x_wconf 73' lang='lat' dir='ltr'><strong>Pro</strong></span> <span class='ocrx_word' id='word_1_895' title='bbox 2167 5667 2280 5721; x_wconf 79' lang='lat' dir='ltr'><strong>quo</strong></span> <span class='ocrx_word' id='word_1_896' title='bbox 2307 5651 2456 5710; x_wconf 77' lang='lat' dir='ltr'><strong>LXX</strong></span> <span class='ocrx_word' id='word_1_897' title='bbox 2508 5653 2856 5721; x_wconf 70' lang='lat' dir='ltr'><strong>interpretati</strong></span> <span class='ocrx_word' id='word_1_898' title='bbox 2901 5662 3064 5719; x_wconf 70' lang='lat' dir='ltr'><strong>sunt,</strong></span> <span class='ocrx_word' id='word_1_899' title='bbox 3113 5653 3380 5725; x_wconf 65' lang='lat' dir='ltr'><strong>auferetur</strong></span> <span class='ocrx_word' id='word_1_900' title='bbox 3403 5656 3636 5712; x_wconf 68' lang='lat' dir='ltr'><strong>hinnitus</strong></span> 
     </span>
    </p>
   </div>
   <div class='ocr_carea' id='block_1_116' title="bbox 2038 5745 3637 5821">
    <p class='ocr_par' dir='ltr' id='par_1_116' title="bbox 2038 5745 3637 5821">
     <span class='ocr_line' id='line_1_116' title="bbox 2038 5745 3637 5821; baseline 0.003 -17"><span class='ocrx_word' id='word_1_901' title='bbox 2038 5754 2072 5788; x_wconf 67' lang='lat'><strong>“-</strong></span> <span class='ocrx_word' id='word_1_902' title='bbox 2089 5745 2212 5816; x_wconf 62' lang='lat' dir='ltr'><strong>«qui</strong></span> <span class='ocrx_word' id='word_1_903' title='bbox 2225 5745 2569 5818; x_wconf 70' lang='lat' dir='ltr'><strong>ds-Epi&#39;tt&#39;aiut</strong></span> <span class='ocrx_word' id='word_1_904' title='bbox 2592 5762 2609 5801; x_wconf 89' lang='lat'><strong>:</strong></span> <span class='ocrx_word' id='word_1_905' title='bbox 2627 5745 2780 5817; x_wconf 71' lang='lat' dir='ltr'><strong>Quod</strong></span> <span class='ocrx_word' id='word_1_906' title='bbox 2795 5746 2854 5808; x_wconf 71' lang='lat' dir='ltr'><strong>in</strong></span> <span class='ocrx_word' id='word_1_907' title='bbox 2875 5746 3154 5812; x_wconf 53' lang='lat' dir='ltr'><strong>“obtain</strong></span> <span class='ocrx_word' id='word_1_908' title='bbox 3167 5766 3278 5808; x_wconf 72' lang='lat' dir='ltr'><strong>tton-</strong></span> <span class='ocrx_word' id='word_1_909' title='bbox 3303 5749 3554 5821; x_wconf 55' lang='lat' dir='ltr'><strong>habetur,</strong></span> <span class='ocrx_word' id='word_1_910' title='bbox 3582 5760 3637 5808; x_wconf 85' lang='lat' dir='ltr'><strong>ct</strong></span> 
     </span>
    </p>
   </div>
   <div class='ocr_carea' id='block_1_117' title="bbox 395 5828 2486 5910">
    <p class='ocr_par' dir='ltr' id='par_1_117' title="bbox 395 5828 2486 5910">
     <span class='ocr_line' id='line_1_117' title="bbox 395 5828 2486 5910; baseline 0.006 -27"><span class='ocrx_word' id='word_1_911' title='bbox 395 5838 420 5866; x_wconf 71' lang='grc' dir='ltr'>α</span> <span class='ocrx_word' id='word_1_912' title='bbox 457 5828 664 5886; x_wconf 82' lang='lat' dir='ltr'><strong>Victor.</strong></span> <span class='ocrx_word' id='word_1_913' title='bbox 734 5847 1007 5901; x_wconf 86' lang='lat' dir='ltr'><strong>equorum,</strong></span> <span class='ocrx_word' id='word_1_914' title='bbox 1055 5830 1198 5904; x_wconf 90' lang='lat' dir='ltr'><strong>quod</strong></span> <span class='ocrx_word' id='word_1_915' title='bbox 1238 5841 1292 5889; x_wconf 90' lang='lat' dir='ltr'><strong>et</strong></span> <span class='ocrx_word' id='word_1_916' title='bbox 1318 5830 1554 5904; x_wconf 88' lang='lat' dir='ltr'><strong>plurium</strong></span> <span class='ocrx_word' id='word_1_917' title='bbox 1600 5849 1828 5893; x_wconf 89' lang='lat' dir='ltr'><strong>numero</strong></span> <span class='ocrx_word' id='word_1_918' title='bbox 1860 5834 1913 5894; x_wconf 92' lang='lat' dir='ltr'><strong>in</strong></span> <span class='ocrx_word' id='word_1_919' title='bbox 1944 5836 2137 5898; x_wconf 72' lang='lat' dir='ltr'><strong>Graeco</strong></span> <span class='ocrx_word' id='word_1_920' title='bbox 2168 5840 2262 5910; x_wconf 86' lang='lat' dir='ltr'><strong>sit,</strong></span> <span class='ocrx_word' id='word_1_921' title='bbox 2290 5839 2486 5898; x_wconf 82' lang='grc' dir='ltr'><strong>ἵππων.</strong></span> 
     </span>
    </p>
   </div>
  </div>
