4100 6336
503 212 647 299 toea

1752 236 1811 297 S.
1853 237 2126 298 EUSEBII
2166 236 2547 297 lllERONYMI

3671 238 3814 299 1064

502 373 568 413 ει(
600 357 878 428 superﬂuo
926 356 1229 414 disseratur
1275 371 1303 413 a
1333 358 1515 428 nobis,
1550 372 1672 414 cum
1731 356 2093 429 lropologiam
2122 358 2171 417 Α
2200 366 2392 412 ccntur
2434 355 2501 411 ad
2550 367 2759 426 poenas,
2804 362 2860 411 et
2898 355 3175 412 auferetur
3232 355 3475 413 hinnitus
3542 358 3677 430 equi
3746 376 3812 415 ex

503 458 692 506 texere
717 450 1069 520 coeperimus.
1095 449 1301 506 Jurarit
1320 449 1574 507 Dominus
1592 451 1649 505 in
1667 450 1960 518 semetipso,
1987 446 2101 501 sive

504 553 564 600 ut
589 545 640 598 in
678 543 905 599 llebrtco
937 544 1190 615 legimus,
1209 544 1262 598 in
1279 544 1455 597 anima
1477 560 1596 610 sua,
1620 543 1774 612 juxta
1802 538 1930 595 illud
1954 537 2099 608 quod

501 636 558 694 in
590 637 725 693 Isaia
758 637 1019 708 scriptum
1050 646 1134 693 est
1172 654 1186 691 :
1223 637 1538 695 Neomenias
1560 634 2102 694 etsabbatavestra,et

507 730 614 787 dies
629 735 783 803 festos
812 731 921 786 odit
946 732 1123 785 anima
1149 747 1261 786 mea
1285 728 1421 802 (Isa.
1452 747 1491 794 ι,
1520 729 1644 802 l5):
1681 744 1788 784 non
1821 741 1929 797 quo
1960 726 2101 781 Deus

507 825 742 879 animam
766 824 984 891 habeat,
1000 824 1097 880 sed
1115 840 1221 895 quo
1239 824 1492 881 humanis
1522 824 1776 894 loquatur
1795 819 2098 875 allectibus.

506 918 670 991 316
698 918 807 975 Nec
862 919 1059 973 mirum
1110 919 1155 973 si
1183 918 1415 972 animam
1450 916 1652 973 habere
1702 915 1938 979 dicatur,
1976 927 2098 968 cum

506 1012 670 1067 etiam
726 1011 968 1067 membra
1000 1018 1222 1079 caetera,
1256 1025 1378 1079 qua:
1401 1008 1590 1064 viliora
1614 1018 1737 1062 sunt
1773 1006 1973 1068 anima,
2011 1019 2103 1074 pe-

504 1103 627 1171 des,
651 1119 864 1170 mauus,
896 1113 950 1159 et
975 1112 1247 1170 ventrem,
1272 1110 1328 1158 et
1364 1110 1515 1157 artus
1552 1109 1781 1157 caeteros
1811 1113 1869 1154 se
1901 1096 2102 1151 habere

506 1208 765 1256 testetur.
801 1197 955 1267 Quod
1009 1198 1055 1252 si
1087 1198 1449 1267 opposuerint
1490 1195 1648 1251 nobis
1704 1195 1783 1259 hi,
1836 1193 1923 1264 qui
1956 1189 2104 1245 Chri-

505 1303 650 1351 stum
702 1302 904 1365 negaut
957 1294 1249 1347 humanam
1297 1290 1552 1347 habuisse
1602 1290 1879 1352 animam;
1920 1284 2018 1341 sed
2048 1284 2099 1338 in

506 1387 747 1442 humano
774 1400 1007 1456 corpore
1036 1386 1202 1440 Deum
1235 1384 1403 1440 fuisse
1435 1398 1535 1455 pro
1574 1383 1776 1449 anima,
1798 1379 2023 1434 audiant
2048 1376 2101 1430 in

507 1478 729 1537 Christo
757 1479 1115 1536 substantiam
1154 1478 1354 1533 anima:
1395 1474 1795 1533 demonstrari:
1829 1470 2103 1544 quomodo

506 1584 562 1631 et
617 1574 857 1630 membra
917 1572 1167 1643 corporis
1194 1572 1313 1642 ejus
1362 1571 1605 1626 habuere
1633 1568 2009 1626 substantiam.
2043 1566 2102 1623 In

506 1669 620 1726 Deo
652 1676 832 1725 autem
867 1667 1027 1722 Patre
1049 1676 1075 1703 ει
1098 1674 1263 1738 caput
1318 1672 1373 1720 et
1412 1664 1580 1735 pedes
1625 1674 1680 1719 et
1728 1673 1946 1726 caetera,
1979 1676 2102 1731 quae

2204 449 2457 520 Ephraim
2489 467 2501 504 :
2534 451 2624 522 qui
2654 451 2705 504 in
2736 449 3035 519 Scripturis
3076 452 3284 506 sanctis
3321 452 3619 523 dupliciter
3667 453 3816 508 acci-

2203 542 2369 612 pitur,
2415 553 2507 597 aut
2548 544 2600 598 in
2645 542 2953 613 superbiam
2992 546 3402 616 potentiamque
3454 561 3675 612 eorum,
3720 546 3817 617 qui

2205 636 2477 703 hinniuut,
2510 647 2603 693 aut
2634 639 2685 693 in
2715 636 2956 693 libidinis
3005 640 3452 711 magnitudinem.
3506 640 3566 695 ln
3612 655 3817 711 super-

2204 730 2345 784 bium
2365 731 2740 802 malorumque
2757 746 3104 799 consensum,
3131 741 3188 788 ut
3211 732 3312 787 ibi:
3350 732 3423 787 Hi
3444 733 3499 788 in
3540 734 3812 799 curribus,

2203 834 2249 878 et
2270 823 2323 877 hi
2346 824 2399 879 in
2420 826 2557 896 equis
2582 824 2701 898 (Ps.
2732 841 2847 891 XIX,
2871 825 2950 897 8).
2983 826 3050 882 Et
3069 844 3081 879 :
3104 824 3299 881 Fallax
3319 843 3475 899 equus
3492 828 3559 880 ad
3578 829 3814 882 salutem

2208 918 2323 989 (Ps.
2357 936 2523 987 χχχιι,
2558 920 2670 992 l7).
2703 921 2767 976 Et
2790 922 3006 991 regibus
3037 920 3201 977 Israel
3232 921 3566 992 praecipitur,
3600 937 3677 978 ne
3708 921 3812 977 sibi

2204 1013 2563 1083 multiplicent
2584 1028 2754 1085 equos
2785 1013 2964 1086 (Deut.
2996 1012 3149 1086 xvn).
3186 1015 3251 1069 Et
3285 1014 3337 1070 in
3374 1014 3511 1069 libro
3544 1013 3680 1079 Job,
3707 1028 3815 1070 vox

2205 1108 2325 1176 equi
2380 1106 2619 1177 clangori
2646 1106 2785 1162 tubae
2810 1116 3154 1178 comparatur
3182 1106 3329 1177 (Job.
3363 1107 3574 1178 XXXIX).
3602 1107 3667 1162 In
3715 1106 3818 1161 Za-

2204 1199 2385 1255 charia
2416 1216 2633 1272 quoque
2677 1201 2929 1273 legimus,
2976 1202 3118 1272 quod
3171 1202 3447 1273 Evangelii
3491 1200 3816 1257 testimonio

2204 1293 2610 1365 comprobatur,
2645 1303 2701 1351 et
2724 1296 2956 1351 refertur
2985 1296 3049 1350 ad
3079 1294 3423 1367 praesentiam
3449 1294 3764 1351 Salvatoris
3800 1318 3814 1350 .-

2204 1384 2383 1441 Gaude
2428 1388 2602 1456 nimis,
2646 1389 2758 1459 ﬁlia
2810 1390 2981 1444 Sion:
3033 1390 3279 1461 pra’dica,
3332 1389 3445 1458 ﬁlia
3486 1387 3811 1444 Jerusalem.

2205 1480 2343 1536 Ecce
2373 1498 2466 1537 rea:
2492 1490 2612 1536 tuus
2632 1484 2764 1536 venit
2788 1483 2880 1536 tibi
2893 1484 3069 1553 justus
3100 1494 3145 1537 et
3175 1484 3454 1539 Salvator:
3492 1488 3607 1555 ipse
3663 1502 3815 1539 man-

2205 1583 2405 1643 suetus,
2438 1585 2485 1628 et
2514 1575 2795 1631 ascendens
2816 1592 2971 1648 super
3008 1577 3211 1631 asinam
3246 1586 3295 1632 et
3346 1577 3550 1649 pullum
3600 1579 3774 1633 asinte
3798 1592 3817 1631 :

2206 1677 2250 1723 et
2280 1668 2537 1739 disperdet
2566 1669 2849 1742 quadrigas
2879 1686 2941 1724 ex
2971 1668 3248 1740 Ephraim,
3277 1680 3324 1725 et
3353 1687 3508 1741 equos
3543 1670 3610 1726 de
3646 1671 3815 1726 Jeru-

504 1763 782 1829 dicuutur,
836 1778 949 1819 non
978 1770 1106 1817 sunt
1137 1760 1406 1824 membra,
1432 1759 1528 1813 sed
1580 1773 1677 1828 per
1716 1771 1907 1813 eorum
1940 1769 2102 1810 voca-
2134 1760 2179 1821 Β
2207 1760 2367 1816 salem
2423 1760 2608 1833 (Zach.
2643 1778 2719 1830 ιχ,
2749 1764 2827 1833 9).
2855 1763 2916 1817 In
2940 1762 3177 1818 libidinis
3200 1779 3330 1819 vero
3351 1764 3812 1836 magnitudinem,

504 1858 632 1913 bula
679 1856 1102 1913 efﬁcientiarum
1133 1854 1423 1909 diversitas
1450 1851 1723 1907 iudicatur
1749 1868 1763 1906 :
1797 1850 1875 1904 sic
1904 1858 1959 1904 et
1986 1850 2103 1902 aui-

504 1967 649 2007 mam
696 1964 807 2005 non
837 1963 961 2006 esse
987 1946 1432 2011 substantialem,
1457 1946 1553 2001 sed
1603 1943 1852 2001 allectum
1906 1943 2104 1999 mentis

503 2047 757 2113 internae,
800 2055 858 2102 ct
903 2043 1298 2115 cogitationum
1332 2042 1513 2099 locum
1545 2083 1561 2109 ,
1617 2056 1715 2111 per
1744 2055 1903 2112 quem
1959 2040 2105 2096 Deus

506 2157 661 2199 suam
716 2140 925 2196 indicet
976 2139 1339 2196 voluntatem.
1396 2136 1607 2192 Jurauit
1662 2151 1792 2207 ergo
1822 2135 2103 2202 Dominus,

506 2233 647 2291 Deus
671 2235 1012 2299 exercituum,
1052 2234 1103 2288 id
1149 2243 1255 2301 est,
1281 2230 1514 2289 Sabaoth
1547 2231 1673 2303 (pro
1704 2244 1833 2301 quo,
1859 2232 2105 2284 virtutum

505 2329 859 2401 Septuaginta
894 2326 1335 2398 transtulerunt),
1379 2341 1440 2382 se
1493 2324 1750 2381 detestari
1792 2324 2102 2395 superbiam

504 2421 697 2489 Iacob,
724 2432 780 2477 et
828 2422 1025 2477 domos
1056 2419 1173 2490 ejus
1203 2418 1407 2475 odisse.
1465 2418 1563 2474 llic
1591 2417 1760 2474 Jacob
1804 2415 2103 2472 secundum

506 2514 758 2586 superius
778 2513 1100 2584 capitulum,
1127 2511 1220 2568 ubi
1242 2512 1503 2583 scriptum
1531 2520 1615 2567 est
1641 2528 1654 2564 :
1688 2508 1759 2564 Et
1780 2510 1912 2564 nihil
1939 2511 2104 2580 patie-

508 2608 701 2663 bantur
747 2623 902 2678 super
948 2606 1258 2661 contritione
1305 2605 1523 2676 Ioseph,
1554 2612 1647 2661 aut
1684 2604 1872 2661 decem
1930 2602 2107 2659 tribus

507 2701 717 2773 accipe,
751 2709 846 2755 aut
876 2706 1028 2756 certe
1077 2700 1391 2754 universam
1433 2698 1654 2754 domum
1685 2695 1973 2753 duodecim
2007 2696 2099 2751 tri~

506 2796 696 2853 buum.
729 2795 797 2850 Et
839 2795 1173 2850 traditurum
1204 2793 1481 2848 civitatem
1529 2806 1653 2847 cum
1706 2789 2106 2846 habitatoribus

505 2893 620 2947 suis
642 2906 656 2955 ;
681 2888 767 2945 vel
786 2887 1114 2956 Samariam,
1138 2887 1224 2943 vel
1248 2893 1399 2943 certe
1416 2884 1748 2951 Jerusalem,
1764 2884 1849 2941 vel
1874 2884 1929 2939 in
1951 2900 2105 2939 com-

507 2982 658 3040 muni
690 2992 997 3052 utramque.
1029 2979 1189 3049 Quod
1220 2978 1287 3035 ad
1317 2987 1533 3049 tempus
1563 2977 1778 3033 Domini
1807 2977 2106 3035 Salvatoris

504 3077 717 3135 referre
747 3088 1081 3148 possumus;
1116 3083 1243 3143 post
1269 3072 1425 3144 cujus
1465 3072 1757 3128 adventum
1812 3081 1867 3128 et
1895 3071 2106 3143 passio-

2208 1864 2261 1910 et
2292 1853 2612 1910 ell‘renatum
2645 1856 2819 1912 coitus
2849 1856 3203 1928 desiderium,
3241 1868 3297 1913 ut
3326 1860 3376 1913 in
3399 1858 3667 1927 Jeremia,
3718 1858 3813 1930 qui

2208 1948 2518 2005 luxuriosos
2548 1949 2934 2021 adulterosque
2963 1951 3299 2021 describens,
3352 1954 3568 2008 intulit:
3628 1953 3815 2009 Unus-

2207 2049 2586 2115 quisquesuper
2607 2060 2819 2098 uxorem
2843 2045 3066 2116 proximi
3091 2047 3171 2099 sui
3193 2044 3455 2100 hinniebat
3480 2046 3618 2120 (Jer.
3644 2062 3703 2113 v,
3733 2046 3812 2115 8).

2208 2136 2369 2192 'l‘ales
2422 2152 2613 2207 equos,
2644 2135 2846 2192 Christi
2881 2137 3164 2207 adventus,
3208 2150 3265 2194 et
3311 2138 3406 2194 Dei
3453 2138 3529 2194 ira
3578 2140 3817 2196 subner-

2211 2237 2320 2283 vat.
2353 2228 2417 2284 Et
2441 2228 2587 2298 jurat
2618 2229 2878 2285 Dominus
2906 2247 3004 2302 per
3032 2232 3381 2301 semetipsum
3441 2232 3586 2303 (quia
3631 2231 3814 2302 majo-

2209 2339 2323 2379 rem
2355 2339 2451 2395 per
2479 2340 2637 2395 quem
2666 2326 2812 2396 juret
2842 2341 2945 2383 nou
2976 2326 3160 2400 habet)
3187 2341 3247 2383 se
3295 2327 3554 2383 detestari
3617 2342 3815 2383 omnes

2210 2415 2584 2473 haereticorum
2614 2419 2989 2486 contumelias,
3023 2430 3077 2475 et
3108 2422 3387 2476 universas
3426 2421 3681 2491 regiones
3722 2436 3815 2476 eo-

2209 2525 2328 2565 rum
2357 2510 2539 2567 odisse
2570 2510 2758 2584 (Hebr.
2792 2510 2890 2587 vi).
2922 2512 3193 2584 Quidquid
3222 2514 3366 2570 enim
3400 2514 3701 2585 loquuntur
3732 2515 3813 2569 in-

2202 2602 2343 2674 juria
2373 2612 2478 2669 est,
2508 2614 2562 2659 et
2583 2605 2803 2676 dignum
2836 2607 2930 2662 Dei
2959 2606 3107 2666 odio.
3144 2607 3210 2661 Et
3254 2607 3562 2664 ablaturum
3613 2609 3809 2664 civita-

2212 2706 2316 2753 tem
2372 2707 2427 2753 et
2454 2698 2807 2755 conciliabula
2836 2714 3021 2755 eorum
3045 2714 3165 2756 cum
3194 2699 3279 2756 bis
3307 2702 3396 2771 qui
3426 2701 3694 2770 habitant,
3758 2709 3811 2757 et

2208 2791 2464 2863 pupulum
2500 2792 2771 2861 videlicet,
2802 2802 2855 2848 et
2885 2795 3190 2864 magistros,
3218 2794 3427 2850 etiamsi
3459 2795 3651 2867 reliqui
3692 2794 3805 2851 fue-

2210 2887 2320 2940 rint
2340 2884 2524 2941 decem
2552 2886 2652 2941 viri
2682 2885 2795 2959 (qui
2819 2886 2864 2942 si
2889 2886 3122 2942 fuissent
3142 2888 3197 2942 in
3221 2886 3473 2945 Sodomis
3494 2897 3551 2945 et
3578 2888 3813 2945 Gomor-

2209 2978 2324 3034 rltis
2384 2979 2597 3051 (Cenes.
2628 2981 2768 3051 XIX),
2802 2996 3142 3053 nequaquam
3175 2997 3339 3052 super
3364 2997 3458 3038 eas
3486 2982 3810 3039 descendis-

2209 3084 2290 3131 set
2319 3074 2674 3148 incendium),
2702 3091 2893 3133 omnes
2913 3091 3034 3133 esse
3061 3078 3357 3134 morituros
3382 3094 3444 3134 ea
3470 3085 3666 3144 morte,
3692 3092 3811 3149 qua:

506 3188 632 3230 nem
664 3172 966 3229 detestatus
991 3179 1077 3226 est
1104 3170 1247 3225 Deus
1276 3183 1497 3225 omnem
1534 3167 1874 3238 superbiam,
1907 3166 1992 3222 vel
2024 3165 2107 3220 iu-
2134 3163 2181 3230 C
2212 3166 2362 3224 ducit
2408 3168 2475 3223 ad
2528 3178 2811 3239 tartarum,
2850 3171 2917 3226 dc
2938 3186 3040 3240 qua
3071 3171 3328 3228 Ezechiel
3358 3171 3587 3228 scribit:
3617 3172 3809 3227 Anima

501 3266 701 3339 juriam
725 3264 921 3331 Jacob,
967 3278 1074 3335 qua
1124 3260 1232 3334 [ΑΙ.
1283 3259 1433 3334 quia]
1483 3259 1634 3316 illum
1664 3258 1806 3315 labri
1835 3258 2011 3314 ﬁlium
2048 3266 2109 3314 et

507 3358 935 3424 Samaritauum,
982 3365 1037 3413 ει
1067 3355 1357 3412 habentem
1402 3354 1733 3409 daemonium
1788 3351 2104 3409 conclama-

507 3454 639 3511 bant
660 3452 878 3524 (Hatth.
902 3468 998 3507 xm
1024 3467 1039 3517 ;
1067 3449 1225 3506 Joan.
1249 3449 1400 3524 vin):
1434 3449 1642 3506 idcirco
1672 3450 1973 3506 Jerusalem
1998 3458 2109 3503 tra—

507 3546 621 3601 dita
649 3552 733 3601 est
762 3560 888 3601 cum
918 3543 1317 3599 habitatoribus
1335 3542 1723 3598 suisRomanis
1750 3540 2102 3598 exercitibus.

508 3642 576 3698 Et
618 3642 891 3697 intantum
940 3647 1131 3695 contra
1162 3652 1256 3695 eos
1304 3638 1403 3693 Dei
1431 3637 1509 3693 ira
1537 3636 1783 3703 desaevit,
1816 3634 2105 3690 utetiamsi

509 3733 879 3791 remanserint
910 3731 1097 3788 decem
1130 3731 1228 3786 viri
1282 3730 1336 3786 in
1367 3730 1535 3786 domo
1580 3745 1706 3796 una,
1755 3728 1857 3799 ipsi
1890 3741 2107 3798 quoque

509 3826 837 3893 moriantur,
883 3835 939 3883 et
976 3824 1337 3897 propinquus,
1398 3824 1520 3879 sive
1560 3822 1774 3878 vicinus
1822 3820 2109 3877 comburat

508 3919 777 3977 cadavera
834 3928 1173 3977 mortuorum
1207 3962 1221 3986 ,
1290 3925 1346 3973 ut
1399 3917 1589 3973 ell‘erat
1642 3931 1766 3972 ossa
1824 3915 1895 3972 de
1941 3915 2107 3971 domo

510 4031 648 4082 sua;
699 4015 826 4086 quia
852 4029 965 4086 prae
1013 4010 1365 4069 morientium
1395 4009 1598 4076 turbis,
1642 4008 1851 4080 integra
1878 4023 2109 4079 corpora

511 4110 698 4167 eﬁ‘erri
720 4125 828 4166 non
858 4108 1093 4164 valeant.
1124 4106 1368 4177 Cumque
1393 4104 1501 4175 jam
1523 4104 1702 4159 lassus
1733 4102 1893 4159 fuerit
1921 4117 2109 4173 aspor-

511 4205 699 4273 tando,
732 4205 1033 4275 interroget
1082 4216 1206 4257 eum
1255 4200 1347 4271 qui
1396 4200 1451 4254 in
1490 4197 1865 4270 penetralibus
1913 4197 2107 4254 domus

509 4311 617 4367 est,
659 4309 839 4355 utrum
886 4295 1162 4366 supersint
1189 4307 1327 4365 quos
1363 4291 1469 4348 sibi
1519 4291 1734 4347 tradere
1772 4290 1996 4358 debeat,
2054 4299 2110 4346 et

510 4392 609 4449 ille
664 4390 1036 4462 respondeat:
1070 4387 1223 4442 Fiuis
1251 4394 1357 4454 est,
1396 4386 1509 4456 jam
1559 4399 1665 4440 non
1717 4384 1891 4442 habeo
1944 4399 2105 4455 quem

511 4485 605 4542 tibi
640 4482 851 4540 tradam
893 4481 959 4537 ad
1012 4478 1416 4551 sepeliendum;
1450 4487 1504 4535 et
1534 4488 1825 4549 antequam
1871 4494 1979 4533 non
2010 4477 2111 4533 ha-

2209 3276 2324 3331 qua:
2354 3261 2656 3331 peccauerit,
2698 3265 2815 3330 ipsa
2869 3263 3118 3317 morietur
3172 3261 3385 3333 (Ezeoh.
3439 3260 3614 3333 xvtu).
3676 3262 3808 3318 Isto-

2209 3369 2329 3408 rum
2358 3368 2485 3409 ossa
2512 3353 2788 3424 sepeliunt
2834 3354 3118 3425 pr0pinqui
3165 3364 3220 3409 et
3263 3354 3547 3410 domestici
3594 3368 3806 3420 eorum,

2208 3448 2275 3504 de
2295 3450 2489 3520 quibus
2515 3448 2711 3504 dicitur
2736 3467 2749 3504 :
2780 3448 2927 3518 Sine,
2955 3449 3121 3522 318
3142 3450 3331 3504 mortui
3378 3449 3626 3521 sepeliant
3673 3464 3809 3503 mor—

2210 3549 2324 3597 tuos
2349 3558 2468 3597 suos
2501 3541 2653 3613 (Luc.
2683 3557 2757 3607 ιιι,
2780 3541 2897 3613 60).
2923 3542 2988 3596 Et
3009 3540 3100 3597 ille
3121 3542 3214 3612 qui
3234 3539 3371 3596 loris
3394 3549 3497 3608 est,
3521 3540 3805 3596 etdomum

2208 3654 2316 3694 non
2346 3638 2648 3709 ingreditur
2679 3648 3012 3694 mortuorum
3038 3654 3053 3705 ;
3082 3638 3177 3695 sed
3205 3639 3375 3709 magis
3422 3644 3667 3693 mortuos
3726 3637 3804 3690 lo-

2209 3745 2298 3787 ras
2368 3730 2538 3801 ejicit,
2614 3732 2845 3803 imperat
2907 3732 2956 3788 ei
3024 3732 3115 3801 qui
3183 3730 3456 3787 comburit
3538 3741 3803 3796 mortuos,

2209 3833 2263 3880 et
2292 3824 2538 3880 dissolvit
2566 3825 2619 3880 in
2646 3826 2881 3893 cineres,
2931 3830 2984 3880 ει
3029 3840 3221 3882 eorum
3287 3840 3411 3881 ossa
3460 3825 3801 3887 comminuit,

2209 3927 2268 3974 ut
2298 3926 2510 3975 taceat:
2564 3927 2618 3975 et
2665 3919 3010 3989 purissimum
3060 3918 3157 3974 Dei
3205 3932 3401 3974 nomen
3451 3926 3666 3974 mortuo
3708 3933 3805 3973 ore

2210 4033 2318 4071 non
2348 4017 2605 4073 maculet.
2629 4016 2908 4071 Peccatori
2940 4016 3086 4071 enim
3120 4014 3254 4071 dicit
3296 4015 3480 4071 Deus:
3524 4013 3697 4079 Quare
3751 4022 3803 4066 tu

2209 4127 2426 4166 enarras
2444 4110 2683 4181 justitias
2711 4126 2873 4175 meas,
2908 4119 2958 4165 et
2985 4111 3210 4165 assumis
3247 4119 3604 4165 testamentum
3634 4121 3805 4163 meum

2209 4221 2298 4277 per
2322 4221 2377 4259 os
2400 4215 2542 4259 tuum
2572 4202 2690 4275 (Ps.
2719 4204 2900 4276 xux)?
2922 4203 3079 4261 Unde
3101 4212 3157 4259 et
3185 4219 3285 4259 nos
3328 4204 3618 4276 providere
3641 4202 3804 4258 debe-

2212 4311 2352 4365 mus,
2384 4312 2452 4353 ne
2482 4298 2678 4353 mortui
2708 4297 3036 4369 sepeliamus
3064 4306 3340 4362 mortuos;
3380 4297 3478 4353 sed
3524 4306 3583 4353 ut
3631 4295 3805 4368 magis

2211 4389 2472 4456 viventes,
2506 4405 2601 4446 eos
2629 4390 2719 4461 qui
2747 4400 2872 4445 sunt
2902 4393 3123 4456 mortui,
3152 4389 3180 4429 δ
3214 4390 3579 4461 producamus
3617 4390 3683 4444 ad
3732 4389 3805 4443 vi-

2211 4491 2339 4537 tam.
2387 4481 2544 4550 Quod
2592 4481 2639 4537 si
2684 4498 2789 4537 non
2851 4484 3159 4550 fecerimus,
3217 4485 3521 4555 imperatur
3574 4482 3734 4538 nobis
3755 4489 3805 4536 et

508 4582 640 4639 bere
670 4580 914 4650 sejuret,
955 4576 1081 4643 ille,
1123 4576 1214 4647 qui
1246 4575 1699 4645 interrogaverat,
1719 4582 1772 4630 et
1801 4572 1933 4629 loris
1965 4582 2105 4642 erat,
2136 4572 2190 4633 1)
2214 4574 2452 4630 dicitur:
2484 4572 2645 4642 Tace,
2673 4576 2796 4646 quia
2828 4574 3036 4647 indigni
3068 4576 3167 4631 Dei
3206 4577 3427 4632 nomine
3470 4574 3802 4646 iudicamur.

506 4685 565 4734 et
616 4689 723 4731 non
775 4688 899 4730 esse
950 4680 1320 4743 cognoverat,
1389 4670 1625 4740 imperat
1673 4667 1769 4735 ei,
1825 4677 1881 4724 et
1934 4666 2104 4723 dicit:

507 4771 675 4837 Tace,
725 4777 774 4823 et
812 4784 916 4823 non
962 4765 1247 4821 recorderis
1291 4764 1519 4819 nominis
1568 4761 1802 4818 Domini.
1855 4760 1967 4818 Hoc
2012 4774 2109 4815 au-

508 4875 618 4925 tem
670 4866 832 4939 317
880 4863 1083 4920 idcirco
1130 4869 1542 4927 commemorat,
1587 4871 1646 4913 ut
1688 4857 1958 4923 ostendat,
2008 4870 2108 4912 nec

507 4959 775 5017 malorum
796 4957 1012 5029 quidem
1045 4953 1286 5026 pondere
1330 4962 1385 5008 et
1432 4952 1753 5008 necessitate
1799 4949 2109 5020 compulsos

508 5052 649 5110 velle
670 5065 868 5108 nomen
890 5046 1105 5104 Domini
1131 5044 1400 5113 conliteri,
1430 5053 1483 5100 et
1510 5045 1563 5100 in
1601 5051 1805 5099 tantam
1851 5042 1993 5113 apud
2027 5042 2102 5098 ls-

507 5148 621 5203 rael
642 5144 994 5213 oblivionem,
1011 5140 1111 5197 Dei
1135 5139 1351 5195 venisse
1369 5137 1713 5205 vocabulum,
1732 5145 1788 5191 ut
1811 5151 1877 5192 ne
1900 5137 1951 5191 in
1973 5135 2103 5191 sim-

507 5239 636 5313 plici
664 5237 882 5311 quidem
907 5236 1224 5307 iuramento
1251 5248 1450 5289 nomen
1473 5232 1589 5301 ejus
1613 5230 1868 5302 dignetur
1887 5230 2096 5285 audire.

508 5330 726 5388 Tenues
746 5327 984 5386 historia:
1011 5329 1187 5384 lineas
1211 5325 1486 5392 duximus,
1526 5338 1669 5380 nunc
1692 5324 1966 5394 allegoria:
1997 5323 2097 5377 im-

507 5427 807 5501 primamus
832 5438 1069 5479 manum.
1107 5420 1390 5491 Principes
1418 5417 1824 5485 luereticorum,
1855 5416 1943 5488 qui
1976 5431 2103 5488 pro-

507 5530 631 5594 pter
652 5519 877 5578 delicias
902 5533 1029 5576 suas
1053 5533 1233 5574 meum
1262 5516 1525 5589 pepulum
1562 5515 1918 5581 devorabam,
1944 5525 1998 5571 et
2021 5515 2104 5570 ni-

506 5614 583 5673 hil
612 5614 956 5686 patiebantur
978 5625 1143 5682 super
1167 5610 1505 5667 contritione
1530 5608 1753 5681 Joseph,
1799 5607 1961 5680 primi
1998 5607 2102 5664 du-

584 5744 608 5771 σι
640 5732 893 5789 Fortasse
918 5730 1124 5788 rectius
1147 5728 1502 5786 Cisterciens.
1531 5743 1661 5793 ms.,
1708 5724 1772 5781 In
1800 5723 1911 5781 Deo
1934 5734 2105 5780 autem

508 5804 687 5873 Patre,
721 5815 776 5860 ut
807 5815 989 5862 cratera
1008 5818 1122 5875 qute
1145 5803 1415 5874 dicuntur,
1443 5810 1553 5859 etc:

2282 4669 2467 4743 (Vers.
2503 4672 2572 4727 i2
2617 4670 2797 4743 seqq.)
2834 4670 2970 4737 Quia
2996 4686 3110 4726 ecce
3135 4669 3389 4726 Dominus
3428 4670 3713 4737 mandabit,
3760 4677 3803 4722 et

2210 4767 2456 4837 percutiet
2489 4768 2699 4821 domum
2729 4768 2978 4837 majorem
3007 4766 3195 4834 ruinis,
3223 4774 3271 4819 et
3298 4765 3509 4819 domum
3554 4764 3803 4818 minorem

2209 4860 2539 4916 scissionibus
2572 4860 2865 4933 :numquid
2902 4876 3108 4915 currere
3156 4868 3346 4932 queunt
3370 4860 3424 4914 in
3465 4859 3620 4931 petris
3665 4857 3799 4928 equi,

2210 4964 2299 5008 aut
2326 4955 2465 5008 arari
2495 4962 2657 5026 potest
2707 4955 2761 5008 in
2799 4954 3046 5010 bubulis?
3093 4954 3352 5019 Quoniam
3389 4953 3707 5007 convertistis
3754 4951 3802 5003 in

2210 5048 2610 5103 amaritudinem
2630 5048 2912 5119 judicium,
2947 5059 2995 5104 et
3025 5053 3251 5122 fructum
3266 5048 3491 5121 justitiaz
3538 5048 3591 5100 in
3633 5045 3805 5099 absin-

2212 5141 2395 5195 thium.
2431 5140 2533 5206 Qui
2560 5141 2808 5196 lwtomini
2838 5143 2891 5197 in
2920 5142 3091 5212 nihili,
3143 5142 3233 5212 qui
3282 5141 3455 5194 dicitis
3478 5157 3495 5192 :
3537 5134 3803 5207 Numquid

2208 5250 2311 5288 non
2340 5233 2393 5288 in
2424 5235 2725 5305 fortitudine
2754 5246 2928 5291 nostra
2964 5236 3335 5307 assumpsimus
3379 5233 3524 5288 nobis
3560 5231 3804 5287 cornua?

2207 5326 2345 5383 Ecce
2395 5329 2530 5385 enim
2581 5330 2844 5386 suscitabo
2884 5347 3039 5403 super
3066 5346 3177 5399 vos,
3210 5329 3392 5383 domus
3435 5326 3623 5393 Israel,
3682 5325 3802 5380 dicit

2210 5419 2464 5479 Dominus
2499 5423 2641 5478 Deus
2667 5424 3009 5492 exercituum,
3032 5432 3254 5497 gentem,
3280 5431 3330 5478 et
3355 5429 3617 5477 conterent
3636 5435 3722 5474 vos
3743 5417 3802 5473 ab

2208 5517 2423 5572 introitu
2454 5517 2664 5585 Emath,
2706 5533 2868 5589 usque
2920 5516 2989 5570 ad
3039 5525 3311 5571 torrentem
3365 5515 3573 5571 deserti.
3624 5511 3797 5570 LXX:

2207 5608 2497 5682 PrOpterea
2518 5626 2631 5667 ecce
2652 5608 2909 5665 Dominus
2934 5607 3224 5674 mandabit,
3250 5617 3296 5662 et
3318 5607 3567 5679 percutiet
3598 5606 3801 5660 domum

2287 5724 2312 5765 ι)
2340 5725 2524 5782 Maluit
2551 5724 2758 5783 Victor.
2792 5726 3153 5795 perducamus.
