4120 6342
365 294 503 353 1065

1185 290 1848 351 -ΟΟΜΜΕΝΤΔΗΙΟΒΙΙΜ
1889 290 1955 347 IN
1995 287 2178 347 AMOS
2220 290 2347 347 LIB.
2390 290 2478 349 Ill.
2518 291 2670 349 CAP.
2708 292 2796 349 Vl.

3504 297 3644 354 i066

361 427 604 485 magnam
628 410 813 477 ruinis,
857 418 905 467 et
953 412 1161 466 domum
1208 428 1419 481 parram
1474 412 1825 466 scissionibus.
1889 409 1951 466 Si
1981 418 2026 474 Α
2059 422 2176 475 vos,
2212 423 2243 462 ο
2271 407 2466 465 domus
2495 426 2710 479 magna,
2743 421 2798 466 et
2824 407 3015 465 domus
3047 410 3247 478 minor,
3277 426 3399 481 qua:
3444 413 3648 470 ferien-

360 516 721 579 persequentttr
745 508 798 561 in
828 508 983 578 petris
1004 508 1119 577 equi
1147 524 1165 563 :
1202 508 1247 560 si
1274 508 1551 561 resicebunt
1598 509 1664 561 ad
1692 506 1951 578 feminas?

359 601 605 671 quoniam
634 601 951 656 convertistis
981 604 1034 655 in
1060 601 1286 671 furorem
1315 601 1595 674 judicium,
1644 612 1687 654 et
1726 603 1951 671 frttctum

349 694 573 766 justitite
597 696 650 748 in
693 695 1111 751 amaritudinem.
1154 695 1257 761 Qui
1310 695 1557 749 [tutamini
1605 710 1764 761 super
1811 693 1952 747 nullo

360 790 509 842 rerbo
537 796 563 823 ⁸
590 788 743 855 bono,
772 792 859 861 qui
894 791 1057 845 dicit:
1099 789 1290 845 Nonne
1326 792 1381 845 in
1429 790 1734 862 fortitudine
1774 799 1953 843 nostra

359 879 632 936 habuimus
661 884 902 938 cornua?
929 884 1061 951 Quia
1082 900 1195 939 ecce
1228 900 1319 955 ego
1345 883 1599 938 suscitabo
1638 899 1791 953 super
1844 898 1951 949 vos,

361 974 543 1030 domus
568 973 758 1044 Israel,
782 979 857 1031 ait
884 976 1139 1033 Dominus
1157 978 1295 1034 Deus
1321 976 1347 1015 δ
1374 978 1638 1046 virtutum,
1666 987 1885 1048 gentem,
1908 984 1955 1030 et

360 1079 621 1122 conterent
651 1085 737 1124 ros
770 1086 789 1124 .'
821 1087 927 1125 non
955 1080 1011 1124 ut
1055 1072 1324 1127 introeatis
1369 1071 1422 1124 in
1461 1069 1675 1137 Emath,
1723 1080 1771 1122 et
1799 1085 1957 1139 usque

360 1162 429 1216 ad
455 1172 727 1218 torrentem
752 1164 1068 1222 Occidentis.
1097 1167 1234 1234 Quia
1269 1167 1321 1221 in
1355 1174 1561 1221 tantam
1589 1163 1791 1220 rabiem
1826 1179 1953 1235 pro-

359 1251 589 1321 siliistis,
622 1264 679 1309 ut
705 1255 864 1311 etiam
898 1259 1089 1312 mortis
1124 1267 1389 1327 tempore,
1451 1266 1507 1313 et
1550 1255 1957 1312 imminentibus

361 1347 541 1413 tnalis,
598 1349 881 1407 nolueritis
930 1367 1129 1407 nomen
1181 1352 1401 1407 Domini
1454 1351 1778 1407 nominare:
1834 1349 1957 1404 ideo

359 1440 642 1496 mandabit
679 1441 964 1509 Dominus,
1016 1453 1072 1500 et
1120 1444 1387 1514 percutiet
1429 1443 1651 1499 domum
1696 1440 1956 1511 majorem

361 1533 551 1601 ruinis,
585 1545 641 1592 et
666 1535 887 1593 domum
918 1537 1190 1594 minorem
1222 1538 1599 1594 scissionibus.
1635 1537 1691 1592 Si
1716 1535 1956 1603 mandat,

359 1629 633 1700 quomodo
662 1632 930 1701 percutit?
968 1632 1023 1687 Si
1073 1632 1330 1702 percutit,
1384 1631 1657 1702 quomodo
1702 1626 1960 1683 mandat?

362 1720 470 1778 Sed
501 1723 552 1777 in
581 1738 647 1778 eo
670 1724 814 1794 quod
852 1724 1073 1780 mandat
1114 1735 1169 1781 et
1204 1724 1359 1795 jubet
1405 1722 1690 1791 ministris,
1742 1722 1961 1776 videtur

2058 503 2140 557 dm
2172 503 2301 558 estis
2326 504 2500 558 ruinis
2530 512 2585 559 et
2606 505 2984 570 scissiouibus,
3032 505 3085 560 id
3129 516 3235 571 est,
3283 523 3314 559 υ
3336 506 3530 561 domus
3572 507 3647 563 Is-

2056 597 2172 653 rael
2202 608 2257 653 et
2288 613 2480 653 omnes
2507 598 2799 654 duodecim
2829 601 3023 665 tribus,
3046 611 3262 671 gentem
3286 602 3642 657 smvissimam

2055 688 2406 762 Assyriorum
2437 700 2492 746 et
2514 689 2920 758 Chaldaeorum,
2952 708 3072 760 qua:
3113 707 3212 747 vos
3264 704 3515 748 conterat
3562 706 3647 747 at-

2056 798 2163 853 que
2194 785 2474 839 subvertat
2504 799 2534 839 a
2568 784 2838 855 principio
2863 800 3033 855 usque
3061 785 3128 840 ad
3166 786 3351 851 ﬁnem,
3395 803 3425 840 a
3470 788 3650 858 capite

2059 891 2231 946 usque
2262 876 2327 932 ad
2357 876 2607 943 caudam,
2635 892 2666 931 a
2699 877 2943 931 terminis
2972 888 3127 932 terrae
3155 888 3374 943 vestrm,
3416 880 3507 951 qui
3560 895 3647 935 so-

2059 970 2164 1026 lem
2213 971 2538 1041 resliiciunt,
2589 986 2763 1040 usque
2795 969 2858 1024 ati
2902 978 3194 1026 torrentem
3230 971 3487 1036 deserti,
3537 972 3653 1028 sive

2058 1062 2393 1130 Occidentis,
2426 1074 2485 1120 ut
2505 1064 2650 1119 LXX
2682 1064 3097 1131 transtulerunt,
3130 1064 3183 1119 id
3206 1074 3311 1131 est,
3336 1066 3406 1121 ab
3432 1067 3649 1135 Emath,

2061 1174 2232 1228 usque
2251 1158 2317 1214 ad
2349 1158 2802 1223 Rhinocoruram,
2837 1158 2976 1214 inter
3007 1174 3167 1229 quatn
3199 1170 3253 1215 et
3286 1160 3556 1216 Pelusium
3582 1161 3655 1216 ri-

2060 1268 2158 1307 vus
2188 1252 2351 1325 320
2379 1252 2511 1320 Nili,
2542 1253 2657 1308 sive
2688 1264 2898 1307 torrens
2920 1252 2988 1307 de
3011 1267 3201 1306 eremo
3234 1255 3482 1320 veniens,
3505 1271 3654 1309 mare

2062 1346 2386 1417 ingreditur.
2422 1345 2618 1400 Emath
2642 1359 2806 1414 supra
2832 1344 3189 1415 Epiphaniam
3217 1345 3476 1411 diximus,
3533 1362 3655 1416 qua:

2064 1440 2132 1495 ab
2161 1439 2431 1495 Antiocho
2462 1441 2548 1494 cui
2594 1449 3017 1511 Cognomeutum
3072 1438 3345 1513 Ἐπιφανὴς
3376 1440 3495 1506 fuit,
3550 1455 3651 1494 no-

2062 1551 2185 1591 men
2218 1534 2410 1590 sortita
2442 1545 2545 1591 est.
2580 1534 2684 1603 Qui
2713 1545 2893 1591 autem
2932 1544 3123 1606 putant
3154 1536 3295 1606 quod
3329 1535 3417 1590 hic
3465 1535 3660 1590 domus

2063 1627 2229 1684 Israel
2256 1627 2446 1683 decem
2484 1627 2658 1682 tribus
2683 1628 2973 1698 significet,
3018 1628 3316 1696 explanare
3357 1642 3460 1682 non
3504 1636 3660 1695 pote-

2066 1729 2212 1788 runt,
2260 1721 2533 1792 quomodo
2575 1723 2629 1775 in
2673 1721 3098 1776 comminatione
3139 1720 3355 1776 dicatur
3402 1720 3663 1777 adversus

360 1811 476 1883 ipse
506 1824 812 1884 percutere.
841 1815 1128 1883 Quomodo
1157 1816 1208 1870 iu
1234 1816 1457 1885 jubente
1478 1816 1635 1869 Patre
1654 1822 1709 1869 et
1730 1812 1963 1867 faciente
1992 1815 2041 1876 B
2068 1816 2256 1871 decem
2290 1816 2485 1885 tribus,
2518 1815 2662 1886 quod
2688 1815 3041 1870 conterenda:
3088 1816 3198 1870 sint
3246 1815 3314 1869 ab
3362 1813 3667 1884 Epiphania

359 1904 522 1973 Filio,
553 1908 680 1963 facit
707 1909 821 1978 ipse
868 1910 958 1979 qui
997 1909 1183 1978 jussit,
1237 1908 1464 1977 impleto
1515 1908 1610 1963 illo
1652 1908 1959 1963 versiculo:

358 1998 480 2073 Ipse
509 2001 659 2069 dixit,
691 2012 740 2056 et
762 2006 903 2074 facta
926 2014 1082 2060 sunt:
1110 2004 1219 2075 ipse
1248 2004 1513 2058 mandavit
1542 2013 1587 2056 et
1618 2013 1793 2056 creata
1842 2010 1961 2055 sunt

360 2091 480 2165 (Ps.
539 2108 755 2161 cstvut,
816 2094 896 2165 5).
951 2094 1147 2151 Omnia
1199 2094 1967 2167 enim3l9peripsumlacta

358 2196 507 2250 sunt,
536 2198 591 2242 et
619 2186 739 2243 sine
766 2187 885 2256 ipso
913 2187 1115 2243 factum
1141 2197 1228 2243 est
1275 2188 1432 2254 nihil,
1488 2200 1509 2226 ε
1575 2191 1723 2257 quod
1764 2187 1966 2241 factum

360 2284 446 2332 est
475 2275 631 2347 (Joan
663 2276 725 2348 ι).
767 2278 830 2331 Et
859 2278 912 2332 in
941 2278 1200 2350 Egypto,
1232 2277 1327 2333 ubi
1357 2280 1721 2349 primogenita
1747 2293 1868 2348 qua:
1894 2278 1963 2333 ab

373 2370 809 2427 exterminatore
838 2386 978 2427 caesa
1015 2372 1352 2439 referuntur,
1382 2389 1441 2427 se
1464 2372 1725 2426 Dominus
1746 2371 1971 2426 interfe-

359 2464 507 2520 cisse
538 2474 771 2521 testatur
804 2465 1003 2537 (Exod:
1034 2464 1150 2538 xu).
1195 2466 1285 2523 Sic
1335 2478 1390 2522 et
1435 2466 1489 2521 in
1542 2466 1795 2535 praesenti
1847 2465 1970 2521 loco

363 2559 585 2614 tnandat
630 2558 911 2625 Dominus,
944 2570 999 2616 et
1030 2560 1146 2629 ipse
1177 2559 1412 2630 percutit
1442 2575 1539 2630 per
1568 2560 1847 2615 ministros
1872 2559 1970 2614 do-

361 2666 512 2721 mum
556 2652 815 2721 majorem
862 2652 1059 2716 ruinis,
1108 2651 1160 2707 id
1206 2660 1313 2718 est,
1368 2653 1558 2708 decem
1610 2652 1805 2721 tribus,
1852 2668 1972 2721 qua:

366 2744 787 2815 appellabantur
820 2744 1009 2810 Israel,
1043 2756 1095 2801 et
1127 2745 1349 2801 domum
1384 2746 1655 2802 minorem
1687 2745 1973 2801 scissioni-

368 2836 492 2901 bus,
526 2837 662 2891 duas
690 2836 888 2905 tribus,
935 2854 1059 2908 qua:
1100 2838 1430 2909 regebantur
1477 2854 1506 2893 a
1557 2840 1731 2910 stirpe
1776 2838 1974 2894 domus

370 2929 559 2987 David.
594 2930 660 2986 Et
687 2942 815 2986 nota
841 2931 1180 3002 singulorum
1211 2933 1594 3004 pt‘Oprietates.
1624 2934 1816 3001 Israel,
1851 2933 1976 3002 quia

371 3023 579 3093 majora
613 3034 962 3094 peccaverat,
1014 3024 1210 3082 feritur
1256 3026 1449 3093 ruinis,
1504 3038 1558 3082 et
1608 3028 1661 3083 in
1707 3037 1969 3082 :rtcrnam

369 3115 604 3172 traditur
630 3119 1024 3185 captivitatem.
1060 3118 1262 3173 Domus
1312 3128 1491 3173 autem
1546 3118 1706 3184 Juda,
1766 3119 1823 3174 in
1870 3134 1973 3189 qua

2068 1923 2239 1979 usque
2268 1909 2334 1963 ad
2385 1908 2651 1964 terminos
2698 1908 2958 1979 Egypti:
3006 1909 3204 1980 quibus
3253 1909 3521 1975 terminis,
3556 1923 3668 1964 non

2068 2001 2252 2072 utique
2279 2000 2469 2057 decem
2496 2000 2685 2065 tribus,
2720 2001 2815 2055 sed
2860 2016 3052 2057 omnes
3104 2000 3395 2056 duodecim
3446 2002 3669 2055 conclu-

2069 2093 2290 2160 duntur,
2320 2093 2374 2147 iu
2404 2093 2607 2165 quibus
2639 2093 2919 2150 fuitetiam
2944 2095 3112 2149 Judas
3133 2105 3188 2150 et
3217 2095 3513 2165 Benjamin.
3537 2096 3671 2165 Qui-

2070 2190 2192 2245 dam
2221 2189 2373 2259 juxta
2401 2204 2703 2260 anagogen,
2729 2188 2950 2244 domum
2979 2205 3227 2260 magnam
3251 2199 3305 2245 et
3328 2188 3549 2244 detnom
3573 2188 3677 2245 nti-

2071 2297 2284 2349 norem,
2310 2282 2596 2338 Judaicutu
2628 2283 2887 2352 populum
2919 2282 3213 2353 signiﬁcari
3255 2292 3475 2352 putant,
3521 2293 3576 2339 et
3604 2283 3673 2338 de

2072 2376 2325 2447 gentibus
2354 2376 2661 2431 Ecclesiam
2686 2390 3094 2449 congregatam.
3152 2377 3235 2431 Illi
3284 2379 3432 2433 enim
3494 2378 3677 2450 magni

2072 2476 2296 2540 propter
2329 2479 2511 2539 patres
2554 2480 2840 2535 vocantur,
2883 2481 2934 2525 et
2985 2471 3181 2541 legem,
3238 2479 3293 2525 et
3342 2472 3671 2541 prephetas:

2076 2576 2175 2616 nos
2228 2561 2489 2629 minores,
2543 2562 2667 2630 quia
2718 2564 2927 2632 absque
2966 2562 3319 2618 Testamento
3348 2563 3551 2618 fuimus
3622 2572 3677 2618 et

2075 2654 2348 2711 mandatis
2379 2654 2500 2724 Dei,
2536 2653 2605 2710 de
2633 2655 2832 2727 quibus
2853 2665 2908 2710 et
2930 2656 2984 2710 itt
3010 2654 3238 2710 Cullllt‘o
3282 2656 3545 2725 legimus:
3577 2655 3678 2712 So—

2075 2768 2163 2806 ror
2192 2769 2303 2807 mea
2326 2753 2540 2823 parvula
2565 2762 2661 2816 est,
2686 2763 2732 2805 et
2758 2753 2915 2807 ubera
2948 2769 3047 2807 non
3077 2752 3226 2805 habet
3250 2751 3425 2821 (Cant.
3455 2768 3568 2817 vttt,
3595 2753 3676 2822 8).

2075 2844 2206 2912 Quae
2234 2845 2427 2900 domus
2452 2860 2647 2916 magna
2668 2856 2723 2902 et
2754 2861 2940 2915 parva,
2971 2845 3022 2899 in
3068 2861 3230 2898 unam
3276 2845 3370 2899 Dei
3417 2844 3677 2899 familiam

2076 2949 2428 3010 congregata,
2492 2940 2538 2994 si
2596 2954 2702 2994 nou
2752 2937 3007 2993 habuerit
3046 2938 3411 3003 disciplinam,
3470 2948 3525 2994 et
3587 2937 3681 2991 Dei

2079 3032 2336 3087 mandata
2363 3048 2469 3085 non
2496 3031 2707 3098 fecerit,
2734 3034 3073 3101 percutietur
3111 3031 3285 3085 ruinis
3315 3040 3367 3083 et
3400 3030 3681 3084 scissioni-

2079 3125 2201 3180 btts.
2250 3126 2714 3196 Quotiescumque
2757 3142 2887 3195 ergo
2932 3126 3016 3179 vel
3068 3126 3118 3179 in
3183 3125 3681 3194 persccmionilms,

370 3219 486 3264 erat
515 3211 798 3282 templum,
830 3220 885 3267 ϐῐ
912 3226 1035 3282 quae
1063 3227 1129 3268 ex
1163 3220 1316 3282 Parte
1346 3220 1689 3283 Peccawl‘al.
1714 3210 1860 3267 LXX
1880 3228 1978 3266 an-
2004 3213 2048 3275 C
2082 3220 2167 3274 vel
2199 3220 2250 3272 in
2293 3218 2590 3275 haeresibus
2634 3230 2688 3275 et
2738 3219 3125 3275 schismatibus
3169 3218 3363 3273 domus
3415 3218 3528 3283 Dei,
3563 3236 3685 3286 qua:

372 3317 568 3358 norum
598 3304 917 3372 captivitate
943 3305 1232 3373 retinetur,
1264 3315 1318 3360 et
1347 3322 1454 3360 non
1507 3307 1807 3376 percutitur
1857 3304 1973 3360 rui-

374 3398 482 3465 nis,
511 3398 606 3454 sed
632 3398 1015 3455 scissionibus.
1047 3399 1232 3455 Scissa
1261 3400 1407 3455 enim
1440 3400 1636 3455 domus
1665 3400 1854 3455 sarciri
1886 3415 1982 3470 po-

380 3501 523 3548 test:
557 3494 731 3549 ruinaa
761 3510 872 3549 non
913 3503 1022 3550 tam
1080 3496 1558 3563 instaurationem,
1601 3512 1762 3568 quam
1813 3496 1981 3552 aediﬁ-

376 3589 647 3643 cationem
673 3588 1011 3644 desiderant.
1041 3588 1211 3660 Cujus
1244 3591 1524 3663 utriusque
1547 3591 1741 3648 domus
1772 3595 1974 3663 ruinas,

378 3679 697 3741 scissiones.
725 3682 887 3752 equis
915 3692 971 3735 et
1000 3682 1215 3738 bubalis
1241 3695 1542 3754 comparat,
1574 3702 1802 3755 quorum
1828 3688 1977 3757 prio-

378 3788 464 3829 res
496 3773 549 3828 itt
581 3772 751 3843 petris
778 3789 1004 3831 currere
1034 3786 1335 3846 nequeunt,
1364 3776 1702 3846 posteriores
1736 3789 1845 3834 tam
1893 3780 1979 3833 itt-

380 3863 570 3920 domiti
624 3875 773 3934 sunt,
800 3878 849 3921 ut
874 3867 1063 3938 jugum
1094 3869 1398 3924 cervicibus
1433 3885 1540 3926 non
1586 3870 1866 3940 recipiant,
1927 3880 1981 3927 et

380 3972 501 4013 cum
530 3957 813 4014 silvestres
839 3959 1006 4015 boves
1034 3960 1165 4027 sint,
1221 3970 1444 4031 propter
1490 3962 1763 4019 feritatem
1805 3963 1983 4020 nolint

383 4061 583 4108 terram
607 4067 830 4109 vomere
869 4053 1146 4109 scindere.
1193 4052 1304 4108 Vos
1350 4065 1529 4111 autem
1576 4070 1704 4112 cum
1751 4056 1877 4127 equi
1926 4066 1982 4113 et

384 4146 566 4202 bubali
599 4157 850 4203 naturam
882 4163 1039 4204 suam
1072 4156 1287 4205 mutare
1312 4164 1418 4205 non
1451 4150 1684 4219 possint,
1729 4152 1981 4209 mutastis

389 4249 642 4295 naturam
662 4240 783 4307 Dei,
800 4240 1083 4297 utdulcem
1099 4256 1345 4297 amarum
1370 4242 1646 4312 faceretis,
1674 4251 1731 4299 et
1746 4243 1980 4301 fructum

381 4334 604 4405 justitite
633 4335 750 4406 ejus
780 4338 832 4390 in
862 4336 1198 4391 absinthium
1234 4337 1548 4403 verteretis,
1573 4354 1693 4409 qua:
1713 4338 1980 4395 estherha

385 4434 750 4489 amarissima.
777 4433 879 4501 Qui
911 4434 1173 4489 lzetamiui
1202 4434 1259 4488 in
1288 4433 1465 4501 nihili,
1490 4435 1575 4490 vel
1630 4434 1795 4491 idolis
1832 4437 1980 4491 vitu—

390 4524 567 4593 lisque
594 4522 797 4586 aureis,
831 4524 923 4593 qui
953 4525 1089 4578 nihil
1116 4535 1265 4591 sunt,
1294 4525 1513 4582 dicente
1536 4525 1734 4581 Esther
1763 4527 1829 4581 ad
1877 4527 1983 4582 Do-

2083 3318 2167 3366 est
2198 3311 2458 3376 Ecclesia,
2489 3312 2696 3367 corruit
2721 3319 2884 3382 atque
2906 3311 3199 3377 laceratur,
3238 3310 3332 3365 Dei
3372 3312 3683 3380 percutien-

2083 3404 2153 3459 tis
2205 3404 2447 3459 ostendit
2496 3420 2757 3458 manutn:
2810 3420 2971 3474 quam
3024 3402 3072 3459 si
3115 3404 3365 3458 volumus
3414 3403 3682 3474 effugere,

2082 3497 2510 3567 comparationis
2535 3499 2820 3552 audiamus
2842 3506 2899 3552 et
2935 3495 3203 3550 faciamus
3245 3496 3582 3566 exemplum.
3628 3497 3684 3551 lu

2084 3590 2254 3662 petris
2273 3590 2397 3662 equi
2425 3590 2675 3661 persequi
2713 3604 2816 3645 non
2852 3589 3059 3643 Valent.
3095 3588 3258 3643 Petra
3303 3587 3558 3643 Christus
3605 3597 3691 3643 cst

2086 3683 2129 3756 (I
2158 3682 2278 3739 Cor.
2306 3682 2383 3754 χ),
2416 3685 2505 3754 qui
2536 3681 2763 3737 donavit
2787 3681 3051 3751 apostolis
3081 3681 3216 3745 suis,
3253 3690 3308 3734 ut
3338 3682 3439 3748 ipsi
3470 3698 3687 3751 quoque

2084 3787 2255 3848 petra:
2286 3788 2552 3832 vocentur
2578 3793 2592 3829 :
2620 3775 2700 3830 Tu
2728 3793 2778 3830 es
2803 3774 3013 3844 Petrus,
3044 3786 3091 3829 et
3118 3792 3274 3845 super
3311 3775 3445 3828 hanc
3489 3785 3687 3845 petram

2083 3869 2352 3939 aedificabo
2383 3868 2665 3923 Ecclesium
2694 3884 2863 3923 meam
2890 3867 3049 3938 (Mat.
3087 3884 3204 3935 xw,
3240 3866 3351 3937 18).
3387 3868 3487 3934 Qui
3514 3870 3565 3922 in
3607 3868 3683 3922 is-

2086 3962 2153 4020 tis
2182 3964 2349 4033 petris
2376 3962 2565 4028 fuerit,
2588 3961 2920 4017 adversariae
2946 3970 3263 4030 potestates,
3309 3976 3431 4030 qua:
3500 3961 3687 4031 appel-

2085 4058 2266 4113 lantur
2296 4056 2443 4127 equi,
2474 4054 2542 4110 de
2572 4054 2768 4125 quibus
2794 4068 2961 4124 supra
2989 4052 3248 4121 diximus,
3280 4054 3535 4123 persequi
3559 4069 3684 4109 eum

2087 4166 2193 4206 non
2227 4159 2508 4220 poterunt,
2540 4148 2793 4203 cursibus
2820 4146 3164 4218 praepeditis,
3197 4154 3253 4200 et
3305 4160 3400 4214 per
3443 4145 3687 4216 singulas

2085 4255 2270 4316 petras
2290 4242 2692 4299 corruentibus.
2726 4241 3018 4297 Veniamus
3045 4239 3183 4295 etad
3200 4240 3361 4295 aliam
3374 4240 3689 4295 similitudi-

2086 4352 2235 4403 nem,
2258 4336 2416 4407 juxta
2442 4333 2893 4391 consuetudinem
2919 4342 3184 4397 nostram,
3210 4332 3507 4389 editionem
3541 4333 3687 4389 LXX

2086 4430 2446 4500 interpretum
2498 4429 2852 4494 disserentes,
2906 4443 2974 4483 ne
3016 4428 3061 4482 si
3121 4427 3422 4483 hwreamus
3468 4432 3694 4487 omnino

2089 4525 2379 4590 llcbraico,
2432 4523 2672 4577 illusisse
2720 4522 2946 4577 lectoris
2989 4521 3308 4589 diligentiae,
3360 4532 3415 4579 et
3458 4526 3690 4584 tacendo

388 4618 597 4673 minum
625 4632 638 4671 :
669 4615 751 4670 Ne
779 4616 954 4670 tradas
983 4627 1239 4688 sceptrum
1267 4625 1413 4671 tuum
1439 4618 1540 4685 Itis,
1593 4619 1680 4686 qui
1720 4636 1825 4673 non
1866 4630 1985 4674 sunt
2012 4614 2066 4675 D
2089 4616 2157 4670 de
2178 4615 2418 4672 editione
2448 4614 2699 4683 Vulgata,
2731 4611 2935 4666 frustra
2966 4626 3086 4667 eam
3113 4614 3467 4682 proposuisse
3500 4616 3688 4672 videa-

392 4710 606 4782 (Estlter
640 4724 753 4775 xtv,
798 4708 907 4779 li),
940 4709 1025 4764 vel
1050 4710 1102 4764 in
1127 4710 1284 4765 nihili
1310 4721 1478 4781 atque
1520 4710 1825 4766 mendacio.
1878 4712 1982 4778 Qui

390 4801 607 4874 propria
632 4800 951 4857 fortitudine
977 4800 1183 4871 putatis
1213 4802 1580 4871 assumpsisse
1636 4818 1732 4859 vos
1779 4817 1986 4859 cornua

393 4905 451 4952 et
479 4910 634 4967 reges
665 4903 718 4950 et
740 4894 1066 4966 potentiam,
1094 4894 1293 4966 quibus
1324 4895 1663 4952 ventilaretis
1710 4896 1987 4954 inimicos.

393 4988 528 5056 Quia
552 4987 718 5059 igitur
745 4986 846 5042 ista
897 4985 1127 5057 fecistis,
1170 5001 1299 5044 ecce
1345 5003 1448 5058 ego
1494 4988 1775 5045 suscitabo
1824 5004 1989 5060 super

468 5140 495 5167 κ
522 5128 776 5184 Additum
811 5130 940 5186 bona
970 5130 1211 5207 Cisterc.
1233 5148 1336 5207 ms.
1371 5134 1580 5202 reticet,
1612 5150 1788 5207 neque
1821 5144 1904 5191 est
1940 5138 1993 5192 in

619 5210 789 5269 textu,
818 5205 1063 5274 exceptis
1096 5204 1390 5262 Barberino
1415 5201 1575 5278 atque
1612 5201 1813 5264 Aldine
1842 5208 1996 5264 codi-

399 5287 445 5326 CI
490 5289 571 5326 US.

398 5287 571 5328 CIDUS.

469 5342 497 5422 ξ)
523 5344 1206 5422 Reponimusex_Cisterc.
1240 5349 1617 5422 ms._virtutum
1641 5368 1661 5407 :
1690 5366 1812 5422 quae
1864 5366 1993 5422 pro-

403 5416 513 5485 pria
546 5425 625 5494 est
656 5423 756 5472 τῶν
777 5416 921 5494 [:XX
947 5416 1324 5494 interpretatio
1350 5419 1608 5494 δυνάμεων
1637 5441 1649 5476 :
1684 5416 1840 5477 a'ntea
1867 5416 1992 5479 erat

402 5488 738 5541 exercituum.
782 5487 919 5545 Tum
958 5487 1148 5545 maluit
1195 5491 1397 5547 ViCtor.
1444 5487 1500 5547 ut
1552 5509 1655 5548 non
1702 5496 1991 5564 introeatis,

402 5572 501 5629 pro
519 5575 618 5629 non
644 5569 714 5624 ut,
747 5568 853 5615 etc.

476 5639 497 5667 ε
528 5628 726 5684 Recole
750 5646 870 5702 quae
901 5633 956 5687 in
981 5648 1100 5703 cap.
1127 5633 1378 5691 Ezechiel
1410 5652 1618 5704 xxxvu,
1655 5638 1763 5693 col.
1805 5637 1914 5694 452
1947 5646 2004 5693 et

403 5716 522 5777 sq].
560 5710 905 5777 annotamus.
950 5705 1085 5777 iMox
1133 5704 1337 5762 habent
1388 5722 1519 5763 mss.
1575 5709 1773 5777 nostri,
1827 5707 1897 5764 Et
1945 5710 2001 5766 in

408 5771 644 5844 /Egypto
672 5772 1037 5847 primogenita,
1067 5777 1275 5847 absque
1305 5778 1631 5838 intermodio
1659 5771 1765 5835 ubi.

808 5868 1088 5931 PATIOL.
1133 5869 1341 5934 XXV.

2090 4722 2232 4763 mur.
2257 4706 2361 4760 Aut
2387 4706 2692 4771 reticebuut,
2727 4702 2924 4772 inqttit,
2967 4700 3070 4757 int1
3119 4705 3343 4774 feminis,
3401 4707 3543 4763 haud
3590 4709 3698 4765 du-

2093 4799 2242 4855 bium
2268 4799 2397 4868 quin
2429 4811 2602 4867 equos
2627 4794 2920 4868 signiﬁcet,
2951 4794 3018 4851 de
3046 4796 3244 4867 quibus
3263 4813 3427 4870 supra
3449 4801 3688 4858 dixerat.

2096 4894 2161 4951 Si
2190 4900 2555 4966 persequentur
2577 4890 2631 4945 in
2656 4890 2814 4958 petris
2833 4889 2969 4960 equi.
2995 4887 3250 4960 lstiequi,
3272 4889 3327 4946 id
3347 4901 3451 4961 est,
3479 4904 3695 4951 contra-

2097 4989 2193 5045 riae
2239 4989 2397 5061 321
2429 4985 2801 5055 fortitudines,
2836 4986 2930 5057 qui
2977 4985 3262 5042 insaniunt
3314 4986 3381 5043 ad
3428 4987 3695 5059 feminas,

2176 5135 2203 5173 ἀ
2231 5137 2408 5205 Supra
2440 5134 2529 5188 ubi
2560 5142 2771 5208 textum
2792 5134 3100 5208 proposuit,
3140 5134 3210 5186 ad
3259 5136 3477 5208 [entinas
3529 5140 3655 5208 legit
3684 5159 3696 5193 ;

2103 5216 2159 5263 et
2200 5206 2758 5279 quamquam,inquit
2791 5205 2997 5261 Victor.
3040 5206 3227 5262 Grtece
3269 5207 3467 5277 legitur
3508 5212 3558 5265 ἔν
3588 5205 3701 5273 ’θη-

2100 5278 2277 5342 λείαίς,
2307 5281 2361 5333 in
2392 5278 2598 5346 feminis
2624 5293 2643 5331 :
2672 5278 2873 5332 clarior
2900 5288 3080 5332 tamen
3109 5291 3322 5345 sensus,
3348 5280 3417 5331 ad
3446 5283 3695 5346 feminas:

2100 5367 2260 5421 quem
2319 5351 2435 5420 ipse
2458 5364 2689 5421 quoque
2710 5351 2770 5402 ι).
2799 5349 3017 5404 Hieron.
3048 5348 3311 5419 sequitur,
3340 5350 3467 5406 dum
3510 5356 3692 5410 statim

2100 5420 2280 5478 subdit
2306 5440 2317 5475 ε
2355 5421 2613 5495 lstiequi,
2636 5420 2692 5473 id
2718 5430 2813 5488 est,
2837 5422 3111 5495 contraria;
3141 5421 3492 5491 fortitudines,
3516 5427 3603 5495 qui
3619 5430 3699 5481 in-

2109 5495 2318 5549 saniunt
2349 5492 2416 5547 ad
2440 5492 2675 5560 feminas,
2705 5502 2809 5547 etc.
2844 5492 2959 5547 Non
2982 5492 3213 5547 reticere
3249 5503 3430 5549 autem
3454 5492 3704 5553 ad'femi-

2110 5581 2231 5632 nas,
2303 5562 2570 5636 significat
2612 5564 2769 5636 sead
2816 5576 3097 5636 aSpectum
3147 5564 3466 5636 feminarum
3518 5570 3705 5625 conti-

2111 5652 2241 5693 uere
2271 5634 2378 5692 non
2406 5650 2588 5706 posse,
2618 5634 2929 5705 cujusmodi
2950 5643 3035 5690 est
3059 5634 3190 5690 illud
3208 5635 3459 5695 Jeremite
3484 5658 3496 5697 :
3531 5639 3707 5699 Unus-

2109 5715 2322 5781 quisque
2343 5705 2420 5763 ατί
2436 5722 2647 5763 uxorem
2675 5706 2900 5777 proximi
2921 5709 3004 5764 sui
3026 5705 3306 5765 hinniebat.

3238 5878 3316 5939 3b
