4120 6342
454 289 595 347 ιοθτ

1704 285 1768 343 8.
1812 279 2084 346 EUSEBII
2122 278 2507 344 mulionum

3608 288 3758 350 ιοοι

450 404 667 479 quando
691 401 907 459 virilem
930 401 1171 457 viderint
1196 397 1470 467 animum,
1504 406 1559 455 et
1590 400 1687 456 Dei
1728 402 2050 457 fortitudine
2077 401 2127 459 Δ
2152 402 2498 459 Vetabuntur
2530 404 2712 473 itaque
2737 403 2805 458 ab
2836 403 2937 458 hac
2962 410 3128 474 gente
3154 403 3479 471 suavissima,
3509 404 3597 461 cui
3620 419 3749 476 snp-

458 501 796 562 roboratum,
830 512 936 552 non
967 494 1172 551 audent
1209 494 1495 551 accedere.
1541 494 1775 564 Quando
1816 512 1949 551 vero
1974 495 2052 550 el-

452 594 768 651 feminatam
801 598 1062 657 mentem,
1112 601 1166 644 ct
1199 591 1492 659 unguentis
1523 597 1582 645 et
1624 589 1841 647 deliciis
1886 605 2048 645 ener-

451 697 654 753 vatam,
696 697 759 742 et
787 687 841 742 in
877 685 1201 742 muliebrem
1247 700 1465 742 versam
1496 685 1809 756 mollitiem,
1862 686 2049 740 statim

450 784 754 850 insaniunt,
785 789 841 839 et
864 796 931 837 se
965 791 1155 837 tenere
1181 796 1292 837 non
1320 789 1578 852 possunt;
1627 790 1683 837 et
1710 780 1955 851 gestiunt
1982 778 2051 834 ad

452 876 762 933 libidinem.
804 874 1065 945 Sequitur
1095 892 1106 927 :
1137 873 1275 941 Quia
1301 875 1627 929 convertistis
1668 874 1727 925 in
1762 873 1938 943 furore
1961 874 2053 944 ju-

448 970 664 1024 diciu'n.
708 968 1000 1024 Convertit
1043 968 1097 1022 in
1142 966 1385 1023 furorem
1415 965 1707 1037 judicium,
1760 965 1854 1036 qui
1880 965 2049 1021 iratus

441 1064 668 1135 iudicat,
697 1073 753 1120 et
781 1064 1000 1120 dicente
1022 1064 1260 1119 Domino
1300 1082 1311 1117 :
1351 1062 1474 1117 Non
1508 1063 1736 1136 accipies
1776 1077 2051 1133 personam

445 1157 501 1210 in
530 1157 739 1227 judicio
765 1153 958 1227 (Deut.
988 1171 1096 1222 XVI,
1132 1156 1201 1209 i9
1226 1155 1266 1227 ).
1295 1156 1356 1210 Et
1382 1156 1434 1210 in
1468 1155 1576 1210 alio
1606 1155 1729 1210 loco
1758 1171 1769 1204 :
1797 1153 1920 1207 Non
1953 1156 2051 1207 mi-

443 1252 690 1306 sereberis
723 1252 969 1323 pauperis
1017 1250 1072 1304 in
1113 1250 1507 1322 judicio;quia
1537 1249 1630 1304 Dei
1677 1249 1931 1319 iudicium
1973 1258 2047 1303 est

448 1344 659 1416 (Exod.
698 1360 852 1410 χχιιι,
880 1343 985 1415 5):
1018 1344 1111 1398 ille
1160 1343 1299 1398 irata
1348 1343 1414 1398 ad
1463 1343 1817 1413 judicandum
1864 1354 2051 1399 mente

444 1436 764 1503 descendit,
812 1438 984 1492 immo
1016 1452 1141 1491 cum
1191 1451 1417 1492 causam
1450 1437 1683 1503 nesciat,
1713 1451 1815 1491 nec
1861 1437 2047 1505 iudicii

443 1529 662 1586 noverit
704 1530 1013 1595 veritatem,
1050 1537 1176 1583 ante
1208 1529 1526 1599 prmjudicat
1573 1529 1796 1600 qualem
1851 1530 2049 1585 debeat

443 1621 591 1678 ferre
617 1622 944 1677 sententiam
977 1641 990 1676 :
1021 1620 1259 1676 fructum
1285 1637 1501 1693 quoque
1527 1622 1777 1691 juStitize,
1804 1623 1898 1693 qui
1927 1623 2049 1678 dul-

439 1717 695 1773 cissimus
721 1725 826 1783 est,
863 1716 1033 1771 vertit
1068 1717 1121 1771 in
1152 1716 1609 1772 amaritudinem.
1643 1718 1798 1784 Quod
1829 1718 1897 1773 de
1940 1735 2042 1773 una

2154 499 2318 568 plicia
2366 498 2612 569 delegata
2657 506 2803 565 sunt,
2838 498 3136 569 confugere
3168 499 3233 554 ad
3260 500 3542 555 civitatem
3570 502 3754 555 muni-

2153 599 2286 657 tam,
2321 608 2440 663 quae
2470 602 2555 648 est
2594 593 2835 649 cmlestis
2878 593 3209 659 Jerusalem,
3260 610 3329 651 ne
3377 596 3655 651 introeant
3697 605 3753 650 et

2150 685 2428 742 salventur
2455 704 2465 739 :
2502 687 2555 740 in
2584 686 2807 741 modum
2839 687 2984 742 illius
3010 687 3234 757 capituli
3275 688 3421 759 quod
3456 690 3514 742 in
3546 688 3749 743 Genesi

2152 780 2407 850 legimus,
2451 779 2543 835 ubi
2594 781 2778 851 posuit
2814 781 2959 837 Deus
2992 781 3295 837 Cherubim
3341 790 3397 836 et
3436 780 3749 836 ﬂammeam

2153 874 2474 944 rompheam
2504 870 2729 943 (Cenes.
2779 875 2880 945 tt),
2908 888 3031 946 qua:
3072 877 3305 931 vertitur
3333 875 3401 931 ad
3430 876 3751 931 custodien-

2153 968 2278 1023 dam
2303 970 2444 1023 viam
2472 969 2611 1039 ligni
2635 969 2780 1036 vitae,
2822 979 2887 1025 ut
2908 972 3005 1041 qui
3032 972 3241 1041 eiectus
3272 971 3453 1026 fuerat
3482 969 3554 1027 de
3587 986 3749 1039 para-

2150 1064 2295 1132 diso,
2322 1078 2665 1135 nequaquam
2698 1064 2823 1120 illuc
2845 1065 3224 1137 ingrederetur
3258 1066 3532 1132 indignus.
3564 1066 3751 1134 Quod-

2152 1176 2258 1231 que
2308 1163 2553 1233 sequitur
2594 1180 2607 1214 :
2646 1161 2819 1233 Usque
2864 1162 2931 1215 ad
2968 1170 3253 1216 torrentem
3297 1160 3626 1224 Occidentis,
3676 1159 3749 1214 de

2152 1256 2495 1326 sexagesimo
2524 1255 2761 1321 septimo
2794 1254 3010 1310 Psalmo
3036 1253 3541 1324 interpretabimur,
3567 1253 3618 1305 in
3642 1266 3751 1321 quo

2151 1346 2410 1417 scriptum
2435 1356 2519 1403 est
2545 1363 2557 1399 :
2581 1344 2800 1401 Cantate
2827 1346 3068 1412 Domino,
3092 1347 3351 1420 psalmum
3374 1346 3529 1399 dicite
3551 1346 3750 1399 nomini

2152 1444 2264 1513 ejus
2294 1457 2310 1495 :
2341 1443 2438 1495 iter
2477 1442 2632 1510 facite
2668 1442 2714 1495 ei
2759 1444 2847 1512 qui
2878 1442 3113 1496 ascendit
3159 1458 3314 1513 super
3336 1456 3618 1495 occasum:
3644 1439 3751 1493 Dc-

2151 1537 2325 1590 minus
2354 1550 2537 1589 nomen
2564 1535 2647 1589 illi
2676 1532 2860 1605 (Psnl.
2894 1551 3061 1604 vau,
3105 1534 3201 1605 5).
3255 1534 3365 1590 Nisi
3410 1537 3560 1591 enim
3606 1535 3748 1589 mala

2150 1643 2315 1699 opera
2364 1630 2415 1683 in
2465 1630 2622 1684 nobis
2669 1629 2994 1696 occiderint,
3042 1627 3294 1685 Christus
3335 1644 3446 1685 non
3494 1628 3751 1684 ascendet

2150 1737 2315 1793 Super
2342 1738 2464 1778 nos.
2497 1721 2741 1793 Cumque
2771 1723 2860 1776 illa
2890 1722 3213 1785 occiderint,
3243 1733 3297 1777 et
3327 1721 3613 1776 Christum
3650 1721 3746 1775 ha-

439 1811 641 1865 rirtute
662 1809 925 1875 diximus,
959 1809 1331 1880 intelligamus
1357 1819 1416 1865 et
1436 1809 1504 1865 de
1524 1810 1777 1882 reliquis,
1808 1811 2042 1881 pruden-
2068 1794 2124 1860 Β
2148 1815 2424 1886 bnerimus
2452 1816 2696 1887 aurigam
2725 1835 2739 1871 :
2768 1827 2899 1871 tunc
2940 1817 3096 1873 nobis
3128 1816 3539 1888 proficientibus
3583 1828 3636 1872 et
3679 1816 3749 1871 ad

438 1903 538 1967 tia,
566 1901 906 1967 fortitudine,
938 1901 1331 1972 temperantia,
1361 1916 1592 1971 quarum
1617 1904 1707 1973 qui
1728 1902 1901 1958 iratus
1926 1903 2043 1958 fne-

438 1994 533 2061 rit,
555 1993 762 2049 lructus
785 2008 984 2064 capere
1010 2008 1117 2049 non
1145 1992 1374 2063 poterit,
1398 2002 1593 2048 etcum
1617 1995 1847 2064 ceperit,
1873 1996 2043 2049 amari

437 2096 619 2144 erunt.
657 2086 812 2143 Unde
854 2086 1058 2141 dicitur
1089 2088 1145 2141 in
1194 2086 1331 2141 Isaia
1364 2104 1375 2142 :
1416 2086 1508 2141 Va:
1545 2087 1634 2153 qui
1676 2086 1861 2140 dicunt
1890 2087 2043 2142 dulce

439 2203 697 2252 marum,
726 2196 775 2241 et
804 2202 1043 2241 amarum
1073 2184 1226 2239 dulce
1254 2183 1423 2256 (lsai.
1462 2199 1518 2249 v,
1548 2184 1674 2255 20).
1723 2185 1836 2239 Hoc
1859 2194 2039 2240 autem

438 2282 516 2337 illi
548 2282 758 2349 dicunt,
790 2283 883 2352 qui
913 2298 1020 2336 non
1061 2294 1257 2335 causas
1284 2279 1343 2334 in
1366 2279 1688 2349 judicando,
1734 2281 1828 2335 sed
1856 2296 2041 2349 perso-

437 2393 538 2432 nas
570 2376 946 2439 considerant,
976 2383 1030 2429 ot
1061 2374 1299 2429 fructum
1328 2372 1540 2428 Christi
1564 2372 1815 2443 iustitiae,
1845 2373 1937 2443 qui
1956 2383 2042 2428 est

435 2474 810 2537 dulcissimus,
856 2480 1079 2526 vertunt
1107 2470 1161 2525 in
1199 2468 1649 2524 amaritudinem.
1700 2468 2041 2539 Quicumque

433 2567 599 2637 igitur
625 2574 718 2620 aut
747 2563 1242 2635 consanguinitate,
1274 2573 1367 2619 aut
1399 2561 1670 2627 amicitia;
1703 2571 1757 2617 et
1787 2572 2042 2617 econtra—

436 2663 542 2730 rio,
574 2662 658 2718 vel
694 2662 880 2718 hostili
912 2661 1061 2725 odio,
1094 2660 1183 2715 vel
1210 2660 1514 2715 inimicitiis
1541 2659 1591 2713 in
1620 2658 1918 2729 iudicando
1941 2658 2041 2713 duo

435 2757 601 2821 citur,
635 2754 1187 2827 pervertitjudicium
1218 2752 1447 2820 Christi,
1474 2754 1565 2823 qui
1595 2761 1679 2807 est
1701 2752 1910 2821 jusﬁtia
1938 2768 1951 2816 ;
1985 2760 2040 2806 et

435 2852 668 2906 fructum
722 2850 863 2904 illius
891 2849 1057 2903 vertit
1102 2849 1154 2901 in
1201 2836 1645 2901 amaritudinem.
1692 2844 1795 2912 Qui
1833 2845 1934 2897 hoc
1958 2842 2036 2898 la-

430 2945 606 3005 cinnt.
638 2945 900 2997 [tutantur
934 2942 984 2996 in
1017 2942 1165 2996 nullo
1196 2942 1369 2996 verbo
1398 2941 1561 3007 bono,
1589 2940 1706 2994 sive
1736 2939 1956 3009 frustra,
1978 2948 2038 2990 ut

434 3035 791 3109 Symmachus
836 3034 1135 3101 transtulit,
1188 3033 1239 3087 id
1282 3040 1386 3098 est,
1429 3032 1647 3105 ἀλόγως,
1690 3040 1745 3086 et
1778 3030 1945 3085 erecti
1981 3031 2037 3083 in

431 3130 746 3199 superbiam
785 3127 1017 3182 dicunt:
1054 3124 1244 3179 Nonne
1274 3125 1329 3181 in
1363 3125 1675 3194 fortitudine
1720 3130 1902 3176 nostra
1943 3124 2040 3175 ha-

2150 1910 2381 1964 meliora
2407 1910 2757 1981 pergentibus
2787 1910 2840 1964 in
2869 1910 3061 1965 eodem
3109 1910 3318 1979 psalmo
3351 1910 3708 1980 imperabitur
3734 1927 3747 1963 :

2146 2003 2362 2059 Cantate
2400 2003 2527 2068 Deo,
2562 2004 2774 2067 psallite
2808 2002 3029 2057 Domino
3059 2006 3147 2074 qui
3187 2003 3421 2057 ascendit
3448 2018 3604 2075 super
3644 2016 3749 2056 cte-

2146 2098 2251 2151 lum
2273 2097 2385 2152 caeli
2410 2097 2477 2151 ad
2517 2096 2778 2151 Orientem
2809 2096 2995 2165 (Psal.
3022 2112 3194 2163 uvn,
3223 2097 3314 2165 '55,
3351 2096 3419 2152 5i
3443 2093 3666 2166 ).'Unde
3693 2103 3753 2150 et

2146 2192 2198 2246 in
2233 2192 2529 2263 mysteriis,
2565 2192 2800 2262 primum
2845 2192 3221 2248 renuntiamus
3269 2192 3317 2246 ei
3367 2191 3459 2262 qui
3490 2192 3544 2245 in
3590 2191 3753 2246 Occi-

2145 2286 2308 2343 dente
2336 2298 2442 2349 est,
2494 2286 2764 2357 nobisque
2810 2287 3044 2342 moritur
3085 2302 3209 2342 cum
3249 2288 3514 2357 peccatis,
3564 2294 3619 2341 et
3669 2286 3753 2340 sic

2144 2382 2292 2436 versi
2317 2381 2383 2436 ad
2411 2380 2717 2445 Orientem,
2751 2395 2966 2450 paetum
2992 2381 3191 2437 inimus
3209 2396 3332 2436 cum
3362 2380 3477 2436 sole
3495 2380 3749 2449 justitite,

2144 2485 2197 2530 et
2226 2475 2275 2528 ei
2306 2472 2607 2530 servituros
2640 2490 2738 2529 nos
2779 2491 2904 2533 esse
2953 2475 3341 2546 promittimus.
3378 2472 3485 2531 Pro
3526 2485 3754 2530 torrente

2142 2566 2463 2631 Occidentis,
2515 2567 2877 2639 Symmachus
2934 2570 3326 2638 interpretatus
3375 2580 3495 2634 est,
3554 2568 3747 2623 vallem

2144 2669 2477 2732 campestrem
2506 2677 2523 2713 :
2550 2659 2878 2727 Theodotio,
2906 2672 3183 2716 torrentem
3210 2671 3236 2699 ἰ
3260 2663 3504 2717 Arabica:
3530 2662 3748 2733 Aquila,

2145 2762 2421 2807 torrentem
2462 2753 2552 2823 qui
2582 2762 2659 2806 est
2686 2752 2739 2806 in
2778 2752 3019 2825 planitie.
3053 2754 3258 2821 Quibus
3286 2754 3470 2809 verbis
3500 2755 3747 2810 ostendi-

2142 2853 2232 2899 tur
2270 2858 2615 2916 nequaquam
2656 2845 2710 2900 in
2761 2847 2840 2901 eis
2883 2862 2911 2900 τι
2941 2858 3155 2901 murata
3207 2848 3427 2903 civitate
3469 2847 3747 2911 exclusis,

2143 2938 2169 2978 ιι
2191 2942 2324 2995 mori
2344 2956 2503 3011 posse
2526 2953 2769 3013 peccata,
2800 2958 2900 2999 nec
2919 2944 3202 3013 pervenire
3220 2943 3339 2998 illos
3362 2944 3426 2998 ad
3448 2954 3746 2999 torrentem

2143 3044 2506 3105 campestrem
2534 3044 2589 3090 et
2615 3036 2835 3105 planum
2869 3036 2986 3092 sive
3018 3036 3246 3098 deserti,
3279 3037 3369 3107 qui
3406 3047 3625 3091 torrens
3654 3036 3749 3091 di—

2143 3127 2284 3183 citur
2318 3129 2639 3196 voluptatis,
2679 3130 2831 3199 juxta
2860 3128 2993 3184 illud
3027 3126 3169 3200 quod
3202 3129 3431 3199 legimus
3461 3146 3473 3181 :
3502 3127 3580 3183 De
3622 3137 3741 3181 tor-

434 3225 638 3278 lmimus
687 3224 922 3276 cornua?
972 3235 1093 3275 cum
1142 3235 1171 3273 e
1218 3220 1443 3288 regione
1483 3219 1662 3287 justus
1710 3217 1762 3270 in
1794 3215 2036 3270 Domino
2064 3192 2110 3257 (ἶ
2143 3229 2286 3274 rente
2311 3218 2591 3286 voluptatis
2618 3232 2717 3275 tua:
2744 3221 2945 3290 potabis
2978 3238 3062 3276 cos
3090 3226 3109 3293 (
3133 3220 3280 3275 Psat.
3313 3236 3473 3289 xxxv,
3498 3219 3588 3293 9).

431 3317 724 3389 glorietur,
749 3325 804 3369 et
822 3313 973 3369 dicat
996 3331 1010 3368 :
1030 3312 1096 3366 In
1122 3320 1168 3367 te
1189 3312 1427 3365 inimicos
1449 3321 1650 3364 nostros
1677 3308 2039 3364 uentilabimus

434 3428 617 3466 cornu.
667 3411 734 3465 Et
772 3411 825 3463 in
873 3409 982 3463 alio
1009 3406 1131 3480 [AL
1177 3404 1408 3477 eodem]
1442 3406 1562 3460 loco
1595 3423 1609 3459 ε
1647 3404 1767 3459 Non
1808 3406 1942 3460 enim
1982 3406 2037 3459 in

432 3521 561 3558 arcu
606 3520 717 3557 meo
761 3503 997 3574 sperabo,
1046 3511 1091 3554 et
1137 3500 1343 3571 gladius
1388 3514 1530 3552 meus
1556 3514 1660 3552 non
1705 3497 1926 3552 salvabit
1953 3512 2034 3551 me

428 3596 612 3669 (Psal.
646 3612 798 3660 mu,
839 3595 1003 3666 6,7).
1044 3592 1200 3649 Unde
1231 3601 1287 3647 et
1322 3593 1374 3645 in
1409 3592 1594 3645 Exodo
1617 3593 1771 3661 juxta
1811 3590 2039 3645 Hebrai-

431 3707 576 3757 cum,
602 3699 657 3746 et
689 3689 901 3760 Aquilae
930 3688 1251 3755 editionem,
1282 3686 1517 3755 legimus
1550 3701 1562 3737 :
1600 3683 1668 3738 Et
1699 3683 1908 3754 Moyses
1949 3699 2039 3736 ne-

431 3786 640 3849 sciebat,
682 3784 803 3853 quia
833 3794 1047 3835 cornuta
1090 3791 1197 3834 erat
1240 3781 1436 3849 species
1469 3777 1589 3848 [ΑΙ.
1632 3776 1822 3847 [acies]
1865 3777 2038 3832 vultus

431 3880 543 3948 ejus
574 3880 591 3945 (
620 3875 788 3931 Exod.
841 3890 1027 3941 xxxiv,
1076 3874 1207 3943 29),
1242 3872 1335 3942 qui
1380 3886 1510 3925 vere
1540 3870 1726 3924 dicere
1774 3877 1987 3938 poterat
2021 3885 2033 3924 :

432 3970 500 4024 In
525 3979 571 4023 te
596 3968 834 4023 inimicos
860 3983 995 4021 meos
1020 3981 1183 4019 cornu
1213 3963 1423 4017 ventilo.
1458 3962 1715 4032 Legimus
1746 3972 1801 4015 et
1838 3961 1891 4014 in
1925 3962 2037 4015 alio

429 4061 554 4117 loco
586 4079 597 4113 :
640 4060 706 4115 Et
744 4059 993 4115 exaltabit
1026 4074 1193 4113 cornu
1225 4056 1409 4129 populi
1440 4056 1521 4108 sui
1556 4071 1572 4108 :
1602 4054 1669 4107 Et
1711 4074 1724 4109 :
1765 4052 2036 4107 Emallabit

431 4170 592 4209 cornu
618 4152 813 4209 Christi
836 4154 916 4207 sui
943 4151 1070 4223 (Ps.
1099 4164 1318 4217 chvut,
1342 4148 1431 4213 14,
1464 4157 1511 4201 et
1538 4146 1559 4200 l
1586 4146 1713 4217 Reg.
1745 4161 1805 4211 tt,
1842 4145 2040 4215 10),‘et

432 4263 603 4303 cornu
644 4248 852 4313 altaris,
896 4256 956 4302 et
980 4247 1142 4317 322
1174 4243 1379 4298 munda
1418 4241 1672 4295 animalia
1720 4249 1884 4310 atque
1916 4255 2038 4294 cur-

432 4352 583 4409 nuta,
628 4357 749 4412 qua:
779 4341 895 4396 sola
928 4339 1235 4394 oll‘erunlur
1264 4336 1399 4401 Deo,
1438 4349 1672 4403 quorum
1706 4335 2037 4402 interpreta-

431 4438 507 4491 tio
538 4452 647 4491 non
681 4437 841 4505 hujus
863 4444 948 4491 est
979 4432 1266 4503 temporis.
1296 4430 1381 4485 Ob
1404 4431 1523 4484 haec
1554 4438 1703 4483 tanta
1732 4437 1955 4499 peccata
1983 4437 2039 4483 et

434 4540 734 4587 extremam
765 4528 1103 4599 superbiam,
1128 4539 1249 4594 quae
1274 4523 1613 4592 iniquitatem
1636 4521 1880 4592 loquitur
1905 4536 2037 4577 con-

2218 3312 2369 3383 (Cap.
2396 3310 2510 3367 Vll.
2535 3313 2774 3368 —-Vers.
2814 3311 2954 3383 1-3.)
2997 3312 3128 3369 Πιιέ
3152 3314 3374 3368 ostendit
3402 3314 3528 3367 mihi
3560 3310 3749 3367 Domi-

2138 3420 2241 3459 nus
2289 3406 2429 3459 Deus
2459 3422 2477 3459 :
2509 3404 2573 3459 Et
2606 3423 2717 3460 ecce
2747 3418 2768 3445 ο
2801 3407 2950 3476 ﬁctor
2996 3407 3206 3462 locustte
3246 3408 3298 3460 in
3328 3408 3583 3479 principio
3626 3423 3749 3480 ger-

2140 3499 2449 3552 minantium
2480 3498 2640 3571 323
2665 3501 2877 3553 serotini
2901 3500 3105 3565 imbris,
3127 3496 3155 3536 ἀ
3182 3509 3232 3553 et
3262 3514 3376 3552 ecce
3410 3508 3526 3570 post
3555 3499 3749 3553 seroti-

2142 3608 2262 3646 num
2296 3600 2473 3645 tonsor
2504 3592 2651 3662 (sive
2685 3591 2938 3661 tonsura)
2972 3593 3132 3664 regis.
3179 3590 3245 3644 Et
3277 3590 3471 3658 factum
3508 3600 3587 3645 est
3624 3607 3746 3644 cum

2144 3692 2543 3739 consummasset
2582 3684 2846 3737 comedere
2885 3683 3092 3737 herbam
3135 3694 3304 3747 terrw,
3354 3694 3401 3740 et
3440 3684 3552 3738 dixi
3579 3696 3599 3739 :
3624 3683 3742 3737 Do-

2142 3777 2281 3830 mine
2309 3776 2467 3845 Deus,
2494 3777 2751 3849 propitius
2774 3777 3131 3846 esto,obsccro
3162 3794 3178 3831 :
3203 3778 3318 3846 quis
3344 3778 3610 3833 suscitabit
3642 3777 3743 3831 Ja-

2142 3870 2255 3934 cob,
2298 3870 2421 3937 quia
2464 3869 2714 3941 parvulus
2750 3872 2865 3924 est?
2903 3869 3146 3925 Miserius
3184 3882 3263 3925 cst
3292 3868 3549 3925 Dominus
3581 3888 3746 3942 super

2140 3960 2238 4015 hoc
2269 3976 2287 4015 :
2318 3977 2417 4014 non
2457 3962 2588 4027 erit,
2635 3962 2769 4015 dixit
2817 3960 3093 4015 Dominus.
3153 3959 3295 4017 LXX
3327 3981 3340 4017 :
3372 3962 3463 4018 Sic
3512 3963 3741 4017 ostendit

2143 4052 2272 4105 mihi
2305 4050 2559 4106 Dominus
2586 4052 2690 4106 :Et
2715 4069 2828 4108 cccc
2855 4057 2987 4125 {etus
3021 4055 3341 4109 locustarum
3366 4055 3598 4109 veniebat
3627 4072 3743 4108 ma-

2139 4145 2341 4198 tutinus
2375 4159 2394 4198 :
2424 4154 2471 4198 et
2506 4160 2620 4199 ecce
2648 4145 2872 4199 bruchus
2918 4156 2940 4182 ο
2974 4160 3107 4201 unus
3137 4145 3250 4219 Gog
3291 4162 3401 4201 rex.
3445 4146 3512 4201 Et
3553 4147 3650 4200 erit
3698 4148 3746 4201 si

2142 4239 2493 4308 compleverit,
2521 4248 2576 4291 ut
2607 4240 2810 4293 devoret
2836 4240 3013 4308 fenum
3042 4250 3215 4304 terrm,
3252 4248 3299 4293 ct
3321 4238 3435 4293 dixi
3465 4256 3484 4295 :
3512 4236 3745 4294 Domine

2142 4330 2303 4395 Deus,
2350 4333 2610 4402 prapitius
2644 4339 2752 4385 esto
2782 4348 2797 4384 :
2829 4333 2943 4399 quis
2975 4332 3245 4387 suscitabit
3283 4330 3468 4397 Jacob,
3494 4332 3747 4402 quoniam

2140 4426 2376 4479 modicus
2398 4436 2494 4480 est.
2531 4424 2789 4480 Pwniteat
2818 4436 2883 4493 te,
2920 4427 3161 4492 Domine,
3198 4444 3358 4496 super
3385 4428 3482 4481 hoc
3514 4442 3533 4482 :
3564 4436 3610 4481 et
3640 4427 3746 4481 hoc

2142 4536 2245 4574 non
2284 4522 2401 4587 erit,
2437 4520 2564 4573 dicit
2611 4519 2891 4575 Dominus.
2942 4520 3055 4574 Non
3086 4521 3267 4576 solum
3309 4536 3373 4576 ea
3405 4535 3525 4591 quae
3570 4522 3745 4575 multa

433 4632 518 4677 tra
550 4624 741 4685 Deum,
778 4629 835 4674 et
866 4620 1018 4689 ponit
1052 4618 1103 4670 in
1134 4615 1357 4670 excelso
1380 4631 1442 4668 os
1469 4630 1657 4679 suum,
1691 4623 1909 4685 gentem
1939 4629 2038 4669 sae-
2062 4589 2113 4650 θ
2142 4628 2261 4688 post
2295 4618 2490 4672 stcoula
2518 4619 2693 4671 l‘utnra
2724 4628 2849 4672 sunt
2875 4618 3226 4686 proiiheticus
3254 4632 3437 4672 sermo
3466 4617 3742 4686 prmdicit,

436 4715 713 4769 vissimam
741 4711 1001 4767 Dominus
1029 4711 1169 4764 Deus
1191 4709 1542 4777 omnipotens
1565 4722 1625 4763 se
1648 4708 2033 4761 suscitaturum

435 4824 556 4863 esse
575 4809 728 4872 dicit,
754 4822 875 4875 qua:
896 4816 1164 4872 conterat,
1196 4815 1249 4859 et
1272 4803 1492 4858 tribulet
1518 4819 1635 4869 eos,
1661 4806 1828 4857 immo
1855 4804 2039 4873 prohi-

438 4901 562 4954 beat
590 4899 800 4971 ingredi
831 4900 881 4951 in
914 4897 1131 4965 Emath,
1164 4905 1219 4951 ct
1248 4911 1418 4966 usque
1448 4896 1513 4950 ad
1552 4905 1853 4952 torrentem
1881 4899 2034 4953 Occi-

435 4994 638 5049 dentis.
696 4992 888 5046 Ettiatlt
943 4994 1332 5061 interpretatur
1394 5008 1606 5059 murus,
1658 4999 1754 5046 aut
1805 5003 2033 5049 mitrata.

509 5132 535 5160 ⁸
574 5126 728 5183 llaud
752 5125 1000 5195 equidem
1032 5126 1224 5181 opinor
1245 5125 1469 5189 Arabiw,
1494 5124 1589 5179 sed
1614 5124 1802 5189 Araba,
1839 5125 2027 5182 Graece

434 5212 527 5264 τῆς
552 5201 764 5278 Ἀραϐὰ.
794 5212 1006 5278 versum
1042 5212 1080 5278 a_
1100 5198 1491 5278 'l‘heotlotinne,
1512 5212 1634 5278 qna-
1661 5196 2028 5278 solemnisest

434 5274 508 5329 illi
535 5268 684 5328 vocis
714 5269 995 5339 usurpatio
1019 5269 1082 5322 ad
1105 5270 1385 5339 planitiem
1410 5268 2024 5339 signiticandatnsbixi-

434 5362 555 5399 mus
598 5347 695 5397 hac
733 5342 801 5395 de
835 5338 896 5395 re
926 5342 1121 5409 saepius
1155 5340 1221 5393 ad
1248 5340 1444 5393 librum
1478 5339 1766 5393 Nominum
1795 5356 1806 5391 :
1835 5338 2027 5394 dicen-

434 5418 672 5486 dumque
694 5414 793 5468 erit
822 5429 927 5486 non
958 5412 1124 5486 semel
1151 5412 1311 5465 inl'ia.

508 5488 532 5524 ¹)
576 5482 786 5541 Fal~am
837 5483 925 5537 hic
977 5484 1261 5537 lectionem
1309 5482 1608 5537 obtrudunt
1670 5483 1929 5537 Erasmus
1974 5494 2026 5537 ct

437 5558 742 5620 Marianos,
786 5570 983 5622 nempe
1016 5572 1025 5605 :
1065 5555 1260 5620 Quibus
1296 5554 1461 5607 verbis
1510 5555 1799 5607 ostenditur
1839 5571 2029 5625 nequa-

432 5645 593 5698 quam
634 5630 684 5680 in
725 5629 797 5682 eis
843 5643 877 5678 ιι
906 5636 1112 5698 muruta
1154 5627 1357 5698 civitate
1388 5624 1613 5679 exclusis
1643 5626 1834 5679 muniri
1883 5641 2030 5694 posse

432 5695 666 5766 pet-ruta,
700 5706 807 5752 etc.
827 5740 841 5763 ,
873 5697 1015 5765 quod
1038 5697 1164 5765 quid
1190 5695 1457 5765 signiticet
1487 5698 1630 5750 scire
1654 5712 1757 5750 non
1784 5711 2029 5763 possunt.

438 5771 818 5824 Manu—Duo
860 5769 1083 5820 l’alatin.
1116 5781 1243 5820 mss.
1284 5768 1495 5833 muniri,
1533 5783 1629 5835 pro
1655 5768 1809 5831 mori,
1842 5782 2033 5836 quem-

431 5840 721 5894 admodum
775 5850 828 5893 et
872 5847 1086 5891 veteres
1136 5837 1402 5892 editiones
1432 5838 1643 5892 Erasmi
1676 5851 1737 5892 ac
1780 5836 2037 5905 Victorii,

2141 4712 2236 4767 sed
2269 4720 2325 4767 et
2359 4710 2556 4776 vicina,
2590 4721 2645 4766 et
2675 4727 2795 4781 qua:
2827 4713 3007 4765 statim
3042 4711 3359 4765 vaticinium
3392 4726 3746 4780 consequan-

2140 4814 2249 4863 tur.
2297 4806 2555 4863 Solemus
2595 4807 2739 4859 enim
2788 4806 3036 4861 homines
3081 4805 3253 4859 multo
3289 4806 3410 4876 plus
3450 4806 3518 4861 de
3556 4808 3739 4874 nobis,

2141 4916 2301 4970 quam
2332 4899 2403 4955 de
2442 4900 2679 4969 posteris
2720 4899 2984 4971 cogitare,
3040 4900 3258 4955 dicente
3300 4899 3534 4957 Ezecbia
3567 4917 3581 4954 :
3611 4897 3743 4954 Fiat

2143 4996 2319 5063 parin
2346 4994 2527 5048 diebus
2555 4995 2679 5047 meis
2715 4993 2808 5065 (IV
2838 4993 2971 5067 Reg.
3004 5010 3073 5048 xx
3098 4996 3138 5063 ).
3171 4992 3240 5050 Ut
3265 4995 3355 5065 qui
3381 4993 3622 5050 viderint
3654 5009 3744 5048 re-

2135 5143 2255 5196 qua:
2283 5136 2545 5200 przrterea
2570 5126 2776 5181 addunt
2798 5139 2976 5183 contra
3000 5140 3231 5200 peccata.

2210 5210 2232 5237 ε
2274 5198 2531 5272 Mendose
2556 5200 2779 5253 retinuit
2806 5198 3057 5255 Martian.
3088 5201 3270 5264 victor,
3298 5200 3441 5272 quod
3466 5212 3518 5257 et
3548 5199 3746 5259 Victo-

2134 5270 2247 5345 rius
2297 5270 2623 5345 pridem,_et
2656 5287 2788 5345 mss.
2830 5288 3068 5345 omnes,
3118 5270 3329 5341 resque
3354 5275 3573 5329 demum
3620 5276 3740 5345 ipsa

2133 5341 2331 5412 clamat
2372 5340 2773 5395 emendandum
2805 5344 2974 5412 ﬁctor.

2205 5410 2230 5448 ιι
2277 5413 2425 5467 Unus
2449 5410 2929 5468 Cistercinnsmts.
2957 5416 3125 5469 ferme
3150 5416 3215 5467 ad
3244 5416 3497 5471 llcbraic.
3523 5430 3585 5471 ac
3608 5416 3744 5471 Vul-

2172 5493 2312 5537 atatn
2354 5482 2652 5556 editionem
2688 5504 2700 5539 :
2746 5485 2808 5538 Et
2851 5502 2964 5539 ecce
3003 5488 3261 5540 serotinus
3314 5497 3429 5556 post
3475 5497 3741 5541 tonsorem

2172 5498 2312 5537 alam
2354 5498 2652 5538 coitionem
2688 5504 2700 5539 :
2746 5498 2808 5538 ut
2851 5502 2964 5539 ecce
3003 5498 3261 5540 serottnus
3314 5498 3429 5556 post
3475 5498 3740 5541 tonsorem

2134 5498 2288 5624 (sive
2326 5554 2625 5626 tonsuram)
2654 5558 2808 5627 regis.
2852 5556 3175 5625 [inpressam
3217 5560 3507 5614 lectionem
3541 5558 3740 5627 probat

2137 5626 2309 5695 tnagis
2344 5627 2655 5696 Hieronymi
2686 5626 2925 5681 subnexa
2967 5629 3262 5698 expositio.

2216 5708 2237 5734 θ
2280 5697 2550 5772 ldcmms.
2582 5699 2633 5772 in
2659 5714 2755 5769 pro
2781 5715 2912 5752 unus
2934 5697 3273 5772 {etquidem
3304 5715 3403 5772 pro
3426 5700 3518 5768 εἷς,
3543 5701 3740 5757 Gra'ca

2141 5768 2513 5838 Complutens.
2546 5768 2711 5823 editio
2743 5772 2814 5832 εἰς
2838 5770 3076 5839 praefert.
