4120 6342
399 325 536 388 1069

1213 325 1858 396 ΕΟΜΜΕΝΤΑΒΙΟΒΗΜ
1898 323 1964 384 IN
2001 323 2190 396 ΑῌΟΞ
2231 323 2357 382 ιω.
2397 325 2484 384 Ill.
2525 323 2678 386 CAP.
2723 331 2835 392 VII.

3547 329 3684 388 1070

395 441 498 496 bus
541 439 752 510 expleta
779 456 904 510 quae
959 447 1086 498 ante
1127 441 1372 504 nuntiata
1421 451 1567 508 sunt,
1595 449 1986 508 convertantur
2011 445 2058 510 Λ
2093 441 2290 512 posuit,
2319 451 2372 496 et
2411 443 2670 512 paulatim
2713 447 2766 502 in
2805 445 3002 512 Dawn
3035 459 3226 502 errore
3263 453 3549 516 corruptus
3578 457 3684 502 est.

393 537 462 592 ad
493 536 698 592 cultum
733 535 848 602 Dei,
883 537 936 590 in
983 537 1140 606 cujus
1173 537 1455 608 prophetis
1499 537 1856 592 divinationis
1901 545 1988 592 est

395 629 620 686 veritas.
647 629 904 686 Ostendit
923 629 1088 700 igitur
1119 629 1382 686 Dominus
1407 629 1782 686 Sennacherib
1803 644 1986 700 regem

395 723 748 796 Assyriorum
781 737 906 778 cum
953 721 1158 780 inﬁnita
1189 725 1464 780 exercitus
1495 723 1864 788 multitudine,
1907 723 1992 778 itt-

395 827 512 872 star
543 817 768 874 locustae
809 817 1060 874 universa
1107 817 1376 886 tondenti,
1433 833 1556 874 esse
1607 825 1894 874 venturum
1933 817 1988 874 in

395 911 668 982 principio
705 911 892 968 imbris
921 913 1172 982 serotini,
1213 911 1439 982 quando
1467 921 1710 968 extrema
1753 911 1850 968 Dei
1875 927 1994 964 ont-

397 1007 696 1078 nipotenlis
729 1007 1106 1064 misericordia
1137 1005 1414 1078 indigebat
1443 1005 1616 1062 Israel
1647 1023 1660 1060 :
1691 1005 1850 1076 hujus
1893 1019 1992 1058 au-

399 1109 510 1158 tem
541 1101 764 1158 locusta:
795 1102 949 1156 lietor
979 1109 1034 1158 et
1061 1111 1280 1156 creator
1315 1109 1400 1158 est
1431 1099 1716 1156 Dominus.
1752 1099 1884 1168 Quae
1915 1099 1994 1154 lo-

399 1203 550 1252 cttsta
607 1194 753 1250 venit
801 1193 852 1248 in
899 1193 1164 1264 principio
1215 1193 1405 1252 imbris
1457 1193 1722 1258 serotini,
1775 1189 1994 1260 quando

401 1297 594 1346 cuncta
627 1287 800 1342 virent
825 1295 878 1344 et
897 1287 1138 1358 parturit
1167 1289 1344 1342 omnis
1375 1303 1530 1360 ager,
1561 1297 1616 1342 et
1647 1287 1993 1342 diversarum

401 1382 658 1440 arborum
693 1381 856 1440 liores
881 1383 934 1438 in
987 1383 1070 1438 sui
1093 1385 1316 1454 generis
1348 1397 1504 1452 poma
1546 1391 1892 1454 rumpuntur.
1929 1381 1998 1436 Et

403 1483 464 1530 ut
509 1490 618 1532 uno
663 1489 916 1532 sermone
969 1474 1204 1532 indicem
1265 1475 1412 1546 quod
1469 1475 1626 1544 volo,
1679 1485 1996 1530 cunctarum

403 1567 788 1624 abundantiam
831 1585 1036 1630 rerum.
1075 1569 1246 1626 ﬂores
1289 1571 1570 1636 arborum,
1617 1579 1778 1640 atque
1811 1571 1998 1626 herba:

403 1671 648 1732 segetum
671 1661 1016 1730 pollicentur.
1047 1663 1156 1718 llas
1181 1671 1362 1720 autem
1377 1663 1647 1730 ,locustas,
1677 1679 1800 1734 quae
1825 1665 2000 1734 primo

405 1769 534 1810 vere
573 1753 892 1822 volitabant,
923 1755 1164 1810 bruchus
1197 1754 1614 1812 innumerabilis
1641 1755 1996 1824 sequebatur,

2093 535 2344 592 Dicamus
2389 545 2446 592 et
2493 537 2848 608 spiritualiter
2885 557 2898 596 :
2931 541 3020 610 qui
3073 549 3196 612 post
3243 555 3408 608 opera
3459 539 3686 610 justitiat

2093 627 2198 698 (de
2233 629 2426 700 quibus
2467 629 2520 686 in
2563 631 2822 704 propheta
2863 633 3062 702 dicitur
3093 651 3106 688 :
3141 631 3406 690 Sentinate
3443 632 3580 688 vobis
3629 635 3682 686 in

2081 721 2292 792 iustitia
2317 763 2332 788 ,
2375 731 2424 776 et
2461 723 2700 780 innovate
2745 725 2884 782 vobis
2935 727 3142 782 novalia
3183 742 3202 782 .'
3241 735 3290 780 et
3327 743 3392 782 ne
3423 727 3684 794 seminetis

2091 831 2250 888 super
2297 817 2476 884 spinas
2531 817 2552 890 (
2585 817 2716 874 Osee
2747 837 2802 886 x,
2843 831 2890 876 et
2929 821 3042 876 Jer.
3077 821 3180 892 tv)
3229 823 3412 892 gravia
3471 835 3686 894 peccata

2093 909 2498 976 commiserint,
2553 910 2832 968 inducitur
2871 929 3036 984 super
3083 929 3178 970 eos
3231 911 3402 980 fetus,
3445 915 3530 970 vel
3579 931 3678 986 ge-

2095 1001 2305 1056 neratio
2371 1003 2708 1060 locustarum
2787 1006 3012 1068 veniens
3083 1009 3390 1076 matutina,
3467 1007 3686 1078 quando

2091 1095 2502 1152 transeuntibus
2561 1097 2738 1174 noctis
2797 1099 3041 1156 tenebris
3101 1099 3366 1168 incipiunt
3419 1115 3516 1156 sua
3559 1115 3684 1170 pec-

2097 1199 2214 1244 cata
2253 1205 2616 1260 cognoscere,
2657 1200 2714 1248 et
2739 1193 2862 1262 quia
2903 1209 3012 1248 non
3051 1203 3280 1264 egerunt
3311 1195 3684 1264 paenitentiam

2095 1281 2258 1356 325
2281 1281 2571 1340 adducitur
2601 1285 2872 1356 bruchus,
2919 1287 3012 1357 qui
3053 1287 3358 1358 appellatur
3397 1287 3512 1358 Gog
3547 1305 3638 1344 rex
3677 1305 3689 1342 :

2101 1375 2210 1448 Gog
2233 1387 2414 1434 autem
2439 1379 2494 1434 in
2521 1379 2760 1452 linguam
2793 1391 3032 1436 nostram
3065 1381 3337 1440 vertiturb
3357 1391 3570 1446 tectum,
3597 1399 3690 1438 su—

2095 1475 2266 1548 perba
2297 1477 2544 1548 quatdam
2571 1485 2628 1536 et
2649 1495 2912 1550 arrogans
2943 1479 3222 1534 fortitudo.
3255 1477 3502 1550 Curaque
3535 1487 3696 1534 terra:

2103 1579 2304 1626 nostra:
2339 1569 2520 1626 fenum
2559 1571 2927 1642 stipulamque
2961 1572 3402 1642 consumpserit,
3449 1573 3698 1642 quicum-

2099 1679 2206 1736 que
2231 1665 2404 1718 sancti
2429 1665 2480 1720 in
2507 1667 2706 1734 p0pulo
2741 1665 2962 1734 fuerint,
2987 1667 3198 1722 veniam
3227 1669 3620 1738 precabuntur,
3643 1677 3699 1724 et

2103 1757 2312 1812 dicent:
2347 1757 2568 1814 Domine
2591 1757 2758 1826 Deus,
2785 1761 3046 1832 propitius
3069 1771 3198 1816 esto.
3227 1761 3360 1828 Quis
3389 1761 3534 1816 enim
3559 1761 3700 1816 alius

407 1845 500 1914 qui
531 1845 784 1900 veniebat
817 1855 934 1916 post
965 1845 1196 1904 imbrem
1229 1847 1554 1916 serotinum,
1595 1857 1652 1906 et
1681 1847 1998 1926 appellaba-
2031 1835 2080 1906 Β
2107 1851 2374 1906 suscitare
2425 1851 2626 1920 poterit
2653 1852 2824 1908 Jacob
2851 1851 2998 1924 (Isa.
3031 1853 3086 1922 x)
3123 1853 3146 1908 ?
3189 1855 3310 1922 quis
3359 1853 3694 1908 medicorum

407 1944 496 1990 tur
519 1947 706 1994 tonsor
729 1939 812 1992 vel
839 1947 1060 1994 tonsura
1087 1939 1252 2010 regis,
1277 1955 1344 1996 eo
1371 1941 1514 2012 quod
1543 1939 1794 1996 universa
1825 1947 2000 1994 vasta-

405 2027 566 2094 verit,
597 2039 652 2084 et
683 2029 816 2084 nihil
853 2031 1068 2100 penitus
1117 2031 1400 2102 reliquerit
1445 2031 1632 2086 herba:
1683 2033 1912 2086 virentis
1945 2033 1998 2086 in

409 2129 578 2176 terra.
613 2123 764 2178 llunc
795 2133 1091 2188 tonsorem,
1119 2125 1234 2180 sive
1259 2133 1568 2188 tonsuram,
1599 2123 1766 2180 Isaias
1789 2133 1998 2178 acutam

407 2215 727 2270 novaculam
777 2225 932 2272 vocat
974 2217 1136 2286 (Isai.
1187 2217 1314 2288 vn),
1367 2233 1488 2288 quae
1529 2215 1667 2286 pilos
1715 2231 1908 2272 omnes
1948 2225 2006 2270 et

409 2307 636 2376 capillos
683 2305 966 2362 lsraelitiei
1019 2309 1268 2378 corporis
1317 2309 1534 2364 raserit.
1587 2305 1856 2378 Cumque,
1903 2307 1998 2372 ait,

409 2401 734 2466 dubitarem,
768 2417 890 2472 quae
917 2411 1063 2458 esset
1091 2401 1192 2456 ista
1226 2401 1514 2468 novacula,
1559 2401 1744 2468 statim
1777 2401 1998 2464 intulit,

409 2511 592 2566 regem
623 2495 990 2568 Assyriorum.
1035 2497 1312 2552 Novacula
1343 2495 1508 2568 igitur
1539 2507 1592 2550 et
1623 2505 1813 2552 tonsor
1839 2495 2006 2570 32E.

409 2589 588 2660 regis,
646 2589 920 2644 exercitus
959 2589 1340 2646 Chaldarorum
1389 2599 1494 2656 est,
1549 2591 1640 2660 qui
1687 2589 1740 2644 in
1783 2591 2002 2646 modum

407 2679 604 2734 bruclti
625 2681 884 2752 universa
919 2683 1204 2752 populatus
1235 2691 1340 2750 est,
1371 2689 1556 2738 etnon
1589 2683 1766 2736 Solum
1801 2681 2000 2752 fruges,

409 2775 508 2830 sed
537 2773 701 2848 ligna,
737 2773 948 2842 fenum,
979 2775 1344 2846 stipulamque
1371 2777 1736 2844 consumpsit.
1781 2773 2002 2830 Factum

409 2877 496 2924 est
529 2879 711 2924 autem
745 2885 868 2924 cum
896 2879 1336 2924 consummasset
1383 2869 1620 2924 bruchus
1653 2869 1744 2940 qui
1783 2879 2008 2924 venerat

413 2975 533 3036 post
565 2963 830 3020 locustam
863 2963 1156 3020 comedere
1181 2963 1404 3022 herbam
1437 2973 1598 3020 terrm
1619 3005 1632 3030 ,
1665 2973 1716 3018 et
1745 2963 2006 3032 propheta

411 3057 740 3128 intelligeret
769 3057 916 3130 quod
947 3059 1190 3126 videbat,
1219 3059 1286 3112 ad
1322 3073 1512 3128 preces
1541 3057 1791 3118 vertitur.
1819 3067 1876 3112 et
1903 3057 2006 3112 ait:

417 3149 637 3206 Domine
675 3149 836 3216 Deus,
885 3153 1141 3224 prapitius
1187 3163 1318 3220 esto,
1350 3151 1580 3208 obsecro.
1629 3151 1765 3206 Nolo
1795 3151 1847 3206 in
1881 3151 2010 3206 sub-

2107 1957 2302 2010 sauare
2329 1943 2704 2020 αἱμορῥοῦσαν,
2753 1945 2856 2000 nisi
2889 1955 2944 2000 ιιι
2973 1945 3144 2012 solus,
3197 1945 3262 2000 ad
3311 1945 3464 2014 cujus
3497 1955 3694 2002 tactum

2105 2033 2352 2106 ﬁmbrim,
2389 2039 2572 2092 statim
2603 2037 2814 2102 sanitas
2853 2037 2996 2094 redit
3027 2037 3180 2110 (Luc.
3229 2039 3385 2110 um)?
3439 2039 3702 2094 Parvulus

2107 2137 2192 2184 est
2217 2129 2368 2184 enim
2397 2131 2588 2198 Jacob,
2623 2131 2740 2188 sive
2765 2131 2968 2188 modici
3007 2133 3243 2202 numeri,
3295 2133 3421 2202 quia
3455 2133 3598 2188 nulla
3645 2133 3698 2186 in

2097 2223 2188 2278 .eis
2238 2223 2322 2280 vel
2365 2239 2532 2292 pauca
2565 2227 2826 2288 virtutum
2859 2241 3176 2282 remansere
3223 2227 3470 2296 vestigia.
3521 2227 3700 2282 1³0εηὶ-

2109 2325 2218 2370 teat
2247 2327 2315 2380 te,
2365 2317 2614 2386 Domine,
2669 2333 2836 2386 super
2861 2319 2984 2386 hoc,
3029 2319 3174 2390 quod
3209 2327 3260 2374 te
3297 2319 3566 2378 facturum
3611 2331 3704 2374 tuo

2099 2409 2308 2478 .populo
2337 2411 2702 2468 comminatus
2743 2426 2824 2466 es.
2873 2413 3256 2470 l‘mnitentiam
3297 2425 3478 2468 autem
3525 2413 3620 2468 Dei
3653 2416 3704 2468 in

2107 2499 2406 2572 Scripturis
2437 2505 2514 2558 sic
2545 2505 2812 2560 debemus
2839 2507 3118 2574 accipere,
3145 2505 3422 2576 quotnodo
3453 2521 3706 2562 somnum

2107 2603 2162 2648 et
2189 2595 2321 2648 iram
2361 2611 2374 2648 :
2409 2611 2514 2650 non
2537 2595 2680 2666 quod
2719 2597 2884 2651 Deum
2919 2597 3214 2666 pteniteat,
3249 2607 3342 2652 aut
3379 2609 3550 2654 mutet
3581 2615 3704 2654 sen-

2109 2687 2356 2754 tentiatn,
2389 2689 2480 2756 qtti
2517 2689 2756 2760 loquitur
2795 2705 2894 2760 per
2925 2691 3242 2760 prophetam
3276 2709 3288 2744 :
3323 2689 3436 2766 Ego
3467 2693 3630 2762 Deus,
3663 2705 3710 2746 et

2109 2797 2212 2834 non
2237 2787 2406 2834 mutor
2433 2779 2588 2850 (Mal.
2615 2797 2696 2846 ιιι,
2721 2781 2800 2852 6).
2831 2781 2906 2838 Et
2935 2781 3020 2838 cui
3053 2799 3152 2840 nos
3183 2783 3412 2840 dicimus
3447 2801 3460 2838 :
3505 2783 3582 2840 Tu
3609 2802 3708 2840 au-

2111 2881 2210 2928 tem
2237 2873 2374 2928 idem
2403 2875 2512 2942 ipse
2539 2891 2596 2930 es
2619 2917 2633 2942 ,
2683 2883 2728 2930 et
2761 2877 2888 2928 anni
2927 2877 3004 2930 tui
3051 2893 3154 2934 nan
3199 2875 3440 2946 deﬁcient
3485 2877 3604 2950 (Ps.
3636 2893 3708 2946 Ct,

2107 2967 2226 3038 28);
2261 2967 2354 3022 Sed
2385 2967 2552 3038 quod,
2579 2967 2740 3024 nobis
2761 2967 2828 3022 ad
2863 2969 3086 3024 meliora
3117 2971 3420 3034 conversis,
3451 2979 3504 3026 et
3535 2971 3710 3042 ipsum

2111 3057 2372 3127 poeniteat
2405 3057 2690 3114 sententia:
2719 3073 2858 3120 sua),
2891 3069 2948 3114 ut
2983 3059 3250 3131 necjusto
3275 3061 3464 3118 reddat
3487 3063 3712 3132 praemia

2111 3164 2234 3220 qum
2265 3149 2556 3220 promisit,
2597 3149 2643 3206 si
2673 3151 3032 3208 declinaverit
3075 3153 3140 3208 ad
3183 3153 3560 3226 iniquitatem,
3615 3171 3714 3210 nec

415 3245 674 3310 versione
715 3245 896 3316 p0puli
939 3245 1042 3300 mei
1071 3261 1187 3302 mea
1217 3245 1381 3302 verba
1413 3241 1716 3316 compleri:
1755 3245 1879 3298 nolo
1922 3258 2008 3298 me
2037 3223 2082 3298 Ο
2117 3243 2388 3312 peccaturi
2419 3257 2628 3314 poenas,
2657 3259 2792 3316 quas
2818 3245 3182 3302 comminatus
3205 3255 3310 3312 est,
3341 3247 3386 3302 si
3415 3263 3714 3304 conversus

415 3335 484 3392 ad
517 3337 618 3392 hoc
645 3337 880 3392 electum
907 3335 976 3392 de
1003 3347 1279 3407 pastorum
1307 3351 1560 3404 numero,
1597 3347 1654 3390 ut
1679 3337 1894 3390 ruinam
1917 3335 2013 3392 dc-

417 3446 536 3486 cem
577 3429 814 3486 tribuum
859 3433 1126 3490 nuntiem.
1159 3431 1294 3500 Quis
1333 3433 1476 3488 enim
1517 3433 1714 3500 poterit
1747 3433 2014 3488 suscitare

417 3519 609 3586 Jacob,
647 3523 744 3578 nisi
781 3533 836 3578 tu
867 3523 1052 3578 solus?
1090 3539 1198 3594 quo
1243 3525 1526 3592 allidente,
1561 3524 1746 3579 nullus
1793 3533 1878 3580 est
1917 3525 2008 3594 qui

417 3619 664 3674 suscitet.
699 3619 972 3674 Parvulas
997 3629 1082 3674 est
1115 3619 1308 3682 Jacob,
1343 3629 1398 3674 et
1422 3619 1620 3676 crebra
1655 3619 1894 3674 hostium
1929 3619 2014 3672 in-

419 3713 678 3768 cursione
722 3713 953 3768 deletus.
1001 3713 1242 3784 Cumque
1273 3713 1364 3768 ille
1395 3721 1736 3782 precaretur,
1785 3721 1838 3766 et
1871 3709 2014 3766 inte-

419 3807 580 3861 rioris
611 3805 852 3862 hominis
889 3807 1154 3879 lacrytnas
1181 3807 1456 3874 funderet,
1490 3807 1744 3862 misertus
1789 3815 1874 3860 est
1907 3805 2012 3860 Do-

421 3901 602 3954 minus
629 3915 794 3972 super
823 3899 948 3966 hoc,
995 3907 1054 3954 et
1083 3901 1364 3972 respondit
1399 3918 1412 3953 :
1447 3899 1562 3956 Non
1599 3899 1819 3970 perdam
1855 3913 2016 3954 Omne

421 4007 592 4064 genus
617 3991 812 4058 Israel,
845 3993 1088 4063 reliquite
1110 3993 1274 4048 Salva:
1297 4001 1478 4048 erunt.
1505 3991 1612 4048 Aut
1641 4001 1792 4048 certe
1821 3991 1900 4046 sic
1929 4005 2020 4046 ac—

423 4081 726 4152 cipiendum
773 4100 786 4137 :
823 4083 930 4140 duo
973 4085 1174 4154 pariter
1203 4083 1382 4140 futura
1418 4085 1724 4154 conspexit.
1773 4083 2016 4138 Primum

425 4173 718 4242 locustam,
748 4175 948 4232 deinde
987 4175 1278 4230 bruchum.
1332 4175 1438 4232 Pro
1471 4185 1698 4246 utroque
1731 4175 2016 4228 Dominum

425 4265 752 4336 deprecatus
777 4279 882 4336 est,
908 4279 962 4324 ct
993 4269 1046 4324 itt
1079 4287 1186 4325 uno
1217 4279 1426 4324 tantum
1459 4267 1768 4332 exauditur,
1801 4277 1858 4322 ut.
1889 4267 2020 4322 bru-

425 4357 560 4420 chus
609 4375 785 4428 usque
827 4361 892 4414 ad
943 4361 1372 4418 internecionem
1419 4373 1614 4418 cuncta
1661 4377 1766 4414 non
1819 4369 2017 4414 vastet.

423 4449 658 4504 Locusta
713 4457 894 4506 autem
941 4451 1174 4508 volitans
1217 4453 1462 4522 quantum
1494 4453 1744 4516 deVoret,
1775 4449 2018 4522 quaedam

427 4539 638 4610 integra
663 4541 1022 4609 derelinquat.
1049 4541 1316 4596 Videntur
1343 4543 1472 4596 tuilti
1499 4541 1640 4596 LXX
1663 4543 2018 4610 interpretes,

427 4633 653 4688 verbum
685 4631 1004 4688 Hebraicum
1025 4651 1146 4692 cozt
1167 4633 1470 4708 (tu),quod
1499 4635 1888 4704 interpretatur
1915 4643 2026 4686 ton-
2053 4622 2106 4684 D

430 4741 540 4792 sor,
593 4727 710 4780 sive
759 4733 994 4794 tonsura,
1049 4727 1382 4784 intellexisse
1421 4737 1448 4766 ει
1479 4743 1602 4792 coc,
1641 4743 1728 4782 ut
1783 4729 2022 4782 litteram

429 4835 538 4876 vau
577 4821 926 4886 arbitrantes,
959 4829 1015 4876 et
1053 4821 1244 4874 bruehi
1287 4819 1740 4874 innumerabilem
1777 4819 2022 4874 multitu-

433 4915 616 4970 dinem
642 4913 756 4986 Gog
777 4913 924 4986 genti
947 4913 1260 4969 saevissima:
1283 4927 1654 4984 comparasse,
1677 4927 1798 4983 qua:
1823 4921 2024 4968 terram

433 5008 674 5066 Judmam
709 5015 981 5064 vastatura
1012 5007 1361 5064 describitur.
1393 5007 1534 5082 Quid
1569 5015 1750 5060 autem
1790 5005 2031 5061 voluerit

435 5097 626 5169 Aquila
659 5097 840 5154 dicere
871 5115 882 5152 :
915 5095 1050 5152 Ecce
1069 5099 1326 5152 scrotinns
1357 5107 1468 5168 post
1500 5095 1656 5152 Gaza:
1689 5113 1880 5170 regem,
1905 5111 2026 5152 cum

435 5189 578 5246 Gaza
605 5187 774 5246 verbo
805 5187 1070 5246 Hebraico
1099 5205 1200 5245 ΑΖΔ
1229 5191 1244 5260 (
1260 5189 1398 5262 r112)
1437 5189 1766 5260 appelletur,
1805 5207 1912 5245 non
1943 5205 2032 5244 sa-

437 5281 508 5338 tis
535 5281 806 5352 iutelligo,
855 5281 956 5336 nisi
987 5281 1130 5338 forte
1175 5281 1354 5352 ipsum
1387 5297 1696 5338 sermonem
1729 5297 1848 5340 cozt
1878 5283 2030 5354 (tu)

509 5427 534 5454 ει
577 5417 772 5474 lterum
823 5417 964 5474 idem
1015 5435 1118 5474 ms.
1169 5431 1256 5473 cor
1290 5431 1402 5488 pro
1451 5431 1576 5474 eos.
1625 5417 1768 5488 quod
1809 5417 2028 5486 quidem

439 5488 622 5544 verius
647 5491 914 5554 videatur,
935 5491 978 5546 si
1003 5487 1144 5558 quod
1167 5490 1242 5542 ait.
1263 5487 1486 5544 llieron.
1513 5487 1792 5542 dumtaxat
1819 5491 1872 5542 in
1897 5499 2036 5550 1vau

439 5571 846 5616 cotntnutarunt
875 5571 903 5622 τ
931 5561 1048 5614 zain
1079 5573 1338 5630 perquam
1363 5559 1594 5612 similem
1629 5559 1892 5616 litteram.
1935 5561 2036 5616 Vc-

441 5647 560 5706 rum
593 5632 792 5706 legisse
821 5633 1120 5706 eos_li_qu_et
1143 5635 1421 5706 νὼγκρρς.
1457 5631 1824 5706 Quamobrem
1855 5631 2038 5706 Victo-

441 5703 578 5768 rius,
611 5701 678 5768 st,
709 5705 904 5774 inquit,
931 5703 1074 5760 LXX
1097 5701 1240 5774 quod
1277 5701 1536 5758 llebraice
1561 5711 1644 5758 est
1675 5709 1754 5764 tu
1781 5701 1932 5766 (ἐστὶ,
1959 5705 2040 5762 in-

443 5775 726 5844 terpretati
777 5781 906 5828 sunt
945 5785 1026 5836 :1:
1057 5775 1195 5844 Guy,
1243 5789 1470 5830 neceSse
1498 5783 1578 5830 cst
1627 5783 1684 5828 ut
1717 5791 1814 5844 pro
1857 5787 1881 5832 τ
1923 5775 2042 5844 z'tin

442 5843 552 5902 non
593 5859 614 5902 π
647 5861 776 5906 van,
809 5845 904 5900 sed
937 5855 966 5906 ι
991 5843 1154 5918 gimet
1177 5847 1508 5914 acceperint.
1545 5847 1608 5900 At
1635 5843 1766 5901 vero
1795 5861 1916 5900 rum
1947 5843 2048 5900 Gai

2119 3333 2284 3390 fuerit
2321 3335 2386 3390 ad
2429 3337 2684 3392 salutem.
2729 3337 2938 3394 Dicitur
2978 3339 3044 3394 ad
3089 3355 3212 3396 eum
3253 3341 3342 3410 qui
3385 3347 3608 3398 acturus
3635 3351 3720 3398 est

2121 3429 2496 3500 paenitentiam
2529 3449 2542 3484 :
2579 3429 2662 3486 Ne
2691 3431 2894 3486 dederis
2926 3449 3164 3488 somnum
3199 3435 3360 3488 acutis
3391 3435 3490 3488 tuis
3511 3475 3524 3500 ,
3555 3453 3718 3506 neque

2121 3523 2534 3580 dominationem
2561 3523 2822 3594 palpebris
2849 3525 2978 3592 tuis,
3003 3535 3056 3580 ut
3079 3523 3312 3580 libereris
3333 3527 3482 3596 quasi
3503 3527 3718 3580 damula

2121 3615 2182 3670 de
2209 3615 2438 3670 cassibus
2461 3659 2474 3684 ,
2509 3625 2556 3670 et
2585 3617 2718 3672 sicut
2749 3619 2855 3672 avis
2883 3634 2948 3672 er
2975 3619 3174 3688 laqueis
3201 3619 3394 3698 (Prov.
3429 3635 3500 3686 vt,
3533 3619 3590 3686 4,
3623 3623 3655 3674 ii
3677 3625 3716 3692 ).

2117 3711 2218 3784 Qui
2261 3709 2308 3764 si
2343 3709 2562 3766 Dotnini
2609 3711 2838 3780 primum
2893 3713 3144 3768 mandata
3203 3715 3618 3784 contempserit,
3667 3727 3722 3772 et

2119 3817 2306 3876 postea
2359 3805 2412 3860 in
2465 3805 2730 3876 angustiis
2783 3808 3114 3874 constitutus
3157 3807 3420 3878 evigilarc
3465 3809 3718 3878 coeperit,

2117 3899 2350 3956 suscitat
2383 3899 2672 3954 Dominum
2705 3897 3070 3954 dormientem
3117 3899 3258 3964 sibi,
3299 3909 3354 3956 et
3391 3899 3524 3956 dicit
3555 3919 3568 3956 :
3613 3901 3726 3956 Ea;-

2119 4009 2290 4064 surge,
2321 4007 2478 4064 quare
2501 3991 2782 4056 obdormis,
2815 3989 3038 4046 Domine
3065 3991 3184 4062 (Ps.
3215 4007 3366 4061 thtt,
3389 3993 3518 4062 2'5)?
3547 3993 3722 4048 Econ-

2121 4087 2314 4150 trario,
2367 4083 2458 4154 qui
2505 4083 2960 4142 thesaurizaverit
3003 4083 3110 4138 sibi
3163 4083 3298 4138 iram
3357 4083 3410 4138 in
3457 4085 3544 4140 die
3603 4085 3718 4148 ira},

2121 4177 2294 4234 Deum
2331 4177 2526 4232 iratum
2551 4177 2752 4232 sentiet
2781 4173 2956 4248 (Rom.
2985 4175 3252 4246 ιι)..οιιοι1
3275 4177 3322 4230 si
3351 4177 3524 4248 egerit
3545 4179 3686 4248 poeai
3705 4207 3720 4214 -

2121 4267 2374 4334 tentiam,
2404 4267 2482 4322 ira
2511 4275 2754 4324 vertetur
2787 4266 2840 4322 in
2867 4266 3322 4332 misericordiam,
3365 4279 3564 4324 etcum
3599 4285 3718 4338 pet"

2129 4361 2534 4416 turbationibus
2581 4359 2788 4416 nostris
2827 4371 2992 4430 atque
3025 4361 3320 4416 virtutibus
3351 4363 3402 4414 in
3439 4371 3728 4432 utramque

2133 4463 2344 4526 partem
2385 4469 2666 4524 poenarum
2713 4463 2878 4524 atque
2921 4455 3230 4510 elcmentim
3271 4453 3536 4512 Dominus
3579 4473 3728 4512 com-

2131 4547 2450 4604 mutabitur.

2211 4637 2388 4708 (Vers.
2433 4637 2464 4690 4
2497 4633 2679 4706 seqq.)
2713 4633 2838 4690 Haec
2867 4635 3092 4690 ostendit
3125 4637 3252 4690 mihi
3279 4637 3528 4694 Dominus
3557 4639 3728 4708 Deus,

2125 4743 2172 4786 et
2203 4747 2315 4784 ecce
2347 4741 2368 4768 ε
2395 4729 2590 4784 vocavit
2615 4729 2878 4798 judicium
2897 4729 2966 4782 ad
2989 4729 3159 4798 ignem
3193 4729 3448 4786 Dominus
3469 4731 3610 4786 Deus
3635 4751 3650 4788 :
3681 4745 3730 4788 et

2129 4821 2388 4876 devoravit
2419 4817 2658 4890 abyssum
2681 4819 2896 4872 multam
2919 4827 2967 4872 et
2987 4819 3212 4874 comedet
3239 4823 3398 4874 simul
3416 4833 3634 4894 parum.
3665 4825 3729 4878 Et

2131 4911 2242 4966 dixi
2273 4927 2290 4964 :
2323 4911 2544 4964 Domine
2571 4909 2710 4964 Dens
2731 4925 2750 4964 :
2771 4911 2994 4980 quiesce,
3030 4910 3238 4966 obsecro
3271 4929 3288 4964 :
3319 4913 3436 4986 quis
3463 4917 3730 4970 δυεεέῑυὺίῑ

2128 5005 2314 5072 Jacob,
2345 5005 2474 5076 quia
2496 5003 2744 5074 parvulus
2775 5004 2886 5060 est?
2915 5003 3162 5058 Misertus
3187 5015 3264 5060 est
3295 5005 3550 5062 Dominus
3577 5027 3731 5078 super

2133 5101 2230 5154 hoc
2253 5115 2272 5152 :
2297 5099 2388 5154 sext
2415 5107 2460 5154 et
2487 5097 2626 5152 istud
2653 5115 2752 5152 non
2773 5099 2894 5166 erit,
2927 5099 3058 5152 dixit
3083 5097 3334 5174 Dominus
3363 5101 3518 5156 Deus.
3545 5103 3688 5158 LXX
3717 5125 3728 5158 :

2133 5190 2224 5246 Sic
2255 5189 2482 5244 ostendit
2513 5189 2642 5242 mihi
2669 5187 2924 5244 Dominus
2949 5189 3114 5258 Deus,
3145 5199 3190 5246 et
3213 5209 3328 5246 ecce
3357 5193 3548 5246 voravit
3571 5195 3734 5268 326

2123 5285 2388 5358 judicium
2415 5283 2468 5336 in
2495 5283 2612 5354 igne
2639 5281 2894 5336 Dominus
2929 5281 3100 5348 Deus,
3133 5293 3178 5338 et
3209 5283 3468 5338 devoravit
3497 5287 3734 5358 abyssum

2141 5417 2416 5488 legerint,
2447 5415 2514 5470 ad
2560 5415 2672 5488 Goy
2717 5415 3138 5488 signiﬁcandum
3189 5419 3322 5474 illud
3365 5421 3612 5476 retulisse
3645 5439 3744 5494 po-

2227 5535 2230 5538 .
2271 5505 2300 5540 ιι
2375 5529 2388 5542 .

2145 5497 2576 5632 ωἳιΐυῗιιοηιεεε,
2599 5559 2814 5614 vertitur
2833 5557 3002 5632 δῶμα,
3031 5561 3084 5632 id
3117 5569 3210 5622 est,
3249 5571 3458 5618 tectum.

2225 5643 2246 5670 ο
2281 5631 2370 5686 Sic
2395 5629 2622 5686 Palatio.
2653 5647 2784 5684 mss.
2817 5629 3012 5700 Quibus
3035 5631 3148 5686 fere
3169 5637 3406 5688 Cttlltttnll
3429 5645 3482 5688 et
3503 5633 3736 5694 Cistcrc,

2151 5703 2400 5780 Vulgata,
2429 5699 2850 5780 t’UCttbalitAtllea
2873 5711 3010 5780 erat,
3029 5703 3244 5780 t'ocabit.
3265 5705 3380 5760 Mox
3407 5723 3618 5778 quoque
3645 5727 3742 5780 pro

2149 5773 2399 5842 comedet,
2437 5787 2576 5828 unus
2605 5771 2858 5842 (listet'c.,
2887 5773 3042 5844 juxta
3073 5775 3306 5846 \‘ulgat.,
3339 5771 3578 5834 comedit.
