4100 6336
461 333 595 392 1071

1715 327 1774 383 S.
1819 323 2089 384 ECSEBII
2128 325 2508 383 IIIERONYMI

3621 325 3757 382 1072

463 451 702 516 multum,
730 457 775 502 et
797 446 1013 502 comedit
1035 453 1254 516 partem,
1285 454 1332 499 et
1363 445 1507 501 dixi:
1533 444 1758 500 Domine
1786 443 1950 508 Deus,
1980 445 2061 498 de-
2085 444 2136 507 Α
2165 447 2356 502 sanctis
2391 447 2515 500 meis
2543 445 2754 516 incipite
2783 444 2999 517 (Ezech.
3028 443 3129 514 ix).
3161 445 3226 501 Et
3249 445 3304 500 in
3332 445 3594 516 Apostolo
3619 444 3754 516 legi-

461 545 588 610 sine,
615 542 727 613 quis
755 540 1018 595 suscitabit
1038 538 1224 607 Jacob,
1252 540 1495 611 quoniam
1521 539 1766 612 parvulus
1787 541 1902 593 est?
1932 537 2053 592 Pas-

463 639 619 691 niteat
649 644 716 701 te,
748 632 988 699 Domine,
1020 648 1174 703 super
1205 631 1318 698 hoc,
1344 638 1390 686 et
1416 630 1512 685 hoc
1535 647 1636 685 non
1666 632 1771 701 fiet,
1801 629 1926 682 dicit
1952 627 2056 682 Do-

461 729 629 785 minus
668 728 828 784 Deus.
874 724 1112 780 Primum
1168 723 1433 779 Dominus
1481 721 1722 778 ostendit
1769 720 2055 790 propheta:

461 820 702 876 ﬁctorem
731 819 1059 875 locustarum
1081 815 1132 870 in
1158 815 1430 886 principio
1453 813 1876 886 germinantium
1901 827 2054 868 sero-

458 915 559 970 tini
586 914 795 980 imbris,
824 923 879 970 et
908 919 1031 983 post
1054 909 1282 966 imbrem
1305 910 1633 975 serotinum,
1662 916 1939 962 tonsorem
1967 921 2053 961 re-

454 1023 600 1079 gem,
639 1007 754 1062 sive
778 1005 941 1077 regis,
973 1013 1030 1060 et
1059 1011 1116 1059 ut
1145 1003 1370 1060 verbum
1400 1002 1769 1075 eXprimamus
1800 1016 1831 1056 e
1862 999 2049 1067 verbo,

457 1109 734 1154 tonsuram
766 1099 909 1170 regis
939 1095 1314 1154 Sennacherib
1333 1137 1347 1162 ,
1375 1111 1482 1166 qua
1511 1105 1707 1150 cuncta
1735 1093 1924 1150 decem
1956 1091 2053 1145 tri-

451 1193 620 1252 buum
650 1191 952 1250 totonderit
987 1201 1150 1262 atque
1189 1191 1509 1247 vastaverit.
1556 1189 1710 1246 Nunc
1757 1189 1900 1244 idem
1947 1188 2053 1242 Do-

452 1287 636 1342 minus
667 1285 906 1341 ostendit
929 1284 1462 1350 Nabuchodonosor,
1495 1283 1663 1338 immo
1692 1292 1851 1337 vocat
1879 1291 1932 1335 et
1959 1294 2054 1335 ve-

452 1379 573 1436 nire
604 1377 850 1450 praecipit
874 1387 1064 1434 contra
1088 1378 1282 1433 Judam
1311 1388 1365 1433 et
1391 1375 1718 1432 Jerusalem.
1745 1374 1920 1430 Vocat
1949 1389 2049 1428 au-

453 1481 587 1541 tem,
640 1482 697 1527 ut
736 1471 995 1542 templum
1028 1481 1084 1527 et
1125 1471 1427 1528 Jerusalem
1466 1471 1592 1540 igne
1631 1467 1950 1532 succendat,
1995 1474 2053 1522 et

453 1568 617 1624 faciat
645 1567 700 1622 in
730 1567 852 1638 igne
877 1565 1144 1635 judicium
1165 1605 1180 1630 ,
1209 1565 1278 1620 de
1305 1579 1372 1620 eo
1395 1563 1488 1635 qui
1514 1562 1785 1634 quondam
1820 1561 1920 1615 fuit
1951 1575 2048 1631 po-

447 1661 607 1734 pulus
632 1673 782 1716 suus.
827 1657 1070 1729 Cumque
1111 1657 1353 1714 venisset
1382 1657 1522 1729 ignis
1550 1657 1616 1712 ad
1645 1655 1914 1727 judicium
1940 1694 1953 1718 ,
1989 1665 2049 1710 ut

447 1757 703 1828 impleret
725 1754 944 1812 Domini
965 1755 1295 1826 jussionem,
1318 1752 1600 1809 devoravit
1624 1753 1884 1824 abyssum
1910 1750 2048 1805 mul-

2165 558 2325 598 tnus:
2378 542 2438 598 Si
2469 547 2618 617 cujus
2654 559 2782 614 Opus
2828 545 3033 611 arserit,
3082 541 3450 597 detrimentum
3488 543 3752 612 patietur:

2159 637 2267 708 ipse
2293 647 2465 692 autem
2493 637 2667 691 salvus
2703 639 2798 692 erit
2839 653 2857 691 :
2903 638 2974 693 sic
3004 647 3172 691 tamen
3205 639 3355 709 quasi
3381 654 3474 709 per
3500 638 3668 709 ignem
3697 633 3756 707 (I

2158 727 2279 785 Cor.
2311 729 2416 801 ιιι).
2449 730 2698 802 (nutuque
2727 746 2921 787 omnes
2943 730 3201 787 fuerimus
3227 731 3282 793 in
3305 740 3566 801 peccato,
3596 741 3648 787 et
3672 731 3754 801 ja-

2156 823 2431 878 cuerimus
2459 822 2526 878 ad
2561 823 2847 879 sententia:
2887 825 3206 893 veritatem,
3258 824 3609 881 miserebitur
3647 824 3754 900 Do—

2157 915 2336 970 minus
2361 918 2555 983 nostri,
2599 929 2654 972 et
2683 917 2809 988 quia
2841 919 3049 987 parvuli
3082 934 3294 986 sumus,
3334 919 3754 974 resurrectionis

2157 1024 2257 1065 nos
2285 1018 2528 1080 tempore
2553 1011 2874 1077 suscitabit,
2920 1011 3034 1067 sive
3065 1012 3354 1067 suscitabit
3394 1028 3491 1082 per
3524 1013 3753 1067 virtutes

2155 1104 2246 1173 qui
2287 1104 2340 1158 in
2382 1104 2528 1159 vitiis
2566 1105 2906 1176 jacehamus,
2951 1106 3056 1162 hoc
3093 1109 3327 1163 Domino
3368 1109 3748 1179 promittente,

2155 1205 2321 1263 atque
2350 1196 2570 1254 dicente
2599 1216 2612 1252 :
2645 1199 2751 1254 Sed
2777 1208 2824 1253 et
2850 1199 2992 1254 istud
3013 1217 3117 1255 non
3147 1203 3263 1256 erit.
3311 1200 3550 1258 Pulchre
3571 1210 3749 1257 autem

2154 1289 2310 1356 dixit,
2353 1291 2442 1346 sed
2477 1302 2562 1346 et:
2593 1293 2718 1363 quia
2743 1293 2854 1364 jam
2885 1309 3047 1364 supra
3085 1294 3340 1352 dixerat:
3368 1295 3466 1352 hoc
3505 1314 3609 1351 non
3631 1299 3748 1352 erit.

2151 1381 2269 1438 Non
2315 1383 2460 1439 enim
2508 1383 2560 1439 in
2602 1384 2766 1440 ﬁnem
2813 1385 3104 1454 irascetur,
3155 1402 3332 1458 neque
3374 1389 3428 1443 in
3479 1399 3746 1444 aeternum

2153 1478 2577 1533 comminabitur
2625 1477 2758 1551 (Ps.
2806 1479 2934 1551 cn).
2991 1479 3106 1534 Non
3166 1480 3468 1537 secundum
3526 1491 3746 1552 peccata

2153 1583 2340 1627 nostra
2372 1572 2499 1628 fecit
2524 1574 2678 1628 nobis
2699 1615 2716 1640 ,
2758 1589 2939 1644 neque
2972 1573 3276 1630 secundum
3307 1574 3624 1645 iniquitates
3651 1591 3749 1632 no-

2152 1678 2294 1722 stras
2323 1669 2574 1725 retribuit
2606 1668 2785 1724 nobis.
2819 1667 3091 1737 Quantum
3118 1668 3289 1724 distat
3327 1678 3479 1725 ortus
3509 1669 3577 1724 ab
3606 1669 3743 1726 occi-

2150 1759 2336 1828 dente,
2368 1761 2528 1832 longe
2560 1761 2688 1818 fecit
2716 1777 2747 1817 a
2777 1762 2935 1817 nobis
2967 1762 3281 1832 iniquitates
3312 1771 3550 1818 nostras.
3599 1762 3746 1831 Quo-

447 1862 578 1920 tam,
602 1860 658 1908 et
677 1850 917 1907 comedit
932 1850 1097 1906 simul
1121 1857 1350 1920 partem,
1385 1859 1606 1904 cunc'aS
1634 1847 1800 1902 urbes
1820 1845 2042 1913 διιάωω,
2077 1846 2126 1908 Β
2151 1855 2317 1910 modo
2333 1857 2624 1912 miseretur
2641 1865 2795 1927 pater
2813 1855 3075 1924 ﬁliorum,
3108 1855 3367 1912 misertus
3385 1857 3748 1914 estDominus

445 1954 501 2002 et
521 1952 728 2015 partem
753 1942 964 1998 Domini
983 1958 1102 2014 qua:
1121 1942 1417 1998 vocabatur
1439 1940 1702 2008 templum
1726 1938 1862 2009 ejus.
1887 1937 2046 1993 Cum-

444 2052 552 2110 que
579 2036 682 2092 hoc
707 2033 975 2106 propheta
997 2033 1255 2100 vidisset,
1299 2033 1438 2089 dixit
1469 2031 1535 2086 ad
1568 2031 1854 2084 Dominum
1875 2071 1889 2095 ,
1938 2045 2044 2084 non

443 2141 505 2188 ut
532 2147 718 2203 supra,
741 2131 1000 2205 prapitius
1021 2139 1146 2196 esto,
1175 2131 1383 2184 obsecro
1412 2144 1431 2182 :
1458 2127 1556 2182 sed
1581 2127 1807 2198 quiesce,
1839 2125 1922 2181 vel
1955 2125 2044 2178 de-

442 2223 582 2293 sine;
615 2235 672 2282 ut
699 2240 860 2297 quem
888 2224 1123 2295 ccepisse
1145 2224 1257 2294 jam
1286 2222 1516 2288 viderat,
1549 2235 1768 2276 cessare
1795 2218 2046 2290 precibus

443 2319 763 2390 impetraret
791 2336 806 2372 :
839 2317 1148 2389 praesertim
1188 2331 1311 2371 cum
1350 2314 1535 2370 nullus
1575 2314 1648 2368 sit
1677 2311 1817 2366 alius
1845 2310 1938 2380 qui
1962 2311 2046 2382 ja-

443 2422 657 2470 centem
685 2420 742 2468 et
772 2411 1056 2481 parvulum
1079 2419 1134 2466 et
1157 2408 1505 2464 humiliatum
1531 2406 1696 2463 Jacob
1718 2405 1894 2461 valeat
1927 2419 2045 2460 sus-

442 2507 650 2575 citare,
705 2505 813 2560 nisi
853 2503 1121 2561 Dominus
1159 2503 1257 2574 qui
1311 2511 1490 2572 potest
1541 2509 1734 2571 captos
1781 2498 1836 2554 in
1883 2496 2045 2553 Chal-

443 2601 729 2672 dteamque
755 2599 1055 2655 translatos
1076 2595 1342 2652 reducere
1366 2596 1419 2650 in
1447 2603 1646 2649 terram
1667 2592 1881 2648 Iudam.
1905 2591 2040 2658 Quia

443 2708 574 2752 vero
603 2693 771 2750 semel
798 2692 953 2763 juxta
979 2691 1119 2747 Osee
1153 2689 1474 2760 prophetam
1499 2694 1556 2743 et
1585 2686 1930 2742 Psalmistam
1961 2682 2044 2738 di-

441 2801 687 2847 centem:
719 2786 843 2842 Filii
867 2785 1118 2858 Ephraim
1140 2783 1458 2839 intendentes
1486 2791 1534 2836 et
1554 2784 1811 2836 mittentes
1838 2796 2039 2846 arcum,

443 2883 674 2940 conversi
702 2892 823 2938 sunt
847 2881 1009 2936 indie
1032 2879 1155 2934 belli
1179 2878 1300 2950 (Ps.
1321 2893 1526 2944 Lxxvu,
1551 2874 1628 2948 9),
1654 2877 1842 2933 decem
1869 2875 2044 2929 tribus

443 2977 512 3032 ad
547 2976 928 3032 haereticorum
967 2987 1256 3044 personam
1288 2970 1610 3038 retulimus,
1657 2984 1778 3038 quae
1805 2967 2043 3038 appella-

445 3069 643 3127 bantur
669 3067 858 3134 Israel,
886 3077 940 3123 et
962 3065 1124 3133 duas,
1151 3063 1348 3136 quibus
1376 3063 1542 3120 Judas
1563 3071 1819 3132 praeerat,
1845 3061 1910 3114 ad
1941 3059 2044 3114 Ec-

416 3221 420 3242 ,
445 3162 664 3219 elesiam
689 3171 745 3218 et
768 3160 1032 3216 Ecclesiae
1063 3167 1409 3230 peccatores,
1441 3157 1536 3227 qui
1565 3154 1895 3210 conﬁtentur
1920 3151 2042 3224 qui-

419 3251 566 3320 ldem
597 3265 799 3312 rectam
830 3253 1011 3321 ﬁdem,
1044 3253 1140 3309 sed
1164 3259 1384 3322 pr0pter
1414 3248 1671 3304 vitiorum
1693 3248 1887 3305 sordes
1912 3261 2041 3317 pur-

415 3345 694 3428 i'gantibus
719 3364 779 3404 se
804 3347 1049 3418 indigent
1072 3344 1306 3400 ﬂammis
1331 3362 1344 3398 :
1381 3341 1584 3398 idcirco
1611 3357 1755 3397 nunc
1779 3340 2042 3395 Dominus

441 3443 511 3499 ad
541 3443 719 3514 ignem
747 3440 1011 3511 judicium
1042 3452 1240 3494 vocare
1268 3452 1330 3492 se
1361 3444 1632 3492 monstrat
1658 3451 1669 3487 :
1695 3445 1755 3488 ut
1785 3433 2044 3489 uniuscu-

439 3537 636 3606 jusque
663 3549 800 3602 opus
825 3532 988 3604 quale
1018 3533 1089 3588 sit
1120 3530 1260 3602 ignis
1287 3529 1477 3598 probet
1507 3527 1549 3600 (I
1571 3527 1694 3583 Cor.
1725 3526 1832 3598 ιιι),
1861 3536 1915 3582 et
1943 3527 2044 3580 im-

444 3629 654 3698 pleatur
684 3625 816 3680 illud
843 3624 989 3696 quod
1017 3629 1277 3694 scriptum
1309 3631 1392 3678 est
1420 3641 1432 3673 :
1462 3619 1738 3674 Ambulate
1767 3621 1819 3672 in
1851 3618 2043 3672 lumine

445 3721 579 3790 ignis
600 3718 752 3774 uestri
772 3759 787 3786 ,
835 3727 880 3772 et
910 3717 963 3771 in
993 3719 1205 3788 ﬂamma
1227 3731 1382 3786 quam
1410 3712 1746 3768 suecendistis
1788 3709 1957 3782 (Isai.
1988 3728 2040 3779 ι,

446 3812 561 3883 Il).
589 3810 747 3868 Unde
774 3819 830 3866 et
854 3809 923 3865 ad
947 3809 1284 3881 Babylonem
1318 3806 1520 3862 dicitur
1551 3823 1563 3859 :
1601 3804 1772 3858 Habes
1799 3803 2044 3857 carbones

445 3907 614 3978 ignis,
645 3905 839 3960 sedebis
875 3919 1028 3976 super
1070 3918 1188 3968 eos;
1232 3901 1283 3954 hi
1318 3909 1466 3955 erunt
1506 3898 1598 3953 tibi
1622 3898 1675 3952 in
1717 3897 2045 3969 adjutorium

447 3997 602 4070 (lsai.
631 4013 802 4064 ιιινιι,
839 3997 930 4060 I4,
963 4011 1061 4050 sec.
1098 3993 1286 4065 LXX).
1346 3993 1414 4048 Et
1445 3994 1500 4047 in
1541 3991 1783 4063 psalmo,
1837 3990 2042 4062 Lingua

448 4093 638 4151 dolosa
679 4102 733 4148 et
767 4090 928 4160 plena
971 4087 1301 4156 mendaciis,
1347 4088 1475 4158 igne
1504 4086 1802 4141 carbonum
1847 4085 2048 4141 dicitur

450 4200 574 4241 esse
598 4181 876 4254 purganda
901 4198 914 4234 :
943 4181 1102 4253 327
1136 4180 1275 4246 Quid
1302 4180 1450 4234 detur
1470 4179 1579 4248 tibi,
1615 4190 1702 4232 aut
1733 4178 1860 4250 quid
1886 4195 2049 4251 appo-

450 4290 607 4332 natur
630 4276 720 4330 tibi
739 4276 808 4330 ad
828 4275 1061 4350 linguam
1078 4274 1354 4329 dolosam?
1379 4273 1594 4343 Sagith
1614 4277 1834 4344 potentis
1855 4285 2040 4342 acutae,

449 4388 567 4426 rum
595 4369 900 4425 carbonibus
943 4367 1267 4423 desolatoriis
1301 4365 1421 4438 (Ps.
1465 4382 1609 4432 cxrx,
1641 4367 1696 4433 '5,
1728 4368 1806 4438 4).
1848 4366 1927 4422 De
1958 4366 2045 4422 bis

452 4463 641 4518 altaris
689 4460 1020 4518 carbonibus
1063 4459 1344 4514 desolator
1390 4457 1556 4512 carbo
1594 4458 1825 4514 duorum
1853 4459 2046 4515 Testa-

450 4564 761 4612 mentorum
803 4553 1008 4624 forcipe
1035 4551 1340 4622 prenditur,
1395 4559 1449 4606 et
1481 4549 1634 4606 Isaiae
1667 4552 1808 4607 labia
1853 4564 2044 4624 purgat

2151 1947 2471 2003 timentibus
2502 1963 2581 2004 se.

2222 2038 2418 2111 (Vers.
2465 2040 2497 2092 7
2541 2041 2734 2112 seqq.)
2781 2040 2909 2096 Hau:
2939 2042 3161 2098 ostendit
3193 2043 3360 2099 milii:
3397 2043 3466 2098 Et
3496 2059 3610 2099 ecce
3640 2042 3746 2099 Do—

2149 2134 2317 2188 minus
2341 2133 2508 2188 stabat
2539 2133 2731 2206 [Vulg.
2761 2135 2944 2208 stans]
2975 2154 3129 2208 super
3160 2155 3364 2192 murum
3397 2137 3583 2205 litum,
3617 2147 3660 2192 el
3691 2138 3744 2191 in

2149 2244 2306 2280 manu
2335 2231 2446 2300 ejus
2470 2228 2629 2282 trulla
2648 2229 2980 2285 cwrnentarii.
3007 2227 3075 2282 Et
3099 2231 3230 2284 dixit
3255 2229 3510 2285 Dominus
3541 2232 3609 2283 ad
3625 2246 3702 2283 me
3724 2246 3742 2284 .'

2150 2320 2292 2386 Quid
2325 2331 2378 2375 tu
2414 2320 2578 2388 uides,
2625 2320 2819 2375 Amos?
2847 2319 2914 2374 Et
2943 2322 3052 2376 dixi
3084 2337 3102 2376 :
3134 2320 3371 2376 Trullam
3407 2322 3740 2377 (mutentarii.

2148 2411 2218 2467 Et
2239 2414 2369 2468 dixit
2400 2413 2651 2468 Dominus
2685 2429 2705 2467 :
2747 2413 2876 2468 Ecce
2906 2431 2998 2486 ego
3024 2431 3212 2486 ponam
3243 2413 3458 2468 trullam
3483 2416 3536 2468 in
3572 2414 3737 2469 medio

2148 2509 2328 2578 populi
2357 2508 2456 2562 mei
2485 2506 2675 2562 Israel.
2718 2507 2843 2562 Non
2882 2507 3134 2578 adjiciam
3163 2508 3300 2562 ultra
3337 2507 3740 2577 superiuducere

2146 2618 2293 2669 eum,
2327 2614 2374 2657 et
2411 2604 2746 2659 demolientur
2786 2603 2988 2659 excelsa
3019 2603 3183 2674 idoli,
3231 2617 3278 2660 et
3305 2605 3738 2674 sanctiﬁcationes

2145 2694 2320 2750 Israel
2346 2696 2736 2761 desolabuutur,
2767 2707 2812 2752 et
2842 2714 3154 2769 consurgant
3174 2714 3329 2768 super
3349 2700 3560 2754 domum
3587 2697 3736 2754 Jero-

2147 2789 2296 2843 boant
2323 2791 2376 2844 in
2414 2790 2610 2862 gladio.
2655 2789 2796 2845 LXX
2829 2808 2840 2845 :
2895 2791 2985 2847 Sic
3023 2792 3244 2847 ostendit
3281 2792 3408 2847 mihi
3434 2791 3687 2848 Dominus
3718 2809 3736 2848 :

2147 2881 2217 2937 Et
2248 2899 2360 2938 ecce
2388 2885 2463 2937 vir
2493 2885 2659 2938 stabat
2703 2901 2859 2955 super
2898 2901 3104 2940 murum
3143 2887 3561 2951 adamantinum,
3599 2897 3645 2941 et
3683 2887 3737 2941 in

2145 2992 2306 3031 ntanu
2335 2978 2444 3048 ejus
2472 2976 2708 3031 adamas.
2741 2977 2808 3031 Et
2837 2979 2967 3032 dixit
2996 2977 3250 3035 Dominus
3275 2980 3343 3034 ad
3371 2996 3452 3034 me
3480 2996 3498 3034 :
3523 2979 3660 3048 Quid
3685 2990 3740 3033 tu

2144 3071 2306 3138 uides,
2350 3071 2546 3125 Amos?
2586 3070 2655 3125 Et
2685 3072 2796 3127 dixi
2819 3088 2838 3126 :
2890 3073 3254 3128 Adamantem.
3307 3073 3374 3128 Et
3407 3074 3573 3147 328
3609 3073 3738 3128 dixit

2147 3162 2404 3218 Dominus
2425 3164 2495 3218 ad
2521 3181 2600 3218 me
2629 3181 2648 3219 .°
2681 3163 2814 3220 Ecce
2835 3182 2927 3238 ego
2954 3166 3186 3236 injiciam
3211 3167 3536 3221 adamantem
3561 3166 3615 3220 in
3637 3182 3741 3222 me-

2070 3241 2116 3307 C
2149 3259 2234 3314 dio
2258 3259 2437 3332 populi
2460 3259 2558 3313 mei
2579 3259 2764 3314 Israel.
2792 3260 3136 3332 Nequaquam
3164 3262 3303 3316 ultra
3323 3263 3514 3317 addam
3540 3273 3598 3316 ut
3625 3279 3742 3334 per-

2149 3361 2408 3405 transeam
2437 3369 2572 3419 eum,
2597 3361 2646 3406 ct
2669 3351 3059 3424 dissipabuntur
3087 3370 3196 3410 arte
3222 3355 3380 3422 risus,
3412 3365 3460 3408 et
3484 3356 3740 3425 sacriﬁcia

2147 3443 2316 3500 Israel
2343 3445 2729 3512 desolabuutur,
2763 3457 2810 3500 et
2839 3463 3150 3520 consurgam
3171 3464 3327 3515 super
3354 3449 3561 3502 domum
3591 3446 3740 3503 Jero—

2147 3541 2296 3595 boam
2319 3542 2368 3594 in
2399 3541 2593 3611 gladio.
2631 3540 2951 3612 Priusquam
2983 3540 3052 3597 de
3074 3542 3354 3617 adamante
3384 3541 3736 3605 disseramus,

2147 3652 2308 3706 quem
2342 3635 2706 3707 Symmachus
2727 3644 2782 3692 et
2803 3634 2969 3704 LXX,
3000 3651 3098 3706 pro
3127 3651 3194 3692 eo
3215 3635 3360 3708 quod
3387 3636 3440 3691 in
3475 3635 3740 3692 Iiebraico

2148 3744 2319 3785 ENACII
2343 3727 2751 3800 (1:N)scriptum
2774 3737 2878 3795 est,
2898 3728 3313 3794 transtulerunt.
3339 3727 3630 3785 dicendum
3658 3735 3742 3783 est

2147 3820 2411 3885 breviter,
2445 3819 2587 3888 quod
2618 3819 2720 3876 hoc
2750 3820 2976 3876 verbum
3011 3831 3036 3859 η
3066 3821 3258 3892 Aquila
3287 3823 3528 3895 γάνωσιν,
3565 3820 3742 3876 Theo-

2148 3912 2300 3968 dotio
2337 3913 2608 3986 τηκόμενον
2649 3913 2995 3984 interpretati
3033 3923 3204 3978 sunt:
3244 3930 3477 3985 quorum
3506 3915 3736 3971 alterum

2150 4016 2544 4069 stannaturam,
2587 3995 2820 4062 alterum
2863 4007 3196 4062 tabescentem
3225 4007 3526 4075 signiﬁcat;
3567 4017 3622 4062 ut
3651 4007 3736 4063 illa

2149 4109 2362 4170 sartago
2385 4099 2568 4170 (quam
2592 4097 2823 4167 legimus
2847 4099 2900 4153 in
2929 4098 3213 4154 Ezechiele
3241 4097 3391 4171 (Cap.
3419 4100 3524 4167 ιν),
3558 4099 3612 4154 in
3635 4113 3737 4169 qua

2151 4193 2334 4262 populi
2364 4190 2648 4246 obsidione
2674 4191 2880 4257 vallati,
2929 4190 3132 4246 frixura
3159 4191 3499 4262 signiﬁcatur
3528 4190 3634 4264 [AL
3664 4189 3736 4245 si-

2149 4282 2415 4356 gnetur]),
2445 4281 2610 4339 etiam
2642 4285 2694 4338 in
2722 4283 2909 4339 decem
2936 4283 3203 4353 tribubus,
3235 4295 3288 4340 et
3319 4286 3371 4340 in
3398 4299 3566 4356 regno
3591 4283 3738 4340 Iere-

2149 4377 2308 4433 boam
2339 4377 2450 4447 (qui
2483 4392 2653 4446 nepos
2681 4386 2799 4432 erat
2826 4377 2992 4442 Jeltu,
3037 4377 3140 4433 sub
3169 4393 3275 4448 quo
3299 4379 3586 4448 prephetia
3626 4376 3738 4433 [nec

2149 4468 2410 4541 cernitur)
2441 4470 2532 4544 (IV
2563 4470 2696 4545 Reg.
2731 4470 2771 4543 ι)
2797 4487 2892 4541 per
2922 4481 3253 4528 stannatura:
3282 4472 3605 4532 vocabulum
3646 4471 3738 4528 de-

2149 4571 2503 4618 monstretur.
2545 4564 2804 4620 Dominus
2849 4564 3033 4636 itaque
3088 4565 3332 4622 cernitur
3381 4576 3534 4621 stans
3578 4579 3736 4636 supra

451 4648 754 4714 immunda,
777 4655 834 4702 ut
851 4643 1024 4719 possit
1043 4647 1271 4702 verbum
1291 4644 1509 4700 Domini
1533 4645 1864 4716 pr0phetare
1887 4646 2042 4720 (Isai.

2151 4674 2367 4713 murum
2397 4666 2706 4714 stannatum
2739 4660 2858 4714 sive
2885 4659 3062 4728 litum,
3093 4670 3149 4716 et
3175 4661 3226 4715 in
3254 4676 3420 4716 manu
3446 4661 3568 4732 ejus
3593 4670 3738 4716 stan-

450 4741 551 4813 vr).
583 4740 825 4796 Vocatus
855 4748 1039 4795 autem
1071 4738 1209 4810 ignis
1237 4738 1302 4794 ad
1331 4737 1593 4810 judicium
1614 4781 1627 4806 ,
1670 4739 1900 4795 devorat
1931 4742 2044 4811 pri-

454 4851 603 4891 mum
631 4834 910 4905 abyssum,
939 4832 993 4888 id
1022 4841 1128 4900 est,
1153 4831 1332 4888 omnia
1363 4846 1558 4900 genera
1585 4840 1955 4901 peccatorum,
1982 4833 2046 4887 li-

446 4951 578 5007 gna,
611 4933 816 4995 fenum,
849 4930 1130 5002 stipulam,
1163 4938 1220 4984 et
1247 4938 1431 4998 postea
1460 4927 1698 4983 comedit
1725 4928 1887 4983 simul
1922 4946 2045 5000 par-

449 5037 582 5093 tem,
610 5026 716 5082 hoc
745 5033 849 5091 est,
875 5023 943 5077 ad
975 5032 1196 5077 sanctos
1226 5020 1372 5075 illius
1403 5019 1671 5090 pervenit,
1711 5020 1801 5091 qui
1844 5023 1898 5076 in
1945 5039 2042 5093 pe-

447 5121 648 5174 culium
683 5115 895 5173 Domini
931 5123 987 5171 et
1017 5115 1070 5169 in
1098 5113 1217 5184 ejus
1247 5124 1396 5182 parte
1424 5123 1784 5180 reputantur;
1829 5126 2042 5187 tempus

443 5213 592 5268 enim
622 5218 705 5268 est
743 5221 800 5265 ut
830 5207 1057 5278 incipiat
1081 5205 1344 5276 judicium
1378 5219 1407 5259 a
1436 5204 1598 5261 domo
1627 5207 1858 5264 Domini.
1890 5210 1957 5266 Et
1985 5213 2037 5268 in

444 5305 733 5367 Ezechiele
763 5302 1080 5376 praecipitur
1105 5300 1192 5358 his
1220 5301 1310 5373 qui
1345 5317 1535 5373 poenas
1562 5301 1768 5360 illaturi
1797 5317 1923 5367 sunt
1957 5310 2039 5366 :A

435 5500 535 5560 ρει
563 5496 710 5552 More
740 5509 838 5550 suo
870 5499 1080 5548 mutant
1111 5489 1250 5544 hanc
1278 5488 1570 5544 lectionem
1596 5491 1841 5546 Graecam
1873 5493 2033 5549 Eras-

440 5583 558 5624 mus
589 5577 646 5623 et
672 5566 946 5621 Mariauus
966 5606 981 5630 ,
1015 5560 1390 5640 ﬁctamaliam
1422 5570 1685 5640 poncrites
1711 5565 2032 5640 ,_a‘;).si<pwaw

440 5640 666 5704 scilicet,
713 5651 834 5707 qua:
855 5649 1018 5707 causa
1047 5635 1250 5707 erroris
1290 5631 1405 5707 fuit
1426 5634 1824 5707 lexicographis
1849 5631 2033 5706 {prag-

437 5711 626 5765 sertim
655 5703 870 5763 medico
895 5703 1290 5772 Constantino,
1319 5704 1406 5773 qui
1433 5704 1568 5758 hanc
1591 5718 1779 5760 vocem
1807 5722 1871 5762 ex
1897 5703 2030 5765 Ilie-

436 5792 664 5848 ronymo
712 5787 981 5848 sumptam
1034 5777 1199 5831 Amos
1247 5790 1371 5844 cap.
1415 5789 1488 5828 vn
1540 5775 1934 5846 interpretatur
1977 5781 2033 5835 in

435 5846 581 5904 hunc
613 5846 832 5903 modum
858 5864 870 5900 :
894 5847 1332 5918 ’Δλιίφωσις-εως,
1361 5848 1414 5912 ri,
1444 5855 1745 5919 stagnatura
1771 5865 1791 5904 :
1811 5851 1894 5909 sic
1915 5850 2035 5908 Ilio-

2151 4750 2301 4806 natio
2328 4752 2444 4807 sive
2476 4751 2632 4806 trulla
2655 4753 3016 4818 caementarii,
3045 4768 3148 4823 qua
3175 4753 3353 4810 solent
3385 4753 3736 4825 superinduci

2147 4843 2406 4914 parietes,
2437 4853 2491 4898 et
2518 4861 2622 4899 non
2651 4845 2826 4901 solum
2852 4846 3318 4916 pulchritudinem
3347 4847 3618 4919 accipere,
3641 4846 3736 4903 sed

2148 4947 2201 4993 ct
2233 4938 2609 4994 fortitudinem
2641 4951 2831 4995 contra
2865 4941 3118 5011 injuriam
3147 4941 3402 4997 imbrium
3441 4954 3494 5000 et
3526 4942 3738 4999 creber—

2146 5033 2312 5088 rimas
2346 5043 2714 5105 tempestates.
2738 5035 2992 5107 Legimus
3020 5038 3071 5092 in
3103 5036 3392 5093 Ezechiele
3415 5037 3567 5112 (Cap.
3591 5039 3733 5106 xm),

2149 5125 2439 5182 Dominum
2465 5128 2911 5197 comminantem,
2957 5130 3099 5199 quod
3133 5139 3458 5201 Iempesmte
3495 5141 3550 5188 et
3576 5147 3740 5203 grau-

2149 5220 2276 5276 dine
2304 5231 2702 5292 consurgente,
2747 5238 3084 5294 nequaquam
3125 5223 3259 5278 linat
3294 5238 3396 5281 nec
3423 5225 3614 5280 vestiat
3641 5240 3737 5296 pa-

2149 5313 2338 5370 rietem
2389 5313 2579 5383 Israel,
2626 5315 2723 5372 sed
2769 5315 3007 5372 dimittat
3047 5331 3168 5372 eam
3213 5315 3410 5387 pluviis
3461 5316 3732 5387 dissipari.

2139 5511 2396 5579 ronymus
2423 5498 2478 5553 in
2509 5515 2624 5579 cap.
2665 5516 2718 5579 ιδ
2766 5501 2922 5579 Amos
2963 5502 3245 5579 proplretw.
3293 5501 3474 5579 Porro
3491 5505 3734 5579 γάνωσις,

2136 5569 2366 5638 genuina
2405 5585 2518 5648 vo_x_
2543 5571 2841 5648 Aquilaeet
2881 5569 3413 5648 lectio'llieronymi,
3463 5569 3734 5645 interpre-

2141 5648 2284 5694 tatur
2322 5657 2352 5695 a
2393 5641 2872 5716 nobisspteudor,
2926 5655 2981 5699 et
3019 5641 3298 5701 illustrant}
3337 5641 3453 5703 sive
3499 5641 3736 5703 illustra—

2136 5723 2400 5776 mentum,
2426 5713 2570 5784 quod
2599 5713 2836 5772 maxime
2864 5719 3119 5772 convenit
3143 5727 3352 5785 stanno,
3375 5719 3490 5775 sive
3516 5729 3733 5775 stanno-

2138 5791 2288 5852 ται-ρ,
2321 5785 2386 5840 de
2418 5799 2521 5854 qua
2554 5800 2738 5843 sermo
2767 5799 2853 5844 est
2876 5789 2928 5844 in
2962 5787 3064 5844 hoc
3087 5791 3506 5847 commentario.
3547 5791 3730 5847 Mam.
