4120 6342
387 275 408 332 1
421 277 526 336 075

1219 275 1874 338 COMMENTARIORUM
1911 273 1980 334 IN
2021 273 2206 334 AMOS
2241 273 2376 334 LIB.
2417 277 2504 337 Ill.
2541 279 2678 336 CAP
2721 278 2834 337 VII.

3531 285 3674 344 1074

385 393 539 451 Unde
557 399 610 449 et
631 406 778 450 nunc
798 393 931 452 dicit
953 393 1062 462 illc,
1087 393 1156 450 de
1173 409 1282 468 quo
1295 395 1556 468 scriptum
1585 401 1700 452 est:
1728 395 1976 452 Structor
2003 395 2058 456 Α
2081 393 2334 466 gladius?
2355 395 2425 450 Et
2467 393 2664 452 iterum
2695 413 2710 450 :
2745 395 2924 452 Certus
2971 413 3106 468 sum,
3139 399 3263 472 quia
3307 415 3470 470 neque
3507 417 3672 470 mors,

383 487 636 542 maceriae
662 487 978 556 vocabitur,
1006 489 1124 559 ipse
1153 489 1429 558 angularis
1461 487 1630 558 lapis,
1677 487 1976 544 tedificator

383 579 600 644 domus,
654 579 796 650 quod
845 581 1082 650 deponat
1121 583 1338 638 trullam
1377 581 1430 638 in
1465 581 1644 638 medio
1674 582 1860 654 pOpuIi
1891 581 1976 638 sui

383 671 574 739 Israel,
599 681 656 729 et
679 689 894 731 cessare
917 673 1076 730 faciat
1099 683 1258 748 atque
1281 683 1526 748 torpere,
1547 685 1605 732 ut
1635 691 1974 746 nequaquam

383 767 524 823 ultra
573 767 966 836 superinducat
1003 785 1152 836 eum,
1208 781 1260 826 et
1299 784 1398 826 suo
1428 769 1623 826 vestiat
1661 785 1726 826 ac
1765 779 1978 830 tueatur

383 857 870 932 auxilio.|Cumque
893 861 1162 918 Dominus
1188 863 1586 934 protectionem
1616 877 1796 930 suam,
1826 873 1898 928 et,
1920 873 1978 920 ut

382 953 456 1008 ita
481 953 692 1020 dicam,
725 957 950 1025 parietis
976 957 1362 1013 vestimentum
1393 959 1552 1014 trulla
1579 969 1829 1015 cessante
1849 960 1980 1014 sub—

385 1047 638 1112 traxerit,
685 1057 811 1104 tunc
855 1049 1218 1106 demolientur
1249 1053 1468 1108 excelsa
1517 1052 1811 1118 idolorum,
1855 1069 1978 1124 quze

385 1137 649 1196 IIebraice
677 1141 1024 1212 appellantur
1051 1158 1265 1200 pauore
1295 1144 1312 1218 (
1339 1153 1492 1204 nua:
1511 1143 1554 1218 ).
1584 1153 1638 1200 et
1667 1145 1978 1202 sanctifica-

385 1233 562 1290 tiones
606 1233 794 1291 decem
825 1237 1064 1292 tribuum
1101 1237 1509 1306 desolabnntur,
1541 1249 1600 1296 ut
1625 1241 1978 1322 destruantur

383 1325 498 1380 Dan
526 1335 581 1382 et
611 1327 797 1384 Betbel
818 1369 834 1394 ,
879 1329 933 1384 in
971 1331 1168 1400 quibus
1195 1331 1561 1388 adorabantur
1595 1333 1748 1390 vituli
1797 1336 1972 1392 aurei.

383 1419 630 1476 Diximus
673 1431 736 1477 ut
779 1423 1052 1494 potuimus
1081 1425 1208 1496 quid
1251 1425 1320 1482 ab
1358 1427 1602 1484 IIebrmis
1643 1428 1798 1484 nobis
1823 1427 1976 1498 juxta

381 1513 628 1572 ItiStoriat
671 1517 744 1574 sit
793 1519 1048 1574 traditum
1107 1521 1392 1578 veritatem
1439 1539 1452 1576 :
1513 1529 1856 1578 transeamus
1909 1521 1977 1578 ad

381 1621 694 1688 anagogen,
739 1609 808 1668 de
850 1621 876 1650 ἰ
923 1611 1270 1684 Xenocrate,
1301 1617 1392 1686 qui
1443 1615 1630 1672 scribit
1678 1631 1846 1688 super
1893 1617 1974 1672 la.

381 1699 564 1772 pidum
607 1685 1054 1778 gemmarumque
1094 1685 1522 1780 naturisipauca
1559 1710 1724 1766 verba
1763 1725 1974 1780 ponen-

2081 503 2244 560 neque
2293 487 2434 554 vita,
2463 504 2622 558 neque
2669 489 2876 564 angeli,
2916 507 3076 562 neque
3123 493 3484 566 principatus,
3509 513 3672 567 neque

2081 583 2348 650 instantia,
2371 599 2532 652 neque
2553 585 2750 654 futura,
2779 601 2940 654 neque
2961 588 3234 660 fortitudo,
3253 605 3412 662 neque
3425 589 3672 660 altitudo,

2081 693 2242 750 neque
2272 677 2614 750 profundum,
2646 693 2808 749 neque
2835 689 3072 736 creatura
3109 683 3216 736 alia
3257 684 3444 754 poterit
3475 699 3570 740 nos
3593 700 3674 738 se-

2081 785 2264 840 parare
2291 787 2324 822 a
2361 769 2612 824 charitate
2646 769 2765 836 Dei,
2797 787 2910 842 quae
2955 781 3028 827 est
3071 774 3128 828 in
3169 773 3374 830 Christo
3402 773 3532 830 Jesu
3561 775 3674 830 Do-

2081 863 2220 916 mino
2269 873 2444 916 nostro
2495 862 2689 934 (Rom.
2721 879 2814 920 vm
2836 906 2852 930 ,
2885 865 2954 920 55
2984 865 3184 938 καφ).
3215 867 3410 924 Petrus
3455 885 3672 941 quoque

2079 955 2174 1026 qui
2205 965 2322 1012 erat
2349 957 2684 1012 fortissimus
2727 955 2976 1026 adamas,
3003 971 3176 1030 portas
3217 961 3517 1018 inferorum
3563 977 3672 1018 non

2079 1049 2244 1122 330
2275 1049 2672 1118 praevalueruut
2707 1049 2976 1108 adversus
2991 1065 3118 1106 eum
3151 1051 3340 1126 (Matt.
3391 1051 3539 1124 tm).
3575 1053 3674 1110 Hic

2081 1143 2164 1196 vir
2187 1149 2242 1196 et
2265 1141 2544 1208 Dominus,
2569 1141 2660 1212 qui
2683 1150 2790 1198 stat
2811 1156 2979 1212 super
2999 1157 3218 1198 murum
3241 1143 3670 1212 adamantinum,

2083 1237 2245 1294 habet
2275 1238 2326 1292 in
2355 1253 2520 1292 manu
2543 1253 2640 1292 sua
2665 1239 3034 1304 adamantem,
3057 1237 3148 1308 qui
3175 1237 3278 1294 nisi
3301 1239 3400 1296 Dei
3423 1249 3674 1298 teneatur

2081 1345 2268 1396 manu,
2288 1340 2340 1386 et
2359 1329 2504 1384 illius
2535 1329 2768 1386 valletur
2801 1330 3032 1396 auxilio,
3061 1343 3282 1386 omnem
3312 1330 3494 1402 perdit
3523 1330 3678 1388 forti-

2083 1425 2346 1490 tudinem,
2371 1423 2588 1480 dicente
2619 1423 2852 1479 Domiuo
2876 1422 2928 1478 in
2961 1423 3292 1496 Evangelio:
3321 1423 3490 1478 Nemo
3511 1432 3676 1496 potest

2080 1535 2266 1590 rapere
2293 1517 2356 1573 de
2385 1533 2540 1572 manu
2563 1516 2740 1571 Patris
2769 1517 2870 1572 mei
2917 1515 3118 1588 (Joan.
3143 1533 3198 1586 χ,
3225 1513 3352 1588 9.9).
3389 1516 3458 1572 Et
3493 1517 3676 1572 inlau-

2083 1621 2192 1668 tum
2223 1611 2476 1666 robustus
2505 1617 2609 1676 est,
2632 1617 2694 1666 nt
2727 1609 2940 1664 dicatur
2969 1608 3036 1664 ad
3086 1623 3212 1666 eum
3245 1627 3259 1664 :
3293 1607 3356 1666 Si
3405 1609 3676 1664 transieris

2079 1721 2170 1778 per
2201 1706 2394 1776 ignem,
2419 1707 2634 1774 ﬂamma
2661 1718 2767 1762 non
2803 1703 3064 1758 romburet
3093 1711 3141 1758 te
3173 1700 3342 1776 (Isai.
3371 1717 3526 1766 mn.
3555 1701 3624 1773 2)
3659 1721 3672 1756 :

382 1803 507 1849 les:
555 1813 574 1846 ε
609 1795 847 1854 Adamas
896 1801 978 1854 sui
1022 1801 1260 1856 nominis
1311 1801 1450 1874 lapis
1495 1811 1598 1870 est,
1658 1819 1816 1875 quem
1867 1803 1973 1860 La-
2005 1795 2052 1856 B
2082 1809 2396 1872 quantoque
2425 1798 2598 1868 magis
2622 1795 3014 1852 tentationibus
3033 1795 3284 1862 caeditur,
3315 1803 3462 1852 tanto
3483 1795 3678 1852 fortior

381 1887 492 1944 tine
518 1887 680 1962 329
702 1892 1012 1948 indomitum
1047 1910 1336 1964 possumus
1375 1897 1656 1968 appellare
1689 1917 1700 1952 :
1735 1913 1804 1954 eo
1830 1899 1974 1970 quod

379 1981 514 2036 nulli
537 1985 692 2040 cedat
719 1987 992 2056 materiae,
1031 2005 1134 2046 nec
1179 1989 1328 2048 ferro
1357 1992 1604 2062 quidem.
1637 1992 1772 2050 Nam
1803 1995 1848 2050 si
1877 2011 1976 2066 po-

377 2085 539 2134 natur
563 2093 732 2150 super
761 2081 1011 2138 incudem
1031 2125 1044 2150 ,
1079 2095 1134 2139 et
1153 2085 1306 2156 gravi
1347 2087 1456 2144 ictu
1507 2087 1730 2144 feriatur
1751 2089 1969 2156 mallei,

377 2179 540 2224 antea
569 2171 722 2226 incus
743 2181 800 2228 et
835 2173 1062 2230 malleus
1093 2175 1290 2232 vulnus
1313 2177 1618 2250 accipiunt.
1651 2192 1812 2250 quam
1843 2179 1974 2236 ada-

377 2275 495 2318 mas
547 2271 884 2320 conteratur.
936 2264 1182 2338 Curaque
1235 2271 1374 2342 ignis
1427 2272 1612 2328 omnia
1657 2273 1875 2340 domet,
1921 2283 1974 2330 et

377 2357 632 2430 universa
663 2359 880 2414 metalla
922 2371 1242 2429 consumat,
1279 2363 1456 2420 reddit
1497 2365 1838 2420 adamantem
1869 2365 1972 2422 du-

375 2448 598 2518 riorem,
629 2459 686 2506 ut
715 2467 782 2507 ne
813 2453 1092 2522 parvulum
1125 2453 1344 2524 quidem
1383 2457 1440 2512 in
1483 2471 1552 2514 eo
1580 2459 1836 2530 angulum
1891 2459 1974 2514 vis

374 2543 526 2598 nimii
563 2544 776 2600 ardoris
805 2545 1094 2604 obtundat.
1125 2549 1250 2606 Vidi
1282 2559 1336 2606 et
1367 2551 1420 2606 in
1460 2567 1597 2608 auro
1625 2553 1970 2612 atlamantem

375 2637 752 2707 magnitudine
797 2641 950 2696 millii
988 2660 998 2696 :
1033 2633 1265 2714 cumque
1312 2645 1548 2700 vicinum
1579 2657 1974 2704 consumantur

373 2715 776 2803 θυῖιῖἱῑιἿοίιὶςό
805 2749 905 2788 usu
945 2749 1010 2790 ac
1033 2737 1200 2792 nimia
1234 2749 1534 2806 vetusmte,
1569 2739 1718 2796 solus
1751 2741 1972 2799 adamas

373 2835 486 2876 non
535 2825 820 2894 atteritur,
864 2833 920 2882 et
971 2827 1114 2882 nulla
1168 2827 1292 2884 lima
1339 2833 1588 2888 imminui
1617 2841 1794 2902 potest
1826 2851 1840 2888 :
1875 2833 1970 2890 sed

373 2917 688 2972 econtrario
718 2917 901 2974 limam
937 2921 1097 2990 terit,
1133 2933 1187 2978 et
1223 2923 1484 2994 quidquid
1511 2927 1784 2998 attigerit,
1816 2927 1972 2984 lineis

373 3011 570 3066 sulcat.
607 3011 703 3069 Hic
725 3013 862 3084 lapis
889 3013 1220 3072 durissimus
1251 3027 1306 3074 et
1335 3019 1684 3076 indomabilis
1713 3021 1832 3078 solo
1863 3023 1974 3078 hir-

371 3121 564 3188 corum
590 3121 786 3162 cruore
811 3109 1124 3166 dissolvitur
1143 3153 1158 3178 ,
1188 3119 1242 3168 et
1273 3113 1472 3170 missus
1505 3115 1556 3168 in
1585 3115 1818 3174 calidum
1847 3131 1973 3172 san-

2081 1893 2176 1960 tit,
2211 1902 2266 1950 et
2293 1907 2392 1962 pro
2424 1891 2642 1958 nomine
2671 1889 2970 1949 Salvatoris
3003 1891 3144 1946 inter
3175 1889 3386 1962 ﬂagella
3435 1891 3672 1946 laetatur.

2077 1985 2324 2055 Cumque
2367 2001 2396 2040 a
2425 1985 2572 2042 nullo
2601 1984 2846 2056 superari
2877 1993 3058 2056 queat,
3083 1983 3204 2040 solo
3231 1983 3526 2040 mortiferae
3549 1983 3670 2040 libi-

2079 2079 2222 2134 dinis
2251 2078 2432 2134 calore
2457 2077 2802 2134 dissolvitur.
2833 2075 2968 2132 Ilaec
2995 2075 3142 2132 enim
3181 2075 3462 2147 sanguinis
3493 2075 3676 2131 hirco-

2077 2189 2196 2228 rum
2243 2179 2298 2228 et
2345 2170 2514 2240 ipsius
2559 2169 2698 2226 hirci
2754 2168 2958 2258 dicitur
3003 2181 3126 2224 esse
3157 2179 3374 2232 natura,
3406 2175 3464 2222 ut
3505 2167 3576 2223 sit
3603 2167 3672 2222 ad

2076 2265 2360 2322 libidinem
2397 2263 2792 2330 calidissimus,
2819 2271 2877 2319 et
2913 2261 3058 2334 quod
3101 2262 3244 2334 ignis
3279 2260 3536 2318 edomare
3581 2277 3676 2318 ne-

2076 2367 2268 2430 queat,
2297 2357 2449 2414 solus
2481 2355 2624 2418 illius
2661 2355 2924 2412 dissolvat
2975 2369 3160 2412 cruor.
3207 2353 3370 2410 Ponit
3395 2369 3527 2426 ergo
3565 2353 3675 2408 Do-

2077 2453 2256 2508 minus
2285 2450 2662 2524 hujuscemodi
2705 2449 3051 2506 adamantem
3073 2449 3128 2505 in
3159 2447 3342 2504 medio
3381 2448 3562 2520 populi
3589 2449 3674 2504 sui

2077 2547 2268 2614 Israel,
2293 2555 2348 2602 et
2379 2547 2519 2601 ultra
2551 2560 2658 2601 non
2685 2545 2879 2600 transit
2905 2559 3051 2610 eum,
3081 2557 3182 2600 nec
3211 2542 3440 2598 dimittit
3466 2551 3530 2600 ut
3558 2541 3673 2600 dis-

2075 2647 2322 2718 sipentur
2347 2659 2476 2710 arm,
2501 2658 2620 2716 quze
2649 2643 2764 2698 risu
2787 2651 2843 2698 et
2869 2641 3304 2698 subsannatione
3325 2649 3456 2698 sunt
3473 2639 3669 2714 dignm,

2075 2749 2132 2798 et
2175 2740 2358 2796 omnia
2404 2739 2792 2794 Inereticorum
2841 2735 3106 2808 mysteria
3141 2735 3474 2808 domumque
3519 2734 3675 2792 Jeroo

2075 2835 2259 2904 boam,
2289 2833 2382 2904 qui
2411 2832 2625 2904 primus
2657 2831 2754 2888 Dei
2785 2832 3050 2904 populum
3079 2833 3372 2904 separavit,
3403 2829 3674 2902 permtiat

2075 2927 2276 3000 gladio,
2307 2939 2470 3004 atque
2495 2933 2800 2989 subvertat.

2149 3029 2340 3100 (Vers.
2373 3029 2441 3084 10
2471 3028 2662 3100 seqq.)
2699 3027 2764 3082 Et
2793 3027 2934 3082 misit
2962 3027 3201 3083 Amasias
3221 3025 3468 3082 sacerdos
3495 3023 3676 3080 Bethel

2075 3123 2144 3176 ad
2185 3121 2464 3182 Jeroboam
2489 3137 2658 3194 regem
2687 3119 2878 3184 Israel,
2911 3121 3091 3176 dicens
3119 3137 3137 3176 :
3169 3119 3456 3176 Rebellavit
3493 3129 3674 3174 contra

371 3199 614 3272 guinem,
641 3201 816 3272 perdit
839 3202 1208 3260 fortitudinem
1231 3221 1406 3262 suam.
1439 3207 1534 3262 Est
1555 3217 1734 3264 autem
1770 3224 1966 3280 parvus
1991 3191 2044 3259 (ἶ
2071 3225 2120 3274 te
2151 3219 2308 3274 Amos
2346 3219 2402 3274 in
2437 3191 2604 3274 medio
2657 3218 2838 3274 domus
2889 3216 3059 3272 Israel
3087 3233 3105 3272 :
3137 3217 3262 3272 Non
3307 3217 3494 3288 poterit
3537 3225 3676 3272 terra

373 3303 429 3348 et
481 3291 804 3362 indecorus,
857 3295 1224 3368 ferrugineum
1304 3298 1512 3356 habens
1589 3301 1863 3370 colorem,
1915 3313 1970 3360 et

373 3385 720 3456 splendorem
762 3389 1024 3460 crystalli.
1055 3391 1406 3464 Quatuorun
1425 3391 1732 3450 adamantis
1763 3410 1968 3466 genera

373 3479 778 3537 describuntur.
821 3481 1037 3538 Primus
1067 3493 1155 3540 est
1191 3484 1410 3562 Indicus
1437 3504 1450 3540 :
1483 3487 1752 3544 secundus
1777 3487 1972 3568 Arabi-

373 3587 472 3632 cus
503 3591 516 3626 :
553 3575 744 3628 tertius
795 3575 1177 3648 Macedonicus
1219 3595 1231 3632 :
1275 3585 1498 3648 quattus
1547 3581 1812 3656 Cyprius,
1871 3597 1969 3652 pro

369 3657 635 3736 qualitate
676 3669 956 3738 regionum
995 3669 1118 3740 plus
1157 3671 1244 3726 vel
1279 3671 1457 3728 minus
1499 3672 1752 3728 duritiam
1793 3677 1968 3746 possi-

376 3759 586 3816 dentes.
623 3760 828 3816 Dicitur
855 3775 1072 3835 qnoque
1103 3764 1154 3818 in
1201 3765 1392 3822 electri
1439 3767 1851 3824 similitudinem
1879 3785 1970 3826 ve—

379 3863 520 3922 nena
555 3849 988 3922 deprehendere.
1021 3864 1076 3910 et
1101 3857 1366 3912 maleficis
1393 3861 1653 3916 resistere
1679 3861 1908 3918 artibus.
1943 3881 1962 3916 ι

380 3943 527 4000 Talis
568 3956 648 4002 est
683 3947 944 4006 Dominus
997 3961 1050 4006 et
1101 3949 1388 4008 Salvator:
1419 3955 1508 4026 qui
1557 3973 1674 4008 cum
1719 3957 1970 4026 informa

381 4037 481 4092 Dei
509 4049 668 4106 esset,
701 4059 804 4096 non
833 4045 1074 4112 rapinam
1103 4047 1384 4102 arbitratus
1415 4057 1488 4102 est
1517 4067 1625 4106 esse
1645 4067 1698 4104 se
1719 4051 1970 4120 (aqualem

383 4127 515 4198 Deo;
525 4133 614 4188 sed
635 4137 966 4207 semetipsum
987 4140 1286 4208 ea'iuaniuit,
1305 4143 1524 4214 formam
1543 4145 1676 4198 servi
1691 4146 1966 4216 accipiens,

377 4225 432 4280 in
459 4229 846 4285 similitudinem
877 4231 1142 4288 hominum
1183 4235 1353 4304 {actus
1377 4281 1392 4302 ,
1443 4247 1494 4292 et
1529 4237 1704 4292 habitu
1735 4240 1970 4296 inventus

379 4331 432 4374 ut
461 4321 614 4376 homo
637 4339 656 4378 :
685 4323 964 4380 humilians
989 4329 1334 4400 semetipsum,
1358 4333 1524 4400 fartus
1552 4333 1790 4388 oberliens
1818 4351 1972 4405 usque

375 4413 446 4466 ad
472 4425 684 4470 mortem
707 4457 722 4482 ,
757 4427 972 4472 mortem
999 4431 1168 4474 autem
1199 4425 1366 4477 erucis
1397 4423 1578 4495 (Phil.
1606 4441 1644 4481 ll
1663 4429 1703 4498 ).
1759 4427 1836 4482 De
1864 4443 1970 4498 quo

377 4503 542 4558 Isaias
571 4507 760 4562 scribit
792 4527 802 4562 :
838 4508 958 4564 Non
991 4521 1064 4564 est
1089 4514 1278 4584 species
1305 4515 1382 4570 illi
1414 4517 1534 4588 [ΑΙ.
1569 4519 1714 4574 illius
1735 4519 1777 4592 ],
1809 4539 1970 4592 neque

2075 3314 2322 3369 sustinere
2371 3315 2638 3368 uniuersos
2686 3327 2945 3368 sermones
2997 3316 3132 3386 ejus.
3179 3311 3306 3368 Hice
3363 3311 3500 3366 enim
3546 3311 3674 3366 dicit

2077 3407 2270 3461 Amos:
2308 3406 2370 3461 In
2422 3405 2600 3478 gladio
2641 3408 2896 3462 morietur
2937 3405 3257 3462 Jerobaam:
3287 3405 3458 3462 Israel
3501 3415 3674 3461 autent

2075 3501 2304 3570 captivus
2333 3501 2577 3572 migrabit
2617 3501 2682 3556 de
2717 3511 2856 3556 terra
2885 3517 3002 3556 sua.
3049 3497 3120 3554 Et
3165 3499 3300 3556 dixit
3333 3499 3572 3556 Ainasias
3599 3501 3670 3554 ad

2075 3597 2272 3652 Amos:
2304 3597 2404 3662 Qui
2463 3597 2642 3666 vides,
2673 3596 2891 3668 gradere
2931 3595 3053 3668 [AL
3105 3593 3377 3670 egredere]
3411 3611 3430 3650 :
3457 3599 3578 3666 fuge
3615 3595 3672 3650 in

2077 3698 2268 3744 terram
2291 3689 2460 3756 Iuda,
2487 3699 2534 3744 et
2561 3691 2774 3744 comede
2803 3691 2876 3746 ibi
2905 3707 3114 3760 panem,
3141 3699 3190 3746 et
3219 3689 3290 3743 ibi
3317 3687 3668 3760 prophetabis,

2075 3793 2122 3838 et
2143 3784 2196 3838 in
2221 3783 2402 3838 Bethel
2431 3801 2534 3838 non
2559 3784 2774 3856 adjicies
2802 3785 2940 3839 ultra
2973 3793 3037 3838 ut
3057 3783 3334 3856 prophetes
3353 3797 3374 3836 :
3399 3782 3518 3854 quia
3545 3797 3672 3834 san-

2075 3877 2324 3948 ctiﬁcatio
2373 3879 2508 3950 regis
2567 3885 2616 3932 et
2665 3877 2852 3932 domus
2901 3877 3045 3948 regni
3090 3885 3186 3932 est.
3220 3873 3406 3932 LXX:
3437 3872 3510 3930 Et
3533 3873 3675 3928 misit

2077 3969 2314 4024 Amasias
2337 3971 2628 4026 sacerdotes
2653 3969 2836 4025 Bethel
2877 3969 2946 4024 ad
2971 3967 3254 4024 Jeroboam
3279 3983 3452 4042 regem
3473 3965 3670 4030 Israel,

2077 4061 2256 4116 dicens
2283 4079 2304 4118 :
2331 4062 2762 4136 Congregationes
2795 4063 2922 4134 facit
2943 4073 3124 4118 contra
3156 4069 3205 4116 te.
3225 4061 3380 4116 Amos
3427 4061 3482 4114 in
3499 4059 3669 4114 medio

2079 4156 2264 4212 domus
2297 4157 2464 4212 Israel
2483 4173 2502 4212 :
2531 4173 2632 4212 non
2657 4159 2849 4230 poterit
2897 4165 3036 4212 terra
3075 4157 3329 4212 sustinere
3349 4169 3524 4210 omnes
3565 4169 3674 4208 ser-

2077 4267 2252 4306 mones
2277 4251 2410 4314 eius.
2439 4249 2568 4306 Hrec
2597 4251 2734 4308 enim
2759 4251 2888 4306 dicit
2911 4251 3103 4306 Athos:
3131 4249 3198 4306 In
3224 4249 3400 4324 gladio
3423 4247 3673 4303 morietur

2075 4341 2356 4398 Jeroboam
2379 4359 2397 4398 :
2419 4343 2586 4400 Israel
2609 4353 2786 4400 autem
2807 4345 3041 4417 captivus
3063 4344 3282 4398 ducetur
3305 4342 3370 4398 de
3389 4351 3527 4397 terra
3551 4355 3670 4396 sua.

2077 4433 2146 4486 Et
2175 4435 2310 4490 dixit
2337 4435 2576 4492 Amasias
2605 4439 2674 4491 ad
2703 4437 2858 4492 Amos
2887 4451 2908 4490 :
2939 4435 3042 4502 Qui
3067 4435 3210 4492 vides
3235 4477 3250 4498 ,
3283 4435 3520 4506 egredere
3547 4431 3667 4506 [ΔΙ.

2075 4525 2565 4598 gradere].recede
2609 4529 2666 4582 in
2719 4535 2911 4582 terram
2959 4525 3124 4594 Iuda,
3157 4533 3204 4580 et
3225 4525 3297 4580 ibi
3341 4525 3468 4586 vive,
3494 4533 3544 4580 et
3597 4523 3670 4580 ibi

376 4598 532 4652 decor
563 4615 578 4653 :
611 4599 830 4656 t-itlinms
870 4619 986 4658 eum
1017 4615 1064 4659 et
1091 4623 1192 4660 non
1227 4619 1336 4662 erat
1383 4610 1716 4679 pulchritudo
1743 4629 1764 4670 :
1793 4615 1972 4688 despe-
1997 4611 2052 4672 Ῑ)
2079 4619 2412 4687 prOphetabis
2437 4636 2456 4674 :
2487 4621 2538 4674 in
2557 4618 2742 4674 Bethel
2763 4629 2938 4674 autem
2979 4635 3084 4674 non
3129 4619 3344 4688 adficies
3373 4618 3512 4674 ultra
3551 4633 3671 4688 pro-

377 4701 517 4748 clum
569 4703 616 4748 et
663 4697 996 4752 novissimum
1041 4701 1346 4770 hominum,
1401 4705 1564 4760 uirum
1616 4707 1972 4778 dolorum,et

377 4783 624 4838 scientem
649 4788 784 4856 ferre
835 4789 1190 4858 inﬁrmitatem
1219 4793 1375 4862 (Isai.
1425 4811 1539 4861 LIII,
1577 4796 1666 4868 2).
1719 4799 1816 4854 Hic
1859 4809 1968 4856 stat

377 4889 540 4945 supra
575 4893 788 4932 murum
817 4879 1248 4948 atlamantinum,
1275 4883 1328 4940 id
1353 4895 1456 4953 est,
1481 4901 1642 4958 super
1667 4879 1884 4946 sanctos
1915 4899 1968 4948 et

377 4969 658 5038 apostolos
681 4987 832 5040 suos,
856 4975 1054 5044 quibus
1082 4974 1324 5044 donavit,
1351 4985 1486 5036 utet
1515 4982 1616 5052 ipsi
1651 4983 1968 5042 adamantes

379 5077 724 5132 vocarentur,
749 5077 804 5124 et
831 5083 860 5124 a
901 5069 1050 5126 nullo
1091 5075 1334 5142 superati
1367 5073 1614 5132 dicerent
1647 5097 1660 5134 :
1695 5078 1824 5144 Quis
1871 5097 1969 5136 nos

377 5160 636 5227 separabit
661 5179 692 5215 a
719 5163 972 5218 rharitate
999 5163 1236 5220 Christi?
1267 5167 1552 5240 tribulatio,
1593 5189 1660 5226 an
1699 5176 1966 5245 angustia,

378 5267 446 5306 an
475 5257 782 5324 persecutio,
815 5275 882 5312 an
903 5261 1084 5330 fames,
1115 5275 1184 5314 an
1207 5262 1438 5328 mtditas,
1463 5279 1532 5318 an
1563 5266 1872 5336 periculum,
1899 5285 1968 5323 an

453 5477 478 5544 ξι
509 5467 636 5544 Non
655 5469 746 5525 illo
775 5469 994 5542 quidem
1023 5472 1386 5534 celeberrimo
1411 5475 1654 5532 Platonis
1694 5477 1966 5544 auditore,

379 5539 534 5616 cuius
588 5539 856 5616 vitam__et
883 5545 1084 5612 scripta
1108 5547 1400 5616 recensuit
1438 5547 1714 5612 Laertius;
1757 5549 1852 5606 sed
1889 5539 1971 5614 in;

381 5613 534 5668 niore
559 5613 668 5666 alio
695 5613 1116 5678 Atilirodisiensi
1135 5659 1150 5678 ,
1194 5619 1284 5685 qui
1323 5619 1592 5674 medicam
1619 5622 1854 5676 callebat
1877 5613 1968 5676 ar.

379 5695 512 5761 gain,
543 5693 598 5738 et
617 5685 1048 5761 claruitTiberii
1081 5695 1264 5754 tet-tte,
1305 5693 1620 5761 passimque
1651 5709 1678 5745 a
1713 5693 1884 5748 Plinio
1917 5703 1974 5749 et

375 5755 610 5832 Caleno,
669 5755 948 5832 Tralliano
994 5761 1250 5832 etiAetio
1299 5755 1572 5818 laudatur.
1617 5763 1756 5832 Quin
1805 5768 1970 5822 etiam

383 5827 606 5894 librum,
621 5843 686 5884 ex
701 5843 810 5898 quo
828 5827 1020 5886 istluec
1035 5831 1396 5906 Hieronymus
1414 5827 1696 5904 describit,
1721 5837 1974 5894 eumdem

2077 4709 2308 4782 phetare,
2340 4713 2460 4784 quia
2489 4711 2834 4782 sanctiﬁcatio
2883 4713 3018 4786 regis
3049 4719 3145 4780 est,
3179 4721 3228 4767 et
3273 4711 3460 4767 domus
3499 4710 3668 4784 regni.

2077 4805 2388 4860 Salomonis
2417 4805 2764 4874 proverbium
2793 4815 2913 4872 est,
2947 4807 3114 4860 immo
3143 4805 3460 4862 mandatum
3493 4822 3505 4858 :
3541 4801 3674 4858 Noli

2075 4915 2292 4970 arguere
2317 4899 2504 4966 malos,
2535 4915 2600 4956 ne
2625 4899 2828 4954 oderint
2849 4909 2898 4954 te
2927 4899 2946 4968 (
2973 4897 3132 4954 Prov.
3165 4913 3247 4964 ιι,
3276 4897 3340 4970 8)
3373 4913 3386 4952 :
3413 4897 3480 4952 Et
3503 4909 3672 4952 econ-

2077 4991 2246 5046 trario
2269 4993 2340 5048 de
2373 4993 2531 5048 bonis
2555 4993 2818 5063 praecepit
2846 5009 2858 5046 :
2887 4991 3060 5062 Argue
3087 4991 3370 5063 sapientem
3397 5031 3416 5056 ,
3443 4997 3494 5044 et
3545 4985 3673 5042 dili-

2075 5093 2159 5158 get
2217 5094 2286 5142 te.
2339 5085 2396 5142 In
2443 5087 2551 5142 alio
2597 5101 2816 5158 quoque
2859 5085 2982 5142 loco
3017 5102 3032 5140 :
3069 5085 3172 5152 Qui
3219 5085 3421 5156 arguit,
3451 5081 3668 5153 inquit,

2075 5179 2298 5234 hominis
2327 5181 2458 5248 vias,
2487 5180 2710 5252 gratiam
2753 5178 2956 5236 habebit
2995 5180 3164 5252 magis
3206 5193 3360 5249 quant
3407 5178 3454 5232 is
3475 5175 3566 5248 qui
3595 5175 3674 5230 lo-

2073 5272 2248 5343 quitur
2269 5289 2382 5344 qute
2411 5273 2664 5329 delectent
2691 5271 2884 5346 (Prov.
2917 5287 3110 5342 xxvm,
3137 5271 3266 5342 25).
3301 5270 3484 5342 Itaque
3509 5265 3672 5340 331

2075 5481 2304 5566 colligas
2335 5497 2480 5549 esse,
2511 5498 2670 5555 quem
2687 5483 2841 5566 citat
2867 5481 3234 5566 Galenuslib.
3273 5496 3310 5538 κ
3341 5479 3674 5566 Simplicium

2079 5551 2600 5620 Medicamentornin,
2651 5555 2740 5612 ubi
2781 5555 2850 5610 de
2885 5553 3338 5624 vespertilionum
3382 5551 3494 5622 agit
3539 5569 3671 5610 san-

2076 5626 2240 5701 guine
2263 5643 2276 5701 ς
2311 5626 2568 5701 videlicet
2605 5630 2724 5701 περὶ
2751 5637 2846 5701 τῆς
2879 5628 2982 5685 ἀπὸ
3007 5635 3110 5701 τῶν
3135 5631 3292 5701 cibari
3305 5627 3564 5701 ὠφελείας,
3587 5624 3672 5701 De

2077 5697 2410 5769 percipienda
2457 5699 2518 5752 ab
2568 5697 2916 5754 animantibus
2956 5700 3199 5754 utilitate.
3255 5697 3552 5754 Enimvero
3593 5699 3668 5756 ita

2079 5771 2430 5842 persuadent,
2485 5785 2604 5840 qum
2644 5769 2730 5826 hic
2767 5770 2836 5828 de
2873 5771 3008 5828 hirci
3049 5773 3313 5842 sanguine
3337 5769 3666 5828 emollieudo

2081 5841 2352 5898 adamanti
2379 5841 2744 5912 disputantur.
